3994 6204
413 394 487 452 15
907 383 1422 444 COLLECTIONES
1461 383 1528 439 IN
1562 378 1779 439 EPIST.
1822 380 1911 436 ET
1951 378 2204 438 EVANG.
2235 408 2306 421 —-
2341 374 2852 435 TYPOGBAPHUS
2888 371 3202 432 LECTORI.
3617 371 3680 429 Μ

410 509 494 566 ua
533 510 589 556 et
634 497 724 552 hic
767 494 1098 569 Smaragdus
1144 490 2001 569 paucissimisbaetenus‘lnotus
2026 492 2078 552 Λ
2103 485 2463 569 le.Certebic
2480 493 2670 540 auctor
2687 480 3682 569 qualisqualiisjudiceturea

411 559 542 643 Ῐζῆι,
562 578 743 627 utnec
767 567 834 622 de
861 559 1400 643 nomineeonstiterit
1425 561 1735 643 quidquam.
1776 559 1843 643 Et
1870 573 1999 643 ecce

412 627 804 720 ἓιῖἵμηχανοῡς
819 635 968 720 suos!
989 635 1208 720 ἀερίιιιτν
1227 632 1394 720 issisti
1406 627 2003 720 assensum

413 698 690 772 §6iuiniﬁa
741 698 979 776 antiquis
1023 698 1429 776 characteribus
1475 698 1676 776 affabre
1714 698 1769 752 in
1823 711 1998 776 mem-

413 768 584 841 brana
614 768 1131 849 descripta,quibus
1158 773 1395 849 adjutus,
1418 769 1659 849 maxime
1679 781 1824 849 ivero
1853 769 2002 821 αὺτο-

579 836 649 917 ῗς,
693 858 749 904 et
787 836 848 903 ut
884 836 971 902 sic'
1006 846 1197 917 dicam
1214 836 1565 917 originalibus
1587 836 2000 917 'catboiicorum

579 878 649 917 ις,
693 878 749 904 ut.
789 878 848 903 ut
884 878 962 902 an.
1006 878 1182 900 meum
1214 878 1565 912 υιιδιυωιυιιυ
1610 878 2000 893 ν.....ν..νν......

416 878 639 980 mm
660 934 790 976 sane
815 933 924 972 non
943 913 1203 970 mediocri
1226 926 1378 975 cura,
1618 914 1673 991 et
1697 905 2001 991 diligentia,

416 996 563 1050 hunc
594 996 915 1062 prazsentem
943 991 1241 1062 auctorem,
1269 990 1343 1062 ut.
1369 983 1767 1062 restitueretur,
1805 983 1863 1062 et
1900 989 1999 1056 ceu

453 1050 628 1120 θωωῇ
662 1059 752 1114 diu
781 1055 1093 1111 abscondita
1136 1066 1169 1106 e
1203 1050 1442 1120 tenebris
1479 1054 1764 1120 emeretur
1790 1050 2006 1120 curavi.

467 1115 605 1189 F56:
627 1138 684 1185 et
705 1127 952 1189 Hebrzea,
991 1137 1112 1193 quae
1152 1118 1436 1193 aliquoties
1466 1118 1600 1173 citat
1639 1116 1723 1172 vir
1757 1115 2002 1193 eruditus

419 1183 971 1272 (ﬁtﬁé‘ob’niecwrae
986 1183 1140 1272 niobis
1157 1183 1679 1272 ρτεῖθιλειξξειευῆηξιῑξ
1696 1183 2001 1272 ερεὲίξίοξῑεε

418 1256 642 1325 ininime
682 1256 947 1334 caruisse)
989 1265 1067 1319 sic
1094 1256 1252 1335 erant
1278 1256 1559 1335 mutila'_et
1587 1256 1902 1335 depravata,
1940 1261 2003 1307 ut

419 1341 510 1394 vix
538 1340 745 1393 cineres
772 1344 827 1390 et
855 1326 1076 1404 umbras
1106 1330 1411 1404 litterarum
1442 1326 1627 1381 videre
1666 1326 2004 1404 quispetue-

419 1410 517 1473 rit,
541 1416 660 1462 utut
677 1404 1031 1476 lynceus._Ad
1051 1399 1427 1476 baecarmiiia
1448 1411 1569 1476 quae
1587 1410 1655 1476 ex
1681 1394 2007 1476 beistianis

420 1464 615 1547 poetis,
649 1464 888 1547 Sédulio,
923 1471 1217 1547 Prudentia
1249 1477 1305 1524 et
1330 1464 1624 1547 aiiisicitat,
1667 1464 1865 1547 quibus
1885 1476 2008 1516 ora-

424 1535 623 1600 iionem
654 1559 809 1599 suam
829 1535 1101 1614 interdum
1141 1555 1239 1594 ceu
1262 1536 1511 1614 _steliul_is
1552 1535 1752 1614 lucere,
1786 1540 1843 1586 et
1880 1546 2005 1586 sen-

424 1616 710 1670 tentiarum
736 1612 1019 1683 gemmulis
1048 1610 1219 1683 nitere
1254 1608 1406 1683 facit,
1448 1606 1582 1683 haec,
1620 1603 1743 1659 dedi
1781 1616 2003 1670 operam

423 1692 484 1760 ut
503 1672 812 1739 inoffensius
830 1682 933 1753 legi
960 1680 1173 1750 possint
1186 1688 1246 1760 _et
1264 1678 1495 1760 planius.
1536 1672 2001 1760 Hane-egoqua-

424 1753 742 1822 lemcunque
755 1740 987 1822 operam,
997 1764 1172 1804 meam
1186 1740 1314 1804 huic
1333 1744 1630 1822 _Smaragdo
1644 1740 2000 1822 restituendo,

421 1801 878 1892 Ex'é'ﬁéiiéfdolfu’é
889 1801 1446 1887 eoiloca'tammptime
1464 1801 1653 1880 lector,
1666 1811 1796 1867 boni
1811 1801 2007 1865 consu-
2032 1801 2081 1861 B

2101 567 2213 613 tate
2243 558 2407 611 istum
2434 552 2880 611 commentarium
2906 552 2972 607 ex
3000 552 3396 622 probatissimis
3429 552 3683 622 Ecclesia:

2101 627 2374 691 Patribus,
2405 625 2657 696 Origene,
2687 620 3017 696 Augustino,
3054 620 3440 696 Chrysostomo
3465 630 3524 696 et
3561 621 3686 696 aliis

2102 696 2469 761 concinnavit,
2496 692 2664 763 utqui
2703 692 2825 748 cum
2869 692 3085 747 sitiente
3109 693 3223 746 veri
3250 693 3431 746 animo
3472 692 3685 762 legerit,

2102 768 2323 823 omnino
2369 765 2422 819 id
2471 762 2795 833 experturus
2822 763 2912 827 sit,
2953 763 3095 831 quod
3138 762 3386 833 tribuunt
3427 763 3681 833 gemmis,

2105 838 2250 907 quod
2269 850 2374 890 non
2397 832 2669 907 oblectent
2692 834 2871 907 modo,
2900 833 2994 887 sed
3023 832 3189 907 certis
3225 832 3391 907 etiam
3420 832 3683 907 remediis

2098 902 2309 977 juvent,
2337 922 2444 960 non
2474 904 2646 959 solum
2677 902 2983 977 eruditione
3006 902 3215 977 pimgue
3252 902 3497 958 lectionis
3537 902 3687 956 oble-

2106 972 2359 1037 ctatione,
2410 990 2601 1029 verum
2643 972 2882 1028 eiiicacia
2909 972 3181 1037 remedia,
3229 982 3418 1028 contra
3462 981 3689 1028 cunctos

2107 1047 2410 1100 animorum
2447 1045 2686 1107 morbos,
2727 1058 2833 1098 non
2866 1041 2967 1112 ipsi
3004 1042 3300 1112 percipient
3330 1051 3561 1109 tantum,
3591 1043 3689 1096 sed

2106 1125 2161 1169 et
2187 1115 2307 1169 aliis
2345 1114 2759 1169 subministrare
2779 1112 3048 1177 valebunt,
3073 1120 3127 1166 et
3151 1114 3219 1167 ad
3251 1112 3302 1167 id
3326 1113 3686 1173 instruentur,

2108 1193 2166 1240 ut
2202 1183 2453 1239 Ecclesiae
2482 1183 2681 1238 Christi
2728 1199 2868 1237 nunc
2909 1197 3083 1244 nunc,
3122 1184 3256 1252 proh
3308 1182 3484 1237 dolor!
3533 1183 3693 1237 dissi-

2103 1263 2262 1323 patae,
2284 1264 2341 1309 et
2367 1268 2488 1323 cum
2509 1253 2766 1323 doctrinae
2794 1260 2905 1306 tum
2934 1252 3058 1305 vita:
3085 1252 3339 1322 periculis
3359 1267 3464 1306 non
3501 1252 3691 1321 paucis

2105 1325 2344 1403 graviter
2391 1322 2625 1403 afﬂicta},
2672 1322 2885 1403 [iidem
2928 1336 3150 1403 operam
3196 1322 3690 1403 impendantrnua

2102 1390 2260 1449 électi
2279 1392 2479 1447 Christi
2506 1393 2704 1460 ubique
2729 1392 2782 1445 in
2806 1391 2911 1444 tide
2931 1406 3065 1461 pura
3092 1390 3317 1454 Christi,
3341 1393 3396 1461 in
3417 1390 3692 1461 agnitione

2103 1462 2369 1527 veritatis,
2401 1477 2521 1530 quae
2547 1469 2631 1516 est
2655 1461 2721 1515 ad
2744 1460 3023 1530 pietatem,
3052 1460 3103 1513 in
3126 1474 3273 1530 spem
3303 1460 3423 1514 vita:
3450 1460 3693 1525 aeternae,

2104 1534 2159 1590 in
2198 1534 2313 1589 dies
2361 1529 2532 1600 magis
2577 1545 2641 1584 ac
2685 1531 2858 1599 magis
2889 1529 3199 1600 jungamur,
3246 1530 3592 1599 proficiamus
3639 1538 3696 1584 et

2141 1599 2545 1665 randeseamus,
2573 1608 2634 1654 ut
2661 1615 2759 1670 per
2794 1599 2991 1653 multos
3017 1599 3186 1670 gloria
3210 1600 3325 1665 Dei,
3350 1600 3563 1670 publica
3588 1601 3694 1653 uti-

2141 1619 2545 1665 ranuescamus,
2573 1619 2634 1654 Ill.
2661 1619 2759 1670 per
2794 1619 2991 1653 multos
3017 1619 3186 1670 gloria
3212 1619 3325 1665 uel,
3350 1619 3563 1670 ρυυιιίεει
3588 1619 3694 1653 ιιιι·

2104 1619 2230 1728 Fitas
2275 1680 2330 1727 et
2369 1670 2584 1741 publica
2623 1670 2882 1726 honestas
2923 1678 3326 1738 promoveatur,
3372 1670 3516 1739 quod
3558 1670 3695 1724 faxit

2108 1740 2383 1798 Christus.
2402 1740 2593 1796 Amen.

1653 2028 1903 2107 VlTA
1978 2022 2493 2103 SMARAGDI

1319 2202 1607 2247 AUCTORE
1648 2198 2006 2243 TBITHEMIO
2046 2198 2295 2242 ΔΒΒΔΤΕ
2343 2194 2812 2263 SPANHEMENSI.

495 2375 823 2447 Smaragdus
864 2367 1386 2447 abbas_monasmrii
1426 2368 1600 2447 sancti
1640 2367 1919 2447 Michaelis
1945 2366 2001 2447 in

426 2436 913 2509 Saxoniafordinis
948 2441 1058 2497 divi
1082 2439 1261 2494 Patris
1287 2438 1581 2509 Benedicti,
1613 2437 1777 2509 vir_in
1806 2436 2004 2491 divinis

427 2506 721 2596 Seripturis
746 2513 902 2594 valde
925 2511 1214 2596 eruditus,‘
1242 2516 1297 2563 et
1339 2507 1677 2563 saecularium
1698 2506 2003 2596 litterarum

426 2603 532 2641 non
551 2579 797 2654 ignarus,
837 2582 1049 2654 ingenio
1074 2587 1306 2654 _acutus,
1359 2579 1997 2654 sermoneeompositus,

426 2656 537 2709 vita
557 2646 611 2708 e't
632 2646 1038 2710 conversatione
1058 2650 1300 2721 dev0tus,
1334 2659 1391 2706 et
1409 2649 1673 2721 regularis
1707 2646 2003 2721 disciplinae

426 2725 734 2799 moderator
774 2723 1186 2799 celeberrimus,
1232 2716 1291 2774 in
1337 2716 1668 2799 caponendis
1708 2716 2005 2799 scripturis

427 2794 663 2859 sanctis,
723 2809 922 2871 nomen
969 2807 1127 2871 suum
1172 2789 1584 2871 longe_iateque
1606 2789 1901 2871 "innotuit,
1931 2792 2008 2871 .et

430 2856 678 2927 magnam
706 2861 1025 2918 eruditionis
1070 2856 1288 2914 famam'
1307 2856 1582 2915 obtinuit.’
1606 2856 1836 2927 Scripsit
1862 2856 2004 2927 enim

428 2924 596 3004 iuqu
623 2932 898 3004 praeclara
941 2929 1231 3004 volumina,
1279 2930 1370 3004 de_
1386 2927 1584 3004 quibus
1625 2924 1841 3004 exstant
1880 2924 2009 3004 sub:

428 3000 590 3073 iecta.
619 2992 675 3057 lii
702 3002 944 3072 regulam
978 3000 1308 3056 sanctissimi
1335 2992 1512 3053 Patris
1537 2998 1705 3053 nostri
1731 2992 2009 3050 Benedicti

2106 2366 2200 2421 lib.
2226 2380 2413 2420 unum.
2434 2364 2491 2419 in
2520 2358 2834 2434 psalterium
2865 2367 3036 2434 totum
3065 2358 3178 2434 lib.
3200 2376 3386 2434 unum.
3413 2361 3470 2417 ln
3499 2362 3698 2434 episto-

2106 2436 2190 2491 las
2229 2444 2285 2491 et
2305 2431 2595 2506 Evangelia
2641 2448 2739 2504 per
2765 2431 3027 2506 circulum
3055 2432 3183 2506 anni
3215 2432 3383 2489 libros
3417 2431 3692 2506 undecim.

2111 2505 2403 2563 Sermones
2452 2501 2520 2561 ad
2567 2501 2764 2558 fratres
2807 2512 2873 2573 et
2906 2502 3040 2557 alios
3079 2502 3278 2557 librum
3314 2517 3498 2556 unum.
3549 2501 3698 2573 Opus

2108 2592 2322 2647 quoque
2346 2577 2557 2647 insigne
2582 2574 2649 2629 de
2678 2572 2987 2647 virtutibus,
3031 2575 3174 2643 quod
3210 2574 3532 2647 prmnotavit
3563 2572 3691 2647 Dia-

2110 2643 2263 2704 ἆοωῇ
2295 2643 2703 2702 monachorum.
2728 2643 2847 2713 Alia
2886 2656 3100 2713 quoque
3129 2644 3295 2698 multa
3336 2652 3446 2698 tam
3476 2645 3531 2698 in
3558 2645 3697 2699 divi—

2110 2718 2197 2772 nis
2225 2717 2485 2787 quam'in
2525 2712 2879 2787 saaeularibus
2926 2712 3221 2783 Scripturis
3254 2715 3520 2770 volumina
3567 2715 3697 2768 seri—

2176 2783 2282 2843 isse
2303 2786 2518 2850 dicitur,
2559 2798 2679 2854 qua:
2700 2783 2989 2854 adimanus
3032 2791 3245 2854 nostras
3266 2800 3372 2839 non
3411 2793 3691 2854 venerunt.

2174 2857 2317 2912 aruit
2336 2852 2667 2925 temporibus
2685 2852 2978 2907 Ottiionum
3007 2853 3164 2922 primi
3187 2862 3239 2907 et
3261 2854 3483 2908 secundi
3505 2853 3586 2908 cla
3596 2854 3697 2908 ris-

2113 2927 2373 2982 simorum
2395 2925 2780 2996 imperatorum
2801 2935 2850 2976 ι.
3261 2939 3264 2942 ~

503 3126 531 3156 α
557 3114 1043 3169 Anaehronismum
1065 3121 1234 3178 certe,
1258 3120 1320 3166 ut
1333 3109 1446 3180 iam
1469 3111 1717 3180 superius
1751 3109 2006 3164 diximus.
2045 3104 2205 3160 Eutr.

1584 3322 1721 3434 D.
1823 3302 2541 3434 SMARAGDI

551 3520 630 3582 IN
667 3518 1264 3582 COLLECTIONES
1305 3516 2006 3658 EPISTOLéXBPEIgHISE'I

2112 3511 2698 3651 ὅέἒίξῇῐὸῡῐὶῶί
2744 3514 2851 3574 DE
2892 3513 3271 3577 TEMPORE
3326 3516 3426 3577 ET
3471 3518 3577 3577 DE

435 3214 3469 3242 WWW

504 3777 740 3835 Cernens
775 3776 831 3829 in
872 3774 1112 3830 Ecclesia
1139 3773 1397 3845 plurimos
1426 3773 1729 3829 divinarum
1765 3774 2012 3845 Scriptu-
2036 3778 2082 3841 C
2111 3773 2277 3830 veluti
2309 3772 2571 3829 ferculum
2595 3773 2763 3829 variis
2792 3772 3002 3831 deliciis
3026 3776 3263 3847 plenum,
3288 3778 3431 3834 hunc
3451 3794 3551 3834 nos
3575 3778 3697 3836 dili-

438 3884 614 3923 rarum
636 3866 892 3936 mysticus
916 3864 1183 3936 sagaciter
1214 3863 1529 3933 perquirere
1557 3878 1769 3930 sensus,
1797 3878 2013 3919 earum-

438 3972 539 4029 que
563 3957 769 4027 typicos
791 3955 1013 4009 mavelle
1038 3955 1327 4024 decerpere
1357 3952 1582 4019 fructus,
1608 3955 1753 4010 hunc
1782 3970 1850 4011 ex
1872 3955 2012 4009 mul—

438 4049 505 4103 tis
525 4063 710 4114 unum,
733 4046 1108 4117 allegoriamm
1133 4045 1355 4101 tioribus
1387 4046 1605 4117 plenum
1641 4047 1827 4101 curavi
1857 4046 2012 4102 colli-

436 4155 562 4211 gere
584 4139 802 4204 librum,
828 4148 884 4194 et
908 4138 975 4193 de
998 4153 1314 4208 magnorum
1347 4140 1664 4194 tractatibus
1687 4136 2015 4208 prolatisque

437 4228 769 4284 sermonibus
808 4227 1050 4292 Patrum,
1081 4228 1134 4282 id
1166 4235 1251 4283 est
1270 4226 1485 4290 Hilarii,
1511 4227 1844 4298 Hieronymi,
1884 4226 2013 4280 Am-

438 4316 621 4381 brosii,
650 4315 956 4387 Augustini,
987 4314 1259 4386 Cypriani,
1291 4314 1499 4385 Cyrilli,
1531 4314 1797 4386 Gregorii,
1829 4315 2012 4370 Victo-

440 4406 533 4469 ris,
562 4405 843 4476 Fulgentii,
876 4403 1099 4460 Joannis
1120 4403 1515 4475 Chrysostomi,
1543 4402 1868 4468 Cassiodori,
1905 4402 2010 4457 Eu-

439 4497 625 4562 cherii,
657 4497 937 4567 Tyebonii,
971 4494 1181 4563 Isidori,
1222 4495 1418 4566 Figuli,
1468 4496 1639 4560 Bedae,
1677 4496 1925 4552 Primasii
1954 4506 2011 4553 et

438 4586 504 4641 de
524 4594 677 4640 caute
703 4587 959 4657 legendis,
1004 4585 1202 4656 Pelagii
1228 4595 1285 4640 et
1308 4585 1574 4656 Origenis,
1609 4586 1762 4655 quasi
1792 4586 1859 4641 de
1890 4602 2009 4640 ma-

439 4677 556 4743 gnis
583 4675 888 4731 fluminibus
922 4676 1202 4747 pelagique
1242 4678 1540 4746 gurgitibus
1571 4677 1625 4730 in
1661 4676 1899 4731 modicos
1936 4679 2011 4732 ri-

438 4764 606 4832 vulos,
631 4768 833 4837 pariter
851 4768 1143 4833 derivator,
1172 4769 1483 4838 pariterque
1506 4767 1688 4822 exstiti
1714 4768 2005 4824 breviatur.

440 4851 512 4909 Ut
534 4856 577 4909 si
598 4856 719 4925 quis
747 4857 923 4910 nativa
955 4857 1028 4911 ita
1065 4858 1197 4913 vivit
1232 4872 1450 4926 pressus
1481 4857 1710 4927 ignavia,
1749 4866 1809 4911 ut
1836 4858 1889 4912 in
1924 4873 2012 4913 sa-

438 4942 546 4998 cris
572 4944 767 5001 litteris
803 4947 1020 5016 proprio
1050 4955 1283 5016 nequeat
1314 4946 1509 5001 sudore
1543 4961 1784 5016 quaerere
1821 4947 2011 5013 multa,

441 5035 555 5091 haec
590 5052 621 5090 a
655 5039 810 5093 nobis
841 5048 1116 5108 excerpta,
1150 5054 1363 5107 unaque
1388 5046 1665 5107 compacta
1700 5038 1879 5093 saltim
1922 5055 2013 5093 ru-

2113 3865 2258 3936 genti
2302 3863 2495 3920 lectori
2536 3863 2810 3920 modicum
2857 3867 3178 3935 apponimus
3223 3867 3438 3934 librum,
3476 3877 3536 3923 ut
3568 3884 3695 3924 cum

2112 3956 2216 4010 hoc
2234 3953 2579 4010 ambrosiam
2598 3954 2781 4024 palato
2810 3956 3008 4011 mentis
3034 3957 3344 4025 probaverit
3373 3967 3606 4028 gustum,
3639 3959 3693 4011 in

2113 4046 2418 4101 divinarum
2433 4045 2835 4117 Scripturarum
2854 4062 2911 4101 se
2928 4062 3185 4103 exercens
3202 4049 3463 4103 latissimo
3479 4064 3690 4118 campo,

2112 4133 2379 4202 sagaciter
2405 4133 2695 4202 plurimum
2739 4132 2950 4188 Domini
2999 4137 3278 4205 perquirat
3318 4135 3608 4203 eloquium,
3637 4147 3696 4192 et

2111 4221 2258 4276 velut
2288 4221 2539 4276 deificum
2568 4222 2948 4292 vivificumque
2971 4224 3332 4292 amplectatur
3373 4224 3567 4280 anima:
3616 4228 3694 4282 ci-

2102 4311 2258 4366 bum.
2284 4309 2449 4379 Cujus
2469 4300 2773 4365 confortatu
2794 4311 3000 4379 sedulo,
3026 4321 3084 4367 et
3110 4314 3331 4369 instanti
3355 4315 3692 4385 prudentior,

2108 4410 2166 4458 et
2188 4402 2242 4457 in
2272 4401 2454 4456 futuro
2480 4399 2677 4457 szeculo
2704 4402 2853 4457 vivat
2883 4401 3106 4460 fe’iieior.
3137 4403 3206 4460 Et
3231 4407 3334 4462 hoc
3357 4407 3696 4464 animadver-

2110 4494 2351 4558 tendum,
2378 4491 2506 4562 quia
2538 4491 2679 4546 sicut
2707 4494 3040 4564 temporibus
3072 4504 3128 4551 et
3155 4497 3343 4553 diebus
3373 4502 3693 4554 convenien-

2110 4592 2212 4648 tes,
2244 4584 2317 4638 ita
2352 4583 2532 4638 verbis
2558 4583 2638 4637 vel
2662 4583 2984 4651 actionibus,
3011 4586 3064 4639 in
3089 4585 3192 4642 hoc
3228 4589 3455 4643 Comitis
3477 4589 3616 4645 libro
3642 4603 3692 4655 τι,

2110 4672 2473 4743 apostolorum
2524 4674 2608 4728 vel
2672 4675 3055 4744 prophetarum
3106 4691 3227 4731 cum
3276 4678 3691 4749 Evangeliorum

2110 4764 2498 4818 concordantes
2528 4763 2734 4819 utiliter
2767 4766 2955 4833 posita:
2984 4775 3110 4820 sunt
3138 4767 3415 4831 lectiones.
3455 4769 3692 4837 Quarum

2111 4853 2450 4918 concordias,
2478 4854 2774 4923 opitulante
2797 4855 2975 4909 divina
3002 4857 3194 4926 gratia,
3243 4859 3295 4911 in
3338 4861 3693 4929 expositionis

2112 4943 2432 5012 evangelica:
2471 4945 2639 5010 calce,
2668 4946 2757 5000 ubi
2789 4956 3086 5017 opportune
3118 4948 3304 5004 videro
3326 4959 3561 5016 nectere,
3593 4969 3693 5009 ne-

2115 5041 2278 5087 ctam.
2303 5031 2375 5089 Ut
2396 5035 2663 5104 quomodo
2691 5036 2794 5090 sibi
2817 5037 3043 5109 invicem
3073 5040 3324 5095 concordi
3351 5051 3482 5096 voce
3506 5041 3694 5099 lectio-

441 5123 648 5180 minare
694 5142 800 5182 non
839 5128 1049 5184 desinet
1095 5129 1324 5184 modica.
1371 5126 1508 5195 Quia
1556 5126 1803 5184 lectionis
1843 5119 2089 5185 sacmD
2113 5136 2209 5176 nes
2231 5122 2613 5193 respondeant,
2647 5126 2994 5193 temporibus,
3033 5127 3242 5193 diebus,
3279 5130 3690 5200 actionibusque

440 5214 694 5282 cognitio,
739 5214 1021 5272 imbecillis
1056 5216 1330 5283 baculum,
1384 5218 1628 5273 nervosis
1665 5232 1814 5273 arma
1852 5219 2013 5273 mini-

440 5310 594 5357 strat.
642 5302 886 5360 Hostium
932 5307 1185 5363 subdolas
1212 5308 1427 5363 fortiter
1452 5309 1651 5377 premit
1682 5308 1926 5373 insidias,
1956 5316 2012 5362 et

440 5393 733 5451 victoribus
774 5404 1006 5454 aeternas
1055 5400 1281 5455 feliciter
1318 5399 1584 5471 promittit
1605 5415 1851 5455 coronas.
1888 5399 2012 5455 ideo

478 5574 491 5587 .
508 5516 543 5587 ⁸,
562 5506 801 5587 Observa
831 5512 976 5587 hunc
1000 5512 1197 5587 libru‘m
1219 5511 1789 5587 __Smaragdi,_Co_mitis
1813 5511 2008 5568 librum

439 5573 565 5647 dici,
597 5577 690 5631 sed
719 5593 825 5647 qua
849 5581 916 5635 de
936 5596 1100 5636 causa
1130 5581 1286 5637 facile
1310 5573 1646 5647 pronvuntiari
1674 5597 1781 5636 non
1812 5590 2006 5647 potest.

442 5643 695 5726 .Suntqui
717 5643 928 5726 putent,
971 5666 1096 5726 cuni
1120 5651 1254 5726 ordo
1287 5643 1395 5726 divi
1424 5650 1698 5726 Benedicti
1725 5643 1918 5726 multos
1947 5648 2009 5706 il-

440 5710 593 5785 lustri
619 5710 869 5785 prosapia
903 5710 1061 5774 natos
1080 5720 1351 5784 habuerit,
1378 5729 1439 5774 ut
1470 5721 1769 5784 Ulricbum,
1797 5722 2003 5776 Coma-

438 5779 587 5849 dum,
613 5779 744 5850 etc.,
766 5779 859 5841 aut
879 5788 1255 5860 Smaragdum,
1286 5779 1536 5844 comitem
1578 5779 1765 5856 fuisse,
1798 5799 1890 5844 aut
1916 5806 2006 5845 co-

2113 5212 2452 5280 conveniant,
2492 5213 2776 5285 diligenter
2818 5218 3119 5284 attendens,
3174 5221 3290 5276 sine
3321 5235 3472 5277 mora
3518 5223 3690 5276 solers

2113 5300 2283 5356 lector
2311 5302 2566 5357 inveniat.

2114 5513 2230 5595 miti
2258 5515 2715 5595 Inscripsissebas
2742 5536 2867 5593 suas
2887 5520 3260 5595 Collectiones.
3283 5527 3390 5580 Aut
3417 5525 3688 5595 fortassis,

2114 5585 2240 5706 auia
2273 5598 2370 5638 ceu
2399 5585 2737 5666 encliiridion
2777 5585 2862 5645 est
2899 5592 3013 5647 haec
3040 5593 3254 5675 farrago
3295 5585 3689 5654 catholicorum

2149 5661 2417 5706 octorum.
2458 5661 2521 5706 ut
2549 5666 2721 5706 instar
2750 5659 2998 5706 indivulsi
3038 5664 3269 5706 nomine-
3304 5678 3518 5706 υππιρν
3548 5668 3688 5706 alia“

2149 5661 2417 5728 octorum,
2458 5661 2521 5728 ut
2549 5659 2721 5711 instar
2750 5659 2999 5716 indivulsi
3038 5659 3272 5728 comitis,
3304 5678 3518 5728 semper
3547 5668 3691 5723 adsit

2113 5724 2181 5807 ad
2207 5736 2446 5807 mea:
2477 5723 2638 5807 Attuli
2678 5737 2943 5807 ιιτρεεςηιε
2970 5746 3096 5807 urso
3118 5746 3225 5807 "9."
3254 5723 3340 5807 ω
3370 5727 3508 5807 sius
3535 5752 3689 5807 aum-

2113 5806 2235 5846 rere
2257 5794 2501 5861 vestigia.
2536 5794 3035 5865 Vide'Sigebertum
3055 5801 3109 5855 in
3142 5794 3445 5860 Cbronicis.
3555 5794 3571 5807 ’
3682 5816 3685 5817 ⁷
