3998 6198
390 339 462 410 is
1680 361 1985 420 SMARAGI

2067 364 2242 418 ABBA
2249 365 2354 420 TlS
3573 381 3640 433 lli

624 503 3635 538 mmmm

1523 632 1912 712 VERSUS
1991 635 2250 716 SMAB
2266 637 2506 717 ΑΟ·Βί

1183 826 1443 872 ΑΒΒΑτιε
1489 825 1878 876 MONASTERII
1928 828 1982 872 S.
2029 829 2374 879 HICHAELIS
2413 833 2837 879 ARCHASGELI.

449 1031 704 1101 Quisquis
733 1045 882 1088 amas
911 1031 1118 1103 typicos
1147 1031 1284 1100 legis
1313 1047 1637 1103 cognoscere
1659 1047 1854 1090 sensus

453 1121 756 1189 Vitalcsque
779 1123 931 1191 cupis
952 1123 1233 1176 doctorum
1257 1137 1485 1192 carpere
1513 1122 1744 1190 fructus,

445 1212 606 1266 Istius
628 1213 830 1284 egregii
860 1212 1125 1268 calamum
1147 1215 1400 1284 perquire
1428 1214 1616 1281 libelli,

450 1301 667 1357 Discute
694 1305 974 1373 paginulas
1012 1305 1182 1360 solere
1205 1314 1262 1360 et
1288 1314 1466 1362 mente
1499 1307 1679 1376 sagaci

445 1391 583 1457 Quid
616 1403 796 1448 teneat
824 1395 1060 1466 typicum
1084 1395 1300 1450 sublato
1328 1397 1565 1466 tegmine
1583 1397 1750 1452 disce.

446 1481 646 1536 Pabula
679 1481 782 1538 fert
816 1484 1009 1538 animm
1037 1485 1202 1540 verbo
1227 1486 1443 1540 condita
1471 1485 1682 1550 salutis,

448 1571 620 1626 Pollet
648 1581 702 1627 et
725 1573 779 1628 in
811 1573 981 1628 sacris
1012 1574 1236 1629 nimium
1267 1574 1565 1645 typicisque
1585 1573 1794 1645 ﬁguris,

448 1663 711 1719 Sensibus
729 1664 928 1732 elucet,
965 1660 1087 1720 laeto
1117 1681 1368 1721 sermoe
1389 1666 1610 1722 nitescit

447 1754 664 1823 Argenti
701 1756 900 1811 nitidos
925 1757 1180 1813 distincto
1213 1757 1385 1812 limite
1411 1773 1652 1828 campos,

451 1847 514 1898 Et
541 1847 768 1901 nimium
794 1849 1044 1917 gravidos
1075 1849 1258 1904 divino
1281 1865 1504 1906 munere
1527 1858 1753 1906 cunctos

443 1935 644 1990 Ordine
672 1936 950 1993 multidico
976 1954 1270 2008 consperso
1295 1940 1500 1995 semine
1529 1948 1713 1995 vatum
1780 1949 1785 1953 '

444 2027 693 2080 Continet
716 2028 769 2081 in
801 2029 1009 2098 gremio
1030 2030 1269 2100 digestos
1303 2033 1404 2086 iste
1435 2031 1664 2087 libellus.

445 2114 623 2170 Aurea
655 2118 721 2170 de
749 2133 978 2186 quorum
1006 2121 1224 2190 proprio
1253 2120 1448 2177 sudore
1475 2124 1650 2178 recisa

453 2201 613 2271 Bure,
643 2207 856 2261 favente
882 2209 1012 2274 Deo,
1051 2208 1238 2264 Patres
1268 2218 1483 2266 traxere
1513 2210 1754 2274 metalla,

443 2297 483 2350 Α
523 2298 719 2367 quibus
746 2300 994 2367 eximios,
1028 2301 1196 2356 nitilo
1224 2315 1476 2358 sermone
1507 2302 1760 2373 repletus,

1983 1040 2040 1098 Α
2129 1037 2264 1091 Sum
2298 1041 2519 1107 proprio
2549 1041 2698 1096 nisus
2719 1040 2936 1098 modulo
2957 1058 3284 1114 componere
3308 1045 3493 1104 libros.

2139 1124 2215 1182 Ex
2226 1126 2430 1194 quibus
2441 1128 2588 1181 hunc
2607 1132 2877 1185 modicum
2891 1147 3047 1188 sacro
3064 1135 3390 1190 charismate
3402 1137 3614 1205 plenum
3624 1179 3637 1202 ,

2133 1212 2436 1284 lnSpirantc
2461 1215 2592 1282 Deo,
2622 1218 2764 1272 volui
2792 1219 3116 1291 conjungere
3139 1225 3356 1279 librum.

2128 1301 2237 1368 Qui
2273 1303 2406 1360 mihi
2443 1307 2724 1374 perspicue
2749 1308 3024 1364 dilllorans
3050 1311 3316 1383 Dindyma
3347 1315 3480 1386 legis

2128 1391 2262 1458 Quae
2286 1401 2436 1448 tenet
2463 1395 2517 1448 in
2541 1397 2710 1450 sacris
2737 1407 3002 1454 monstret
3028 1403 3226 1457 nudata
3248 1404 3456 1474 ﬁguris,

2130 1483 2325 1537 Abdita
2351 1483 2441 1554 qui
2468 1495 2694 1546 reseret.
2727 1502 2826 1541 nec
2850 1503 2959 1542 non
2991 1491 3080 1559 qui
3113 1494 3340 1560 mystica
3366 1495 3583 1562 pandat.

2133 1573 2347 1632 Profert
2370 1576 2424 1630 in
2459 1576 2696 1632 medium
2723 1593 2880 1634 sacro
2907 1596 3030 1635 cum
3061 1582 3313 1652 dogmate
3342 1593 3534 1640 cuncta

2132 1664 2262 1730 Quae
2288 1664 2494 1722 latuere
2517 1667 2608 1722 diu
2631 1683 2776 1724 (ιωεο
2801 1671 2900 1726 sub
2929 1673 3163 1742 tegmine
3191 1675 3392 1732 clausa.

2135 1755 2238 1822 Qui
2274 1756 2466 1812 rutilus
2492 1773 2693 1813 nocuas
2717 1760 2882 1829 pellat
2909 1762 2974 1816 de
3003 1773 3183 1820 mente
3207 1752 3462 1832 latebras,

2139 1844 2366 1900 Vincula
2392 1847 2711 1918 disrumpat,
2743 1852 2924 1906 cordis
2945 1853 3188 1910 eliminet
3216 1858 3438 1913 umbras

2133 1935 2474 2006 lnradietque
2500 1953 2655 1995 sacro
2687 1943 2882 1997 mentis
2907 1945 3201 2014 Spiramine
3231 1947 3412 2013 ﬁbras,

2137 2025 2207 2080 Ut
2225 2027 2402 2080 valeat
2429 2030 2582 2083 vobis
2602 2029 2783 2084 divino
2808 2034 3013 2089 semine
3041 2033 3188 2102 jacto

2134 2113 2278 2168 Rere
2305 2116 2411 2184 poli
2443 2118 2712 2184 madidus,
2737 2121 3015 2177 doctorum
3041 2140 3259 2181 vomere
3283 2127 3476 2190 cultus,

2135 2203 2327 2262 Cordis
2356 2207 2570 2277 opimus
2597 2225 2742 2280 ager,
2777 2222 3034 2271 centenos
3061 2219 3286 2273 reddere
3305 2219 3530 2275 fructus.

375 2464 2952 2490 Mm

947 2637 1741 2748 INCIPIUNT

650 2920 718 2975 IN
755 2918 1006 2975 VIGI‘LIA
1049 2918 1348 2974 NATAUS
1383 2919 1648 2976 DOMINI.

361 3028 625 3068 ιεριετοιλ
663 3026 822 3065 ΒΕΛΊΊ
862 3026 1016 3064 PAULI
1059 3025 1312 3064 APOSTOLI
1353 3026 1420 3064 AD
1459 3023 1720 3074 ROIIANOS,
1760 3023 1874 3062 CAP.
1911 3023 1949 3062 1.

448 3117 468 3150 ι
507 3100 704 3154 Paulus
731 3113 922 3154 servus
951 3097 1076 3153 Jesu
1118 3097 1359 3161 Christi,
1404 3107 1629 3153 vocatus
1661 3097 1951 3168 apostolus,

376 3208 396 3240 ι
432 3197 741 3261 segregatus
782 3188 834 3241 in
875 3187 1220 3258 Evangelium
1257 3189 1385 3254 Dei,
1421 3189 1563 3258 quod
1603 3196 1728 3243 ante
1755 3189 1958 3258 promi-

375 3297 396 3330 ι
433 3287 579 3335 serat
614 3293 710 3348 per
754 3277 1046 3349 prophetas
1087 3294 1248 3346 suos,
1283 3280 1351 3334 in
1402 3278 1699 3350 Seripturis
1732 3280 1956 3346 sanctis,

373 3391 396 3422 ‹
433 3373 500 3426 de
529 3371 666 3425 Filio
697 3386 813 3437 suo,
861 3371 953 3440 qui
986 3370 1161 3428 factus
1205 3379 1290 3428 est
1317 3371 1367 3426 ei
1403 3386 1470 3426 ex
1521 3372 1726 3428 semine
1762 3371 1952 3439 David,

379 3481 396 3511 ι
431 3463 725 3518 secundum
773 3478 1012 3518 carnem.
1065 3464 1168 3532 Qui
1211 3464 1624 3536 prmdestinauis
1661 3473 1746 3519 est
1790 3463 1957 3522 Filius

377 3571 394 3603 ι
436 3553 551 3615 Dei,
582 3553 635 3606 iu
657 3553 878 3616 virtute,
904 3553 1198 3608 secundum
1228 3553 1471 3624 spiritum
1489 3553 1952 3618 sanctiﬁcationis,

376 3663 394 3695 ι
437 3659 504 3696 ex
530 3644 928 3698 resurrectione
966 3651 1299 3700 mortuorum
1346 3643 1472 3700 Jesu
1512 3645 1712 3700 Christi
1745 3645 1956 3702 Domini

373 3753 395 3786 ι
433 3737 621 3800 nostri,
657 3750 754 3806 per
780 3749 942 3804 quem
988 3735 1296 3804 accepimus
1331 3735 1561 3804 gratiam
1596 3743 1650 3792 et
1684 3735 1953 3804 apostola—

378 3845 396 3876 ι
432 3835 543 3880 nun
567 3867 580 3892 ,
627 3826 695 3880 ad
737 3825 1093 3881 obedicndum
1123 3823 1248 3883 ﬁdei
1296 3823 1350 3880 in
1399 3823 1650 3886 omnibus
1684 3823 1954 3900 gentibus,

377 3939 394 3968 ι
431 3933 530 3988 pro
555 3917 771 3972 nomine
798 3913 936 3983 eius,
962 3915 1017 3970 in
1043 3915 1240 3985 quibus
1266 3914 1398 3970 estis
1425 3920 1482 3974 et
1507 3928 1604 3972 vos
1631 3913 1805 3970 vocati
1829 3911 1956 3970 Iesu

275 4073 280 4079 _
377 4027 396 4059 ι
433 4009 632 4064 Christi
664 4007 883 4062 Domini
919 4007 1111 4061 nostri.
1148 4025 1166 4058 ι

441 4089 679 4170 Epistola
719 4098 968 4154 Graecum
1014 4097 1332 4154 vocabulum
1370 4104 1475 4163 est,
1523 4097 1826 4167 diciturque
1854 4100 1956 4155 ἀπὸ

371 4198 468 4247 τοῦ
498 4191 822 4254 ἐπιστέλλειν,
855 4187 998 4257 quod
1023 4195 1106 4242 est
1131 4187 1377 4250 mittere,
1428 4185 1556 4254 quia
1600 4186 1668 4243 ad
1704 4188 1957 4244 absentes

372 4281 624 4336 mittitur.
659 4279 780 4334 ldeo
798 4278 948 4333 enim
982 4276 1214 4332 inventa:
1243 4283 1367 4332 sunt
1388 4275 1647 4344 epistolae,
1679 4283 1737 4336 ut
1764 4275 1957 4334 absen-

373 4376 456 4422 tes
483 4367 744 4424 certiores
785 4365 962 4420 facere
997 4365 1304 4433 possimus,
1344 4365 1390 4420 si
1427 4364 1554 4434 quid
1582 4364 1652 4418 sit
1679 4364 1823 4434 quod
1864 4379 1957 4420 eos

373 4456 514 4510 scire
549 4461 820 4523 oporteat,
871 4451 1036 4506 etiam
1071 4453 1172 4506 ἀπὸ
1201 4448 1292 4507 re;
1329 4453 1658 4516 δπιστίλλειν,
1699 4453 1863 4522 quod,
1895 4462 1957 4511 ut

374 4543 507 4608 dixi,
545 4541 817 4613 signiﬁcat
842 4541 1078 4605 mittere,
1109 4540 1362 4596 dicuntur
1383 4541 1632 4609 apostoli.

1865 2636 2851 2748 COLIJZCTION
2868 2639 3092 2750 ES.

2050 2925 2136 2971 est
2174 2925 2229 2970 et
2258 2917 2418 2981 Levi,
2461 2927 2516 2972 et
2553 2934 2715 2987 que
2764 2920 3044 2979 Mattheus
3085 2923 3375 2994 Lebheum,
3424 2927 3639 2989 Marcus

2054 3006 2344 3060 Tattheum
2368 3008 2582 3062 scribit.
2629 3008 2936 3065 Secundum
2963 3013 3103 3067 hanc
3143 3029 3272 3086 ergo
3294 3023 3638 3076 consuetudi-

2056 3113 2184 3152 nem
2211 3098 2427 3153 videtur
2465 3099 2619 3156 nobis
2649 3109 2702 3154 et
2729 3101 2927 3157 Paulus
2947 3104 3149 3175 duplici
3189 3123 3317 3165 usus
3335 3125 3457 3166 esse
3481 3127 3640 3167 voca-

2057 3187 2207 3252 bulo,
2251 3195 2306 3241 et
2345 3189 2516 3243 donec
2557 3190 2773 3257 quidem
2812 3195 2955 3264 genti
3003 3199 3233 3267 prepriae
3278 3200 3637 3268 miniStrabat,

1985 3318 2031 3380 Ο
2062 3274 2257 3332 Saulus
2297 3291 2417 3334 esse
2458 3279 2760 3342 vocitatus.
2811 3284 2955 3350 quod
2997 3293 3051 3336 et
3091 3287 3260 3356 magis
3301 3289 3638 3358 appellationi

2059 3367 2250 3437 patriae
2272 3369 2619 3424 vernaculum
2644 3371 2938 3425 videbatur.
2985 3373 3181 3428 Paulus
3206 3385 3382 3430 autem
3408 3380 3640 3448 appella-

2059 3469 2146 3520 tus
2175 3469 2278 3526 est,
2323 3477 2442 3516 cum
2471 3460 2674 3516 Graecis
2699 3471 2755 3516 et
2796 3464 3046 3533 gentibus
3090 3465 3233 3536 leges
3263 3483 3326 3524 ac
3373 3479 3637 3539 praecepta

2057 3552 2376 3607 conscribit.
2413 3551 2555 3605 Nam
2584 3561 2639 3606 et
2664 3553 2763 3607 hoc
2787 3553 2962 3623 ipsum
2990 3556 3132 3624 quod
3157 3555 3443 3626 Scriptura
3472 3559 3636 3614 dicit:

2058 3641 2258 3696 Saulus
2284 3652 2460 3696 autem
2481 3628 2572 3712 qui
2598 3655 2645 3696 et
2673 3641 2876 3698 Paulus
2901 3643 3039 3710 (Act.
3071 3646 3209 3715 XIII),
3234 3648 3510 3704 evidenter
3530 3665 3638 3704 non

2055 3732 2105 3785 ei
2133 3739 2262 3786 tunc
2291 3731 2529 3802 primum
2555 3731 2705 3786 Pauli
2731 3735 3166 3792 nomenoslendit
3197 3736 3517 3808 impositum,
3544 3737 3640 3792 sed

2055 3823 2256 3877 veteris
2289 3823 2660 3892 appellationis
2686 3822 2736 3876 id
2766 3822 2932 3877 fuisse
2953 3824 3216 3894 designat.

2127 3911 2320 3967 Servus
2341 3911 2378 3964 Ι
2381 3929 2471 3966 esu
2487 3911 2704 3966 Christi.
2740 3912 2840 3982 (Ex
2867 3911 3138 3985 Origene.)
3158 3915 3519 3984 Requiramus
3544 3933 3640 3972 cur

2055 4005 2103 4063 is
2134 4003 2225 4073 qui
2271 4003 2397 4056 alibi
2431 4003 2660 4058 scribit:
2718 4002 2842 4056 Non
2887 4005 3024 4056 enim
3069 4006 3348 4075 accepistis
3393 4007 3636 4076 spiritum

2055 4095 2319 4148 servitutis
2364 4094 2553 4146 iterum
2591 4093 2647 4145 in
2688 4093 2894 4158 timore,
2944 4093 3034 4146 sed
3079 4094 3351 4161 accepistis
3395 4096 3638 4164 spiritum

2056 4186 2353 4256 adoptionis
2389 4183 2654 4254 ﬁliorum,
2693 4183 2748 4242 in
2799 4198 2900 4253 quo
2941 4182 3270 4238 clamamus:
3316 4183 3461 4236 Abba
3491 4195 3640 4254 pater

2058 4275 2237 4347 (Rom.
2268 4274 2409 4345 vin),
2445 4273 2561 4346 ipse
2587 4289 2646 4327 se
2676 4273 2763 4332 hic
2782 4286 3002 4326 servum
3029 4271 3360 4342 proﬁteatur.
3394 4271 3502 4329 Sed
3525 4274 3639 4328 sive

2057 4366 2110 4420 id
2159 4364 2453 4420 secundum
2509 4362 2654 4416 illam
2707 4360 3066 4418 humilitatem
3113 4362 3319 4416 dictum
3365 4372 3637 4447 putemus,

2055 4469 2217 4523 quam
2267 4453 2526 4508 Dominus
2571 4453 2775 4518 docuit,
2823 4454 3040 4508 dicens:
3079 4453 3274 4507 Discite
3308 4471 3341 4508 a
3375 4471 3475 4520 me,
3513 4455 3640 4524 quia

2055 4544 2198 4596 mitis
2227 4559 2344 4595 sum
2390 4550 2439 4596 et
2469 4539 2685 4596 humilis
2733 4542 2890 4594 corde
2935 4539 3151 4612 (Matth.
3183 4543 3283 4611 x1),
3331 4543 3444 4596 sive
3483 4544 3638 4612 quasi

446 4633 671 4690 Paulus.
713 4633 898 4690 Victor
936 4631 1218 4702 episcopus
1253 4630 1450 4700 Capua:
1473 4631 1549 4686 ait
1577 4650 1590 4686 :
1617 4650 1658 4700 ,ι
1699 4632 1799 4700 Qui
1826 4642 1951 4688 ante
1975 4652 2028 4712 Ι)
2054 4635 2296 4690 imitator
2325 4635 2460 4704 ejus,
2510 4633 2601 4704 qui
2648 4634 2994 4701 semetipsum
3031 4631 3358 4699 exinanivit,
3405 4632 3636 4688 formam

369 4734 690 4796 persecutor
733 4723 1012 4782 dicebatur
1048 4720 1258 4783 Saulus,
1298 4721 1479 4776 audita
1521 4736 1651 4777 voce
1693 4723 1758 4780 de
1791 4722 1951 4790 coelo,

367 4837 399 4878 a
432 4815 822 4884 persecutionis
847 4813 1144 4872 intentione
1188 4811 1440 4878 cessavit,
1489 4819 1545 4866 et
1582 4811 1650 4865 ab
1675 4810 1782 4866 hoc
1808 4811 1954 4864 voci-

379 4913 520 4964 Iatus
536 4913 628 4961 est
651 4905 877 4970 Paulus,
919 4903 1022 4962 ἀπὸ
1061 4911 1153 4965 τῆς
1179 4903 1396 4965 παύλης,
1433 4901 1576 4970 quod
1602 4907 1686 4955 est
1719 4914 1749 4956 a
1769 4913 1954 4962 cessa-

369 4995 702 5068 tione.o(E:c
751 4993 1018 5066 Origene.)
1070 4993 1250 5048 Prima
1279 4992 1434 5048 nobis
1467 4991 1694 5061 quaestio
1740 4991 1806 5044 de
1851 5005 1952 5044 no-

378 5087 523 5146 mine
551 5087 718 5156 ipsius
737 5085 888 5140 Pauli
914 5085 1124 5141 videtur
1145 5097 1454 5153 exsurgere,
1501 5096 1603 5138 cur
1627 5081 1674 5138 is
1699 5080 1791 5149 qui
1813 5078 1954 5134 Sau-

377 5177 461 5232 lus
496 5176 671 5232 dictus
697 5183 781 5231 est
821 5176 876 5230 in
903 5175 1126 5230 Actibus
1161 5172 1547 5242 apostolorum,
1587 5185 1733 5228 nunc
1757 5169 1954 5224 Paulus

380 5268 610 5324 dicatur.
641 5267 948 5322 Invenimus
981 5267 1035 5320 in
1063 5265 1360 5334 Scripturis
1403 5261 1598 5318 divinis
1635 5261 1954 5332 quibusdam

378 5365 708 5414 commutata
732 5356 1010 5418 vocabula,
1039 5363 1097 5408 ut
1127 5369 1193 5409 ex
1213 5354 1414 5408 Abram
1441 5351 1734 5413 Abraham,
1762 5365 1827 5403 ex
1858 5349 1957 5403 Sa-

378 5449 464 5503 rai
496 5448 628 5502 Sara
649 5487 664 5513 ,
699 5463 766 5502 ex
793 5445 960 5501 Iacob
993 5444 1188 5509 Israel,
1225 5459 1291 5497 ex
1325 5441 1544 5496 Simone
1585 5439 1810 5503 Petrus,
1853 5437 1956 5491 ali-

379 5554 518 5610 quos
541 5553 672 5595 vero
694 5537 835 5593 binis
860 5552 987 5593 usos
1021 5550 1142 5591 esse
1164 5533 1468 5589 nominibus
1485 5573 1499 5596 ,
1529 5539 1589 5586 ut
1615 5529 1955 5585 Salomouem

379 5631 737 5700 eumdemque
759 5630 926 5695 ldida,
966 5626 1284 5683 Sedechiam
1311 5624 1664 5692 eamdemque
1692 5619 1957 5685 Joachim,

381 5715 570 5773 Oxiam
601 5721 954 5776 eumdemoue
991 5717 1264 5774 Azariam.
1313 5713 1449 5769 Nam
1495 5712 1777 5767 Mutamus
1820 5711 1958 5765 idem

2051 4727 2192 4782 servi
2223 4725 2492 4792 accipiens
2538 4720 2758 4794 (Philip.
2801 4719 2894 4792 ιι),
2948 4737 3057 4777 non
3091 4721 3413 4783 erravimus.
3470 4722 3631 4779 Omni

2051 4815 2196 4870 enim
2217 4814 2466 4868 libertate
2493 4811 2726 4866 nobilior
2753 4821 2835 4866 est
2868 4811 3100 4866 servitus
3124 4810 3345 4866 Christi.
3395 4808 3535 4878 Quid
3559 4823 3640 4866 est

2054 4914 2235 4965 autem
2263 4920 2479 4960 servum
2509 4919 2631 4958 esse
2660 4903 2896 4969 Christi,
2949 4903 3051 4958 nisi
3081 4917 3298 4958 servum
3321 4917 3446 4958 esse
3489 4904 3640 4962 verbi

2055 4997 2172 5063 Dei,
2219 4996 2520 5066 sapientize,
2559 4994 2805 5064 justitim,
2851 4995 3096 5050 veritatis
3123 5001 3178 5049 et
3201 4993 3441 5048 omnium
3464 4993 3638 5049 virtu-

2055 5095 2192 5150 tum,
2217 5099 2337 5154 quae
2361 5093 2446 5139 est
2471 5083 2738 5138 Christus.

2143 5174 2366 5230 Vocatus
2395 5173 2684 5243 apostolus,
2707 5181 3025 5242 segregatus.
3070 5171 3276 5226 Nomen
3300 5172 3418 5234 hoc,
3461 5169 3516 5225 id
3533 5177 3636 5234 est,

2059 5275 2304 5330 vocatus,
2331 5265 2457 5334 quia
2484 5263 2554 5317 ad
2575 5278 2762 5319 omnes
2788 5262 3044 5332 pertinet,
3075 5264 3166 5332 qui
3197 5262 3251 5317 in
3277 5261 3491 5318 Christo
3521 5274 3640 5318 cre-

2061 5359 2213 5424 dunt,
2257 5356 2508 5429 generale
2547 5362 2726 5424 potest
2753 5352 2948 5420 videri,
2993 5355 3118 5425 quia
3166 5353 3641 5423 unusquisquese—

2063 5445 2296 5499 cundum
2331 5443 2385 5497 id
2426 5441 2567 5511 quod
2596 5442 2649 5496 in
2679 5457 2744 5496 eo
2774 5441 3033 5511 praevidet
3078 5450 3134 5496 et
3162 5441 3311 5511 eligit
3339 5439 3500 5502 Deus,
3548 5445 3642 5491 aut

2063 5530 2334 5601 apostolus
2349 5538 2592 5593 vocatur,
2611 5537 2702 5583 aut
2726 5528 3119 5606 propheta,_aut
3144 5527 3401 5598 magister
3419 5524 3635 5606 (Ephes.

2064 5618 2161 5688 IV).
2201 5618 2259 5672 In
2288 5616 2454 5673 Paulo
2499 5625 2680 5672 autem
2727 5633 2832 5674 non
2869 5618 2983 5673 sola
3019 5601 3298 5688 generalis
3334 5601 3544 5669 vocatio
3571 5610 3642 5666 ad

2067 5710 2426 5778 apostolatum
2473 5709 2810 5782 designatur,
2861 5709 2956 5765 sed
2995 5707 3297 5766 etelectio.
3339 5702 3638 5761 secundum
