3998 6198
525 287 594 342 1⁵1
1342 263 1857 327 COLLECTIONES
1894 259 1964 316 ΙΝ
1997 253 2387 313 EPISTOLAS
2424 251 2512 308 ET
2553 245 2964 307 EVANGELIA.
3433 289 3437 293 «
3715 243 3782 300 t8

519 402 617 460 Dei
658 393 1053 470 prtescientiam
1073 429 1088 454 ,
1129 388 1417 442 subsecuta
1457 382 1635 454 (Rom.
1698 395 1752 470 xi
1780 377 1836 470 )7,
1873 389 1974 470 per
2001 375 2108 428 hoc
2133 372 2188 432 Α
2209 367 2353 439 quod
2382 366 2587 470 praibct
2610 357 3268 470 omnibtussanctitatem,
3723 357 3790 470 de

517 466 676 565 quod
691 492 1011 557 segregatus
1032 479 1231 534 dicitur
1273 477 1326 531 in
1355 472 1702 565 Evangelium
1727 466 2019 565 Bch—sicut
2054 470 2112 565 et

521 553 650 639 alibi
682 553 798 649 ipse
828 553 895 630 de
923 587 983 629 se
1017 570 1148 626 dicit
1173 587 1186 622 :
1238 565 1372 622 Cum
1401 575 1575 618 autem
1619 560 1814 649 placuit
1840 553 2110 649 Dem-Aqui

523 688 604 726 me
631 647 920 737 segregavit
943 663 1007 715 de
1035 669 1184 714 utero
1208 657 1391 711 matris
1418 670 1567 718 mete,
1590 660 1644 705 ut
1661 648 1910 704 reuelaret
1938 647 2111 737 ﬁlium

521 736 773 816 suumiin
800 773 882 808 me
904 751 1048 824 (Gal.
1079 749 1141 822 ι).
1170 748 1234 803 Et
1266 747 1321 802 in
1352 745 1574 801 Actibus
1596 739 1960 812 apostolorum
1987 736 2111 806 Spi-

526 853 664 906 ritus
686 855 910 902 sanctus
938 841 1065 897 dicit
1092 858 1105 894 :
1140 833 1414 909 Segregate
1441 833 1566 888 mihi
1583 830 1806 888 Saulus
1832 838 1879 883 et
1903 827 2112 881 Barna-

525 942 651 995 bum
690 940 746 992 in
775 951 904 1007 opus
949 932 1016 986 ad
1043 929 1181 1002 quod
1209 927 1338 998 elegi
1373 941 1460 980 eos
1503 924 1640 995 (Act.
1672 920 1814 991 xui).
1856 917 2114 974 Prmvidit

525 1032 641 1096 ille,
672 1043 831 1099 quem
861 1041 970 1080 non
995 1023 1127 1077 latet
1159 1035 1331 1084 mens,
1363 1017 1504 1089 quod
1535 1013 1912 1075 abundantius,
1948 1023 2113 1099 quam

527 1097 709 1177 ceteri
735 1131 958 1180 omnes,
996 1111 1340 1166 laboraturus
1364 1111 1508 1162 esset
1538 1106 1593 1160 in
1620 1100 1940 1172 Evangelio,
1971 1097 2116 1168 quod

530 1214 587 1268 in
615 1211 757 1266 fame
786 1217 840 1263 et
861 1207 974 1271 siti,
1005 1212 1060 1257 et
1086 1204 1142 1257 in
1165 1200 1366 1272 frigore
1395 1205 1451 1254 et
1476 1196 1721 1251 nuditate
1743 1199 1799 1248 et
1822 1193 1877 1247 in
1902 1188 2115 1246 caeteris

530 1300 788 1374 periculis
816 1296 1208 1368 praedicaturus
1252 1297 1398 1346 esset
1427 1285 1774 1358 Evangelium
1801 1280 2026 1344 Christi,
2058 1286 2115 1334 et

535 1392 654 1447 ideo
687 1390 754 1443 de
777 1393 966 1441 ventre
992 1383 1184 1437 matris
1211 1379 1515 1448 segregavit
1543 1391 1686 1431 eum.
2039 1449 2044 1452 _

607 1479 672 1533 In
733 1473 1074 1545 Evangelium
1137 1471 1257 1524 Dei.
1315 1465 1706 1537 Evangelium,
1775 1461 2110 1536 Εὗαγγίλιον,

537 1571 674 1624 bona
702 1563 1044 1620 annuntiatio
1076 1559 1291 1623 dicitur,
1322 1555 1623 1612 nativitatis
1660 1554 1864 1609 scilicet
1885 1549 2109 1615 Christi,

534 1655 801 1727 passionis
840 1661 897 1708 et
920 1649 1332 1708 resurrectionis
1357 1657 1413 1702 et
1443 1648 1494 1700 in
1526 1645 1721 1700 oculum
1755 1640 2108 1727 ascensionis.

2208 477 2274 516 eo
2310 461 2569 528 scriptum
2609 464 2730 513 est:
2783 452 2888 519 Qui
2929 451 3103 521 factus
3143 459 3218 504 est
3266 448 3414 502 nobis
3459 447 3718 519 sapientia
3755 464 3790 501 α

2207 553 2318 608 Deo
2350 561 2402 605 et
2426 547 2776 618 sanctiﬁcatio
2807 545 2860 616 (Ι
2887 543 3010 598 Cor.
3038 541 3099 613 ι).

2281 643 2367 697 Ea:
2404 640 2782 696 resurrectione
2819 645 3146 691 mortuorum
3174 632 3304 687 Iesu
3353 631 3546 686 Christi
3575 630 3790 685 Domini

2211 734 2399 790 nostri.
2431 731 2549 787 Non
2582 730 2825 787 omnium
2847 723 3268 796 resurgentium.
3299 722 3397 776 sed
3426 722 3495 776 ad
3519 721 3793 776 Christum

2207 823 2618 897 pertinentium.
2666 821 2725 874 in
2773 819 2890 887 ipso
2918 816 3138 872 Christo
3181 811 3595 870 resurrectionis
3619 808 3793 864 forma

2209 913 2582 986 prastenditur,
2629 917 2689 963 ut
2715 907 2865 978 prior
2897 904 3148 960 omnibus
3173 902 3315 956 viam
3361 898 3792 963 resurrectionis,

2212 1004 2307 1060 Dei
2361 1003 2566 1066 Filius,
2621 1000 2748 1054 filiis
2787 997 3042 1067 aperiret.
3099 995 3176 1049 De
3215 993 3411 1062 quibus
3447 991 3560 1060 ipse
3608 989 3744 1044 dixit
3779 1007 3790 1042 :

2215 1095 2353 1162 Quia
2383 1094 2482 1164 ﬁlii
2511 1092 2604 1146 Dei
2634 1101 2776 1156 sunt,
2803 1105 2922 1143 cum
2951 1088 3056 1142 sint
3093 1086 3193 1155 ﬁlii
3218 1083 3610 1139 resurrectionis
3640 1079 3793 1152 (Luc.

2214 1186 2336 1253 xx).

2287 1275 2393 1331 Per
2415 1292 2567 1347 quem
2595 1274 2892 1343 accepimus
2917 1268 3144 1340 gratiam
3186 1275 3235 1320 et
3271 1262 3638 1335 apostolatum.
3692 1261 3797 1316 Per

2213 1366 2496 1422 Christum
2520 1364 2795 1435 accepisse
2825 1376 2883 1418 se
2911 1359 3045 1415 dicit
3065 1356 3298 1429 gratiam
3334 1364 3388 1409 et
3414 1353 3794 1423 apostolatum,

2214 1466 2274 1514 ut
2295 1466 2428 1528 pote
2450 1457 2805 1511 mediatorem
2843 1451 2944 1505 Dei
2967 1456 3028 1503 et
3049 1447 3350 1502 hominum.
3397 1443 3581 1498 Gratia
3623 1442 3690 1528 ad
3718 1440 3798 1493 la-

2212 1527 2404 1606 borum
2434 1545 2752 1618 patientiam
2795 1539 3077 1596 referenda
3111 1543 3219 1600 est,
3258 1543 3320 1590 ut
3367 1534 3481 1604 ipse
3520 1532 3630 1586 ait:
3669 1527 3797 1584 Plus

2213 1638 2470 1692 omnibus
2504 1633 2765 1696 laboravi,
2809 1646 2921 1686 non
2943 1643 3067 1698 ego,
3103 1627 3200 1682 sed
3233 1624 3406 1698 gratia
3452 1621 3549 1677 Dei
3586 1635 3798 1676 mecum

541 1714 602 1798 ln
632 1741 754 1795 aliis
785 1739 921 1793 locis
956 1735 1308 1802 Evangelium
1355 1729 1560 1786 Chri~ti
1624 1728 1848 1782 dicitur.
1901 1726 2118 1782 Marcus
2146 1714 2191 1764 Β
2221 1723 2273 1791 (1
2301 1721 2428 1780 Cor.
2460 1722 2591 1789 xv);
2629 1719 2967 1790 apostolatus
3009 1717 3078 1770 ad
3104 1714 3513 1785 praedicationis
3545 1716 3794 1775 auctori—

540 1833 688 1888 euim
721 1830 797 1884 ait
830 1847 845 1882 :
885 1828 1107 1882 Initium
1146 1823 1417 1893 Evangelii
1454 1820 1582 1876 Iesu
1634 1819 1852 1874 Christi.
1891 1818 2115 1882 Verum,

547 1928 676 1996 quia
701 1922 961 1978 Christus
977 1919 1214 1974 Verbum
1238 1921 1346 1980 est,
1371 1923 1426 1968 et
1449 1915 1501 1967 in
1527 1911 1797 1982 principio
1825 1918 1942 1964 erat
1969 1907 2114 1979 apud

549 2020 742 2084 Deum,
773 2023 827 2069 et
851 2015 996 2068 Deus
1029 2019 1142 2065 eral
1173 2005 1409 2061 Verbum
1431 2003 1618 2074 (Joan.
1649 2002 1714 2074 ι).
1750 2015 1920 2057 unum
1949 2009 2116 2070 atque

550 2111 694 2166 idem
728 2108 926 2164 dicitur
956 2099 1309 2170 Evangelium
1341 2099 1458 2162 Dei,
1489 2106 1545 2152 et
1577 2095 1927 2165 Evangelium
1956 2093 2118 2149 Chr}.

547 2191 644 2258 s'ti.
677 2199 796 2268 Ipse
828 2196 972 2252 enim
1016 2192 1278 2247 Dominus
1311 2189 1444 2244 dicit
1472 2205 1488 2243 :
1527 2187 1636 2259 Ego
1664 2198 1713 2240 et
1747 2187 1914 2241 Pater
1952 2202 2117 2239 unum

548 2309 736 2350 sumus
781 2288 968 2361 (Joan.
997 2285 1075 2351 ii),
1114 2293 1168 2339 et
1193 2280 1355 2338 Pater
1384 2281 1629 2349 loquitur
1652 2280 1844 2333 dietms
1873 2295 1886 2332 :
1919 2277 2116 2332 Omnia

550 2400 678 2440 mea
722 2394 811 2437 tua
846 2387 993 2439 sunt,
1023 2383 1078 2431 et
1131 2386 1224 2430 tua
1271 2387 1391 2428 mea
1429 2369 1633 2442 (Joan.
1669 2367 1842 2436 xvu),
1893 2377 1951 2425 et
1991 2367 2114 2423 ideo

553 2449 905 2542 Evangelium
926 2471 1123 2528 Patris.
1156 2465 1508 2535 Evangelium
1541 2463 1663 2518 Filii
1697 2470 1802 2517 est.

621 2565 776 2631 Quod
797 2571 920 2617 ante
939 2559 1179 2628 promisit
1203 2571 1296 2626 per
1315 2554 1611 2622 Prophetas
1641 2566 1784 2616 suos,
1806 2549 1862 2604 in
1881 2545 2122 2618 Scriptu-

555 2660 626 2712 ris
647 2654 864 2710 sanctis.
899 2650 1030 2717 Quae
1062 2648 1132 2703 de
1155 2646 1382 2703 Christo
1420 2642 1680 2715 prtedicta
1707 2651 1840 2697 sunt
1867 2655 1966 2713 per
1997 2653 2127 2710 pro-

557 2747 766 2818 phetas,
791 2745 908 2798 haec
927 2740 1091 2796 etiam
1118 2739 1185 2795 de
1206 2736 1504 2807 Evangelia
1535 2734 1796 2806 praedicta
1821 2748 1965 2800 esse,
1995 2746 2127 2788 scn-

553 2829 792 2881 tiendum
817 2835 921 2892 est,
940 2833 1002 2878 ut
1026 2824 1182 2880 illud:
1208 2825 1463 2878 Dominus
1490 2823 1633 2877 dabit
1659 2824 1867 2877 verbum
1888 2822 2127 2894 Evange-

551 2914 849 2980 lisantibus,
902 2916 1090 2970 virtute
1147 2915 1316 2970 multa
1371 2913 1544 2986 (Psal.
1585 2915 1778 2986 uvn),
1804 2925 1859 2972 et
1895 2934 1908 2970 :
1953 2916 2125 2983 Quam

549 3005 767 3076 speciosi
788 3004 942 3075 pedes
977 3004 1448 3074 euangelizandum
1477 3007 1612 3060 bona
1633 3002 1769 3077 (Isa.
1797 3007 1919 3078 LII),
1943 3015 1997 3062 et
2019 3007 2124 3064 alia

549 3096 811 3167 plurima,
851 3093 1010 3149 simul
1046 3102 1102 3149 et
1124 3093 1362 3150 ostendit
1388 3110 1448 3150 se
1489 3112 1594 3152 non
1625 3094 1793 3150 alium
1832 3097 2127 3166 prmdicare

549 3186 844 3250 Christum,
885 3201 1046 3255 quam
1072 3185 1225 3256 cujus
1253 3187 1600 3256 Evangelium
1624 3190 1900 3257 prophette
1927 3191 2131 3259 promi-

550 3287 736 3334 serant
781 3293 903 3334 esse
934 3285 1242 3333 venturum.
1298 3277 1448 3348 ipsos
1477 3279 1670 3334 asserit
1702 3278 1797 3334 Dei
1837 3281 2130 3351 prophetas

550 3383 690 3432 esse,
714 3376 773 3421 ut
800 3367 922 3422 illas
937 3367 1250 3438 Scripturas
1269 3376 1506 3436 sanctas,
1533 3383 1654 3440 qua:
1678 3369 1745 3425 de
1769 3368 1986 3428 Christo
2005 3381 2130 3429 ante

551 3457 881 3512 cecinerunt.

625 3546 700 3599 De
721 3545 833 3614 ﬁlio
861 3562 976 3600 suo.
1012 3544 1178 3601 Multa
1212 3542 1334 3601 Filii
1372 3547 1548 3618 gratia
1578 3547 1667 3604 hic
1699 3559 1949 3617 notatur,
1975 3551 2130 3623 cujus

553 3637 716 3690 etiam
746 3637 800 3690 in
829 3651 992 3691 carne
1015 3637 1270 3692 nativitas
1295 3637 1572 3695 dissimilis
1600 3641 1813 3697 caeteris
1835 3640 2127 3712 invenitur,

553 3739 622 3781 eo
644 3725 786 3796 quod
812 3741 878 3782 ex
905 3727 1113 3798 virgine
1146 3735 1306 3782 natus
1331 3737 1435 3784 est.

607 3802 733 3882 Qui
763 3817 934 3885 factus
962 3827 1037 3871 est
1064 3817 1114 3870 ei
1149 3833 1214 3871 ea:
1254 3818 1449 3872 semine
1493 3818 1662 3873 David
1687 3822 1972 3876 secundum
2014 3839 2132 3877 car-

556 3923 694 3961 nem.
730 3905 928 3962 Factus
954 3922 1054 3976 per
1079 3906 1361 3976 Spiritum.
1411 3907 1468 3963 Si
1506 3909 1651 3964 enim
1693 3912 1986 3967 secundum
2011 3927 2130 3967 car-

557 4009 681 4049 nem
707 3995 880 4050 factus
901 4004 1004 4061 est,
1036 3996 1331 4052 secundum
1367 3996 1531 4053 Verbi
1557 4000 1745 4070 utique
1771 4001 2128 4057 substantiam

557 4085 733 4143 factus
758 4104 864 4144 non
890 4098 991 4144 est.

630 4179 733 4246 Qui
773 4181 1174 4252 prcedestinatus
1205 4192 1280 4236 est
1311 4181 1484 4236 Filius
1514 4180 1613 4236 Dei
1656 4183 1712 4237 in
1759 4184 1962 4238 virtute.
2008 4183 2128 4255 Ipsa

557 4279 644 4325 est
669 4271 830 4340 igitur
875 4272 1273 4340 pnedestinatio
1315 4281 1661 4338 sanctorum,
1697 4288 1817 4342 qua:
1845 4273 1899 4327 in
1928 4271 2128 4329 Saneto

559 4369 868 4415 sanctorum
914 4361 1148 4415 maxime
1193 4360 1404 4428 claruit,
1451 4377 1611 4430 quam
1647 4377 1848 4431 negare
1874 4362 1996 4431 quis
2020 4377 2126 4417 non

549 4460 767 4521 potest,
810 4461 957 4506 recte
984 4452 1396 4521 intelligentium
1423 4453 1636 4522 eloquia
1669 4453 1942 4508 Veritatis.
1993 4451 2127 4508 Nam

557 4551 615 4598 et
643 4543 815 4612 ipsum
839 4541 1021 4612 gloria:
1043 4540 1349 4606 Dominum,
1389 4543 1444 4596 in
1475 4553 1735 4612 quantum
1765 4543 1926 4598 homo
1954 4542 2130 4599 factus

555 4640 666 4696 est,
714 4631 809 4685 Dei
839 4631 1030 4697 Filius,
1081 4630 1521 4700 przedestinatum
1568 4647 1690 4688 esse
1713 4633 1962 4688 dicimus.
2007 4632 2130 4689 Cla-

557 4728 673 4776 mat
700 4719 886 4773 doctor
912 4720 1149 4790 gentium
1193 4719 1248 4772 in
1283 4720 1460 4790 capite
1489 4720 1847 4791 Epistolarum
1887 4737 2128 4787 suarum,

557 4810 628 4864 de
652 4808 787 4864 Filio
813 4809 908 4862 Dei
932 4826 946 4862 :
973 4806 1076 4873 Qui
1101 4807 1272 4876 factas
1303 4820 1377 4862 est
1391 4811 1439 4863 ei
1454 4825 1518 4864 ex
1541 4809 1734 4864 semine
1747 4809 1916 4863 David
1943 4827 2129 4864 secun-

558 4897 684 4950 dum
719 4912 946 4950 carnem.
1003 4894 1106 4961 Qui
1151 4896 1553 4966 prwdestinatus
1589 4907 1693 4962 est,
1744 4896 1789 4949 F
1792 4897 1915 4952 ilius
1946 4897 2042 4952 Dei
2078 4898 2132 4952 in

559 4987 767 5049 virtute,
795 4984 1081 5040 secundum
1106 4984 1363 5055 Spiritum
1388 4987 1836 5056 sanctiﬁcationis,
1871 5004 1938 5042 ea:
1962 5004 2137 5042 resur-

562 5077 786 5129 rectione
827 5084 1173 5130 mortuorum.
1227 5073 1381 5130 Sicut
1419 5089 1550 5146 ergo
1591 5078 2003 5146 prmdestinatus
2049 5085 2135 5132 est

563 5163 654 5218 ille
683 5179 840 5229 unus,
877 5171 938 5218 ut
964 5173 1127 5234 caput
1154 5172 1397 5220 nostrum
1427 5175 1602 5232 esset,
1635 5166 1711 5222 ita
1742 5168 1894 5223 multi
1923 5169 2132 5240 praede-

563 5253 750 5308 stinati
771 5269 979 5319 sumus,
1005 5263 1066 5308 ut
1090 5254 1330 5309 membra
1357 5253 1473 5324 ejus
1503 5268 1766 5313 essemus.
1796 5257 1964 5312 Vocat
1989 5259 2134 5313 enim

566 5343 710 5398 Deus
735 5344 1146 5413 pnedestinatos
1174 5343 1373 5399 multos
1402 5345 1542 5400 ﬁlios
1563 5361 1712 5411 suos,
1751 5355 1812 5401 ut
1835 5362 1933 5402 eos
1973 5346 2137 5403 faciat

567 5433 809 5488 membra
838 5433 1200 5502 praedestinati
1231 5433 1374 5490 unici
1399 5433 1520 5489 Filii
1550 5436 1656 5490 sui.

639 5523 941 5578 Secundum
973 5525 1213 5594 spiritum
1245 5525 1698 5591 sanctiﬁcationis.
1732 5525 1834 5597 (Ex
1859 5523 2135 5598 Origene.)

569 5611 1030 5673 Sanctiﬁcationis
1051 5631 1180 5670 vero
1200 5615 1423 5684 spiritus
1442 5616 1659 5685 dicitur,
1688 5621 1980 5676 secundum
2010 5620 2136 5688 hoc,

2219 1823 2413 1871 tatem.
2460 1813 2612 1876 Sive,
2657 1813 2912 1881 gratiam,
2963 1809 3018 1864 in
3067 1808 3359 1877 baptismo,
3405 1809 3789 1878 apostolatuui,

2219 1907 2448 1979 quando
2483 1921 2515 1961 a
2545 1903 2758 1974 Spiritu
2789 1912 2982 1958 sancto
3009 1900 3256 1956 directus
3283 1909 3390 1965 est,
3421 1899 3654 1969 accepit.

2290 1999 2372 2055 Ad
2407 1997 2751 2053 obedientium
2773 1995 2897 2063 ﬁdei
2926 1995 2983 2046 iu
3005 1992 3245 2047 omnibus
3275 1993 3535 2061 gentibus,
3567 2008 3662 2062 pro
3696 2009 3796 2046 no-

2221 2090 2363 2143 mine
2392 2090 2532 2156 ejns,
2562 2089 2618 2141 in
2645 2085 2834 2156 quibus
2863 2084 2992 2139 estis
3015 2093 3065 2138 et
3098 2099 3211 2146 uos,
3242 2084 3412 2137 vocati
3438 2081 3470 2136 Ι
3480 2099 3569 2136 esu
3601 2081 3799 2138 Christi

2225 2180 2438 2234 Domini
2468 2181 2660 2234 nostri.
2688 2176 3235 2246 OstenditEvangelii
3261 2177 3492 2247 gratiam
3533 2175 3796 2232 obedien-

2224 2273 2366 2328 tibus
2391 2270 2795 2341 praedicandam
2831 2287 2846 2324 :
2879 2270 2936 2326 in
2965 2269 3224 2326 omnibus
3263 2269 3521 2340 gentibus
3555 2271 3747 2324 ostenti
3775 2279 3796 2325 t

2222 2379 2284 2421 se
2305 2363 2674 2434 apostolatum
2706 2362 3009 2432 accepisse,
3039 2374 3101 2418 ut
3115 2362 3230 2434 jam
3253 2377 3362 2418 nou
3387 2360 3514 2433 legi,
3547 2362 3644 2418 sed
3669 2361 3798 2416 ﬁdei

2226 2456 2540 2512 obedirent.
2566 2456 2675 2510 Pro
2705 2453 2930 2508 nomine
2952 2453 3094 2522 ejus,
3135 2453 3190 2509 id
3220 2463 3326 2521 est,
3355 2455 3530 2510 vicem
3561 2454 3801 2511 nominis

2229 2549 2354 2617 ejus
2373 2547 2675 2618 iungimur,
2709 2557 2768 2602 ut
2800 2547 2918 2615 ipse
2947 2546 3064 2601 ait:
3100 2544 3250 2601 Sicut
3280 2547 3416 2600 misit
3445 2563 3526 2600 sne
3543 2546 3727 2611 Pater,
3751 2555 3802 2599 et

2230 2655 2324 2711 ego
2348 2642 2502 2694 mitto
2527 2654 2617 2694 eos
2640 2638 2828 2710 (locis.
2859 2635 2972 2708 sx),
3006 2646 3056 2692 et
3085 2640 3173 2708 qui
3204 2654 3294 2693 vos
3321 2641 3528 2709 recipit,
3559 2655 3640 2693 me
3670 2639 3803 2691 reci-

2233 2737 2309 2804 pit
2341 2733 2560 2802 (Matth.
2597 2734 2674 2799 ι).

2296 2819 2366 2875 In
2389 2821 2579 2892 quibus
2603 2822 2728 2875 estis
2755 2830 2805 2876 et
2828 2838 2937 2876 vos.
2987 2819 3102 2878 Hoc
3129 2830 3236 2886 est,
3270 2829 3328 2877 et
3348 2819 3405 2876 in
3428 2819 3585 2877 vobis
3608 2819 3812 2878 Roma-

2227 2912 2314 2968 nis
2337 2910 2699 2983 apostolatum
2722 2911 3122 2982 praedicationis
3151 2911 3356 2980 accepi.

2510 3021 2702 3062 LECTIO
2729 3019 2880 3060 [SALB
2910 3017 3222 3066 ριιοιιιιιτε,
3248 3017 3370 3057 CAP.
3396 3015 3529 3055 LXII.

2309 3113 2328 3148 ο
2360 3095 2487 3153 Hac
2525 3096 2660 3152 dicit
2686 3094 2988 3151 Dominus:
3036 3092 3267 3163 Propter
3294 3090 3426 3147 Sion
3464 3102 3571 3146 non
3596 3088 3809 3154 tacebo,

2236 3202 2258 3238 ο
2287 3193 2342 3242 et
2377 3194 2603 3257 propter
2626 3183 2965 3240 Hierusalem
2989 3196 3096 3237 non
3120 3181 3417 3251 quiescam,
3455 3177 3628 3234 donec
3650 3191 3811 3246 egre-

2235 3293 2257 3330 s
2287 3277 2486 3344 diatur,
2526 3285 2588 3331 ut
2614 3275 2892 3346 splendor,
2919 3272 3103 3342 justus
3135 3273 3268 3343 ejus,
3303 3282 3361 3327 et
3396 3269 3635 3326 salvator
3669 3267 3809 3336 ejus,

2237 3381 2257 3420 ς
2291 3374 2354 3422 ut
2390 3366 2597 3436 lampas
2620 3365 2964 3421 accendatur.
3009 3363 3078 3418 Et
3109 3363 3370 3418 videbunt
3401 3367 3586 3430 gentes
3603 3357 3810 3428 justum

2235 3475 2258 3510 ι
2289 3465 2462 3523 tuum,
2482 3465 2538 3513 et
2560 3457 2745 3513 cuncti
2773 3469 2928 3526 reges
2950 3454 3208 3525 inclytum
3235 3462 3406 3507 tuum.
3439 3451 3508 3505 Et
3530 3449 3812 3505 vocabitur

2236 3565 2256 3600 σ
2285 3549 2385 3604 tibi
2405 3563 2603 3605 nomen
2634 3562 2855 3613 novum,
2886 3546 3031 3615 quod
3051 3561 3114 3600 os
3139 3544 3353 3599 Domini
3383 3542 3700 3598 nominavit.
3742 3541 3812 3595 Et

2236 3654 2257 3689 s
2291 3637 2400 3693 eris
2426 3651 2626 3693 corona
2673 3636 2860 3708 glorise
2901 3636 2957 3690 in
2984 3649 3146 3688 manu
3187 3631 3432 3696 Domini,
3477 3640 3535 3686 et
3561 3630 3812 3685 diadema

2237 3742 2256 3778 ι
2294 3727 2449 3798 regni
2480 3727 2535 3782 in
2559 3741 2726 3782 manu
2752 3725 2850 3782 Dei
2875 3726 2972 3780 tui.
3007 3724 3123 3780 Non
3144 3722 3427 3780 vocaberis
3453 3722 3596 3778 ultra
3615 3721 3810 3776 dereli-

2237 3833 2259 3868 s
2295 3825 2408 3881 cta,
2436 3825 2492 3872 et
2517 3826 2662 3872 terra
2701 3824 2793 3871 tua
2819 3831 2927 3871 non
2957 3815 3239 3871 vocabitur
3277 3813 3510 3884 amplius
3543 3811 3808 3877 desolata,

2237 3922 2258 3958 s
2293 3907 2388 3962 sed
2414 3907 2696 3964 vocaberis
2720 3907 2972 3962 voluntas
2995 3922 3115 3962 mea
3139 3908 3194 3961 in
3227 3921 3316 3972 ea,
3348 3913 3404 3962 et
3437 3914 3584 3960 terra
3609 3912 3700 3960 tua
3730 3905 3811 3960 in-

2229 3993 2584 4063 habitabitur,
2617 3997 2744 4066 quia
2773 3994 3101 4068 complacuit
3125 3996 3355 4052 Domino
3390 3995 3444 4050 in
3475 4005 3548 4050 te.
3582 4013 3602 4048 ι

2303 4083 2529 4156 Propter
2565 4086 2698 4142 Sion
2740 4102 2844 4141 non
2873 4086 3082 4150 tacebo,
3130 4096 3179 4140 et
3219 4094 3431 4156 propter
3479 4083 3808 4138 Hierusalem

2232 4192 2338 4230 non
2365 4178 2652 4248 quiescam,
2689 4177 2852 4231 donec
2881 4176 3200 4247 egrediatur,
3241 4184 3300 4229 ut
3339 4174 3606 4244 splendor,
3627 4174 3808 4242 justus

2230 4266 2366 4335 ejus.
2413 4266 2518 4337 (Ex
2550 4266 2796 4336 Hieron.)
2844 4266 2946 4320 Hic
2971 4267 3252 4335 prophetae
3292 4264 3652 4337 introducitur
3677 4280 3806 4334 per-

2231 4368 2364 4408 sona
2395 4336 2625 4410 dicentis
2649 4373 2663 4409 :
2702 4355 2926 4424 Propter
2949 4354 3081 4410 Sion
3109 4370 3213 4408 non
3236 4353 3436 4420 tacebo,
3463 4336 3562 4411 sed
3582 4363 3691 4410 tam
3715 4355 3806 4410 diu

2229 4443 2492 4509 clamabo,
2509 4453 2565 4500 et
2584 4444 2836 4514 precibus
2853 4443 3074 4516 jungam
3095 4460 3304 4515 preces,
3319 4448 3489 4501 donec
3514 4447 3696 4502 veniat
3715 4449 3808 4517 qui

2227 4536 2529 4606 promissus
2563 4543 2680 4600 est,
2723 4546 2778 4590 et
2819 4535 3164 4605 egrediatur,
3211 4544 3272 4590 ut
3313 4537 3596 4606 splendor,
3630 4537 3810 4606 justus

2229 4624 2369 4694 ejus,
2397 4634 2454 4679 et
2488 4634 2745 4681 cunctum
2767 4625 2956 4681 orbem
2985 4641 3083 4681 suo
3110 4627 3375 4682 illuminet
3401 4627 3705 4698 splendore.

2301 4715 2371 4769 Et
2399 4716 2628 4771 salvator
2653 4716 2791 4786 ejus,
2842 4725 2899 4769 ut
2927 4716 3132 4788 lampas
3174 4719 3509 4772 accendatur.
3558 4719 3676 4787 Ipse
3715 4723 3808 4788 qui

2231 4805 2448 4861 dicebat
2488 4805 2543 4860 in
2581 4804 2910 4876 Evangelia:
2948 4804 3057 4877 Ego
3103 4822 3222 4860 sum
3259 4805 3354 4860 lux
3394 4808 3576 4862 mundi
3619 4807 3803 4880 (Joan.

2232 4896 2373 4970 vni),
2409 4903 2468 4951 et
2485 4896 2551 4950 de
2575 4910 2682 4965 quo
2713 4895 2948 4953 Joannes
2973 4897 3184 4952 dicebat
3210 4913 3223 4950 :
3258 4896 3390 4951 Erat
3412 4898 3505 4952 tua:
3527 4915 3668 4965 sera,
3690 4917 3806 4971 quia

2233 4985 2495 5040 illuminat
2522 5001 2726 5040 omnem
2757 4985 3039 5050 hominem,
3070 4994 3174 5040 etc.
3204 4985 3385 5058 (Joan.
3414 4986 3475 5053 ι).

2305 5073 2376 5128 Et
2403 5073 2645 5128 videbunt
2675 5082 2850 5145 gentes
2880 5073 3088 5144 justum
3127 5083 3305 5141 tuum,
3337 5084 3394 5132 et
3421 5076 3521 5132 rel.
3562 5077 3676 5135 Hoc
3699 5088 3805 5145 est,

2235 5164 2494 5220 videbunt
2509 5163 2776 5234 justitiam
2791 5203 2807 5231 ,
2836 5178 2944 5235 qua
2972 5174 3290 5221 cunctorum
3313 5176 3528 5224 creator
3552 5157 3841 5224 misertus'

2237 5263 2322 5311 est
2353 5255 2621 5325 gentibus.

2239 5345 2242 5348 ’
2307 5345 2377 5398 Et
2397 5345 2662 5399 vocabitur
2679 5346 2771 5400 tibi
2800 5362 2985 5403 nomen
3013 5363 3220 5412 nouum,
3246 5355 3353 5402 etc.
3382 5347 3441 5404 Id
3473 5356 3578 5412 est,
3609 5361 3811 5416 nequa-

2238 5449 2400 5503 quam
2429 5435 2708 5492 vocabitur
2732 5435 3066 5492 Hierusalem
3105 5445 3161 5491 et
3186 5435 3339 5502 Sion,
3375 5439 3472 5492 sed
3495 5450 3688 5492 nomen
3714 5451 3811 5492 no-

2239 5542 2366 5580 vum
2401 5526 2650 5596 accipiet,
2678 5525 2731 5580 id
2759 5534 2863 5591 est,
2894 5525 3283 5581 Christianum.

2311 5619 2378 5672 Et
2419 5619 2522 5674 eris
2563 5635 2754 5674 corona
2794 5617 2975 5688 gloria:
3019 5619 3072 5670 in
3107 5631 3267 5668 manu
3295 5615 3522 5682 Domini,
3555 5623 3664 5674 etc.
3692 5617 3811 5675 Erit
