3998 6198
213 236 282 291 19
1496 215 1850 276 SMARAGDI
1881 213 2172 274 ABBATIS
3381 208 3450 262 20

208 346 449 406 Ecclesia
487 341 642 416 quasi
679 354 878 396 corona
907 338 1118 395 decoris
1159 338 1214 392 in
1252 350 1413 390 manu
1440 333 1674 399 Domini,
1721 339 1778 386 et
1805 342 1854 400 Α
1877 328 2094 398 quidem
2118 331 2416 381 memorato
2431 322 2617 377 ordine
2630 330 2815 392 postea
2834 308 3214 381 convenerunt,
3235 319 3450 388 quando

207 439 362 512 quasi
396 436 639 493 diadema
669 433 816 504 regni
858 433 914 487 in
939 446 1102 486 manu
1134 429 1230 483 Dei
1255 428 1360 493 sui,
1409 426 1622 496 quando
1654 438 1775 479 eam

207 527 550 586 coronaverit
587 523 743 578 turba
778 521 1133 584 credentium,
1170 525 1226 572 et
1265 515 1505 572 diadema
1543 512 1773 582 imperii,

206 621 420 692 quando
445 633 562 673 eam
588 623 854 684 martyres
893 623 1226 682 gemmarum
1256 621 1477 661 suarum
1517 606 1778 659 varietate

206 713 568 776 distinxerim,
610 717 665 764 et
688 707 946 770 Ecclesia,
988 717 1108 773 quae
1134 701 1285 771 prius
1311 700 1380 754 ab
1407 697 1563 753 idolis
1603 696 1780 751 fuerat

205 818 470 875 pOssessa,
495 809 549 855 et
584 815 615 854 a
647 799 754 852 Deo
780 796 954 850 fuerat
982 794 1217 854 deserta,
1253 787 1516 843 habitabit
1543 785 1779 856 gaudens

205 911 328 951 cum
356 893 603 955 Christo,
651 898 707 944 et
745 885 995 958 gaudebit
1023 882 1270 938 Christus
1305 893 1430 934 cum
1457 877 1593 946 ipsa,
1639 875 1782 930 sicut

204 1001 434 1058 sponsus
465 982 661 1055 gaudet
685 981 740 1034 in
771 991 984 1048 sponsa.
1013 976 1022 980 “

550 1083 887 1126 ενΑΝαειιωί
917 1079 1175 1121 ιιΑττιιΑῑι
1193 1105 1208 1129 ,
1237 1079 1354 1118 CAP.
1386 1077 1424 1114 1.
1517 1133 1526 1139 ⁵

279 1184 298 1218 ι
329 1163 530 1221 Christi
556 1169 737 1215 autem
764 1156 1042 1229 generatio
1067 1155 1146 1209 sic
1174 1160 1309 1207 erat.
1329 1151 1482 1224 Cum
1521 1157 1665 1205 esset
1689 1147 1780 1202 de-

208 1276 226 1307 ‹
261 1261 514 1327 sponsata
534 1259 709 1308 mater
735 1247 862 1303 Iesu
888 1246 1055 1301 Maria
1080 1243 1276 1312 Ioseph
1292 1282 1306 1307 ,
1340 1247 1630 1327 antequam
1653 1250 1782 1327 enn-

207 1368 224 1398 ι
264 1325 533 1408 venirent,
582 1341 800 1396 inventa
833 1345 916 1394 est
952 1337 1006 1391 in
1047 1343 1204 1389 utero
1244 1332 1449 1386 habens
1482 1329 1550 1382 de
1576 1325 1780 1396 Spiritu

207 1459 225 1486 ι
262 1442 468 1492 sancto.
503 1431 704 1500 Ioseph
725 1435 906 1483 autem
931 1425 1017 1480 vir
1043 1425 1160 1494 ejus
1187 1436 1311 1478 cum
1336 1417 1698 1487 esset-justus,
1725 1421 1782 1468 et

206 1555 223 1584 ι
259 1533 424 1590 nollet
471 1544 594 1585 eam
641 1524 926 1582 traducere
950 1561 965 1587 ,
1028 1518 1199 1574 voluit
1251 1514 1462 1570 occulte
1510 1510 1783 1566 dimittere

207 1645 224 1674 ι
257 1637 399 1678 eam.
443 1620 571 1674 Πωο
599 1625 780 1670 autem
819 1627 884 1668 eo
920 1609 1222 1681 cogitante,
1261 1620 1388 1662 ecce
1421 1601 1644 1673 angelus
1675 1597 1782 1652 Do-

1877 418 2080 489 Ioseph‘
2099 416 2166 472 ad
2183 425 2508 488 praeceptum
2535 415 2710 485 angeli
2737 414 2944 481 accepit
2967 411 3243 482 conjugem
3273 427 3451 478 suam,

1878 510 1972 565 sed
1999 523 2105 562 non
2139 507 2587 572 concumbebant,
2627 505 2751 574 quia
2780 505 3024 574 sequitur
3057 518 3071 557 :
3121 503 3190 557 Et
3233 520 3336 557 non
3366 520 3454 558 co—

1879 599 2158 670 gnoscebat
2183 615 2320 652 eam.

1948 689 2168 743 Inventa
2212 696 2286 742 est
2333 696 2508 741 autem
2535 686 2590 740 in
2638 694 2784 739 utero
2830 685 3047 738 habens.
3093 682 3139 736 A
3172 681 3318 736 nullo
3349 681 3455 737 alio

1878 797 2041 852 quam
2066 795 2098 834 a
2123 779 2344 849 Ioseph,
2390 778 2482 847 qui
2514 777 2733 832 licentia
2773 774 3008 829 maritali
3050 772 3245 827 futurae
3272 773 3458 828 uxoris

1877 885 2016 940 pene
2035 868 2215 925 omnia
2241 875 2483 922 noverat.
2527 866 2754 936 Ideoque
2785 873 3080 918 tumentem
3101 863 3218 932 ejus
3243 868 3457 917 uterum
3540 871 3548 884 ‘

1878 975 2004 1016 mox
2035 960 2250 1016 curioso
2275 959 2629 1029 deprehendit
2655 957 2870 1010 intuitu.
2903 956 2970 1009 Et
3001 954 3127 1009 alibi
3155 955 3459 1010 invenimus

1879 1051 2178 1121 scriptum:
2207 1049 2266 1104 In
2289 1057 2464 1114 utero,
2496 1048 2687 1118 inquit,
2722 1048 2951 1110 habens,
2982 1060 3107 1109 non,
3154 1045 3208 1098 in
3244 1053 3457 1098 uterum

1879 1140 2184 1209 accipiens,
2230 1138 2355 1208 quia
2399 1153 2508 1193 non
2547 1137 2760 1191 aliunde
2806 1143 3085 1205 acceptum
3125 1134 3319 1201 fuisse,
3362 1135 3458 1189 sed

1880 1228 2128 1295 interius,
2158 1226 2570 1298 superveniente
2597 1225 2802 1294 Spiritu
2841 1235 3050 1290 sancto,
3088 1224 3140 1278 in
3168 1231 3321 1278 utero
3348 1224 3458 1276 vir-

1879 1320 2040 1390 ginali
2066 1319 2375 1389 integritate
2399 1317 2777 1384 circumsepto,
2811 1315 3053 1370 habitum
3076 1314 3317 1370 declarat
3336 1329 3458 1369 con-

1881 1416 2114 1478 ceptum.
2147 1406 2423 1477 Sequitur.

1949 1498 2146 1569 Ioseph
2181 1506 2352 1552 autem
2383 1497 2461 1550 vir
2486 1495 2620 1565 ejus.
2663 1493 3006 1558 Consuetudo
3049 1492 3453 1563 Scripturarum

1882 1597 1986 1656 est,
2013 1597 2075 1644 ut
2105 1603 2332 1659 sponsas
2356 1601 2563 1643 uxores
2607 1593 2662 1640 et
2704 1599 2928 1654 sponsos
2965 1584 3113 1640 viros
3139 1598 3326 1639 earum
3357 1599 3455 1653 ap-

207 1737 223 1765 ι
422 1713 476 1766 in
499 1724 702 1766 somnis
730 1674 1058 1777 apparuit'ei
1087 1703 1305 1758 dicens:
1338 1696 1558 1766 ιοεεριιν
1578 1693 1655 1748 mi
1685 1691 1789 1746 Da"
1815 1674 1863 1732 Β
1889 1679 2108 1777 pellem

207 1831 222 1855 ι
259 1805 367 1870 vid,
397 1803 504 1858 noli
533 1803 726 1854 timere
755 1797 1003 1865 accipere
1037 1793 1262 1848 Mariam
1287 1790 1569 1860 coniugem
1607 1792 1777 1839 tuam.

205 1919 220 1944 ε
263 1893 414 1962 Quod
444 1891 588 1947 enim
615 1888 669 1943 in
693 1903 755 1943 ea
784 1894 974 1942 natum
998 1890 1101 1948 est,
1131 1882 1197 1936 de
1231 1879 1436 1950 Spiritu
1465 1884 1652 1931 sancto
1674 1882 1776 1929 est.

205 2006 220 2032 ε
258 1981 431 2036 Pariet
458 1986 635 2034 autem
664 1975 855 2041 filium,
887 1984 944 2030 et
969 1971 1187 2028 vocabis
1212 1984 1408 2024 nomen
1436 1965 1552 2034 ejus
1572 1963 1776 2019 Iesum.

203 2096 219 2121 ι
257 2073 371 2143 Ipse
403 2071 549 2126 enim
583 2068 791 2123 salvum
823 2065 986 2120 faciet
1008 2062 1261 2134 populum
1298 2073 1455 2116 suum
1481 2071 1512 2110 a
1544 2053 1780 2125 peccatis

206 2186 222 2213 ο
262 2177 470 2218 eorum.
497 2183 518 2218 ι

268 2249 465 2305 Christi
483 2257 656 2302 autent
671 2245 937 2316 generatio
953 2245 1028 2298 sic
1049 2244 1183 2296 erat.
1210 2239 1311 2311 (Ex
1331 2235 1579 2304 Hieron.)
1603 2231 1780 2299 Quare

196 2355 304 2397 non
344 2339 470 2394 Iesu
509 2337 730 2401 Christi,
773 2335 868 2390 sed
895 2330 1232 2389 solummodo
1266 2327 1490 2390 Christi,
1537 2326 1642 2379 boc
1673 2329 1778 2389 est,

196 2447 304 2486 non
336 2439 624 2498 utrumque
661 2441 881 2490 nomen,
931 2423 1024 2478 sed
1050 2421 1278 2476 alterum
1310 2417 1524 2488 posuit:
1557 2416 1680 2478 hoc,
1721 2421 1781 2467 ut

194 2535 230 2574 ει
277 2519 568 2590 majoribus
611 2515 880 2580 traditur,
931 2511 1124 2567 futurae
1167 2506 1466 2564 reservavit
1514 2502 1776 2567 historiae,

196 2627 303 2682 qua
332 2625 458 2664 mox
493 2607 684 2678 angelo
713 2606 928 2661 dicente
959 2600 1328 2658 subinfertur:
1361 2596 1429 2650 Et
1452 2594 1654 2650 vocabis
1685 2609 1779 2647 no-

195 2719 313 2757 men
353 2699 538 2754 Jesum
579 2696 795 2770 (Matth.
828 2695 887 2767 t),
927 2703 983 2750 et
1030 2692 1124 2749 rel.
1159 2689 1310 2757 Quod
1353 2702 1518 2760 ergo,
1549 2685 1779 2756 qualiter

195 2798 444 2846 vocatum
485 2789 575 2853 sit,
611 2802 737 2842 mox
768 2784 1110 2842 scribendum
1147 2779 1475 2849 evangelista
1510 2774 1774 2847 praevidit,

197 2880 540 2949 anticipando
568 2876 862 2946 prteripere
887 2890 992 2929 non
1015 2872 1226 2928 debuit.
1257 2867 1544 2925 Generatio
1571 2873 1773 2929 autem,

197 2979 292 3026 aut
337 2971 452 3039 ipse
501 2966 750 3023 Christus
797 2965 997 3021 dicitur
1039 2963 1093 3016 in
1139 2976 1302 3016 carne
1346 2965 1668 3028 generatus,
1715 2962 1776 3008 ut

1951 1769 2082 1824 Cum
2124 1777 2255 1824 esset
2291 1768 2487 1838 justus.
2540 1765 2726 1822 Justus
2764 1766 2908 1821 enim
2941 1764 3168 1834 iustitia:
3202 1765 3458 1835 templum

1880 1873 2217 1929 nequaquam
2249 1865 2652 1928 corrumperet,
2705 1857 2848 1926 quod
2892 1866 3207 1927 conceptum
3250 1858 3458 1924 habuit,

1880 1957 2168 2018 antequam
2215 1949 2603 2013 convenirent;
2664 1947 2859 2002 merito
2909 1956 3088 2002 autem
3131 1948 3458 2018 evangelista

1878 2038 2074 2108 Ioseph
2101 2037 2332 2107 appellat
2353 2037 2578 2106 justum,
2613 2047 2675 2114 ut
2709 2037 2958 2092 idoneum
2984 2035 3100 2105 ejus
3120 2037 3459 2091 commendet

1881 2126 2047 2181 fuisse
2073 2127 2461 2181 testimonium.
2508 2125 2717 2198 (Vulg)
2770 2124 2954 2181 Justus
3001 2125 3198 2181 dicitur
3238 2123 3455 2195 Ioseph,

1879 2223 1940 2267 ut
1971 2229 2035 2268 ex
2075 2215 2450 2285 praerogativa,
2509 2214 2700 2269 collata
2743 2214 2998 2285 justitize,
3047 2215 3303 2270 doceatur
3329 2231 3454 2270 eum

1880 2305 2142 2359 meruisse
2179 2317 2505 2374 cognoscere
2523 2304 2774 2374 gratiam,
2804 2319 2924 2374 qua:
2950 2303 3127 2359 fuerat
3153 2305 3323 2360 beatae
3349 2302 3460 2358 Ma-

1882 2398 1975 2452 riae
2001 2397 2214 2462 collata,
2261 2405 2316 2452 ct
2346 2397 2467 2452 ideo
2509 2414 2606 2453 nec
2632 2413 2887 2454 accusare
2918 2414 3039 2454 eam
3067 2408 3301 2470 poterat.
3350 2398 3461 2454 Nec

1880 2489 2256 2559 derelinquere
2289 2490 2686 2560 praesumebat,
2735 2489 2830 2546 sed
2873 2505 3013 2546 novo
3060 2490 3306 2545 miraculi
3347 2499 3461 2544 stu-

1879 2597 2010 2653 pore
2034 2595 2352 2652 suspensus,
2387 2596 2492 2636 non
2526 2582 2826 2637 temeritate
2850 2590 3155 2650 conceptus,
3187 2581 3278 2635 sed
3308 2594 3461 2634 novae

1880 2672 2180 2729 reverentia
2207 2672 2551 2728 fecunditatis
2574 2679 2883 2742 sponsatam
2912 2672 3284 2742 derelinquere
3313 2671 3459 2742 cogi-

1879 2765 2056 2831 tabat,
2085 2763 2231 2819 unde
2265 2772 2322 2818 et
2357 2749 2669 2834 ab'angelo,
2716 2771 2778 2817 ut
2805 2763 3055 2818 dubitans
3080 2801 3096 2828 ,
3147 2777 3456 2818 commone-

1880 2865 1987 2911 llll'.

1949 2945 2019 3000 Et
2047 2944 2204 3000 nollet
2238 2961 2354 2998 eam
2385 2944 2678 2998 traducere.
2714 2941 2826 2997 Hoc
2866 2950 2969 3007 est,
2998 2941 3282 2996 infamare.
3319 2939 3456 2994 Tra-

195 3062 338 3117 idem
358 3023 446 3114 Isit
471 3057 672 3113 Christi
701 3055 997 3127 generatio,
1029 3069 1092 3108 ac
1118 3055 1168 3108 si
1195 3053 1464 3109 diceretur
1492 3070 1504 3104 :
1539 3049 1776 3105 Genera-
1801 3023 1844 3084 (δ
1877 3037 2143 3092 (Ῐιιοῑίοηίε
2170 3036 2564 3127 θιὶίῐηῄνετῦ-υιη
2596 3049 2738 3104 δίθρθ
2761 3035 2815 3088 in
2842 3033 3036 3088 malam
3067 3041 3275 3102 Partem
3301 3047 3457 3102 Γερε-

195 3152 272 3206 tio
311 3163 431 3219 quae
465 3156 548 3202 est
575 3146 858 3210 Christus,
901 3153 1012 3209 aut,
1054 3143 1194 3198 sicut
1227 3157 1257 3195 a
1291 3139 1609 3210 quibusdam
1645 3138 1776 3208 legi-

196 3250 305 3305 tur,
334 3247 394 3293 ut
421 3238 494 3293 sit
523 3237 623 3292 iste
652 3235 786 3291 ordo
804 3234 1127 3289 verborum:
1165 3231 1256 3288 Sic
1280 3239 1458 3286 autem
1486 3237 1606 3284 erat
1626 3227 1778 3284 Chri-

195 3329 265 3384 sti
293 3327 589 3398 generatio,
621 3325 724 3379 hoc
749 3331 851 3387 est,
893 3322 973 3378 sic
1001 3321 1071 3376 ad
1094 3318 1368 3376 Christum
1401 3319 1636 3388 pertinet
1660 3318 1775 3372 haec

194 3417 528 3492 genealogia.
560 3414 837 3484 Sequitur.

267 3509 400 3564 Cum
423 3518 553 3563 esset
575 3508 884 3578 desponsata
911 3516 1076 3560 mater
1099 3505 1214 3576 ejus
1227 3503 1402 3559 Maria
1422 3503 1637 3574 Ioseph.
1671 3502 1773 3574 (Ex

197 3598 443 3671 Hieron.)
482 3598 752 3666 Qumritur
794 3611 963 3667 quare
1004 3612 1112 3653 non
1155 3597 1220 3652 de
1263 3595 1495 3664 simplici
1541 3594 1774 3664 virgine,

195 3695 291 3749 sed
316 3693 383 3748 de
413 3692 735 3760 desponsata
767 3689 1023 3744 Dominus
1052 3697 1212 3743 natus
1243 3689 1354 3742 sit?
1380 3688 1562 3743 Primo
1592 3695 1652 3742 ut
1679 3702 1775 3758 per

196 3783 600 3854 generationem
639 3778 839 3849 Ioseph
867 3819 882 3843 ,
933 3779 1086 3848 origo
1131 3779 1313 3832 Mariae
1356 3785 1773 3842 monstraretur,
1817 3801 1822 3808 -

195 3871 322 3941 quia
349 3868 682 3924 consuetudo
729 3868 1031 3924 divinarum
1077 3868 1478 3938 Scripturarum
1507 3875 1626 3934 est,
1665 3881 1772 3922 non

194 3977 292 4030 per
317 3958 575 4023 feminas,
606 3957 700 4013 sed
733 3972 830 4026 per
862 3958 1008 4012 viros
1033 3956 1399 4027 genealogiam
1431 3966 1632 4012 texere.
1677 3956 1771 4011 Se-

196 4052 394 4116 cundo,
423 4065 493 4106 ne
521 4049 853 4120 lapidaretur
883 4063 914 4101 a
941 4046 1142 4104 Iudaeis
1178 4056 1237 4102 ut
1265 4049 1528 4103 adultera.
1565 4047 1772 4114 Tertio,

201 4150 260 4196 ut
297 4142 350 4196 in
379 4139 616 4213 Egypto
655 4140 892 4211 fugiens,
942 4139 1167 4194 haberet
1205 4138 1454 4194 maritale
1500 4138 1772 4194 solatium.

197 4234 456 4301 Quartam
489 4240 707 4289 causam
741 4231 946 4287 addidit
969 4229 1229 4301 Ignatius,
1260 4239 1320 4285 ut
1355 4238 1543 4301 partus
1572 4229 1775 4285 celare-

199 4331 288 4375 tur
313 4321 548 4388 diabolo,
588 4321 716 4375 dum
743 4335 866 4375 eum
907 4327 1060 4389 putat
1088 4335 1193 4374 non
1222 4319 1287 4375 de
1326 4320 1554 4391 virgine,
1588 4320 1682 4375 sed
1709 4321 1774 4375 de

198 4425 368 4465 uxore
395 4418 729 4479 generatum.
1517 4412 1524 4422 '

269 4497 559 4566 Antequam
605 4497 952 4549 convenirent.
999 4495 1115 4550 Non
1157 4497 1226 4550 ab
1267 4496 1372 4550 alio
1415 4497 1630 4550 inventa
1665 4504 1771 4560 est,

199 4587 305 4645 nisi
331 4602 362 4640 a
386 4583 606 4664 Ioseph,
638 4583 730 4652 qui
754 4597 889 4652 pene
915 4583 1132 4637 licentia
1161 4582 1391 4636 maritali
1421 4582 1615 4636 futura:
1643 4598 1775 4636 uxo-

201 4678 277 4733 ris
302 4675 482 4731 omnia
509 4681 751 4728 noverat.
795 4672 948 4740 Quod
989 4681 1168 4726 autem
1199 4672 1434 4726 dicitur:
1484 4671 1773 4741 Antequam

200 4765 551 4828 convenirent,
582 4777 689 4816 non
727 4761 990 4830 sequitur,
1021 4769 1080 4814 ut
1107 4771 1292 4831 postea
1317 4760 1685 4825 convenerint,
1717 4768 1778 4813 ut

201 4853 516 4922 falsiloquus
554 4851 667 4905 vult
694 4850 998 4915 Helvidius,
1037 4851 1130 4906 sed
1169 4849 1479 4920 Scriptura,
1525 4848 1655 4920 quid
1693 4848 1774 4902 fa-

200 4954 348 5000 ctum
375 4959 482 4998 non
507 4943 607 5007 sit,
637 4941 889 4996 ostendit.
932 4940 1234 4996 Notandum
1271 4940 1415 5009 quod
1449 4941 1564 4995 ait:
1607 4941 1772 4994 Ante-

200 5049 357 5104 quam
406 5032 765 5096 convenirent,
827 5031 994 5086 verbo
1041 5031 1390 5086 conveniendi
1443 5045 1550 5085 non
1595 5031 1770 5100 ipsum

181 5122 573 5186 concubitum,
623 5124 715 5178 sed
740 5122 1069 5193 nuptiarum,
1119 5138 1238 5193 qua:
1266 5123 1570 5192 praecedere
1597 5121 1795 5189 solent,

200 5225 412 5286 tempus
462 5214 810 5278 insinuatum,
859 5213 1073 5281 quando
1099 5227 1184 5278 ea,
1221 5228 1340 5282 qua:
1364 5213 1516 5282 prius
1543 5213 1771 5282 despon:

203 5315 321 5364 sata
347 5305 541 5371 fuerat,
566 5317 685 5359 esse
714 5301 907 5372 conjux
930 5304 1135 5374 incipit.
1167 5303 1274 5375 (Ex
1296 5304 1488 5372 Beda.)
1515 5305 1654 5376 Ergo
1675 5321 1770 5358 an-

203 5406 409 5466 tequam
448 5392 770 5448 convenirent
797 5392 945 5457 dicit,
993 5393 1048 5448 id
1081 5401 1165 5447 est
1189 5433 1204 5458 ,
1238 5403 1529 5463 antequam
1553 5394 1768 5465 nuptia-

206 5499 326 5541 rum
348 5481 606 5538 solemnia
634 5481 736 5536 rite
760 5480 1116 5535 celebrarent.

273 5575 488 5631 Inventa
511 5584 583 5630 est
621 5576 675 5633 in
706 5582 851 5628 utero
886 5571 1078 5626 habens
1106 5571 1169 5625 de
1200 5569 1398 5641 Spiritu
1440 5584 1635 5627 sancto.
1687 5573 1769 5628 Si-

1798 4374 1850 4432 D

1875 3128 2034 3194 ritur,
2086 3127 2228 3195 quod
2255 3125 2420 3180 etiam
2449 3123 2672 3179 Grzncus
2697 3138 2876 3179 sermo
2901 3138 3006 3176 non
3036 3123 3264 3176 absurde
3290 3122 3457 3194 signi-

1874 3217 2018 3282 ﬁcat,
2056 3215 2546 3292 παραδειγματίσαι,
2594 3215 2647 3270 id
2678 3225 2790 3278 est,
2822 3213 3137 3285 prapalare,
3185 3216 3327 3284 quod
3351 3223 3456 3280 est,

1873 3308 2050 3378 palam
2081 3308 2278 3364 facere.
2328 3307 2588 3362 Omnibus
2625 3307 2768 3361 enim
2809 3316 2990 3362 notum
3029 3322 3238 3377 sponsa:
3263 3323 3458 3364 conce-

1874 3408 2025 3470 ptum
2053 3400 2337 3454 ostendere
2366 3399 2555 3454 noluit.

1959 3486 2128 3542 Voluit
2159 3488 2358 3542 occulte
2387 3488 2646 3542 dimittere
2676 3503 2813 3542 eam.
2863 3487 3164 3553 Dimittere,
3216 3496 3277 3543 ut
3301 3487 3457 3543 multi

1874 3576 2080 3642 volunt,
2125 3577 2360 3648 positum
2405 3583 2488 3632 est
2529 3590 2630 3646 pro
2661 3591 2726 3630 eo
2767 3575 2911 3646 quod
2947 3585 3032 3631 est
3073 3591 3299 3632 uxorem
3348 3591 3458 3631 non

1874 3674 2090 3729 ducere.
2135 3671 2233 3727 Vel
2280 3680 2427 3728 certe
2461 3671 2734 3727 dimittere
2777 3684 2896 3726 eam
2944 3671 3135 3738 voluit,
3186 3673 3290 3729 hoc
3314 3682 3398 3730 est
3424 3689 3458 3729 a

1873 3778 2030 3833 poena
2084 3762 2376 3828 adulterii,
2438 3762 2593 3832 quasi
2643 3761 3024 3828 innocentem,
3075 3762 3324 3819 liberare.
3380 3763 3458 3818 Ne

1872 3853 2027 3924 quasi
2052 3853 2353 3908 adulteram
2397 3854 2640 3908 traderet
2683 3855 2752 3910 ad
2776 3869 3016 3924 poenam,
3060 3870 3223 3924 quam
3253 3856 3459 3912 sciebat

1873 3943 1942 3999 ab
1965 3943 2112 4000 omni
2145 3944 2486 4014 contagionis
2511 3952 2662 3998 reatu
2688 3959 2931 4000 securam
2957 3961 2972 3998 :
3024 3944 3222 3998 occulte
3249 3954 3454 4012 autem,

1874 4034 1972 4100 ait,
2000 4049 2068 4090 ne
2097 4043 2190 4087 aut
2219 4033 2440 4088 dimissa
2471 4047 2640 4086 uxore
2667 4048 2786 4099 sua,
2836 4033 3011 4087 coitus
3057 4042 3262 4087 reatum
3291 4047 3456 4102 super

1875 4139 1994 4180 eam
2024 4125 2320 4190 induceret,
2353 4131 2447 4178 aut
2480 4123 2726 4190 liberata,
2758 4123 2996 4194 seipsum
3021 4122 3175 4194 quasi
3197 4121 3452 4177 adulterii

1877 4231 2028 4271 reum
2059 4215 2430 4271 constitueret.

1949 4305 2078 4360 Hcce
2119 4316 2292 4360 autem
2332 4321 2391 4359 eo
2422 4304 2698 4374 cogitante,
2739 4318 2854 4357 ecce
2887 4300 3102 4372 angelus
3139 4300 3351 4355 Domini
3396 4301 3456 4356 in

1874 4396 2090 4459 sonmis,
2121 4402 2227 4448 etc.
2259 4393 2414 4448 llunc
2444 4393 2692 4462 angelum
2719 4391 2930 4446 Domini
2963 4391 3116 4447 multi
3146 4390 3478 4470 Gabrielem.

1874 4499 1993 4538 esse
2022 4481 2386 4537 consentiunt.
2435 4479 2582 4534 Bono
2625 4488 2680 4534 et
2713 4478 2862 4546 justo
2891 4480 3026 4543 viro,
3066 4480 3206 4533 bona
3235 4487 3290 4532 et
3303 4477 3454 4546 justa

1875 4572 2162 4642 cogitante,
2192 4583 2430 4639 congrue
2455 4569 2630 4624 bonus
2658 4577 2713 4622 ct
2733 4566 2914 4635 justus
2933 4567 3180 4637 apparuit
3209 4566 3447 4621 nuntius.

1877 4661 2030 4731 Saape
2055 4660 2257 4715 etenim
2283 4659 2335 4713 in
2367 4657 2661 4728 Scripturis
2685 4658 2888 4713 sanctis
2925 4657 3052 4711 talia
3078 4657 3448 4722 inveniuntur,

1877 4761 1937 4805 ut
1968 4751 2034 4806 de
2057 4750 2170 4805 Deo
2198 4749 2424 4804 solerter
2449 4748 2809 4819 cogitantibus
2825 4787 2840 4812 ,
2870 4745 3170 4817 opportuna
3194 4745 3452 4799 adhibea-

1879 4852 1967 4898 tur
1987 4841 2304 4905 consolatio,
2353 4848 2412 4894 ut
2437 4840 2644 4894 duobus
2671 4838 2727 4893 in
2757 4837 2844 4891 via
2873 4835 3291 4900 ambulantibus,
3321 4834 3452 4888 dum

1875 4937 1941 4992 de
1974 4949 2032 4990 se
2075 4933 2585 4996 sermocinarentur,
2609 4939 2857 4985 ostensus
2881 4935 2966 4982 est
2991 4926 3248 4982 Dominus
3293 4925 3446 4996 (Luc.

1873 5027 2042 5100 xxn').
2073 5027 2140 5082 Et
2165 5041 2382 5080 rursus:
2416 5022 2672 5080 Undecim
2686 5020 2938 5092 apostolis
2956 5019 3023 5074 de
3052 5033 3118 5072 eo
3141 5017 3451 5086 colloquen-

1874 5121 2038 5185 tibus,
2083 5119 2276 5174 clausis
2315 5118 2441 5172 licet
2473 5114 2691 5184 januis,
2739 5111 2910 5168 adfuit
2951 5110 3132 5182 (Ioan.
3174 5109 3290 5180 xx).
3343 5109 3448 5180 (Ex

1873 5206 2028 5262 Ioan.
2069 5206 2287 5278 Chrys.)
2317 5205 2426 5261 Cur
2471 5205 2524 5258 in
2568 5201 2772 5257 somnis
2799 5209 2856 5254 et
2883 5214 2990 5254 non
3019 5199 3198 5269 potius
3223 5198 3446 5268 aperte?

1875 5303 2004 5371 quia
2048 5302 2255 5358 scilicet
2290 5308 2410 5356 erat
2437 5299 2521 5351 vir
2547 5311 2768 5366 prorsus
2796 5295 2971 5351 fidelis
2999 5303 3053 5350 et
3079 5293 3450 5350 manifestiora

1876 5392 2201 5446 revelatione
2247 5405 2354 5443 non
2409 5386 2672 5456 indigens.
2731 5385 2983 5440 Pastores
3029 5400 3244 5454 quoque
3296 5390 3448 5439 tanto

1875 5480 2235 5544 manifestius,
2261 5487 2467 5548 quanto
2494 5475 2667 5544 magis
2711 5474 2778 5529 ab
2806 5473 3112 5544 hujusmodi
3145 5473 3450 5532 eruditione

1875 5587 1972 5642 per
2003 5578 2266 5640 agrestem
2293 5574 2450 5625 erant
2473 5565 2633 5620 vitam
2659 5565 2874 5622 remoti.
2908 5564 3184 5636 Sequitur.
