  <div class='ocr_page' id='page_1' title='image "/cluster/home/n/w/nwhite01/storage/ocr_20150623/102/hvd.32044052820032/016.png"; bbox 0 0 3998 6198; ppageno 0'>
   <div class='ocr_carea' id='block_1_1' title="bbox 518 294 3776 364">
    <p class='ocr_par' dir='ltr' id='par_1_1' title="bbox 518 294 3776 364">
     <span class='ocr_line' id='line_1_1' title="bbox 518 294 3776 364; baseline -0.006 0"><span class='ocrx_word' id='word_1_1' title='bbox 518 304 585 364; x_wconf 59' lang='lat' dir='ltr'><strong>Si</strong></span> <span class='ocrx_word' id='word_1_2' title='bbox 1326 301 1861 359; x_wconf 69' lang='lat' dir='ltr'><strong>&#39;COLLECTiONES</strong></span> <span class='ocrx_word' id='word_1_3' title='bbox 1899 300 1970 355; x_wconf 85' lang='lat' dir='ltr'><strong>IN</strong></span> <span class='ocrx_word' id='word_1_4' title='bbox 2007 295 2388 353; x_wconf 72' lang='lat' dir='ltr'><strong>EPISTULAS</strong></span> <span class='ocrx_word' id='word_1_5' title='bbox 2426 296 2514 349; x_wconf 81' lang='lat' dir='ltr'><strong>ET</strong></span> <span class='ocrx_word' id='word_1_6' title='bbox 2551 294 2961 352; x_wconf 71' lang='lat' dir='ltr'><strong>EVANGELIA.</strong></span> <span class='ocrx_word' id='word_1_7' title='bbox 3704 297 3776 353; x_wconf 65' lang='lat'><strong>2&#39;3</strong></span> 
     </span>
    </p>
   </div>
   <div class='ocr_carea' id='block_1_2' title="bbox 588 406 3772 496">
    <p class='ocr_par' dir='ltr' id='par_1_2' title="bbox 588 406 3772 496">
     <span class='ocr_line' id='line_1_2' title="bbox 588 406 3772 496; baseline -0.007 -13"><span class='ocrx_word' id='word_1_8' title='bbox 588 425 784 496; x_wconf 75' lang='lat' dir='ltr'><strong>Ioseph</strong></span> <span class='ocrx_word' id='word_1_9' title='bbox 813 423 896 494; x_wconf 81' lang='lat' dir='ltr'><strong>ﬁli</strong></span> <span class='ocrx_word' id='word_1_10' title='bbox 922 421 1113 477; x_wconf 74' lang='lat' dir='ltr'><strong>David.</strong></span> <span class='ocrx_word' id='word_1_11' title='bbox 1143 420 1374 476; x_wconf 86' lang='lat' dir='ltr'><strong>Dicens:</strong></span> <span class='ocrx_word' id='word_1_12' title='bbox 1403 420 1596 493; x_wconf 75' lang='lat' dir='ltr'><strong>Ioseph</strong></span> <span class='ocrx_word' id='word_1_13' title='bbox 1620 421 1699 490; x_wconf 80' lang='lat' dir='ltr'><strong>[ili</strong></span> <span class='ocrx_word' id='word_1_14' title='bbox 1731 418 1922 483; x_wconf 68' lang='lat' dir='ltr'><strong>David,</strong></span> <span class='ocrx_word' id='word_1_15' title='bbox 1949 416 2099 471; x_wconf 88' lang='lat' dir='ltr'><strong>hlan—</strong></span> <span class='ocrx_word' id='word_1_16' title='bbox 2126 417 2176 477; x_wconf 82' lang='grc' dir='ltr'>Α</span> <span class='ocrx_word' id='word_1_17' title='bbox 2201 410 2430 466; x_wconf 75' lang='lat' dir='ltr'><strong>mortuis</strong></span> <span class='ocrx_word' id='word_1_18' title='bbox 2468 409 2535 463; x_wconf 90' lang='lat' dir='ltr'><strong>ad</strong></span> <span class='ocrx_word' id='word_1_19' title='bbox 2578 406 2779 462; x_wconf 89' lang='lat' dir='ltr'><strong>inferos</strong></span> <span class='ocrx_word' id='word_1_20' title='bbox 2812 415 3183 476; x_wconf 86' lang='lat' dir='ltr'><strong>perrexerunt.</strong></span> <span class='ocrx_word' id='word_1_21' title='bbox 3224 406 3418 461; x_wconf 84' lang='lat' dir='ltr'><strong>Anima</strong></span> <span class='ocrx_word' id='word_1_22' title='bbox 3462 407 3606 463; x_wconf 89' lang='lat' dir='ltr'><strong>enim</strong></span> <span class='ocrx_word' id='word_1_23' title='bbox 3652 423 3772 477; x_wconf 66' lang='lat' dir='ltr'><strong>quac</strong></span> 
     </span>
    </p>
   </div>
   <div class='ocr_carea' id='block_1_3' title="bbox 519 510 2103 582">
    <p class='ocr_par' dir='ltr' id='par_1_3' title="bbox 519 510 2103 582">
     <span class='ocr_line' id='line_1_3' title="bbox 519 510 2103 582; baseline -0.009 -7"><span class='ocrx_word' id='word_1_24' title='bbox 519 516 719 575; x_wconf 90' lang='lat' dir='ltr'><strong>dientis</strong></span> <span class='ocrx_word' id='word_1_25' title='bbox 749 514 946 570; x_wconf 88' lang='lat' dir='ltr'><strong>affectu</strong></span> <span class='ocrx_word' id='word_1_26' title='bbox 989 513 1299 582; x_wconf 76' lang='lat' dir='ltr'><strong>alloquitur,</strong></span> <span class='ocrx_word' id='word_1_27' title='bbox 1332 520 1394 566; x_wconf 90' lang='lat' dir='ltr'><strong>ut</strong></span> <span class='ocrx_word' id='word_1_28' title='bbox 1415 528 1526 567; x_wconf 90' lang='lat' dir='ltr'><strong>non</strong></span> <span class='ocrx_word' id='word_1_29' title='bbox 1551 512 1707 581; x_wconf 86' lang='lat' dir='ltr'><strong>quasi</strong></span> <span class='ocrx_word' id='word_1_30' title='bbox 1747 510 1988 581; x_wconf 84' lang='lat' dir='ltr'><strong>ignotum</strong></span> <span class='ocrx_word' id='word_1_31' title='bbox 2007 521 2103 561; x_wconf 85' lang='lat' dir='ltr'><strong>ex-</strong></span> 
     </span>
    </p>
   </div>
   <div class='ocr_carea' id='block_1_4' title="bbox 521 598 2102 672">
    <p class='ocr_par' dir='ltr' id='par_1_4' title="bbox 521 598 2102 672">
     <span class='ocr_line' id='line_1_4' title="bbox 521 598 2102 672; baseline -0.008 -8"><span class='ocrx_word' id='word_1_32' title='bbox 521 613 751 665; x_wconf 83' lang='lat' dir='ltr'><strong>terreret</strong></span> <span class='ocrx_word' id='word_1_33' title='bbox 777 619 934 669; x_wconf 89' lang='lat' dir='ltr'><strong>eum,</strong></span> <span class='ocrx_word' id='word_1_34' title='bbox 982 618 1103 658; x_wconf 90' lang='lat' dir='ltr'><strong>cum</strong></span> <span class='ocrx_word' id='word_1_35' title='bbox 1130 610 1188 657; x_wconf 90' lang='lat' dir='ltr'><strong>et</strong></span> <span class='ocrx_word' id='word_1_36' title='bbox 1211 602 1430 656; x_wconf 83' lang='lat' dir='ltr'><strong>nomine</strong></span> <span class='ocrx_word' id='word_1_37' title='bbox 1471 612 1525 657; x_wconf 90' lang='lat' dir='ltr'><strong>et</strong></span> <span class='ocrx_word' id='word_1_38' title='bbox 1565 615 1762 672; x_wconf 88' lang='lat' dir='ltr'><strong>genere</strong></span> <span class='ocrx_word' id='word_1_39' title='bbox 1796 607 1955 654; x_wconf 89' lang='lat' dir='ltr'><strong>notus</strong></span> <span class='ocrx_word' id='word_1_40' title='bbox 1987 598 2102 653; x_wconf 77' lang='lat' dir='ltr'><strong>exi-</strong></span> 
     </span>
    </p>
   </div>
   <div class='ocr_carea' id='block_1_5' title="bbox 521 687 2104 761">
    <p class='ocr_par' dir='ltr' id='par_1_5' title="bbox 521 687 2104 761">
     <span class='ocr_line' id='line_1_5' title="bbox 521 687 2104 761; baseline -0.007 -8"><span class='ocrx_word' id='word_1_41' title='bbox 521 704 707 753; x_wconf 88' lang='lat' dir='ltr'><strong>steret.</strong></span> <span class='ocrx_word' id='word_1_42' title='bbox 735 693 1146 749; x_wconf 85' lang='lat' dir='ltr'><strong>Familiaritatis</strong></span> <span class='ocrx_word' id='word_1_43' title='bbox 1167 693 1311 747; x_wconf 90' lang='lat' dir='ltr'><strong>enim</strong></span> <span class='ocrx_word' id='word_1_44' title='bbox 1343 693 1599 747; x_wconf 89' lang='lat' dir='ltr'><strong>indicium</strong></span> <span class='ocrx_word' id='word_1_45' title='bbox 1626 700 1729 754; x_wconf 90' lang='lat' dir='ltr'><strong>est,</strong></span> <span class='ocrx_word' id='word_1_46' title='bbox 1759 688 1979 761; x_wconf 88' lang='lat' dir='ltr'><strong>proprio</strong></span> <span class='ocrx_word' id='word_1_47' title='bbox 2004 687 2104 742; x_wconf 86' lang='lat' dir='ltr'><strong>ali-</strong></span> 
     </span>
    </p>
   </div>
   <div class='ocr_carea' id='block_1_6' title="bbox 521 778 2101 855">
    <p class='ocr_par' dir='ltr' id='par_1_6' title="bbox 521 778 2101 855">
     <span class='ocr_line' id='line_1_6' title="bbox 521 778 2101 855; baseline -0.006 -15"><span class='ocrx_word' id='word_1_48' title='bbox 521 800 685 855; x_wconf 83' lang='lat' dir='ltr'><strong>quem</strong></span> <span class='ocrx_word' id='word_1_49' title='bbox 737 799 935 838; x_wconf 83' lang='lat' dir='ltr'><strong>vocare</strong></span> <span class='ocrx_word' id='word_1_50' title='bbox 978 782 1236 847; x_wconf 91' lang='lat' dir='ltr'><strong>nomine,</strong></span> <span class='ocrx_word' id='word_1_51' title='bbox 1287 781 1554 851; x_wconf 82' lang='lat' dir='ltr'><strong>simulque</strong></span> <span class='ocrx_word' id='word_1_52' title='bbox 1607 779 1902 834; x_wconf 87' lang='lat' dir='ltr'><strong>notandum</strong></span> <span class='ocrx_word' id='word_1_53' title='bbox 1957 778 2101 848; x_wconf 83' lang='lat' dir='ltr'><strong>quod</strong></span> 
     </span>
    </p>
   </div>
   <div class='ocr_carea' id='block_1_7' title="bbox 520 866 2101 944">
    <p class='ocr_par' dir='ltr' id='par_1_7' title="bbox 520 866 2101 944">
     <span class='ocr_line' id='line_1_7' title="bbox 520 866 2101 944; baseline -0.006 -14"><span class='ocrx_word' id='word_1_54' title='bbox 520 874 720 944; x_wconf 74' lang='lat' dir='ltr'><strong>Joseph</strong></span> <span class='ocrx_word' id='word_1_55' title='bbox 748 874 892 927; x_wconf 91' lang='lat' dir='ltr'><strong>ﬁlius</strong></span> <span class='ocrx_word' id='word_1_56' title='bbox 915 887 1037 928; x_wconf 89' lang='lat' dir='ltr'><strong>esse</strong></span> <span class='ocrx_word' id='word_1_57' title='bbox 1066 872 1278 927; x_wconf 81' lang='lat' dir='ltr'><strong>dicatur</strong></span> <span class='ocrx_word' id='word_1_58' title='bbox 1319 871 1506 934; x_wconf 92' lang='lat' dir='ltr'><strong>David,</strong></span> <span class='ocrx_word' id='word_1_59' title='bbox 1554 878 1615 923; x_wconf 90' lang='lat' dir='ltr'><strong>ut</strong></span> <span class='ocrx_word' id='word_1_60' title='bbox 1638 867 1805 923; x_wconf 82' lang='lat' dir='ltr'><strong>Maria</strong></span> <span class='ocrx_word' id='word_1_61' title='bbox 1834 869 1902 924; x_wconf 88' lang='lat' dir='ltr'><strong>de</strong></span> <span class='ocrx_word' id='word_1_62' title='bbox 1930 866 2101 922; x_wconf 87' lang='lat' dir='ltr'><strong>David</strong></span> 
     </span>
    </p>
   </div>
   <div class='ocr_carea' id='block_1_8' title="bbox 520 956 2097 1046">
    <p class='ocr_par' dir='ltr' id='par_1_8' title="bbox 520 956 2097 1046">
     <span class='ocr_line' id='line_1_8' title="bbox 520 956 2097 1046; baseline -0.005 -27"><span class='ocrx_word' id='word_1_63' title='bbox 520 964 690 1034; x_wconf 82' lang='lat' dir='ltr'><strong>stirpe</strong></span> <span class='ocrx_word' id='word_1_64' title='bbox 713 966 1131 1016; x_wconf 82' lang='lat' dir='ltr'><strong>monstraretur.</strong></span> <span class='ocrx_word' id='word_1_65' title='bbox 1181 959 1272 1014; x_wconf 89' lang='lat' dir='ltr'><strong>Sic</strong></span> <span class='ocrx_word' id='word_1_66' title='bbox 1299 960 1441 1013; x_wconf 87' lang='lat' dir='ltr'><strong>enim</strong></span> <span class='ocrx_word' id='word_1_67' title='bbox 1473 958 1732 1046; x_wconf 56' lang='lat' dir='ltr'><strong>Dominus</strong></span> <span class='ocrx_word' id='word_1_68' title='bbox 1769 956 1904 1013; x_wconf 81' lang='lat' dir='ltr'><strong>Mosi</strong></span> <span class='ocrx_word' id='word_1_69' title='bbox 1928 958 2097 1011; x_wconf 88' lang='lat' dir='ltr'><strong>dicit:</strong></span> 
     </span>
    </p>
   </div>
   <div class='ocr_carea' id='block_1_9' title="bbox 522 1047 2099 1121">
    <p class='ocr_par' dir='ltr' id='par_1_9' title="bbox 522 1047 2099 1121">
     <span class='ocr_line' id='line_1_9' title="bbox 522 1047 2099 1121; baseline -0.006 -11"><span class='ocrx_word' id='word_1_70' title='bbox 522 1056 695 1110; x_wconf 84' lang='lat' dir='ltr'><strong>Nemo</strong></span> <span class='ocrx_word' id='word_1_71' title='bbox 730 1054 836 1109; x_wconf 84' lang='lat' dir='ltr'><strong>nisi</strong></span> <span class='ocrx_word' id='word_1_72' title='bbox 879 1054 945 1109; x_wconf 90' lang='lat' dir='ltr'><strong>de</strong></span> <span class='ocrx_word' id='word_1_73' title='bbox 975 1052 1120 1107; x_wconf 88' lang='lat' dir='ltr'><strong>tribu</strong></span> <span class='ocrx_word' id='word_1_74' title='bbox 1164 1067 1259 1107; x_wconf 88' lang='lat' dir='ltr'><strong>sua</strong></span> <span class='ocrx_word' id='word_1_75' title='bbox 1308 1048 1560 1121; x_wconf 76' lang='lat' dir='ltr'><strong>conjugis</strong></span> <span class='ocrx_word' id='word_1_76' title='bbox 1586 1048 1871 1120; x_wconf 84' lang='lat' dir='ltr'><strong>copuletur</strong></span> <span class='ocrx_word' id='word_1_77' title='bbox 1908 1047 2099 1119; x_wconf 84' lang='lat' dir='ltr'><strong>(Num.</strong></span> 
     </span>
    </p>
   </div>
   <div class='ocr_carea' id='block_1_10' title="bbox 523 1131 2103 1215">
    <p class='ocr_par' dir='ltr' id='par_1_10' title="bbox 523 1131 2103 1215">
     <span class='ocr_line' id='line_1_10' title="bbox 523 1131 2103 1215; baseline -0.006 -15"><span class='ocrx_word' id='word_1_78' title='bbox 523 1131 730 1215; x_wconf 74' lang='lat' dir='ltr'><strong>xxxvi).</strong></span> <span class='ocrx_word' id='word_1_79' title='bbox 763 1140 977 1214; x_wconf 80' lang='lat' dir='ltr'><strong>(Vulg.)</strong></span> <span class='ocrx_word' id='word_1_80' title='bbox 1015 1142 1128 1196; x_wconf 84' lang='lat' dir='ltr'><strong>Cur</strong></span> <span class='ocrx_word' id='word_1_81' title='bbox 1147 1154 1253 1194; x_wconf 89' lang='lat' dir='ltr'><strong>non</strong></span> <span class='ocrx_word' id='word_1_82' title='bbox 1281 1136 1447 1193; x_wconf 72' lang='lat' dir='ltr'><strong>lacob</strong></span> <span class='ocrx_word' id='word_1_83' title='bbox 1488 1138 1669 1208; x_wconf 79' lang='lat' dir='ltr'><strong>potius</strong></span> <span class='ocrx_word' id='word_1_84' title='bbox 1693 1137 1834 1193; x_wconf 90' lang='lat' dir='ltr'><strong>ﬁlius</strong></span> <span class='ocrx_word' id='word_1_85' title='bbox 1856 1138 2103 1191; x_wconf 88' lang='lat' dir='ltr'><strong>nomina-</strong></span> 
     </span>
    </p>
   </div>
   <div class='ocr_carea' id='block_1_11' title="bbox 522 1226 2103 1298">
    <p class='ocr_par' dir='ltr' id='par_1_11' title="bbox 522 1226 2103 1298">
     <span class='ocr_line' id='line_1_11' title="bbox 522 1226 2103 1298; baseline -0.004 -11"><span class='ocrx_word' id='word_1_86' title='bbox 522 1243 632 1298; x_wconf 85' lang='lat' dir='ltr'><strong>tur,</strong></span> <span class='ocrx_word' id='word_1_87' title='bbox 661 1232 757 1288; x_wconf 90' lang='lat' dir='ltr'><strong>sed</strong></span> <span class='ocrx_word' id='word_1_88' title='bbox 782 1230 950 1285; x_wconf 83' lang='lat' dir='ltr'><strong>David</strong></span> <span class='ocrx_word' id='word_1_89' title='bbox 975 1227 1207 1284; x_wconf 89' lang='lat' dir='ltr'><strong>refertur</strong></span> <span class='ocrx_word' id='word_1_90' title='bbox 1226 1242 1349 1281; x_wconf 89' lang='lat' dir='ltr'><strong>esse</strong></span> <span class='ocrx_word' id='word_1_91' title='bbox 1378 1226 1541 1290; x_wconf 88' lang='lat' dir='ltr'><strong>ﬁlius,</strong></span> <span class='ocrx_word' id='word_1_92' title='bbox 1573 1226 1759 1281; x_wconf 90' lang='lat' dir='ltr'><strong>multis</strong></span> <span class='ocrx_word' id='word_1_93' title='bbox 1788 1235 2103 1295; x_wconf 56' lang='lat' dir='ltr'><strong>procreato.</strong></span> 
     </span>
    </p>
   </div>
   <div class='ocr_carea' id='block_1_12' title="bbox 524 1316 2103 1387">
    <p class='ocr_par' dir='ltr' id='par_1_12' title="bbox 524 1316 2103 1387">
     <span class='ocr_line' id='line_1_12' title="bbox 524 1316 2103 1387; baseline -0.004 -9"><span class='ocrx_word' id='word_1_94' title='bbox 524 1324 676 1377; x_wconf 87' lang='lat' dir='ltr'><strong>ribus</strong></span> <span class='ocrx_word' id='word_1_95' title='bbox 712 1321 765 1375; x_wconf 91' lang='lat' dir='ltr'><strong>in</strong></span> <span class='ocrx_word' id='word_1_96' title='bbox 792 1319 969 1374; x_wconf 89' lang='lat' dir='ltr'><strong>medio</strong></span> <span class='ocrx_word' id='word_1_97' title='bbox 997 1316 1290 1378; x_wconf 85' lang='lat' dir='ltr'><strong>derelictis,</strong></span> <span class='ocrx_word' id='word_1_98' title='bbox 1341 1317 1445 1372; x_wconf 87' lang='lat' dir='ltr'><strong>nisi</strong></span> <span class='ocrx_word' id='word_1_99' title='bbox 1480 1325 1539 1371; x_wconf 87' lang='lat' dir='ltr'><strong>ut</strong></span> <span class='ocrx_word' id='word_1_100' title='bbox 1568 1317 1724 1385; x_wconf 91' lang='lat' dir='ltr'><strong>origo</strong></span> <span class='ocrx_word' id='word_1_101' title='bbox 1751 1317 1896 1387; x_wconf 83' lang='lat' dir='ltr'><strong>regia</strong></span> <span class='ocrx_word' id='word_1_102' title='bbox 1925 1316 2103 1373; x_wconf 86' lang='lat' dir='ltr'><strong>decla-</strong></span> 
     </span>
    </p>
   </div>
   <div class='ocr_carea' id='block_1_13' title="bbox 525 1406 2105 1480">
    <p class='ocr_par' dir='ltr' id='par_1_13' title="bbox 525 1406 2105 1480">
     <span class='ocr_line' id='line_1_13' title="bbox 525 1406 2105 1480; baseline -0.003 -13"><span class='ocrx_word' id='word_1_103' title='bbox 525 1422 738 1467; x_wconf 86' lang='lat' dir='ltr'><strong>raretur</strong></span> <span class='ocrx_word' id='word_1_104' title='bbox 756 1451 773 1476; x_wconf 96' lang='lat'><strong>,</strong></span> <span class='ocrx_word' id='word_1_105' title='bbox 818 1409 886 1466; x_wconf 89' lang='lat' dir='ltr'><strong>de</strong></span> <span class='ocrx_word' id='word_1_106' title='bbox 912 1424 1021 1480; x_wconf 87' lang='lat' dir='ltr'><strong>qua</strong></span> <span class='ocrx_word' id='word_1_107' title='bbox 1049 1416 1274 1464; x_wconf 87' lang='lat' dir='ltr'><strong>ventura</strong></span> <span class='ocrx_word' id='word_1_108' title='bbox 1313 1406 1706 1478; x_wconf 68' lang='lat' dir='ltr'><strong>praedicebatur</strong></span> <span class='ocrx_word' id='word_1_109' title='bbox 1731 1406 1931 1463; x_wconf 82' lang='lat' dir='ltr'><strong>Christi</strong></span> <span class='ocrx_word' id='word_1_110' title='bbox 1961 1410 2105 1463; x_wconf 86' lang='lat' dir='ltr'><strong>nati-</strong></span> 
     </span>
    </p>
   </div>
   <div class='ocr_carea' id='block_1_14' title="bbox 526 1503 688 1556">
    <p class='ocr_par' dir='ltr' id='par_1_14' title="bbox 526 1503 688 1556">
     <span class='ocr_line' id='line_1_14' title="bbox 526 1503 688 1556; baseline -0.006 -1"><span class='ocrx_word' id='word_1_111' title='bbox 526 1503 688 1556; x_wconf 89' lang='lat' dir='ltr'><strong>vitas.</strong></span> 
     </span>
    </p>
   </div>
   <div class='ocr_carea' id='block_1_15' title="bbox 600 1586 2102 1677">
    <p class='ocr_par' dir='ltr' id='par_1_15' title="bbox 600 1586 2102 1677">
     <span class='ocr_line' id='line_1_15' title="bbox 600 1586 2102 1677; baseline -0.001 -32"><span class='ocrx_word' id='word_1_112' title='bbox 600 1590 726 1645; x_wconf 82' lang='lat' dir='ltr'><strong>Noli</strong></span> <span class='ocrx_word' id='word_1_113' title='bbox 762 1591 943 1644; x_wconf 84' lang='lat' dir='ltr'><strong>timere</strong></span> <span class='ocrx_word' id='word_1_114' title='bbox 977 1589 1208 1659; x_wconf 85' lang='lat' dir='ltr'><strong>accipere</strong></span> <span class='ocrx_word' id='word_1_115' title='bbox 1248 1586 1475 1642; x_wconf 75' lang='lat' dir='ltr'><strong>Mariam</strong></span> <span class='ocrx_word' id='word_1_116' title='bbox 1512 1588 1783 1659; x_wconf 83' lang='lat' dir='ltr'><strong>conjugem</strong></span> <span class='ocrx_word' id='word_1_117' title='bbox 1809 1599 1993 1677; x_wconf 38' lang='lat' dir='ltr'><strong>tuam;</strong></span> <span class='ocrx_word' id='word_1_118' title='bbox 2008 1589 2102 1644; x_wconf 89' lang='lat' dir='ltr'><strong>Ti-</strong></span> 
     </span>
    </p>
   </div>
   <div class='ocr_carea' id='block_1_16' title="bbox 527 1682 2101 1753">
    <p class='ocr_par' dir='ltr' id='par_1_16' title="bbox 527 1682 2101 1753">
     <span class='ocr_line' id='line_1_16' title="bbox 527 1682 2101 1753; baseline 0 -15"><span class='ocrx_word' id='word_1_119' title='bbox 527 1683 706 1738; x_wconf 88' lang='lat' dir='ltr'><strong>mebat</strong></span> <span class='ocrx_word' id='word_1_120' title='bbox 750 1698 986 1752; x_wconf 87' lang='lat' dir='ltr'><strong>namque</strong></span> <span class='ocrx_word' id='word_1_121' title='bbox 1035 1696 1251 1752; x_wconf 63' lang='lat' dir='ltr'><strong>sponsae</strong></span> <span class='ocrx_word' id='word_1_122' title='bbox 1296 1682 1441 1736; x_wconf 89' lang='lat' dir='ltr'><strong>illius</strong></span> <span class='ocrx_word' id='word_1_123' title='bbox 1482 1682 1725 1752; x_wconf 87' lang='lat' dir='ltr'><strong>proﬁteri</strong></span> <span class='ocrx_word' id='word_1_124' title='bbox 1773 1682 2101 1753; x_wconf 74' lang='lat' dir='ltr'><strong>coniugium,</strong></span> 
     </span>
    </p>
   </div>
   <div class='ocr_carea' id='block_1_17' title="bbox 2201 496 3773 575">
    <p class='ocr_par' dir='ltr' id='par_1_17' title="bbox 2201 496 3773 575">
     <span class='ocr_line' id='line_1_17' title="bbox 2201 496 3773 575; baseline -0.002 -19"><span class='ocrx_word' id='word_1_125' title='bbox 2201 500 2509 575; x_wconf 71' lang='lat' dir='ltr'><strong>peccaverit</strong></span> <span class='ocrx_word' id='word_1_126' title='bbox 2533 499 2648 571; x_wconf 88' lang='lat' dir='ltr'><strong>ipsa</strong></span> <span class='ocrx_word' id='word_1_127' title='bbox 2674 498 2953 553; x_wconf 88' lang='lat' dir='ltr'><strong>morietur.</strong></span> <span class='ocrx_word' id='word_1_128' title='bbox 2985 496 3186 552; x_wconf 79' lang='lat' dir='ltr'><strong>Umbra</strong></span> <span class='ocrx_word' id='word_1_129' title='bbox 3226 505 3405 551; x_wconf 82' lang='lat' dir='ltr'><strong>autem</strong></span> <span class='ocrx_word' id='word_1_130' title='bbox 3447 498 3639 553; x_wconf 88' lang='lat' dir='ltr'><strong>mortis</strong></span> <span class='ocrx_word' id='word_1_131' title='bbox 3679 513 3773 553; x_wconf 87' lang='lat' dir='ltr'><strong>co—</strong></span> 
     </span>
    </p>
   </div>
   <div class='ocr_carea' id='block_1_18' title="bbox 2203 588 3773 661">
    <p class='ocr_par' dir='ltr' id='par_1_18' title="bbox 2203 588 3773 661">
     <span class='ocr_line' id='line_1_18' title="bbox 2203 588 3773 661; baseline 0.001 -16"><span class='ocrx_word' id='word_1_132' title='bbox 2203 606 2357 656; x_wconf 91' lang='lat' dir='ltr'><strong>rum,</strong></span> <span class='ocrx_word' id='word_1_133' title='bbox 2407 590 2500 660; x_wconf 82' lang='lat' dir='ltr'><strong>qui</strong></span> <span class='ocrx_word' id='word_1_134' title='bbox 2548 604 2672 645; x_wconf 90' lang='lat' dir='ltr'><strong>cum</strong></span> <span class='ocrx_word' id='word_1_135' title='bbox 2718 596 2976 658; x_wconf 88' lang='lat' dir='ltr'><strong>peccent,</strong></span> <span class='ocrx_word' id='word_1_136' title='bbox 3025 588 3256 644; x_wconf 86' lang='lat' dir='ltr'><strong>necdum</strong></span> <span class='ocrx_word' id='word_1_137' title='bbox 3304 588 3373 643; x_wconf 80' lang='lat' dir='ltr'><strong>de</strong></span> <span class='ocrx_word' id='word_1_138' title='bbox 3418 588 3529 643; x_wconf 87' lang='lat' dir='ltr'><strong>vita</strong></span> <span class='ocrx_word' id='word_1_139' title='bbox 3568 590 3773 661; x_wconf 88' lang='lat' dir='ltr'><strong>egressi</strong></span> 
     </span>
    </p>
   </div>
   <div class='ocr_carea' id='block_1_19' title="bbox 2201 678 3770 750">
    <p class='ocr_par' dir='ltr' id='par_1_19' title="bbox 2201 678 3770 750">
     <span class='ocr_line' id='line_1_19' title="bbox 2201 678 3770 750; baseline -0.001 -15"><span class='ocrx_word' id='word_1_140' title='bbox 2201 690 2329 736; x_wconf 90' lang='lat' dir='ltr'><strong>sunt</strong></span> <span class='ocrx_word' id='word_1_141' title='bbox 2346 720 2362 745; x_wconf 91' lang='lat'><strong>,</strong></span> <span class='ocrx_word' id='word_1_142' title='bbox 2404 686 2632 749; x_wconf 89' lang='lat' dir='ltr'><strong>possunt</strong></span> <span class='ocrx_word' id='word_1_143' title='bbox 2654 680 2800 734; x_wconf 90' lang='lat' dir='ltr'><strong>enim</strong></span> <span class='ocrx_word' id='word_1_144' title='bbox 2817 720 2837 744; x_wconf 93' lang='lat'><strong>,</strong></span> <span class='ocrx_word' id='word_1_145' title='bbox 2865 679 2911 735; x_wconf 88' lang='lat' dir='ltr'><strong>si</strong></span> <span class='ocrx_word' id='word_1_146' title='bbox 2937 678 3156 744; x_wconf 86' lang='lat' dir='ltr'><strong>volunt,</strong></span> <span class='ocrx_word' id='word_1_147' title='bbox 3186 679 3560 750; x_wconf 61' lang='lat' dir='ltr'><strong>penitentiam</strong></span> <span class='ocrx_word' id='word_1_148' title='bbox 3587 694 3770 749; x_wconf 85' lang='lat' dir='ltr'><strong>agere.</strong></span> 
     </span>
    </p>
   </div>
   <div class='ocr_carea' id='block_1_20' title="bbox 2271 769 3774 839">
    <p class='ocr_par' dir='ltr' id='par_1_20' title="bbox 2271 769 3774 839">
     <span class='ocr_line' id='line_1_20' title="bbox 2271 769 3774 839; baseline 0 -14"><span class='ocrx_word' id='word_1_149' title='bbox 2271 769 2538 826; x_wconf 69' lang='lat' dir='ltr'><strong>Parvulas</strong></span> <span class='ocrx_word' id='word_1_150' title='bbox 2577 771 2715 825; x_wconf 87' lang='lat' dir='ltr'><strong>enim</strong></span> <span class='ocrx_word' id='word_1_151' title='bbox 2756 780 2912 826; x_wconf 86' lang='lat' dir='ltr'><strong>natus</strong></span> <span class='ocrx_word' id='word_1_152' title='bbox 2954 780 3028 826; x_wconf 86' lang='lat' dir='ltr'><strong>est</strong></span> <span class='ocrx_word' id='word_1_153' title='bbox 3056 771 3202 825; x_wconf 89' lang='lat' dir='ltr'><strong>nobis</strong></span> <span class='ocrx_word' id='word_1_154' title='bbox 3220 811 3235 836; x_wconf 97' lang='lat'><strong>,</strong></span> <span class='ocrx_word' id='word_1_155' title='bbox 3265 781 3315 825; x_wconf 87' lang='lat' dir='ltr'><strong>et</strong></span> <span class='ocrx_word' id='word_1_156' title='bbox 3341 771 3485 839; x_wconf 81' lang='lat' dir='ltr'><strong>ﬁlius</strong></span> <span class='ocrx_word' id='word_1_157' title='bbox 3511 771 3667 826; x_wconf 84' lang='lat' dir='ltr'><strong>datus</strong></span> <span class='ocrx_word' id='word_1_158' title='bbox 3696 780 3774 825; x_wconf 84' lang='lat' dir='ltr'><strong>est</strong></span> 
     </span>
    </p>
   </div>
   <div class='ocr_carea' id='block_1_21' title="bbox 2202 860 3774 934">
    <p class='ocr_par' dir='ltr' id='par_1_21' title="bbox 2202 860 3774 934">
     <span class='ocr_line' id='line_1_21' title="bbox 2202 860 3774 934; baseline 0.002 -20"><span class='ocrx_word' id='word_1_159' title='bbox 2202 860 2369 915; x_wconf 89' lang='lat' dir='ltr'><strong>nobis.</strong></span> <span class='ocrx_word' id='word_1_160' title='bbox 2412 860 2519 915; x_wconf 87' lang='lat' dir='ltr'><strong>iste</strong></span> <span class='ocrx_word' id='word_1_161' title='bbox 2544 860 2712 932; x_wconf 89' lang='lat' dir='ltr'><strong>igitur</strong></span> <span class='ocrx_word' id='word_1_162' title='bbox 2737 875 2874 931; x_wconf 90' lang='lat' dir='ltr'><strong>puer</strong></span> <span class='ocrx_word' id='word_1_163' title='bbox 2899 862 2991 931; x_wconf 91' lang='lat' dir='ltr'><strong>qui</strong></span> <span class='ocrx_word' id='word_1_164' title='bbox 3018 869 3175 917; x_wconf 87' lang='lat' dir='ltr'><strong>natus</strong></span> <span class='ocrx_word' id='word_1_165' title='bbox 3198 870 3283 917; x_wconf 91' lang='lat' dir='ltr'><strong>est</strong></span> <span class='ocrx_word' id='word_1_166' title='bbox 3307 863 3375 918; x_wconf 89' lang='lat' dir='ltr'><strong>de</strong></span> <span class='ocrx_word' id='word_1_167' title='bbox 3398 863 3608 933; x_wconf 77' lang='lat' dir='ltr'><strong>virgine</strong></span> <span class='ocrx_word' id='word_1_168' title='bbox 3630 904 3646 928; x_wconf 92' lang='lat'><strong>,</strong></span> <span class='ocrx_word' id='word_1_169' title='bbox 3677 879 3774 934; x_wconf 90' lang='lat' dir='ltr'><strong>ap-</strong></span> 
     </span>
    </p>
   </div>
   <div class='ocr_carea' id='block_1_22' title="bbox 2200 951 3772 1022">
    <p class='ocr_par' dir='ltr' id='par_1_22' title="bbox 2200 951 3772 1022">
     <span class='ocr_line' id='line_1_22' title="bbox 2200 951 3772 1022; baseline 0.002 -17"><span class='ocrx_word' id='word_1_170' title='bbox 2200 951 2432 1022; x_wconf 85' lang='lat' dir='ltr'><strong>pellatur</strong></span> <span class='ocrx_word' id='word_1_171' title='bbox 2460 952 2812 1017; x_wconf 86' lang='lat' dir='ltr'><strong>Emmanuel,</strong></span> <span class='ocrx_word' id='word_1_172' title='bbox 2846 951 2901 1006; x_wconf 90' lang='lat' dir='ltr'><strong>id</strong></span> <span class='ocrx_word' id='word_1_173' title='bbox 2929 960 3041 1013; x_wconf 87' lang='lat' dir='ltr'><strong>est,</strong></span> <span class='ocrx_word' id='word_1_174' title='bbox 3078 953 3355 1008; x_wconf 91' lang='lat' dir='ltr'><strong>nobiscum</strong></span> <span class='ocrx_word' id='word_1_175' title='bbox 3386 954 3562 1020; x_wconf 87' lang='lat' dir='ltr'><strong>Deus,</strong></span> <span class='ocrx_word' id='word_1_176' title='bbox 3590 963 3646 1010; x_wconf 91' lang='lat' dir='ltr'><strong>et</strong></span> <span class='ocrx_word' id='word_1_177' title='bbox 3672 954 3772 1009; x_wconf 88' lang='lat' dir='ltr'><strong>ha—</strong></span> 
     </span>
    </p>
   </div>
   <div class='ocr_carea' id='block_1_23' title="bbox 2201 1041 3775 1112">
    <p class='ocr_par' dir='ltr' id='par_1_23' title="bbox 2201 1041 3775 1112">
     <span class='ocr_line' id='line_1_23' title="bbox 2201 1041 3775 1112; baseline 0.004 -17"><span class='ocrx_word' id='word_1_178' title='bbox 2201 1041 2293 1096; x_wconf 90' lang='lat' dir='ltr'><strong>bet</strong></span> <span class='ocrx_word' id='word_1_179' title='bbox 2321 1041 2686 1111; x_wconf 78' lang='lat' dir='ltr'><strong>principatum</strong></span> <span class='ocrx_word' id='word_1_180' title='bbox 2717 1056 2880 1112; x_wconf 87' lang='lat' dir='ltr'><strong>super</strong></span> <span class='ocrx_word' id='word_1_181' title='bbox 2909 1042 3227 1108; x_wconf 88' lang='lat' dir='ltr'><strong>humerum,</strong></span> <span class='ocrx_word' id='word_1_182' title='bbox 3266 1043 3349 1097; x_wconf 88' lang='lat' dir='ltr'><strong>vel</strong></span> <span class='ocrx_word' id='word_1_183' title='bbox 3389 1044 3516 1112; x_wconf 84' lang='lat' dir='ltr'><strong>quia</strong></span> <span class='ocrx_word' id='word_1_184' title='bbox 3554 1060 3775 1101; x_wconf 83' lang='lat' dir='ltr'><strong>crucem</strong></span> 
     </span>
    </p>
   </div>
   <div class='ocr_carea' id='block_1_24' title="bbox 2202 1130 3769 1203">
    <p class='ocr_par' dir='ltr' id='par_1_24' title="bbox 2202 1130 3769 1203">
     <span class='ocr_line' id='line_1_24' title="bbox 2202 1130 3769 1203; baseline 0.002 -19"><span class='ocrx_word' id='word_1_185' title='bbox 2202 1145 2355 1184; x_wconf 90' lang='lat' dir='ltr'><strong>suam</strong></span> <span class='ocrx_word' id='word_1_186' title='bbox 2387 1131 2501 1200; x_wconf 90' lang='lat' dir='ltr'><strong>ipse</strong></span> <span class='ocrx_word' id='word_1_187' title='bbox 2526 1131 2799 1200; x_wconf 81' lang='lat' dir='ltr'><strong>portavit,</strong></span> <span class='ocrx_word' id='word_1_188' title='bbox 2824 1130 2911 1186; x_wconf 90' lang='lat' dir='ltr'><strong>vel</strong></span> <span class='ocrx_word' id='word_1_189' title='bbox 2948 1133 3075 1201; x_wconf 86' lang='lat' dir='ltr'><strong>quia</strong></span> <span class='ocrx_word' id='word_1_190' title='bbox 3107 1133 3172 1188; x_wconf 90' lang='lat' dir='ltr'><strong>de</strong></span> <span class='ocrx_word' id='word_1_191' title='bbox 3199 1133 3318 1203; x_wconf 88' lang='lat' dir='ltr'><strong>ipso</strong></span> <span class='ocrx_word' id='word_1_192' title='bbox 3344 1133 3605 1203; x_wconf 86' lang='lat' dir='ltr'><strong>scriptum</strong></span> <span class='ocrx_word' id='word_1_193' title='bbox 3644 1143 3728 1189; x_wconf 89' lang='lat' dir='ltr'><strong>cst</strong></span> <span class='ocrx_word' id='word_1_194' title='bbox 3758 1153 3769 1187; x_wconf 90' lang='lat'><strong>:</strong></span> 
     </span>
    </p>
   </div>
   <div class='ocr_carea' id='block_1_25' title="bbox 2203 1218 3770 1279">
    <p class='ocr_par' dir='ltr' id='par_1_25' title="bbox 2203 1218 3770 1279">
     <span class='ocr_line' id='line_1_25' title="bbox 2203 1218 3770 1279; baseline 0.004 -7"><span class='ocrx_word' id='word_1_195' title='bbox 2203 1218 2480 1274; x_wconf 80' lang='lat' dir='ltr'><strong>Revelavit</strong></span> <span class='ocrx_word' id='word_1_196' title='bbox 2523 1218 2784 1275; x_wconf 88' lang='lat' dir='ltr'><strong>Dominus</strong></span> <span class='ocrx_word' id='word_1_197' title='bbox 2826 1220 2971 1275; x_wconf 88' lang='lat' dir='ltr'><strong>Deus</strong></span> <span class='ocrx_word' id='word_1_198' title='bbox 3013 1221 3297 1277; x_wconf 83' lang='lat' dir='ltr'><strong>brachium</strong></span> <span class='ocrx_word' id='word_1_199' title='bbox 3337 1229 3581 1278; x_wconf 75' lang='lat' dir='ltr'><strong>sanctum</strong></span> <span class='ocrx_word' id='word_1_200' title='bbox 3611 1239 3770 1279; x_wconf 89' lang='lat' dir='ltr'><strong>suum</strong></span> 
     </span>
    </p>
   </div>
   <div class='ocr_carea' id='block_1_26' title="bbox 2202 1308 3773 1378">
    <p class='ocr_par' dir='ltr' id='par_1_26' title="bbox 2202 1308 3773 1378">
     <span class='ocr_line' id='line_1_26' title="bbox 2202 1308 3773 1378; baseline 0.003 -16"><span class='ocrx_word' id='word_1_201' title='bbox 2202 1308 2453 1363; x_wconf 89' lang='lat' dir='ltr'><strong>omnibus</strong></span> <span class='ocrx_word' id='word_1_202' title='bbox 2477 1309 2746 1378; x_wconf 87' lang='lat' dir='ltr'><strong>gentibus.</strong></span> <span class='ocrx_word' id='word_1_203' title='bbox 2776 1308 2844 1362; x_wconf 87' lang='lat' dir='ltr'><strong>Et</strong></span> <span class='ocrx_word' id='word_1_204' title='bbox 2867 1308 3029 1363; x_wconf 87' lang='lat' dir='ltr'><strong>illud:</strong></span> <span class='ocrx_word' id='word_1_205' title='bbox 3059 1308 3127 1363; x_wconf 87' lang='lat' dir='ltr'><strong>Et</strong></span> <span class='ocrx_word' id='word_1_206' title='bbox 3146 1309 3420 1364; x_wconf 73' lang='lat' dir='ltr'><strong>brachium</strong></span> <span class='ocrx_word' id='word_1_207' title='bbox 3442 1309 3658 1366; x_wconf 81' lang='lat' dir='ltr'><strong>Domini</strong></span> <span class='ocrx_word' id='word_1_208' title='bbox 3686 1315 3773 1366; x_wconf 87' lang='lat' dir='ltr'><strong>cui</strong></span> 
     </span>
    </p>
   </div>
   <div class='ocr_carea' id='block_1_27' title="bbox 2203 1395 3775 1469">
    <p class='ocr_par' dir='ltr' id='par_1_27' title="bbox 2203 1395 3775 1469">
     <span class='ocr_line' id='line_1_27' title="bbox 2203 1395 3775 1469; baseline 0.004 -20"><span class='ocrx_word' id='word_1_209' title='bbox 2203 1395 2485 1450; x_wconf 74' lang='lat' dir='ltr'><strong>revelatum</strong></span> <span class='ocrx_word' id='word_1_210' title='bbox 2523 1406 2599 1450; x_wconf 75' lang='lat' dir='ltr'><strong>est</strong></span> <span class='ocrx_word' id='word_1_211' title='bbox 2629 1396 2785 1467; x_wconf 85' lang='lat' dir='ltr'><strong>(Isa.</strong></span> <span class='ocrx_word' id='word_1_212' title='bbox 2829 1398 2995 1469; x_wconf 76' lang='lat' dir='ltr'><strong>uti)?</strong></span> <span class='ocrx_word' id='word_1_213' title='bbox 3033 1397 3322 1453; x_wconf 82' lang='lat' dir='ltr'><strong>Vocabitur</strong></span> <span class='ocrx_word' id='word_1_214' title='bbox 3348 1415 3480 1469; x_wconf 87' lang='lat' dir='ltr'><strong>ergo</strong></span> <span class='ocrx_word' id='word_1_215' title='bbox 3508 1409 3630 1469; x_wconf 82' lang='lat' dir='ltr'><strong>post</strong></span> <span class='ocrx_word' id='word_1_216' title='bbox 3669 1402 3775 1456; x_wconf 89' lang='lat' dir='ltr'><strong>duo</strong></span> 
     </span>
    </p>
   </div>
   <div class='ocr_carea' id='block_1_28' title="bbox 2203 1483 3775 1555">
    <p class='ocr_par' dir='ltr' id='par_1_28' title="bbox 2203 1483 3775 1555">
     <span class='ocr_line' id='line_1_28' title="bbox 2203 1483 3775 1555; baseline 0.004 -19"><span class='ocrx_word' id='word_1_217' title='bbox 2203 1483 2419 1537; x_wconf 88' lang='lat' dir='ltr'><strong>nomina</strong></span> <span class='ocrx_word' id='word_1_218' title='bbox 2441 1523 2456 1547; x_wconf 89' lang='lat'><strong>,</strong></span> <span class='ocrx_word' id='word_1_219' title='bbox 2488 1498 2583 1539; x_wconf 89' lang='lat' dir='ltr'><strong>sex</strong></span> <span class='ocrx_word' id='word_1_220' title='bbox 2613 1484 2734 1539; x_wconf 89' lang='lat' dir='ltr'><strong>aliis</strong></span> <span class='ocrx_word' id='word_1_221' title='bbox 2772 1484 3109 1550; x_wconf 88' lang='lat' dir='ltr'><strong>nominibus,</strong></span> <span class='ocrx_word' id='word_1_222' title='bbox 3140 1486 3501 1555; x_wconf 85' lang='lat' dir='ltr'><strong>admirabilis,</strong></span> <span class='ocrx_word' id='word_1_223' title='bbox 3527 1489 3775 1543; x_wconf 85' lang='lat' dir='ltr'><strong>consilia-</strong></span> 
     </span>
    </p>
   </div>
   <div class='ocr_carea' id='block_1_29' title="bbox 2204 1572 3775 1649">
    <p class='ocr_par' dir='ltr' id='par_1_29' title="bbox 2204 1572 3775 1649">
     <span class='ocr_line' id='line_1_29' title="bbox 2204 1572 3775 1649; baseline 0.005 -25"><span class='ocrx_word' id='word_1_224' title='bbox 2204 1572 2314 1625; x_wconf 84' lang='lat' dir='ltr'><strong>rius</strong></span> <span class='ocrx_word' id='word_1_225' title='bbox 2332 1612 2347 1636; x_wconf 93' lang='lat'><strong>,</strong></span> <span class='ocrx_word' id='word_1_226' title='bbox 2371 1572 2509 1626; x_wconf 86' lang='lat' dir='ltr'><strong>Deus</strong></span> <span class='ocrx_word' id='word_1_227' title='bbox 2529 1613 2543 1638; x_wconf 97' lang='lat'><strong>,</strong></span> <span class='ocrx_word' id='word_1_228' title='bbox 2570 1573 2724 1642; x_wconf 83' lang='lat' dir='ltr'><strong>fortis</strong></span> <span class='ocrx_word' id='word_1_229' title='bbox 2742 1614 2757 1639; x_wconf 93' lang='lat'><strong>,</strong></span> <span class='ocrx_word' id='word_1_230' title='bbox 2784 1572 2947 1629; x_wconf 89' lang='lat' dir='ltr'><strong>Pater</strong></span> <span class='ocrx_word' id='word_1_231' title='bbox 2974 1575 3140 1644; x_wconf 85' lang='lat' dir='ltr'><strong>futuri</strong></span> <span class='ocrx_word' id='word_1_232' title='bbox 3170 1576 3352 1631; x_wconf 63' lang='lat' dir='ltr'><strong>seculi</strong></span> <span class='ocrx_word' id='word_1_233' title='bbox 3370 1617 3386 1642; x_wconf 95' lang='lat'><strong>,</strong></span> <span class='ocrx_word' id='word_1_234' title='bbox 3412 1578 3652 1649; x_wconf 88' lang='lat' dir='ltr'><strong>princeps</strong></span> <span class='ocrx_word' id='word_1_235' title='bbox 3676 1596 3775 1649; x_wconf 86' lang='lat' dir='ltr'><strong>pa-</strong></span> 
     </span>
    </p>
   </div>
   <div class='ocr_carea' id='block_1_30' title="bbox 2204 1662 3773 1740">
    <p class='ocr_par' dir='ltr' id='par_1_30' title="bbox 2204 1662 3773 1740">
     <span class='ocr_line' id='line_1_30' title="bbox 2204 1662 3773 1740; baseline 0.004 -25"><span class='ocrx_word' id='word_1_236' title='bbox 2204 1663 2298 1717; x_wconf 86' lang='lat' dir='ltr'><strong>cis.</strong></span> <span class='ocrx_word' id='word_1_237' title='bbox 2332 1662 2445 1716; x_wconf 84' lang='lat' dir='ltr'><strong>Non</strong></span> <span class='ocrx_word' id='word_1_238' title='bbox 2472 1662 2652 1729; x_wconf 88' lang='lat' dir='ltr'><strong>enim,</strong></span> <span class='ocrx_word' id='word_1_239' title='bbox 2696 1672 2757 1718; x_wconf 90' lang='lat' dir='ltr'><strong>ut</strong></span> <span class='ocrx_word' id='word_1_240' title='bbox 2797 1664 3043 1734; x_wconf 87' lang='lat' dir='ltr'><strong>plerique</strong></span> <span class='ocrx_word' id='word_1_241' title='bbox 3083 1674 3304 1736; x_wconf 83' lang='lat' dir='ltr'><strong>putant,</strong></span> <span class='ocrx_word' id='word_1_242' title='bbox 3350 1663 3468 1724; x_wconf 66' lang='lat' dir='ltr'><strong>uua&#39;</strong></span> <span class='ocrx_word' id='word_1_243' title='bbox 3498 1669 3773 1740; x_wconf 83' lang='lat' dir='ltr'><strong>jungcnda</strong></span> 
     </span>
    </p>
   </div>
   <div class='ocr_carea' id='block_1_31' title="bbox 527 1749 3771 1847">
    <p class='ocr_par' dir='ltr' id='par_1_31' title="bbox 527 1749 3771 1847">
     <span class='ocr_line' id='line_1_31' title="bbox 527 1749 3771 1847; baseline 0.004 -47"><span class='ocrx_word' id='word_1_244' title='bbox 527 1774 681 1844; x_wconf 63' lang='lat' dir='ltr'><strong>cuius</strong></span> <span class='ocrx_word' id='word_1_245' title='bbox 736 1749 1031 1845; x_wconf 44' lang='lat' dir='ltr'><strong>sphin—“em</strong></span> <span class='ocrx_word' id='word_1_246' title='bbox 1067 1749 1521 1846; x_wconf 41' lang='lat' dir='ltr'><strong>&#39;deprehendem}</strong></span> <span class='ocrx_word' id='word_1_247' title='bbox 1582 1762 1704 1833; x_wconf 48' lang='lat' dir='ltr'><strong>es“</strong></span> <span class='ocrx_word' id='word_1_248' title='bbox 1753 1749 2097 1847; x_wconf 54' lang='grc' dir='ltr'><strong>ωηέειξιυω,</strong></span> <span class='ocrx_word' id='word_1_249' title='bbox 2130 1749 2178 1807; x_wconf 88' lang='grc' dir='ltr'><strong>Β</strong></span> <span class='ocrx_word' id='word_1_250' title='bbox 2204 1763 2332 1808; x_wconf 85' lang='lat' dir='ltr'><strong>sunt</strong></span> <span class='ocrx_word' id='word_1_251' title='bbox 2370 1756 2627 1847; x_wconf 42' lang='lat' dir='ltr'><strong>nomina)</strong></span> <span class='ocrx_word' id='word_1_252' title='bbox 2654 1765 2713 1811; x_wconf 91' lang='lat' dir='ltr'><strong>ut</strong></span> <span class='ocrx_word' id='word_1_253' title='bbox 2742 1757 2984 1828; x_wconf 85' lang='lat' dir='ltr'><strong>legamus</strong></span> <span class='ocrx_word' id='word_1_254' title='bbox 3002 1798 3018 1822; x_wconf 91' lang='lat'><strong>,</strong></span> <span class='ocrx_word' id='word_1_255' title='bbox 3047 1758 3377 1813; x_wconf 80' lang='lat' dir='ltr'><strong>admirabilis</strong></span> <span class='ocrx_word' id='word_1_256' title='bbox 3403 1760 3736 1815; x_wconf 75' lang='lat' dir='ltr'><strong>consiliarius</strong></span> <span class='ocrx_word' id='word_1_257' title='bbox 3756 1801 3771 1824; x_wconf 92' lang='lat'><strong>,</strong></span> 
     </span>
    </p>
   </div>
   <div class='ocr_carea' id='block_1_32' title="bbox 525 1858 2099 1938">
    <p class='ocr_par' dir='ltr' id='par_1_32' title="bbox 525 1858 2099 1938">
     <span class='ocr_line' id='line_1_32' title="bbox 525 1858 2099 1938; baseline 0.001 -19"><span class='ocrx_word' id='word_1_258' title='bbox 525 1865 636 1938; x_wconf 75' lang='lat' dir='ltr'><strong>(Ea:</strong></span> <span class='ocrx_word' id='word_1_259' title='bbox 663 1858 873 1937; x_wconf 60' lang='lat' dir='ltr'><strong>Beda.)&#39;</strong></span> <span class='ocrx_word' id='word_1_260' title='bbox 900 1866 1163 1937; x_wconf 83' lang='lat' dir='ltr'><strong>Accipere</strong></span> <span class='ocrx_word' id='word_1_261' title='bbox 1198 1874 1377 1921; x_wconf 87' lang='lat' dir='ltr'><strong>autem</strong></span> <span class='ocrx_word' id='word_1_262' title='bbox 1404 1867 1558 1931; x_wconf 83' lang='lat' dir='ltr'><strong>dixit,</strong></span> <span class='ocrx_word' id='word_1_263' title='bbox 1610 1882 1717 1922; x_wconf 89' lang='lat' dir='ltr'><strong>non</strong></span> <span class='ocrx_word' id='word_1_264' title='bbox 1759 1868 1828 1922; x_wconf 87' lang='lat' dir='ltr'><strong>ad</strong></span> <span class='ocrx_word' id='word_1_265' title='bbox 1867 1866 2099 1938; x_wconf 74' lang='lat' dir='ltr'><strong>coniugii</strong></span> 
     </span>
    </p>
   </div>
   <div class='ocr_carea' id='block_1_33' title="bbox 522 1955 2099 2029">
    <p class='ocr_par' dir='ltr' id='par_1_33' title="bbox 522 1955 2099 2029">
     <span class='ocr_line' id='line_1_33' title="bbox 522 1955 2099 2029; baseline 0.001 -18"><span class='ocrx_word' id='word_1_266' title='bbox 522 1955 793 2026; x_wconf 87' lang='lat' dir='ltr'><strong>copulam,</strong></span> <span class='ocrx_word' id='word_1_267' title='bbox 837 1955 931 2011; x_wconf 86' lang='lat' dir='ltr'><strong>sed</strong></span> <span class='ocrx_word' id='word_1_268' title='bbox 977 1957 1043 2011; x_wconf 90' lang='lat' dir='ltr'><strong>ad</strong></span> <span class='ocrx_word' id='word_1_269' title='bbox 1076 1956 1337 2026; x_wconf 80' lang='lat' dir='ltr'><strong>spiritalis</strong></span> <span class='ocrx_word' id='word_1_270' title='bbox 1380 1958 1637 2013; x_wconf 87' lang='lat' dir='ltr'><strong>consortii</strong></span> <span class='ocrx_word' id='word_1_271' title='bbox 1684 1956 2099 2029; x_wconf 86' lang='lat' dir='ltr'><strong>inseparabilem</strong></span> 
     </span>
    </p>
   </div>
   <div class='ocr_carea' id='block_1_34' title="bbox 525 2044 2102 2117">
    <p class='ocr_par' dir='ltr' id='par_1_34' title="bbox 525 2044 2102 2117">
     <span class='ocr_line' id='line_1_34' title="bbox 525 2044 2102 2117; baseline 0.002 -18"><span class='ocrx_word' id='word_1_272' title='bbox 525 2046 859 2100; x_wconf 85' lang='lat' dir='ltr'><strong>societatem.</strong></span> <span class='ocrx_word' id='word_1_273' title='bbox 909 2044 1133 2099; x_wconf 77' lang='lat' dir='ltr'><strong>Mariam</strong></span> <span class='ocrx_word' id='word_1_274' title='bbox 1159 2059 1373 2115; x_wconf 89' lang='lat' dir='ltr'><strong>quoque</strong></span> <span class='ocrx_word' id='word_1_275' title='bbox 1411 2055 1469 2099; x_wconf 89' lang='lat' dir='ltr'><strong>et</strong></span> <span class='ocrx_word' id='word_1_276' title='bbox 1506 2045 1677 2116; x_wconf 86' lang='lat' dir='ltr'><strong>ipsam</strong></span> <span class='ocrx_word' id='word_1_277' title='bbox 1712 2047 1936 2117; x_wconf 87' lang='lat' dir='ltr'><strong>angelus</strong></span> <span class='ocrx_word' id='word_1_278' title='bbox 1977 2062 2102 2117; x_wconf 84' lang='lat' dir='ltr'><strong>pro-</strong></span> 
     </span>
    </p>
   </div>
   <div class='ocr_carea' id='block_1_35' title="bbox 524 2136 2104 2206">
    <p class='ocr_par' dir='ltr' id='par_1_35' title="bbox 524 2136 2104 2206">
     <span class='ocr_line' id='line_1_35' title="bbox 524 2136 2104 2206; baseline 0.003 -17"><span class='ocrx_word' id='word_1_279' title='bbox 524 2137 644 2205; x_wconf 87' lang='lat' dir='ltr'><strong>prio</strong></span> <span class='ocrx_word' id='word_1_280' title='bbox 678 2143 952 2206; x_wconf 86' lang='lat' dir='ltr'><strong>nuncupat</strong></span> <span class='ocrx_word' id='word_1_281' title='bbox 997 2136 1245 2198; x_wconf 88' lang='lat' dir='ltr'><strong>nomine,</strong></span> <span class='ocrx_word' id='word_1_282' title='bbox 1296 2144 1358 2190; x_wconf 93' lang='lat' dir='ltr'><strong>ut</strong></span> <span class='ocrx_word' id='word_1_283' title='bbox 1385 2137 1666 2192; x_wconf 88' lang='lat' dir='ltr'><strong>amborum</strong></span> <span class='ocrx_word' id='word_1_284' title='bbox 1710 2139 1926 2192; x_wconf 88' lang='lat' dir='ltr'><strong>nomina</strong></span> <span class='ocrx_word' id='word_1_285' title='bbox 1961 2138 2104 2193; x_wconf 89' lang='lat' dir='ltr'><strong>desi-</strong></span> 
     </span>
    </p>
   </div>
   <div class='ocr_carea' id='block_1_36' title="bbox 524 2226 2102 2299">
    <p class='ocr_par' dir='ltr' id='par_1_36' title="bbox 524 2226 2102 2299">
     <span class='ocr_line' id='line_1_36' title="bbox 524 2226 2102 2299; baseline 0.001 -17"><span class='ocrx_word' id='word_1_286' title='bbox 524 2237 652 2295; x_wconf 83' lang='lat' dir='ltr'><strong>gnet</strong></span> <span class='ocrx_word' id='word_1_287' title='bbox 674 2229 727 2283; x_wconf 91' lang='lat' dir='ltr'><strong>in</strong></span> <span class='ocrx_word' id='word_1_288' title='bbox 758 2228 911 2283; x_wconf 62' lang='lat' dir='ltr'><strong>caelis</strong></span> <span class='ocrx_word' id='word_1_289' title='bbox 938 2242 1055 2282; x_wconf 89' lang='lat' dir='ltr'><strong>esse</strong></span> <span class='ocrx_word' id='word_1_290' title='bbox 1081 2226 1372 2298; x_wconf 88' lang='lat' dir='ltr'><strong>descripta,</strong></span> <span class='ocrx_word' id='word_1_291' title='bbox 1400 2243 1521 2298; x_wconf 66' lang='lat' dir='ltr'><strong>quae</strong></span> <span class='ocrx_word' id='word_1_292' title='bbox 1553 2228 1777 2299; x_wconf 84' lang='lat' dir='ltr'><strong>angelus</strong></span> <span class='ocrx_word' id='word_1_293' title='bbox 1805 2229 2102 2284; x_wconf 85' lang='lat' dir='ltr'><strong>nominavit</strong></span> 
     </span>
    </p>
   </div>
   <div class='ocr_carea' id='block_1_37' title="bbox 522 2315 1112 2394">
    <p class='ocr_par' dir='ltr' id='par_1_37' title="bbox 522 2315 1112 2394">
     <span class='ocr_line' id='line_1_37' title="bbox 522 2315 1112 2394; baseline 0.002 -24"><span class='ocrx_word' id='word_1_294' title='bbox 522 2318 577 2371; x_wconf 90' lang='lat' dir='ltr'><strong>in</strong></span> <span class='ocrx_word' id='word_1_295' title='bbox 613 2326 784 2394; x_wconf 79' lang='lat' dir='ltr'><strong>terra.</strong></span> <span class='ocrx_word' id='word_1_296' title='bbox 815 2315 1076 2386; x_wconf 87' lang='lat' dir='ltr'><strong>Sequitur</strong></span> <span class='ocrx_word' id='word_1_297' title='bbox 1098 2335 1112 2371; x_wconf 91' lang='lat'><strong>:</strong></span> 
     </span>
    </p>
   </div>
   <div class='ocr_carea' id='block_1_38' title="bbox 554 2398 2095 2482">
    <p class='ocr_par' dir='ltr' id='par_1_38' title="bbox 554 2398 2095 2482">
     <span class='ocr_line' id='line_1_38' title="bbox 554 2398 2095 2482; baseline 0.003 -21"><span class='ocrx_word' id='word_1_298' title='bbox 554 2398 577 2421; x_wconf 82' lang='grc'><strong><em>⁸</em></strong></span> <span class='ocrx_word' id='word_1_299' title='bbox 597 2408 756 2473; x_wconf 81' lang='lat' dir='ltr'><strong>Quod</strong></span> <span class='ocrx_word' id='word_1_300' title='bbox 787 2408 921 2463; x_wconf 84' lang='lat' dir='ltr'><strong>enim</strong></span> <span class='ocrx_word' id='word_1_301' title='bbox 943 2408 999 2462; x_wconf 80' lang='lat' dir='ltr'><strong>in</strong></span> <span class='ocrx_word' id='word_1_302' title='bbox 1022 2425 1083 2464; x_wconf 89' lang='lat' dir='ltr'><strong>ea</strong></span> <span class='ocrx_word' id='word_1_303' title='bbox 1122 2419 1303 2465; x_wconf 82' lang='lat' dir='ltr'><strong>natum</strong></span> <span class='ocrx_word' id='word_1_304' title='bbox 1327 2420 1426 2476; x_wconf 87' lang='lat' dir='ltr'><strong>est,</strong></span> <span class='ocrx_word' id='word_1_305' title='bbox 1460 2410 1528 2465; x_wconf 86' lang='lat' dir='ltr'><strong>de</strong></span> <span class='ocrx_word' id='word_1_306' title='bbox 1552 2410 1753 2482; x_wconf 80' lang='lat' dir='ltr'><strong>Spiritu</strong></span> <span class='ocrx_word' id='word_1_307' title='bbox 1792 2421 1971 2468; x_wconf 82' lang='lat' dir='ltr'><strong>sancto</strong></span> <span class='ocrx_word' id='word_1_308' title='bbox 1998 2423 2095 2468; x_wconf 84' lang='lat' dir='ltr'><strong>est.</strong></span> 
     </span>
    </p>
   </div>
   <div class='ocr_carea' id='block_1_39' title="bbox 519 2497 2023 2567">
    <p class='ocr_par' dir='ltr' id='par_1_39' title="bbox 519 2497 2023 2567">
     <span class='ocr_line' id='line_1_39' title="bbox 519 2497 2023 2567; baseline 0.003 -16"><span class='ocrx_word' id='word_1_309' title='bbox 519 2497 580 2552; x_wconf 87' lang='lat' dir='ltr'><strong>in</strong></span> <span class='ocrx_word' id='word_1_310' title='bbox 608 2512 693 2561; x_wconf 86' lang='lat' dir='ltr'><strong>ea,</strong></span> <span class='ocrx_word' id='word_1_311' title='bbox 723 2498 917 2567; x_wconf 83' lang='lat' dir='ltr'><strong>inquit,</strong></span> <span class='ocrx_word' id='word_1_312' title='bbox 939 2506 1146 2566; x_wconf 90' lang='lat' dir='ltr'><strong>natum,</strong></span> <span class='ocrx_word' id='word_1_313' title='bbox 1178 2515 1284 2555; x_wconf 91' lang='lat' dir='ltr'><strong>non</strong></span> <span class='ocrx_word' id='word_1_314' title='bbox 1316 2501 1653 2556; x_wconf 81' lang='lat' dir='ltr'><strong>extrinsecus</strong></span> <span class='ocrx_word' id='word_1_315' title='bbox 1678 2503 2023 2558; x_wconf 88' lang='lat' dir='ltr'><strong>seminatum.</strong></span> 
     </span>
    </p>
   </div>
   <div class='ocr_carea' id='block_1_40' title="bbox 592 2588 2095 2665">
    <p class='ocr_par' dir='ltr' id='par_1_40' title="bbox 592 2588 2095 2665">
     <span class='ocr_line' id='line_1_40' title="bbox 592 2588 2095 2665; baseline 0.007 -23"><span class='ocrx_word' id='word_1_316' title='bbox 592 2588 775 2643; x_wconf 87' lang='lat' dir='ltr'><strong>Pariet</strong></span> <span class='ocrx_word' id='word_1_317' title='bbox 803 2597 977 2644; x_wconf 83' lang='lat' dir='ltr'><strong>autem</strong></span> <span class='ocrx_word' id='word_1_318' title='bbox 1016 2590 1185 2658; x_wconf 80' lang='lat' dir='ltr'><strong>ﬁlium</strong></span> <span class='ocrx_word' id='word_1_319' title='bbox 1215 2601 1263 2645; x_wconf 89' lang='lat' dir='ltr'><strong>et</strong></span> <span class='ocrx_word' id='word_1_320' title='bbox 1289 2593 1496 2647; x_wconf 74' lang='lat' dir='ltr'><strong>vocabis</strong></span> <span class='ocrx_word' id='word_1_321' title='bbox 1526 2610 1714 2648; x_wconf 84' lang='lat' dir='ltr'><strong>nomen</strong></span> <span class='ocrx_word' id='word_1_322' title='bbox 1754 2596 1868 2665; x_wconf 82' lang='lat' dir='ltr'><strong>ejus</strong></span> <span class='ocrx_word' id='word_1_323' title='bbox 1890 2596 2095 2651; x_wconf 76' lang='lat' dir='ltr'><strong>Iesum.</strong></span> 
     </span>
    </p>
   </div>
   <div class='ocr_carea' id='block_1_41' title="bbox 526 2678 2098 2755">
    <p class='ocr_par' dir='ltr' id='par_1_41' title="bbox 526 2678 2098 2755">
     <span class='ocr_line' id='line_1_41' title="bbox 526 2678 2098 2755; baseline 0.005 -23"><span class='ocrx_word' id='word_1_324' title='bbox 526 2679 644 2748; x_wconf 88' lang='lat' dir='ltr'><strong>Ipse</strong></span> <span class='ocrx_word' id='word_1_325' title='bbox 686 2680 827 2733; x_wconf 79' lang='lat' dir='ltr'><strong>enim</strong></span> <span class='ocrx_word' id='word_1_326' title='bbox 872 2678 1075 2735; x_wconf 80' lang='lat' dir='ltr'><strong>salvum</strong></span> <span class='ocrx_word' id='word_1_327' title='bbox 1121 2681 1277 2750; x_wconf 79' lang='lat' dir='ltr'><strong>faciet</strong></span> <span class='ocrx_word' id='word_1_328' title='bbox 1311 2682 1559 2752; x_wconf 81' lang='lat' dir='ltr'><strong>populum</strong></span> <span class='ocrx_word' id='word_1_329' title='bbox 1597 2700 1751 2737; x_wconf 85' lang='lat' dir='ltr'><strong>suum</strong></span> <span class='ocrx_word' id='word_1_330' title='bbox 1796 2702 1829 2739; x_wconf 79' lang='grc' dir='ltr'><strong>α</strong></span> <span class='ocrx_word' id='word_1_331' title='bbox 1872 2687 2098 2755; x_wconf 80' lang='lat' dir='ltr'><strong>peccatis</strong></span> 
     </span>
    </p>
   </div>
   <div class='ocr_carea' id='block_1_42' title="bbox 522 2768 2097 2843">
    <p class='ocr_par' dir='ltr' id='par_1_42' title="bbox 522 2768 2097 2843">
     <span class='ocr_line' id='line_1_42' title="bbox 522 2768 2097 2843; baseline 0.005 -20"><span class='ocrx_word' id='word_1_332' title='bbox 522 2787 719 2823; x_wconf 79' lang='lat' dir='ltr'><strong>eorum.</strong></span> <span class='ocrx_word' id='word_1_333' title='bbox 758 2768 1019 2841; x_wconf 87' lang='lat' dir='ltr'><strong>Sequitur</strong></span> <span class='ocrx_word' id='word_1_334' title='bbox 1058 2772 1378 2843; x_wconf 85' lang='lat' dir='ltr'><strong>etymologia</strong></span> <span class='ocrx_word' id='word_1_335' title='bbox 1404 2774 1638 2830; x_wconf 92' lang='lat' dir='ltr'><strong>nominis</strong></span> <span class='ocrx_word' id='word_1_336' title='bbox 1660 2774 1789 2831; x_wconf 72' lang='lat' dir='ltr'><strong>Iesu</strong></span> <span class='ocrx_word' id='word_1_337' title='bbox 1808 2817 1822 2843; x_wconf 93' lang='lat'><strong>,</strong></span> <span class='ocrx_word' id='word_1_338' title='bbox 1862 2791 1985 2831; x_wconf 88' lang='lat' dir='ltr'><strong>cum</strong></span> <span class='ocrx_word' id='word_1_339' title='bbox 2012 2777 2097 2831; x_wconf 89' lang='lat' dir='ltr'><strong>di-</strong></span> 
     </span>
    </p>
   </div>
   <div class='ocr_carea' id='block_1_43' title="bbox 524 2858 2099 2937">
    <p class='ocr_par' dir='ltr' id='par_1_43' title="bbox 524 2858 2099 2937">
     <span class='ocr_line' id='line_1_43' title="bbox 524 2858 2099 2937; baseline 0.008 -25"><span class='ocrx_word' id='word_1_340' title='bbox 524 2858 633 2912; x_wconf 86' lang='lat' dir='ltr'><strong>cit:</strong></span> <span class='ocrx_word' id='word_1_341' title='bbox 667 2858 884 2914; x_wconf 78' lang='lat' dir='ltr'><strong>Salvum</strong></span> <span class='ocrx_word' id='word_1_342' title='bbox 924 2859 1083 2929; x_wconf 78' lang='lat' dir='ltr'><strong>faciet</strong></span> <span class='ocrx_word' id='word_1_343' title='bbox 1114 2861 1363 2932; x_wconf 87' lang='lat' dir='ltr'><strong>populum</strong></span> <span class='ocrx_word' id='word_1_344' title='bbox 1402 2880 1576 2918; x_wconf 64' lang='lat' dir='ltr'><strong>num.</strong></span> <span class='ocrx_word' id='word_1_345' title='bbox 1607 2866 1747 2920; x_wconf 77' lang='lat' dir='ltr'><strong>Vere</strong></span> <span class='ocrx_word' id='word_1_346' title='bbox 1774 2880 1906 2922; x_wconf 89' lang='lat' dir='ltr'><strong>suus</strong></span> <span class='ocrx_word' id='word_1_347' title='bbox 1929 2881 2099 2937; x_wconf 86' lang='lat' dir='ltr'><strong>popu-</strong></span> 
     </span>
    </p>
   </div>
   <div class='ocr_carea' id='block_1_44' title="bbox 524 2942 1827 3019">
    <p class='ocr_par' dir='ltr' id='par_1_44' title="bbox 524 2942 1827 3019">
     <span class='ocr_line' id='line_1_44' title="bbox 524 2942 1827 3019; baseline 0.005 -21"><span class='ocrx_word' id='word_1_348' title='bbox 524 2942 609 2998; x_wconf 82' lang='lat' dir='ltr'><strong>lus</strong></span> <span class='ocrx_word' id='word_1_349' title='bbox 631 2949 735 3010; x_wconf 82' lang='lat' dir='ltr'><strong>est,</strong></span> <span class='ocrx_word' id='word_1_350' title='bbox 761 2944 856 3014; x_wconf 87' lang='lat' dir='ltr'><strong>qui</strong></span> <span class='ocrx_word' id='word_1_351' title='bbox 890 2959 989 3015; x_wconf 81' lang='lat' dir='ltr'><strong>per</strong></span> <span class='ocrx_word' id='word_1_352' title='bbox 1016 2945 1191 3016; x_wconf 84' lang='lat' dir='ltr'><strong>ipsum</strong></span> <span class='ocrx_word' id='word_1_353' title='bbox 1218 2947 1399 3004; x_wconf 87' lang='lat' dir='ltr'><strong>salvus</strong></span> <span class='ocrx_word' id='word_1_354' title='bbox 1433 2946 1549 3004; x_wconf 87' lang='lat' dir='ltr'><strong>ﬁta</strong></span> <span class='ocrx_word' id='word_1_355' title='bbox 1571 2952 1827 3019; x_wconf 88' lang='lat' dir='ltr'><strong>peccatis.</strong></span> 
     </span>
    </p>
   </div>
   <div class='ocr_carea' id='block_1_45' title="bbox 812 3048 1799 3107">
    <p class='ocr_par' dir='ltr' id='par_1_45' title="bbox 812 3048 1799 3107">
     <span class='ocr_line' id='line_1_45' title="bbox 812 3048 1799 3107; baseline 0.007 -18"><span class='ocrx_word' id='word_1_356' title='bbox 812 3048 1005 3090; x_wconf 72' lang='grc' dir='ltr'>ιιςτιο</span> <span class='ocrx_word' id='word_1_357' title='bbox 1032 3051 1188 3091; x_wconf 65' lang='grc' dir='ltr'><strong>ιΘΔΙΑΕ</strong></span> <span class='ocrx_word' id='word_1_358' title='bbox 1217 3053 1508 3094; x_wconf 64' lang='grc' dir='ltr'>ιιιιοιιιιετιε</span> <span class='ocrx_word' id='word_1_359' title='bbox 1527 3080 1542 3107; x_wconf 84' lang='lat'><strong>,</strong></span> <span class='ocrx_word' id='word_1_360' title='bbox 1572 3056 1691 3096; x_wconf 68' lang='lat' dir='ltr'><strong>CAP.</strong></span> <span class='ocrx_word' id='word_1_361' title='bbox 1723 3057 1799 3096; x_wconf 72' lang='lat' dir='ltr'><strong>IX.</strong></span> 
     </span>
    </p>
   </div>
   <div class='ocr_carea' id='block_1_46' title="bbox 2202 1846 3774 1919">
    <p class='ocr_par' dir='ltr' id='par_1_46' title="bbox 2202 1846 3774 1919">
     <span class='ocr_line' id='line_1_46' title="bbox 2202 1846 3774 1919; baseline 0.003 -20"><span class='ocrx_word' id='word_1_362' title='bbox 2202 1854 2259 1899; x_wconf 90' lang='lat' dir='ltr'><strong>et</strong></span> <span class='ocrx_word' id='word_1_363' title='bbox 2299 1861 2547 1912; x_wconf 89' lang='lat' dir='ltr'><strong>rursum,</strong></span> <span class='ocrx_word' id='word_1_364' title='bbox 2572 1846 2716 1900; x_wconf 82' lang='lat' dir='ltr'><strong>Deus</strong></span> <span class='ocrx_word' id='word_1_365' title='bbox 2751 1847 2904 1916; x_wconf 84' lang='lat' dir='ltr'><strong>fortis</strong></span> <span class='ocrx_word' id='word_1_366' title='bbox 2930 1887 2945 1911; x_wconf 90' lang='lat'><strong>,</strong></span> <span class='ocrx_word' id='word_1_367' title='bbox 2980 1847 3076 1903; x_wconf 84' lang='lat' dir='ltr'><strong>sed</strong></span> <span class='ocrx_word' id='word_1_368' title='bbox 3129 1848 3456 1905; x_wconf 83' lang='lat' dir='ltr'><strong>admirabilis</strong></span> <span class='ocrx_word' id='word_1_369' title='bbox 3491 1849 3774 1919; x_wconf 78' lang='lat' dir='ltr'><strong>legendum</strong></span> 
     </span>
    </p>
   </div>
   <div class='ocr_carea' id='block_1_47' title="bbox 2200 1922 3774 2007">
    <p class='ocr_par' dir='ltr' id='par_1_47' title="bbox 2200 1922 3774 2007">
     <span class='ocr_line' id='line_1_47' title="bbox 2200 1922 3774 2007; baseline 0.003 -18"><span class='ocrx_word' id='word_1_370' title='bbox 2200 1943 2283 1989; x_wconf 88' lang='lat' dir='ltr'><strong>est</strong></span> <span class='ocrx_word' id='word_1_371' title='bbox 2320 1937 2613 2004; x_wconf 73' lang='lat' dir='ltr'><strong>separatim</strong></span> <span class='ocrx_word' id='word_1_372' title='bbox 2635 1978 2649 2000; x_wconf 89' lang='lat'><strong>,</strong></span> <span class='ocrx_word' id='word_1_373' title='bbox 2693 1938 2837 2005; x_wconf 91' lang='lat' dir='ltr'><strong>quod</strong></span> <span class='ocrx_word' id='word_1_374' title='bbox 2867 1936 3133 1991; x_wconf 80' lang='lat' dir='ltr'><strong>Hebraice</strong></span> <span class='ocrx_word' id='word_1_375' title='bbox 3162 1922 3540 2007; x_wconf 53' lang='lat' dir='ltr'><strong>diciturﬁbn,</strong></span> <span class='ocrx_word' id='word_1_376' title='bbox 3570 1947 3626 1993; x_wconf 87' lang='lat' dir='ltr'><strong>ct</strong></span> <span class='ocrx_word' id='word_1_377' title='bbox 3650 1955 3774 1993; x_wconf 84' lang='lat' dir='ltr'><strong>cou-</strong></span> 
     </span>
    </p>
   </div>
   <div class='ocr_carea' id='block_1_48' title="bbox 2198 2026 3775 2101">
    <p class='ocr_par' dir='ltr' id='par_1_48' title="bbox 2198 2026 3775 2101">
     <span class='ocr_line' id='line_1_48' title="bbox 2198 2026 3775 2101; baseline 0.001 -20"><span class='ocrx_word' id='word_1_378' title='bbox 2198 2026 2434 2081; x_wconf 81' lang='lat' dir='ltr'><strong>siliarius</strong></span> <span class='ocrx_word' id='word_1_379' title='bbox 2495 2043 2776 2093; x_wconf 40' lang='lat' dir='ltr'><strong>scorsumc</strong></span> <span class='ocrx_word' id='word_1_380' title='bbox 2830 2029 2921 2097; x_wconf 88' lang='lat' dir='ltr'><strong>qui</strong></span> <span class='ocrx_word' id='word_1_381' title='bbox 2991 2028 3169 2099; x_wconf 84' lang='lat' dir='ltr'><strong>lingua</strong></span> <span class='ocrx_word' id='word_1_382' title='bbox 3231 2044 3419 2084; x_wconf 89' lang='lat' dir='ltr'><strong>eorum</strong></span> <span class='ocrx_word' id='word_1_383' title='bbox 3446 2030 3775 2101; x_wconf 70' lang='lat' dir='ltr'><strong>appellatur</strong></span> 
     </span>
    </p>
   </div>
   <div class='ocr_carea' id='block_1_49' title="bbox 2198 2100 3773 2201">
    <p class='ocr_par' dir='ltr' id='par_1_49' title="bbox 2198 2100 3773 2201">
     <span class='ocr_line' id='line_1_49' title="bbox 2198 2100 3773 2201; baseline 0 -30"><span class='ocrx_word' id='word_1_384' title='bbox 2198 2125 2351 2201; x_wconf 53' lang='lat' dir='ltr'><strong>vani,</strong></span> <span class='ocrx_word' id='word_1_385' title='bbox 2383 2123 2443 2170; x_wconf 90' lang='lat' dir='ltr'><strong>et</strong></span> <span class='ocrx_word' id='word_1_386' title='bbox 2477 2116 2621 2171; x_wconf 86' lang='lat' dir='ltr'><strong>Deus</strong></span> <span class='ocrx_word' id='word_1_387' title='bbox 2661 2116 2991 2187; x_wconf 88' lang='lat' dir='ltr'><strong>separatim,</strong></span> <span class='ocrx_word' id='word_1_388' title='bbox 3021 2117 3114 2198; x_wconf 86' lang='lat' dir='ltr'><strong>qui</strong></span> <span class='ocrx_word' id='word_1_389' title='bbox 3154 2116 3418 2172; x_wconf 81' lang='lat' dir='ltr'><strong>Hebraice</strong></span> <span class='ocrx_word' id='word_1_390' title='bbox 3451 2100 3526 2177; x_wconf 64' lang='lat' dir='ltr'><strong>5N</strong></span> <span class='ocrx_word' id='word_1_391' title='bbox 3552 2117 3773 2182; x_wconf 88' lang='lat' dir='ltr'><strong>dicitur,</strong></span> 
     </span>
    </p>
   </div>
   <div class='ocr_carea' id='block_1_50' title="bbox 2200 2205 3774 2278">
    <p class='ocr_par' dir='ltr' id='par_1_50' title="bbox 2200 2205 3774 2278">
     <span class='ocr_line' id='line_1_50' title="bbox 2200 2205 3774 2278; baseline 0.002 -20"><span class='ocrx_word' id='word_1_392' title='bbox 2200 2207 2353 2275; x_wconf 84' lang='lat' dir='ltr'><strong>fortis</strong></span> <span class='ocrx_word' id='word_1_393' title='bbox 2393 2205 2659 2261; x_wconf 84' lang='lat' dir='ltr'><strong>chraice</strong></span> <span class='ocrx_word' id='word_1_394' title='bbox 2702 2215 2836 2268; x_wconf 67' lang='grc' dir='ltr'>*ιω</span> <span class='ocrx_word' id='word_1_395' title='bbox 2874 2206 3212 2278; x_wconf 86' lang='lat' dir='ltr'><strong>appellatur:</strong></span> <span class='ocrx_word' id='word_1_396' title='bbox 3247 2214 3456 2276; x_wconf 86' lang='lat' dir='ltr'><strong>patrem</strong></span> <span class='ocrx_word' id='word_1_397' title='bbox 3486 2215 3664 2262; x_wconf 89' lang='lat' dir='ltr'><strong>autem</strong></span> <span class='ocrx_word' id='word_1_398' title='bbox 3691 2205 3774 2261; x_wconf 83' lang='lat' dir='ltr'><strong>fu-</strong></span> 
     </span>
    </p>
   </div>
   <div class='ocr_carea' id='block_1_51' title="bbox 2202 2295 3775 2367">
    <p class='ocr_par' dir='ltr' id='par_1_51' title="bbox 2202 2295 3775 2367">
     <span class='ocr_line' id='line_1_51' title="bbox 2202 2295 3775 2367; baseline 0.001 -18"><span class='ocrx_word' id='word_1_399' title='bbox 2202 2296 2307 2350; x_wconf 87' lang='lat' dir='ltr'><strong>turi</strong></span> <span class='ocrx_word' id='word_1_400' title='bbox 2333 2295 2513 2353; x_wconf 61' lang='lat' dir='ltr'><strong>saeculi</strong></span> <span class='ocrx_word' id='word_1_401' title='bbox 2531 2335 2547 2363; x_wconf 93' lang='lat'><strong>,</strong></span> <span class='ocrx_word' id='word_1_402' title='bbox 2574 2296 2717 2366; x_wconf 91' lang='lat' dir='ltr'><strong>quod</strong></span> <span class='ocrx_word' id='word_1_403' title='bbox 2743 2296 2797 2350; x_wconf 90' lang='lat' dir='ltr'><strong>in</strong></span> <span class='ocrx_word' id='word_1_404' title='bbox 2826 2304 3013 2351; x_wconf 89' lang='lat' dir='ltr'><strong>nostra</strong></span> <span class='ocrx_word' id='word_1_405' title='bbox 3038 2296 3320 2352; x_wconf 89' lang='lat' dir='ltr'><strong>vocatione</strong></span> <span class='ocrx_word' id='word_1_406' title='bbox 3346 2295 3650 2367; x_wconf 86' lang='lat' dir='ltr'><strong>completur</strong></span> <span class='ocrx_word' id='word_1_407' title='bbox 3675 2310 3690 2350; x_wconf 88' lang='lat'><strong>:</strong></span> <span class='ocrx_word' id='word_1_408' title='bbox 3720 2306 3775 2351; x_wconf 90' lang='lat' dir='ltr'><strong>et</strong></span> 
     </span>
    </p>
   </div>
   <div class='ocr_carea' id='block_1_52' title="bbox 2197 2385 3773 2459">
    <p class='ocr_par' dir='ltr' id='par_1_52' title="bbox 2197 2385 3773 2459">
     <span class='ocr_line' id='line_1_52' title="bbox 2197 2385 3773 2459; baseline -0.001 -19"><span class='ocrx_word' id='word_1_409' title='bbox 2197 2387 2496 2458; x_wconf 86' lang='lat' dir='ltr'><strong>principem</strong></span> <span class='ocrx_word' id='word_1_410' title='bbox 2524 2387 2709 2459; x_wconf 88' lang='lat' dir='ltr'><strong>pacis,</strong></span> <span class='ocrx_word' id='word_1_411' title='bbox 2740 2388 2831 2458; x_wconf 90' lang='lat' dir='ltr'><strong>qui</strong></span> <span class='ocrx_word' id='word_1_412' title='bbox 2873 2387 3088 2443; x_wconf 89' lang='lat' dir='ltr'><strong>locutus</strong></span> <span class='ocrx_word' id='word_1_413' title='bbox 3112 2396 3196 2442; x_wconf 88' lang='lat' dir='ltr'><strong>est</strong></span> <span class='ocrx_word' id='word_1_414' title='bbox 3222 2387 3291 2442; x_wconf 86' lang='lat' dir='ltr'><strong>ad</strong></span> <span class='ocrx_word' id='word_1_415' title='bbox 3319 2387 3593 2457; x_wconf 83' lang='lat' dir='ltr'><strong>apostolos</strong></span> <span class='ocrx_word' id='word_1_416' title='bbox 3617 2406 3630 2439; x_wconf 93' lang='lat'><strong>:</strong></span> <span class='ocrx_word' id='word_1_417' title='bbox 3664 2385 3773 2440; x_wconf 84' lang='lat' dir='ltr'><strong>Pa-</strong></span> 
     </span>
    </p>
   </div>
   <div class='ocr_carea' id='block_1_53' title="bbox 2200 2477 3771 2550">
    <p class='ocr_par' dir='ltr' id='par_1_53' title="bbox 2200 2477 3771 2550">
     <span class='ocr_line' id='line_1_53' title="bbox 2200 2477 3771 2550; baseline 0.001 -18"><span class='ocrx_word' id='word_1_418' title='bbox 2200 2496 2312 2533; x_wconf 83' lang='lat' dir='ltr'><strong>cem</strong></span> <span class='ocrx_word' id='word_1_419' title='bbox 2359 2497 2530 2535; x_wconf 86' lang='lat' dir='ltr'><strong>meam</strong></span> <span class='ocrx_word' id='word_1_420' title='bbox 2572 2479 2642 2535; x_wconf 86' lang='lat' dir='ltr'><strong>do</strong></span> <span class='ocrx_word' id='word_1_421' title='bbox 2688 2480 2862 2545; x_wconf 81' lang='lat' dir='ltr'><strong>vobis,</strong></span> <span class='ocrx_word' id='word_1_422' title='bbox 2910 2495 3090 2550; x_wconf 84' lang='lat' dir='ltr'><strong>pacem</strong></span> <span class='ocrx_word' id='word_1_423' title='bbox 3136 2495 3306 2533; x_wconf 88' lang='lat' dir='ltr'><strong>meam</strong></span> <span class='ocrx_word' id='word_1_424' title='bbox 3351 2477 3589 2550; x_wconf 83' lang='lat' dir='ltr'><strong>relinquo</strong></span> <span class='ocrx_word' id='word_1_425' title='bbox 3632 2479 3771 2533; x_wconf 83' lang='lat' dir='ltr'><strong>vobis</strong></span> 
     </span>
    </p>
   </div>
   <div class='ocr_carea' id='block_1_54' title="bbox 2199 2568 3773 2643">
    <p class='ocr_par' dir='ltr' id='par_1_54' title="bbox 2199 2568 3773 2643">
     <span class='ocr_line' id='line_1_54' title="bbox 2199 2568 3773 2643; baseline -0.002 -19"><span class='ocrx_word' id='word_1_426' title='bbox 2199 2568 2399 2640; x_wconf 84' lang='lat' dir='ltr'><strong>(Joan.</strong></span> <span class='ocrx_word' id='word_1_427' title='bbox 2431 2569 2564 2643; x_wconf 73' lang='lat' dir='ltr'><strong>xiv).</strong></span> <span class='ocrx_word' id='word_1_428' title='bbox 2609 2569 2726 2626; x_wconf 86' lang='lat' dir='ltr'><strong>Non</strong></span> <span class='ocrx_word' id='word_1_429' title='bbox 2771 2569 3076 2636; x_wconf 90' lang='lat' dir='ltr'><strong>dubitabit,</strong></span> <span class='ocrx_word' id='word_1_430' title='bbox 3123 2570 3214 2638; x_wconf 91' lang='lat' dir='ltr'><strong>qui</strong></span> <span class='ocrx_word' id='word_1_431' title='bbox 3258 2584 3446 2640; x_wconf 89' lang='lat' dir='ltr'><strong>pacem</strong></span> <span class='ocrx_word' id='word_1_432' title='bbox 3494 2577 3773 2632; x_wconf 68' lang='lat' dir='ltr'><strong>nostram,</strong></span> 
     </span>
    </p>
   </div>
   <div class='ocr_carea' id='block_1_55' title="bbox 2191 2662 3767 2735">
    <p class='ocr_par' dir='ltr' id='par_1_55' title="bbox 2191 2662 3767 2735">
     <span class='ocr_line' id='line_1_55' title="bbox 2191 2662 3767 2735; baseline -0.002 -17"><span class='ocrx_word' id='word_1_433' title='bbox 2191 2662 2350 2733; x_wconf 90' lang='lat' dir='ltr'><strong>juxta</strong></span> <span class='ocrx_word' id='word_1_434' title='bbox 2373 2663 2689 2735; x_wconf 76' lang='lat' dir='ltr'><strong>Apostolum</strong></span> <span class='ocrx_word' id='word_1_435' title='bbox 2705 2703 2722 2730; x_wconf 95' lang='lat'><strong>,</strong></span> <span class='ocrx_word' id='word_1_436' title='bbox 2749 2677 2871 2719; x_wconf 88' lang='lat' dir='ltr'><strong>esse</strong></span> <span class='ocrx_word' id='word_1_437' title='bbox 2895 2663 3087 2735; x_wconf 86' lang='lat' dir='ltr'><strong>legerit</strong></span> <span class='ocrx_word' id='word_1_438' title='bbox 3110 2662 3396 2718; x_wconf 89' lang='lat' dir='ltr'><strong>Dominum</strong></span> <span class='ocrx_word' id='word_1_439' title='bbox 3421 2662 3767 2719; x_wconf 85' lang='lat' dir='ltr'><strong>salvatorem.</strong></span> 
     </span>
    </p>
   </div>
   <div class='ocr_carea' id='block_1_56' title="bbox 2269 2755 3771 2828">
    <p class='ocr_par' dir='ltr' id='par_1_56' title="bbox 2269 2755 3771 2828">
     <span class='ocr_line' id='line_1_56' title="bbox 2269 2755 3771 2828; baseline -0.003 -17"><span class='ocrx_word' id='word_1_440' title='bbox 2269 2756 2711 2828; x_wconf 71' lang='lat' dir='ltr'><strong>Multiplicabuur</strong></span> <span class='ocrx_word' id='word_1_441' title='bbox 2744 2756 2859 2827; x_wconf 86' lang='lat' dir='ltr'><strong>ejus</strong></span> <span class='ocrx_word' id='word_1_442' title='bbox 2900 2757 3214 2827; x_wconf 84' lang='lat' dir='ltr'><strong>imperium,</strong></span> <span class='ocrx_word' id='word_1_443' title='bbox 3254 2765 3303 2813; x_wconf 88' lang='lat' dir='ltr'><strong>et</strong></span> <span class='ocrx_word' id='word_1_444' title='bbox 3344 2756 3492 2827; x_wconf 87' lang='lat' dir='ltr'><strong>pacis</strong></span> <span class='ocrx_word' id='word_1_445' title='bbox 3534 2771 3640 2810; x_wconf 83' lang='lat' dir='ltr'><strong>non</strong></span> <span class='ocrx_word' id='word_1_446' title='bbox 3673 2755 3771 2809; x_wconf 90' lang='lat' dir='ltr'><strong>erit</strong></span> 
     </span>
    </p>
   </div>
   <div class='ocr_carea' id='block_1_57' title="bbox 2196 2846 3773 2918">
    <p class='ocr_par' dir='ltr' id='par_1_57' title="bbox 2196 2846 3773 2918">
     <span class='ocr_line' id='line_1_57' title="bbox 2196 2846 3773 2918; baseline -0.002 -17"><span class='ocrx_word' id='word_1_447' title='bbox 2196 2847 2339 2916; x_wconf 78' lang='lat' dir='ltr'><strong>ﬁnis.</strong></span> <span class='ocrx_word' id='word_1_448' title='bbox 2386 2846 2498 2902; x_wconf 84' lang='lat' dir='ltr'><strong>Nec</strong></span> <span class='ocrx_word' id='word_1_449' title='bbox 2539 2847 2789 2902; x_wconf 86' lang='lat' dir='ltr'><strong>dubitare</strong></span> <span class='ocrx_word' id='word_1_450' title='bbox 2830 2848 3031 2918; x_wconf 88' lang='lat' dir='ltr'><strong>poterit</strong></span> <span class='ocrx_word' id='word_1_451' title='bbox 3067 2847 3137 2904; x_wconf 86' lang='lat' dir='ltr'><strong>de</strong></span> <span class='ocrx_word' id='word_1_452' title='bbox 3174 2846 3458 2918; x_wconf 88' lang='lat' dir='ltr'><strong>multiplici</strong></span> <span class='ocrx_word' id='word_1_453' title='bbox 3487 2846 3773 2903; x_wconf 86' lang='lat' dir='ltr'><strong>salvatoris</strong></span> 
     </span>
    </p>
   </div>
   <div class='ocr_carea' id='block_1_58' title="bbox 2198 2935 3771 3007">
    <p class='ocr_par' dir='ltr' id='par_1_58' title="bbox 2198 2935 3771 3007">
     <span class='ocr_line' id='line_1_58' title="bbox 2198 2935 3771 3007; baseline -0.001 -17"><span class='ocrx_word' id='word_1_454' title='bbox 2198 2936 2426 3006; x_wconf 87' lang='lat' dir='ltr'><strong>imperio</strong></span> <span class='ocrx_word' id='word_1_455' title='bbox 2464 2944 2521 2990; x_wconf 91' lang='lat' dir='ltr'><strong>et</strong></span> <span class='ocrx_word' id='word_1_456' title='bbox 2551 2950 2685 3007; x_wconf 87' lang='lat' dir='ltr'><strong>pace</strong></span> <span class='ocrx_word' id='word_1_457' title='bbox 2727 2935 2843 3006; x_wconf 83' lang='lat' dir='ltr'><strong>ejus</strong></span> <span class='ocrx_word' id='word_1_458' title='bbox 2868 2977 2886 3003; x_wconf 90' lang='lat'><strong>,</strong></span> <span class='ocrx_word' id='word_1_459' title='bbox 2928 2952 3051 3007; x_wconf 68' lang='lat' dir='ltr'><strong>qua:</strong></span> <span class='ocrx_word' id='word_1_460' title='bbox 3077 2952 3182 2992; x_wconf 90' lang='lat' dir='ltr'><strong>non</strong></span> <span class='ocrx_word' id='word_1_461' title='bbox 3212 2937 3415 2992; x_wconf 87' lang='lat' dir='ltr'><strong>haheat</strong></span> <span class='ocrx_word' id='word_1_462' title='bbox 3451 2936 3648 3003; x_wconf 88' lang='lat' dir='ltr'><strong>ﬁnem,</strong></span> <span class='ocrx_word' id='word_1_463' title='bbox 3677 2937 3771 3006; x_wconf 88' lang='lat' dir='ltr'><strong>qui</strong></span> 
     </span>
    </p>
   </div>
   <div class='ocr_carea' id='block_1_59' title="bbox 2196 3025 3761 3098">
    <p class='ocr_par' dir='ltr' id='par_1_59' title="bbox 2196 3025 3761 3098">
     <span class='ocr_line' id='line_1_59' title="bbox 2196 3025 3761 3098; baseline 0.001 -18"><span class='ocrx_word' id='word_1_464' title='bbox 2196 3025 2252 3081; x_wconf 89' lang='lat' dir='ltr'><strong>in</strong></span> <span class='ocrx_word' id='word_1_465' title='bbox 2278 3025 2508 3082; x_wconf 86' lang='lat' dir='ltr'><strong>Psalmis</strong></span> <span class='ocrx_word' id='word_1_466' title='bbox 2533 3025 2726 3098; x_wconf 80' lang='lat' dir='ltr'><strong>legerit</strong></span> <span class='ocrx_word' id='word_1_467' title='bbox 2750 3041 2767 3082; x_wconf 86' lang='lat'><strong>:</strong></span> <span class='ocrx_word' id='word_1_468' title='bbox 2798 3026 3025 3083; x_wconf 72' lang='lat' dir='ltr'><strong>Postulo</strong></span> <span class='ocrx_word' id='word_1_469' title='bbox 3050 3044 3083 3081; x_wconf 89' lang='lat' dir='ltr'><strong>a</strong></span> <span class='ocrx_word' id='word_1_470' title='bbox 3110 3043 3194 3081; x_wconf 87' lang='lat' dir='ltr'><strong>me</strong></span> <span class='ocrx_word' id='word_1_471' title='bbox 3219 3036 3267 3082; x_wconf 87' lang='lat' dir='ltr'><strong>et</strong></span> <span class='ocrx_word' id='word_1_472' title='bbox 3293 3026 3430 3081; x_wconf 87' lang='lat' dir='ltr'><strong>dabo</strong></span> <span class='ocrx_word' id='word_1_473' title='bbox 3459 3027 3555 3081; x_wconf 85' lang='lat' dir='ltr'><strong>tibi</strong></span> <span class='ocrx_word' id='word_1_474' title='bbox 3583 3036 3761 3097; x_wconf 81' lang='lat' dir='ltr'><strong>gentes</strong></span> 
     </span>
    </p>
   </div>
   <div class='ocr_carea' id='block_1_60' title="bbox 596 3110 2092 3199">
    <p class='ocr_par' dir='ltr' id='par_1_60' title="bbox 596 3123 2091 3199">
     <span class='ocr_line' id='line_1_60' title="bbox 596 3123 2091 3199; baseline 0.01 -24"><span class='ocrx_word' id='word_1_475' title='bbox 596 3140 619 3174; x_wconf 74' lang='grc' dir='ltr'><strong>ι</strong></span> <span class='ocrx_word' id='word_1_476' title='bbox 662 3123 897 3195; x_wconf 85' lang='lat' dir='ltr'><strong>Populus</strong></span> <span class='ocrx_word' id='word_1_477' title='bbox 928 3128 1171 3197; x_wconf 85' lang='lat' dir='ltr'><strong>gentium</strong></span> <span class='ocrx_word' id='word_1_478' title='bbox 1209 3129 1306 3199; x_wconf 89' lang='lat' dir='ltr'><strong>qui</strong></span> <span class='ocrx_word' id='word_1_479' title='bbox 1342 3130 1657 3187; x_wconf 88' lang='lat' dir='ltr'><strong>ambulabat</strong></span> <span class='ocrx_word' id='word_1_480' title='bbox 1701 3132 1757 3187; x_wconf 91' lang='lat' dir='ltr'><strong>in</strong></span> <span class='ocrx_word' id='word_1_481' title='bbox 1810 3133 2051 3190; x_wconf 85' lang='lat' dir='ltr'><strong>tenebris</strong></span> <span class='ocrx_word' id='word_1_482' title='bbox 2075 3174 2091 3199; x_wconf 86' lang='lat'><strong>,</strong></span> 
     </span>
    </p>
   </div>
   <div class='ocr_carea' id='block_1_61' title="bbox 2201 3110 3767 3199">
    <p class='ocr_par' dir='ltr' id='par_1_61' title="bbox 2201 3115 3767 3188">
     <span class='ocr_line' id='line_1_61' title="bbox 2201 3115 3767 3188; baseline 0.001 -19"><span class='ocrx_word' id='word_1_483' title='bbox 2201 3115 2552 3170; x_wconf 62' lang='lat' dir='ltr'><strong>hereditatem</strong></span> <span class='ocrx_word' id='word_1_484' title='bbox 2599 3126 2749 3170; x_wconf 84' lang='lat' dir='ltr'><strong>tuam</strong></span> <span class='ocrx_word' id='word_1_485' title='bbox 2797 3125 2848 3171; x_wconf 89' lang='lat' dir='ltr'><strong>et</strong></span> <span class='ocrx_word' id='word_1_486' title='bbox 2893 3116 3271 3188; x_wconf 75' lang='lat' dir='ltr'><strong>possessionem</strong></span> <span class='ocrx_word' id='word_1_487' title='bbox 3321 3124 3468 3171; x_wconf 87' lang='lat' dir='ltr'><strong>tuam</strong></span> <span class='ocrx_word' id='word_1_488' title='bbox 3517 3115 3767 3171; x_wconf 77' lang='lat' dir='ltr'><strong>terminos</strong></span> 
     </span>
    </p>
   </div>
   <div class='ocr_carea' id='block_1_62' title="bbox 524 3215 2096 3294">
    <p class='ocr_par' dir='ltr' id='par_1_62' title="bbox 524 3215 2096 3294">
     <span class='ocr_line' id='line_1_62' title="bbox 524 3215 2096 3294; baseline 0.008 -27"><span class='ocrx_word' id='word_1_489' title='bbox 524 3231 548 3267; x_wconf 73' lang='grc' dir='ltr'><strong>ι</strong></span> <span class='ocrx_word' id='word_1_490' title='bbox 581 3215 715 3269; x_wconf 84' lang='lat' dir='ltr'><strong>vidit</strong></span> <span class='ocrx_word' id='word_1_491' title='bbox 749 3215 925 3271; x_wconf 84' lang='lat' dir='ltr'><strong>lucem</strong></span> <span class='ocrx_word' id='word_1_492' title='bbox 952 3233 1227 3289; x_wconf 85' lang='lat' dir='ltr'><strong>magnam,</strong></span> <span class='ocrx_word' id='word_1_493' title='bbox 1249 3219 1623 3278; x_wconf 89' lang='lat' dir='ltr'><strong>habitantibus</strong></span> <span class='ocrx_word' id='word_1_494' title='bbox 1650 3223 1706 3277; x_wconf 91' lang='lat' dir='ltr'><strong>in</strong></span> <span class='ocrx_word' id='word_1_495' title='bbox 1732 3223 1953 3294; x_wconf 86' lang='lat' dir='ltr'><strong>regione</strong></span> <span class='ocrx_word' id='word_1_496' title='bbox 1980 3240 2096 3279; x_wconf 86' lang='lat' dir='ltr'><strong>um-</strong></span> 
     </span>
    </p>
   </div>
   <div class='ocr_carea' id='block_1_63' title="bbox 530 3304 2096 3371">
    <p class='ocr_par' dir='ltr' id='par_1_63' title="bbox 530 3304 2096 3371">
     <span class='ocr_line' id='line_1_63' title="bbox 530 3304 2096 3371; baseline 0.01 -16"><span class='ocrx_word' id='word_1_497' title='bbox 530 3323 550 3353; x_wconf 73' lang='grc' dir='ltr'><strong>ε</strong></span> <span class='ocrx_word' id='word_1_498' title='bbox 587 3304 699 3359; x_wconf 71' lang='lat' dir='ltr'><strong>bra:</strong></span> <span class='ocrx_word' id='word_1_499' title='bbox 738 3307 929 3361; x_wconf 87' lang='lat' dir='ltr'><strong>mortis</strong></span> <span class='ocrx_word' id='word_1_500' title='bbox 970 3307 1061 3361; x_wconf 84' lang='lat' dir='ltr'><strong>lux</strong></span> <span class='ocrx_word' id='word_1_501' title='bbox 1087 3317 1208 3363; x_wconf 88' lang='lat' dir='ltr'><strong>orta</strong></span> <span class='ocrx_word' id='word_1_502' title='bbox 1233 3318 1321 3365; x_wconf 91' lang='lat' dir='ltr'><strong>est</strong></span> <span class='ocrx_word' id='word_1_503' title='bbox 1339 3311 1441 3366; x_wconf 91' lang='lat' dir='ltr'><strong>eis.</strong></span> <span class='ocrx_word' id='word_1_504' title='bbox 1473 3310 1737 3367; x_wconf 86' lang='lat' dir='ltr'><strong>Parvulus</strong></span> <span class='ocrx_word' id='word_1_505' title='bbox 1762 3313 1908 3368; x_wconf 90' lang='lat' dir='ltr'><strong>enim</strong></span> <span class='ocrx_word' id='word_1_506' title='bbox 1938 3321 2096 3371; x_wconf 89' lang='lat' dir='ltr'><strong>natus</strong></span> 
     </span>
    </p>
   </div>
   <div class='ocr_carea' id='block_1_64' title="bbox 534 3396 2099 3462">
    <p class='ocr_par' dir='ltr' id='par_1_64' title="bbox 534 3396 2099 3462">
     <span class='ocr_line' id='line_1_64' title="bbox 534 3396 2099 3462; baseline 0.012 -18"><span class='ocrx_word' id='word_1_507' title='bbox 534 3413 552 3443; x_wconf 76' lang='grc' dir='ltr'><strong>ι</strong></span> <span class='ocrx_word' id='word_1_508' title='bbox 590 3402 679 3449; x_wconf 88' lang='lat' dir='ltr'><strong>est</strong></span> <span class='ocrx_word' id='word_1_509' title='bbox 705 3396 861 3451; x_wconf 88' lang='lat' dir='ltr'><strong>nobis</strong></span> <span class='ocrx_word' id='word_1_510' title='bbox 879 3437 896 3461; x_wconf 93' lang='lat'><strong>,</strong></span> <span class='ocrx_word' id='word_1_511' title='bbox 925 3406 981 3452; x_wconf 89' lang='lat' dir='ltr'><strong>et</strong></span> <span class='ocrx_word' id='word_1_512' title='bbox 1007 3398 1150 3454; x_wconf 90' lang='lat' dir='ltr'><strong>ﬁlius</strong></span> <span class='ocrx_word' id='word_1_513' title='bbox 1177 3400 1338 3456; x_wconf 88' lang='lat' dir='ltr'><strong>datus</strong></span> <span class='ocrx_word' id='word_1_514' title='bbox 1366 3410 1451 3457; x_wconf 89' lang='lat' dir='ltr'><strong>est</strong></span> <span class='ocrx_word' id='word_1_515' title='bbox 1487 3402 1665 3459; x_wconf 89' lang='lat' dir='ltr'><strong>nobis.</strong></span> <span class='ocrx_word' id='word_1_516' title='bbox 1700 3404 1768 3459; x_wconf 85' lang='lat' dir='ltr'><strong>Et</strong></span> <span class='ocrx_word' id='word_1_517' title='bbox 1803 3404 1979 3461; x_wconf 88' lang='lat' dir='ltr'><strong>factus</strong></span> <span class='ocrx_word' id='word_1_518' title='bbox 2011 3416 2099 3462; x_wconf 88' lang='lat' dir='ltr'><strong>est</strong></span> 
     </span>
    </p>
   </div>
   <div class='ocr_carea' id='block_1_65' title="bbox 526 3485 2096 3564">
    <p class='ocr_par' dir='ltr' id='par_1_65' title="bbox 526 3485 2096 3564">
     <span class='ocr_line' id='line_1_65' title="bbox 526 3485 2096 3564; baseline 0.012 -31"><span class='ocrx_word' id='word_1_519' title='bbox 526 3502 544 3533; x_wconf 76' lang='grc' dir='ltr'><strong>ι</strong></span> <span class='ocrx_word' id='word_1_520' title='bbox 578 3485 916 3555; x_wconf 84' lang='lat' dir='ltr'><strong>principatus</strong></span> <span class='ocrx_word' id='word_1_521' title='bbox 957 3488 1078 3559; x_wconf 85' lang='lat' dir='ltr'><strong>ejus</strong></span> <span class='ocrx_word' id='word_1_522' title='bbox 1116 3506 1280 3562; x_wconf 89' lang='lat' dir='ltr'><strong>super</strong></span> <span class='ocrx_word' id='word_1_523' title='bbox 1322 3492 1607 3549; x_wconf 86' lang='lat' dir='ltr'><strong>humerum</strong></span> <span class='ocrx_word' id='word_1_524' title='bbox 1648 3494 1786 3564; x_wconf 87' lang='lat' dir='ltr'><strong>ejus.</strong></span> <span class='ocrx_word' id='word_1_525' title='bbox 1830 3496 1897 3550; x_wconf 82' lang='lat' dir='ltr'><strong>Et</strong></span> <span class='ocrx_word' id='word_1_526' title='bbox 1933 3511 2096 3552; x_wconf 86' lang='lat' dir='ltr'><strong>voca-</strong></span> 
     </span>
    </p>
   </div>
   <div class='ocr_carea' id='block_1_66' title="bbox 526 3572 2090 3653">
    <p class='ocr_par' dir='ltr' id='par_1_66' title="bbox 526 3572 2090 3653">
     <span class='ocr_line' id='line_1_66' title="bbox 526 3572 2090 3653; baseline 0.012 -30"><span class='ocrx_word' id='word_1_527' title='bbox 526 3591 544 3620; x_wconf 78' lang='grc' dir='ltr'>σ</span> <span class='ocrx_word' id='word_1_528' title='bbox 579 3572 729 3627; x_wconf 89' lang='lat' dir='ltr'><strong>bitur</strong></span> <span class='ocrx_word' id='word_1_529' title='bbox 749 3576 952 3630; x_wconf 90' lang='lat' dir='ltr'><strong>&#39;nomen</strong></span> <span class='ocrx_word' id='word_1_530' title='bbox 982 3576 1099 3645; x_wconf 85' lang='lat' dir='ltr'><strong>ejus</strong></span> <span class='ocrx_word' id='word_1_531' title='bbox 1124 3579 1491 3648; x_wconf 86' lang='lat' dir='ltr'><strong>admirabilis,</strong></span> <span class='ocrx_word' id='word_1_532' title='bbox 1522 3584 1895 3651; x_wconf 87' lang='lat' dir='ltr'><strong>consiliarius,</strong></span> <span class='ocrx_word' id='word_1_533' title='bbox 1928 3585 2090 3653; x_wconf 89' lang='lat' dir='ltr'><strong>Deus,</strong></span> 
     </span>
    </p>
   </div>
   <div class='ocr_carea' id='block_1_67' title="bbox 526 3663 2091 3747">
    <p class='ocr_par' dir='ltr' id='par_1_67' title="bbox 526 3663 2091 3747">
     <span class='ocr_line' id='line_1_67' title="bbox 526 3663 2091 3747; baseline 0.012 -33"><span class='ocrx_word' id='word_1_534' title='bbox 526 3684 544 3714; x_wconf 73' lang='grc' dir='ltr'><strong>ι</strong></span> <span class='ocrx_word' id='word_1_535' title='bbox 581 3663 769 3731; x_wconf 87' lang='lat' dir='ltr'><strong>fortis,</strong></span> <span class='ocrx_word' id='word_1_536' title='bbox 798 3667 959 3723; x_wconf 83' lang='lat' dir='ltr'><strong>Pater</strong></span> <span class='ocrx_word' id='word_1_537' title='bbox 989 3669 1154 3725; x_wconf 84' lang='lat' dir='ltr'><strong>futuri</strong></span> <span class='ocrx_word' id='word_1_538' title='bbox 1189 3673 1401 3739; x_wconf 80' lang='lat' dir='ltr'><strong>saeculi,</strong></span> <span class='ocrx_word' id='word_1_539' title='bbox 1429 3670 1682 3746; x_wconf 81' lang='lat' dir='ltr'><strong>princeps</strong></span> <span class='ocrx_word' id='word_1_540' title='bbox 1706 3679 1874 3747; x_wconf 85' lang='lat' dir='ltr'><strong>pacis.</strong></span> <span class='ocrx_word' id='word_1_541' title='bbox 1909 3678 2091 3735; x_wconf 81' lang='lat' dir='ltr'><strong>Multi-</strong></span> 
     </span>
    </p>
   </div>
   <div class='ocr_carea' id='block_1_68' title="bbox 525 3757 2097 3839">
    <p class='ocr_par' dir='ltr' id='par_1_68' title="bbox 525 3757 2097 3839">
     <span class='ocr_line' id='line_1_68' title="bbox 525 3757 2097 3839; baseline 0.013 -33"><span class='ocrx_word' id='word_1_542' title='bbox 525 3776 544 3805; x_wconf 73' lang='grc' dir='ltr'><strong>ι</strong></span> <span class='ocrx_word' id='word_1_543' title='bbox 582 3757 875 3837; x_wconf 86' lang='lat' dir='ltr'><strong>plicabitur</strong></span> <span class='ocrx_word' id='word_1_544' title='bbox 907 3760 1025 3829; x_wconf 79' lang='lat' dir='ltr'><strong>ejus</strong></span> <span class='ocrx_word' id='word_1_545' title='bbox 1062 3762 1379 3832; x_wconf 70' lang='lat' dir='ltr'><strong>imperiunm,</strong></span> <span class='ocrx_word' id='word_1_546' title='bbox 1419 3776 1475 3821; x_wconf 89' lang='lat' dir='ltr'><strong>et</strong></span> <span class='ocrx_word' id='word_1_547' title='bbox 1506 3768 1658 3836; x_wconf 90' lang='lat' dir='ltr'><strong>pacis</strong></span> <span class='ocrx_word' id='word_1_548' title='bbox 1691 3768 1813 3839; x_wconf 86' lang='lat' dir='ltr'><strong>ejus</strong></span> <span class='ocrx_word' id='word_1_549' title='bbox 1847 3786 1955 3825; x_wconf 92' lang='lat' dir='ltr'><strong>non</strong></span> <span class='ocrx_word' id='word_1_550' title='bbox 1989 3770 2097 3826; x_wconf 89' lang='lat' dir='ltr'><strong>erit</strong></span> 
     </span>
    </p>
   </div>
   <div class='ocr_carea' id='block_1_69' title="bbox 527 3849 2093 3934">
    <p class='ocr_par' dir='ltr' id='par_1_69' title="bbox 527 3849 2093 3934">
     <span class='ocr_line' id='line_1_69' title="bbox 527 3849 2093 3934; baseline 0.013 -36"><span class='ocrx_word' id='word_1_551' title='bbox 527 3868 544 3897; x_wconf 72' lang='grc' dir='ltr'><strong>ι</strong></span> <span class='ocrx_word' id='word_1_552' title='bbox 583 3849 725 3904; x_wconf 84' lang='lat' dir='ltr'><strong>ﬁnis.</strong></span> <span class='ocrx_word' id='word_1_553' title='bbox 753 3850 928 3921; x_wconf 86' lang='lat' dir='ltr'><strong>Super</strong></span> <span class='ocrx_word' id='word_1_554' title='bbox 973 3854 1167 3909; x_wconf 87' lang='lat' dir='ltr'><strong>solium</strong></span> <span class='ocrx_word' id='word_1_555' title='bbox 1217 3857 1385 3911; x_wconf 87' lang='lat' dir='ltr'><strong>David</strong></span> <span class='ocrx_word' id='word_1_556' title='bbox 1423 3866 1479 3912; x_wconf 92' lang='lat' dir='ltr'><strong>et</strong></span> <span class='ocrx_word' id='word_1_557' title='bbox 1522 3874 1683 3929; x_wconf 89' lang='lat' dir='ltr'><strong>super</strong></span> <span class='ocrx_word' id='word_1_558' title='bbox 1715 3876 1940 3934; x_wconf 84' lang='lat' dir='ltr'><strong>regnum</strong></span> <span class='ocrx_word' id='word_1_559' title='bbox 1975 3862 2093 3932; x_wconf 88' lang='lat' dir='ltr'><strong>ejus</strong></span> 
     </span>
    </p>
   </div>
   <div class='ocr_carea' id='block_1_70' title="bbox 526 3940 2091 4024">
    <p class='ocr_par' dir='ltr' id='par_1_70' title="bbox 526 3940 2091 4024">
     <span class='ocr_line' id='line_1_70' title="bbox 526 3940 2091 4024; baseline 0.014 -33"><span class='ocrx_word' id='word_1_560' title='bbox 526 3957 544 3988; x_wconf 73' lang='grc' dir='ltr'><strong>ι</strong></span> <span class='ocrx_word' id='word_1_561' title='bbox 581 3940 823 4007; x_wconf 86' lang='lat' dir='ltr'><strong>sedebit,</strong></span> <span class='ocrx_word' id='word_1_562' title='bbox 858 3951 919 3997; x_wconf 91' lang='lat' dir='ltr'><strong>ut</strong></span> <span class='ocrx_word' id='word_1_563' title='bbox 951 3945 1234 4001; x_wconf 71' lang='lat' dir='ltr'><strong>conﬁrmet</strong></span> <span class='ocrx_word' id='word_1_564' title='bbox 1268 3948 1400 4003; x_wconf 89' lang='lat' dir='ltr'><strong>illud</strong></span> <span class='ocrx_word' id='word_1_565' title='bbox 1430 3958 1486 4004; x_wconf 90' lang='lat' dir='ltr'><strong>et</strong></span> <span class='ocrx_word' id='word_1_566' title='bbox 1518 3953 1835 4009; x_wconf 88' lang='lat' dir='ltr'><strong>corroboret</strong></span> <span class='ocrx_word' id='word_1_567' title='bbox 1868 3955 1923 4010; x_wconf 91' lang='lat' dir='ltr'><strong>in</strong></span> <span class='ocrx_word' id='word_1_568' title='bbox 1946 3954 2091 4024; x_wconf 86' lang='lat' dir='ltr'><strong>judi-</strong></span> 
     </span>
    </p>
   </div>
   <div class='ocr_carea' id='block_1_71' title="bbox 524 4028 2085 4115">
    <p class='ocr_par' dir='ltr' id='par_1_71' title="bbox 524 4028 2085 4115">
     <span class='ocr_line' id='line_1_71' title="bbox 524 4028 2085 4115; baseline 0.014 -37"><span class='ocrx_word' id='word_1_569' title='bbox 524 4046 542 4076; x_wconf 77' lang='grc' dir='ltr'><strong>σ</strong></span> <span class='ocrx_word' id='word_1_570' title='bbox 579 4028 740 4083; x_wconf 86' lang='lat' dir='ltr'><strong>cioet</strong></span> <span class='ocrx_word' id='word_1_571' title='bbox 772 4029 1003 4097; x_wconf 72' lang='lat' dir='ltr'><strong>iustitia,</strong></span> <span class='ocrx_word' id='word_1_572' title='bbox 1041 4036 1238 4091; x_wconf 88' lang='lat' dir='ltr'><strong>amodo</strong></span> <span class='ocrx_word' id='word_1_573' title='bbox 1280 4045 1337 4092; x_wconf 90' lang='lat' dir='ltr'><strong>et</strong></span> <span class='ocrx_word' id='word_1_574' title='bbox 1378 4054 1550 4109; x_wconf 90' lang='lat' dir='ltr'><strong>usque</strong></span> <span class='ocrx_word' id='word_1_575' title='bbox 1584 4040 1640 4095; x_wconf 92' lang='lat' dir='ltr'><strong>in</strong></span> <span class='ocrx_word' id='word_1_576' title='bbox 1677 4043 2085 4115; x_wconf 89' lang='lat' dir='ltr'><strong>sempiternum.</strong></span> 
     </span>
    </p>
   </div>
   <div class='ocr_carea' id='block_1_72' title="bbox 522 4118 1372 4182">
    <p class='ocr_par' dir='ltr' id='par_1_72' title="bbox 522 4118 1372 4182">
     <span class='ocr_line' id='line_1_72' title="bbox 522 4118 1372 4182; baseline 0.016 -15"><span class='ocrx_word' id='word_1_577' title='bbox 522 4135 543 4167; x_wconf 77' lang='grc' dir='ltr'><strong>ι</strong></span> <span class='ocrx_word' id='word_1_578' title='bbox 577 4118 738 4173; x_wconf 85' lang='lat' dir='ltr'><strong>Zelus</strong></span> <span class='ocrx_word' id='word_1_579' title='bbox 764 4120 969 4176; x_wconf 87' lang='lat' dir='ltr'><strong>domini</strong></span> <span class='ocrx_word' id='word_1_580' title='bbox 1001 4122 1163 4179; x_wconf 83' lang='lat' dir='ltr'><strong>faciet</strong></span> <span class='ocrx_word' id='word_1_581' title='bbox 1192 4126 1314 4182; x_wconf 89' lang='lat' dir='ltr'><strong>hoc.</strong></span> <span class='ocrx_word' id='word_1_582' title='bbox 1354 4148 1372 4181; x_wconf 72' lang='grc' dir='ltr'><strong>ι</strong></span> 
     </span>
    </p>
   </div>
   <div class='ocr_carea' id='block_1_73' title="bbox 591 4211 2089 4289">
    <p class='ocr_par' dir='ltr' id='par_1_73' title="bbox 591 4211 2089 4289">
     <span class='ocr_line' id='line_1_73' title="bbox 591 4211 2089 4289; baseline 0.011 -23"><span class='ocrx_word' id='word_1_583' title='bbox 591 4211 828 4283; x_wconf 84' lang='lat' dir='ltr'><strong>Populus</strong></span> <span class='ocrx_word' id='word_1_584' title='bbox 865 4217 1094 4287; x_wconf 82' lang='lat' dir='ltr'><strong>gentium</strong></span> <span class='ocrx_word' id='word_1_585' title='bbox 1131 4222 1219 4289; x_wconf 84' lang='lat' dir='ltr'><strong>qui</strong></span> <span class='ocrx_word' id='word_1_586' title='bbox 1257 4221 1557 4278; x_wconf 85' lang='lat' dir='ltr'><strong>ambulabat</strong></span> <span class='ocrx_word' id='word_1_587' title='bbox 1594 4226 1650 4279; x_wconf 87' lang='lat' dir='ltr'><strong>in</strong></span> <span class='ocrx_word' id='word_1_588' title='bbox 1693 4228 1915 4281; x_wconf 83' lang='lat' dir='ltr'><strong>tenebris</strong></span> <span class='ocrx_word' id='word_1_589' title='bbox 1962 4228 2089 4282; x_wconf 74' lang='lat' dir='ltr'><strong>vidit</strong></span> 
     </span>
    </p>
   </div>
   <div class='ocr_carea' id='block_1_74' title="bbox 518 4308 2087 4383">
    <p class='ocr_par' dir='ltr' id='par_1_74' title="bbox 518 4308 2087 4383">
     <span class='ocr_line' id='line_1_74' title="bbox 518 4308 2087 4383; baseline 0.007 -24"><span class='ocrx_word' id='word_1_590' title='bbox 518 4308 685 4360; x_wconf 85' lang='lat' dir='ltr'><strong>lucem</strong></span> <span class='ocrx_word' id='word_1_591' title='bbox 718 4323 982 4378; x_wconf 81' lang='lat' dir='ltr'><strong>magnam.</strong></span> <span class='ocrx_word' id='word_1_592' title='bbox 1035 4308 1157 4379; x_wconf 81' lang='lat' dir='ltr'><strong>(Ex</strong></span> <span class='ocrx_word' id='word_1_593' title='bbox 1206 4310 1472 4383; x_wconf 84' lang='lat' dir='ltr'><strong>Hieron.)</strong></span> <span class='ocrx_word' id='word_1_594' title='bbox 1529 4313 1629 4368; x_wconf 82' lang='lat' dir='ltr'><strong>Hic</strong></span> <span class='ocrx_word' id='word_1_595' title='bbox 1676 4314 1829 4369; x_wconf 85' lang='lat' dir='ltr'><strong>locus</strong></span> <span class='ocrx_word' id='word_1_596' title='bbox 1882 4316 1959 4369; x_wconf 90' lang='lat' dir='ltr'><strong>ita</strong></span> <span class='ocrx_word' id='word_1_597' title='bbox 1990 4331 2087 4370; x_wconf 81' lang='lat' dir='ltr'><strong>cx-</strong></span> 
     </span>
    </p>
   </div>
   <div class='ocr_carea' id='block_1_75' title="bbox 2192 3202 3768 3277">
    <p class='ocr_par' dir='ltr' id='par_1_75' title="bbox 2192 3202 3768 3277">
     <span class='ocr_line' id='line_1_75' title="bbox 2192 3202 3768 3277; baseline 0 -16"><span class='ocrx_word' id='word_1_598' title='bbox 2192 3213 2349 3261; x_wconf 85' lang='lat' dir='ltr'><strong>tcme</strong></span> <span class='ocrx_word' id='word_1_599' title='bbox 2374 3202 2564 3276; x_wconf 86' lang='lat' dir='ltr'><strong>(Psal.</strong></span> <span class='ocrx_word' id='word_1_600' title='bbox 2587 3204 2691 3277; x_wconf 88' lang='grc' dir='ltr'>ιι).</span> <span class='ocrx_word' id='word_1_601' title='bbox 2734 3206 2803 3261; x_wconf 89' lang='lat' dir='ltr'><strong>Et</strong></span> <span class='ocrx_word' id='word_1_602' title='bbox 2843 3221 3101 3262; x_wconf 84' lang='lat' dir='ltr'><strong>rursum:</strong></span> <span class='ocrx_word' id='word_1_603' title='bbox 3144 3206 3215 3261; x_wconf 80' lang='lat' dir='ltr'><strong>Et</strong></span> <span class='ocrx_word' id='word_1_604' title='bbox 3252 3205 3538 3261; x_wconf 87' lang='lat' dir='ltr'><strong>multitudo</strong></span> <span class='ocrx_word' id='word_1_605' title='bbox 3578 3206 3768 3275; x_wconf 87' lang='lat' dir='ltr'><strong>pacis,</strong></span> 
     </span>
    </p>
   </div>
   <div class='ocr_carea' id='block_1_76' title="bbox 2194 3295 3771 3369">
    <p class='ocr_par' dir='ltr' id='par_1_76' title="bbox 2194 3295 3771 3369">
     <span class='ocr_line' id='line_1_76' title="bbox 2194 3295 3771 3369; baseline 0 -17"><span class='ocrx_word' id='word_1_606' title='bbox 2194 3297 2368 3352; x_wconf 89' lang='lat' dir='ltr'><strong>donec</strong></span> <span class='ocrx_word' id='word_1_607' title='bbox 2406 3295 2685 3352; x_wconf 84' lang='lat' dir='ltr'><strong>auferatur</strong></span> <span class='ocrx_word' id='word_1_608' title='bbox 2719 3296 2845 3352; x_wconf 89' lang='lat' dir='ltr'><strong>luna</strong></span> <span class='ocrx_word' id='word_1_609' title='bbox 2885 3296 3077 3369; x_wconf 83' lang='lat' dir='ltr'><strong>(Psal.</strong></span> <span class='ocrx_word' id='word_1_610' title='bbox 3104 3312 3229 3355; x_wconf 76' lang='lat' dir='ltr'><strong>txxt</strong></span> <span class='ocrx_word' id='word_1_611' title='bbox 3274 3296 3329 3369; x_wconf 89' lang='lat'><strong>),</strong></span> <span class='ocrx_word' id='word_1_612' title='bbox 3359 3296 3414 3352; x_wconf 91' lang='lat' dir='ltr'><strong>id</strong></span> <span class='ocrx_word' id='word_1_613' title='bbox 3441 3304 3557 3364; x_wconf 89' lang='lat' dir='ltr'><strong>est,</strong></span> <span class='ocrx_word' id='word_1_614' title='bbox 3600 3311 3771 3367; x_wconf 89' lang='lat' dir='ltr'><strong>usque</strong></span> 
     </span>
    </p>
   </div>
   <div class='ocr_carea' id='block_1_77' title="bbox 2192 3386 3042 3443">
    <p class='ocr_par' dir='ltr' id='par_1_77' title="bbox 2192 3386 3042 3443">
     <span class='ocr_line' id='line_1_77' title="bbox 2192 3386 3042 3443; baseline 0.004 -3"><span class='ocrx_word' id='word_1_615' title='bbox 2192 3386 2261 3442; x_wconf 89' lang='lat' dir='ltr'><strong>ad</strong></span> <span class='ocrx_word' id='word_1_616' title='bbox 2289 3386 2810 3443; x_wconf 78' lang='lat' dir='ltr'><strong>consummationem</strong></span> <span class='ocrx_word' id='word_1_617' title='bbox 2837 3387 3042 3443; x_wconf 72' lang='lat' dir='ltr'><strong>saeculi.</strong></span> 
     </span>
    </p>
   </div>
   <div class='ocr_carea' id='block_1_78' title="bbox 2263 3474 3768 3549">
    <p class='ocr_par' dir='ltr' id='par_1_78' title="bbox 2263 3474 3768 3549">
     <span class='ocr_line' id='line_1_78' title="bbox 2263 3474 3768 3549; baseline -0.001 -18"><span class='ocrx_word' id='word_1_618' title='bbox 2263 3474 2438 3546; x_wconf 86' lang='lat' dir='ltr'><strong>Super</strong></span> <span class='ocrx_word' id='word_1_619' title='bbox 2460 3474 2652 3531; x_wconf 78' lang='lat' dir='ltr'><strong>solium</strong></span> <span class='ocrx_word' id='word_1_620' title='bbox 2676 3476 2849 3531; x_wconf 76' lang='lat' dir='ltr'><strong>David</strong></span> <span class='ocrx_word' id='word_1_621' title='bbox 2889 3486 2938 3532; x_wconf 90' lang='lat' dir='ltr'><strong>et</strong></span> <span class='ocrx_word' id='word_1_622' title='bbox 2963 3493 3120 3549; x_wconf 83' lang='lat' dir='ltr'><strong>super</strong></span> <span class='ocrx_word' id='word_1_623' title='bbox 3149 3493 3365 3549; x_wconf 80' lang='lat' dir='ltr'><strong>regnum</strong></span> <span class='ocrx_word' id='word_1_624' title='bbox 3390 3477 3530 3549; x_wconf 79' lang='lat' dir='ltr'><strong>ejus,</strong></span> <span class='ocrx_word' id='word_1_625' title='bbox 3560 3485 3617 3531; x_wconf 85' lang='lat' dir='ltr'><strong>ut</strong></span> <span class='ocrx_word' id='word_1_626' title='bbox 3644 3493 3768 3531; x_wconf 83' lang='lat' dir='ltr'><strong>con—</strong></span> 
     </span>
    </p>
   </div>
   <div class='ocr_carea' id='block_1_79' title="bbox 2190 3563 3766 3638">
    <p class='ocr_par' dir='ltr' id='par_1_79' title="bbox 2190 3563 3766 3638">
     <span class='ocr_line' id='line_1_79' title="bbox 2190 3563 3766 3638; baseline 0.003 -20"><span class='ocrx_word' id='word_1_627' title='bbox 2190 3564 2362 3633; x_wconf 76' lang='lat' dir='ltr'><strong>ﬁrmet</strong></span> <span class='ocrx_word' id='word_1_628' title='bbox 2403 3563 2538 3619; x_wconf 88' lang='lat' dir='ltr'><strong>illud</strong></span> <span class='ocrx_word' id='word_1_629' title='bbox 2579 3575 2630 3619; x_wconf 86' lang='lat' dir='ltr'><strong>et</strong></span> <span class='ocrx_word' id='word_1_630' title='bbox 2671 3566 3004 3631; x_wconf 86' lang='lat' dir='ltr'><strong>corroboret,</strong></span> <span class='ocrx_word' id='word_1_631' title='bbox 3047 3574 3156 3621; x_wconf 89' lang='lat' dir='ltr'><strong>etc.</strong></span> <span class='ocrx_word' id='word_1_632' title='bbox 3196 3566 3541 3638; x_wconf 84' lang='lat' dir='ltr'><strong>Principatus</strong></span> <span class='ocrx_word' id='word_1_633' title='bbox 3583 3575 3766 3622; x_wconf 87' lang='lat' dir='ltr'><strong>autem</strong></span> 
     </span>
    </p>
   </div>
   <div class='ocr_carea' id='block_1_80' title="bbox 2192 3654 3768 3731">
    <p class='ocr_par' dir='ltr' id='par_1_80' title="bbox 2192 3654 3768 3731">
     <span class='ocr_line' id='line_1_80' title="bbox 2192 3654 3768 3731; baseline 0.003 -22"><span class='ocrx_word' id='word_1_634' title='bbox 2192 3654 2334 3710; x_wconf 89' lang='lat' dir='ltr'><strong>illius</strong></span> <span class='ocrx_word' id='word_1_635' title='bbox 2359 3663 2418 3710; x_wconf 86' lang='lat' dir='ltr'><strong>et</strong></span> <span class='ocrx_word' id='word_1_636' title='bbox 2441 3656 2728 3726; x_wconf 86' lang='lat' dir='ltr'><strong>imperium</strong></span> <span class='ocrx_word' id='word_1_637' title='bbox 2752 3657 2858 3712; x_wconf 89' lang='lat' dir='ltr'><strong>erit</strong></span> <span class='ocrx_word' id='word_1_638' title='bbox 2883 3670 3045 3728; x_wconf 87' lang='lat' dir='ltr'><strong>super</strong></span> <span class='ocrx_word' id='word_1_639' title='bbox 3071 3657 3267 3712; x_wconf 85' lang='lat' dir='ltr'><strong>solium</strong></span> <span class='ocrx_word' id='word_1_640' title='bbox 3306 3666 3365 3714; x_wconf 91' lang='lat' dir='ltr'><strong>et</strong></span> <span class='ocrx_word' id='word_1_641' title='bbox 3408 3674 3635 3731; x_wconf 86' lang='lat' dir='ltr'><strong>regnum</strong></span> <span class='ocrx_word' id='word_1_642' title='bbox 3665 3658 3768 3713; x_wconf 83' lang='lat' dir='ltr'><strong>Da-</strong></span> 
     </span>
    </p>
   </div>
   <div class='ocr_carea' id='block_1_81' title="bbox 2190 3746 3769 3821">
    <p class='ocr_par' dir='ltr' id='par_1_81' title="bbox 2190 3746 3769 3821">
     <span class='ocr_line' id='line_1_81' title="bbox 2190 3746 3769 3821; baseline 0.004 -21"><span class='ocrx_word' id='word_1_643' title='bbox 2190 3746 2281 3802; x_wconf 90' lang='lat' dir='ltr'><strong>vid</strong></span> <span class='ocrx_word' id='word_1_644' title='bbox 2300 3786 2314 3813; x_wconf 96' lang='lat'><strong>,</strong></span> <span class='ocrx_word' id='word_1_645' title='bbox 2341 3747 2486 3817; x_wconf 88' lang='lat' dir='ltr'><strong>quod</strong></span> <span class='ocrx_word' id='word_1_646' title='bbox 2508 3756 2631 3818; x_wconf 91' lang='lat' dir='ltr'><strong>post</strong></span> <span class='ocrx_word' id='word_1_647' title='bbox 2655 3748 3025 3818; x_wconf 80' lang='lat' dir='ltr'><strong>captivitatem</strong></span> <span class='ocrx_word' id='word_1_648' title='bbox 3049 3748 3428 3821; x_wconf 84' lang='lat' dir='ltr'><strong>Babylonicam</strong></span> <span class='ocrx_word' id='word_1_649' title='bbox 3455 3751 3632 3806; x_wconf 70' lang='lat' dir='ltr'><strong>fuerat</strong></span> <span class='ocrx_word' id='word_1_650' title='bbox 3657 3751 3769 3808; x_wconf 89' lang='lat' dir='ltr'><strong>dis-</strong></span> 
     </span>
    </p>
   </div>
   <div class='ocr_carea' id='block_1_82' title="bbox 2191 3836 3768 3907">
    <p class='ocr_par' dir='ltr' id='par_1_82' title="bbox 2191 3836 3768 3907">
     <span class='ocr_line' id='line_1_82' title="bbox 2191 3836 3768 3907; baseline 0.004 -17"><span class='ocrx_word' id='word_1_651' title='bbox 2191 3836 2422 3907; x_wconf 80' lang='lat' dir='ltr'><strong>sipatum</strong></span> <span class='ocrx_word' id='word_1_652' title='bbox 2440 3876 2459 3903; x_wconf 88' lang='lat'><strong>,</strong></span> <span class='ocrx_word' id='word_1_653' title='bbox 2482 3844 2549 3892; x_wconf 84' lang='lat' dir='ltr'><strong>ut</strong></span> <span class='ocrx_word' id='word_1_654' title='bbox 2565 3836 2851 3893; x_wconf 89' lang='lat' dir='ltr'><strong>conﬁrmet</strong></span> <span class='ocrx_word' id='word_1_655' title='bbox 2873 3838 3002 3894; x_wconf 90' lang='lat' dir='ltr'><strong>illud</strong></span> <span class='ocrx_word' id='word_1_656' title='bbox 3026 3846 3082 3894; x_wconf 89' lang='lat' dir='ltr'><strong>et</strong></span> <span class='ocrx_word' id='word_1_657' title='bbox 3110 3841 3330 3897; x_wconf 79' lang='lat' dir='ltr'><strong>ruberet</strong></span> <span class='ocrx_word' id='word_1_658' title='bbox 3350 3850 3408 3897; x_wconf 89' lang='lat' dir='ltr'><strong>et</strong></span> <span class='ocrx_word' id='word_1_659' title='bbox 3435 3842 3625 3898; x_wconf 88' lang='lat' dir='ltr'><strong>doceat</strong></span> <span class='ocrx_word' id='word_1_660' title='bbox 3647 3857 3768 3897; x_wconf 87' lang='lat' dir='ltr'><strong>esse</strong></span> 
     </span>
    </p>
   </div>
   <div class='ocr_carea' id='block_1_83' title="bbox 2189 3927 3767 4005">
    <p class='ocr_par' dir='ltr' id='par_1_83' title="bbox 2189 3927 3767 4005">
     <span class='ocr_line' id='line_1_83' title="bbox 2189 3927 3767 4005; baseline 0.004 -22"><span class='ocrx_word' id='word_1_661' title='bbox 2189 3937 2531 3998; x_wconf 88' lang='lat' dir='ltr'><strong>perpetuum.</strong></span> <span class='ocrx_word' id='word_1_662' title='bbox 2567 3927 2646 3984; x_wconf 84' lang='lat' dir='ltr'><strong>Ne</strong></span> <span class='ocrx_word' id='word_1_663' title='bbox 2669 3942 2829 3986; x_wconf 88' lang='lat' dir='ltr'><strong>cassa</strong></span> <span class='ocrx_word' id='word_1_664' title='bbox 2855 3932 3205 4001; x_wconf 84' lang='lat' dir='ltr'><strong>repromissio</strong></span> <span class='ocrx_word' id='word_1_665' title='bbox 3246 3933 3343 3993; x_wconf 71' lang='lat' dir='ltr'><strong>Dei</strong></span> <span class='ocrx_word' id='word_1_666' title='bbox 3383 3935 3657 4005; x_wconf 73' lang='lat' dir='ltr'><strong>iudicetur</strong></span> <span class='ocrx_word' id='word_1_667' title='bbox 3699 3935 3767 3989; x_wconf 87' lang='lat' dir='ltr'><strong>ab</strong></span> 
     </span>
    </p>
   </div>
   <div class='ocr_carea' id='block_1_84' title="bbox 2191 4017 3564 4092">
    <p class='ocr_par' dir='ltr' id='par_1_84' title="bbox 2191 4017 3564 4092">
     <span class='ocr_line' id='line_1_84' title="bbox 2191 4017 3564 4092; baseline 0.004 -21"><span class='ocrx_word' id='word_1_668' title='bbox 2191 4017 2583 4073; x_wconf 85' lang='lat' dir='ltr'><strong>incarnationis</strong></span> <span class='ocrx_word' id='word_1_669' title='bbox 2607 4027 2851 4089; x_wconf 88' lang='lat' dir='ltr'><strong>tempore</strong></span> <span class='ocrx_word' id='word_1_670' title='bbox 2874 4035 3046 4091; x_wconf 90' lang='lat' dir='ltr'><strong>usque</strong></span> <span class='ocrx_word' id='word_1_671' title='bbox 3073 4022 3126 4075; x_wconf 86' lang='lat' dir='ltr'><strong>in</strong></span> <span class='ocrx_word' id='word_1_672' title='bbox 3156 4023 3564 4092; x_wconf 87' lang='lat' dir='ltr'><strong>sempiternum.</strong></span> 
     </span>
    </p>
   </div>
   <div class='ocr_carea' id='block_1_85' title="bbox 2256 4106 3764 4181">
    <p class='ocr_par' dir='ltr' id='par_1_85' title="bbox 2256 4106 3764 4181">
     <span class='ocr_line' id='line_1_85' title="bbox 2256 4106 3764 4181; baseline 0.005 -21"><span class='ocrx_word' id='word_1_673' title='bbox 2256 4106 2414 4162; x_wconf 86' lang='lat' dir='ltr'><strong>Zelus</strong></span> <span class='ocrx_word' id='word_1_674' title='bbox 2444 4107 2656 4163; x_wconf 82' lang='lat' dir='ltr'><strong>Domini</strong></span> <span class='ocrx_word' id='word_1_675' title='bbox 2682 4111 3005 4165; x_wconf 69' lang='lat' dir='ltr'><strong>exercituum</strong></span> <span class='ocrx_word' id='word_1_676' title='bbox 3029 4111 3184 4181; x_wconf 88' lang='lat' dir='ltr'><strong>faciet</strong></span> <span class='ocrx_word' id='word_1_677' title='bbox 3213 4111 3330 4166; x_wconf 78' lang='lat' dir='ltr'><strong>hoc.</strong></span> <span class='ocrx_word' id='word_1_678' title='bbox 3362 4112 3539 4177; x_wconf 82' lang='lat' dir='ltr'><strong>Zelus,</strong></span> <span class='ocrx_word' id='word_1_679' title='bbox 3569 4113 3621 4166; x_wconf 90' lang='lat' dir='ltr'><strong>id</strong></span> <span class='ocrx_word' id='word_1_680' title='bbox 3649 4123 3764 4175; x_wconf 83' lang='lat' dir='ltr'><strong>est,</strong></span> 
     </span>
    </p>
   </div>
   <div class='ocr_carea' id='block_1_86' title="bbox 2186 4200 3766 4274">
    <p class='ocr_par' dir='ltr' id='par_1_86' title="bbox 2186 4200 3766 4274">
     <span class='ocr_line' id='line_1_86' title="bbox 2186 4200 3766 4274; baseline 0.004 -19"><span class='ocrx_word' id='word_1_681' title='bbox 2186 4200 2456 4256; x_wconf 66' lang='lat' dir='ltr'><strong>aemulatio</strong></span> <span class='ocrx_word' id='word_1_682' title='bbox 2481 4201 2694 4256; x_wconf 88' lang='lat' dir='ltr'><strong>Domini</strong></span> <span class='ocrx_word' id='word_1_683' title='bbox 2716 4202 2847 4258; x_wconf 87' lang='lat' dir='ltr'><strong>fecit</strong></span> <span class='ocrx_word' id='word_1_684' title='bbox 2881 4205 3012 4269; x_wconf 89' lang='lat' dir='ltr'><strong>hoc,</strong></span> <span class='ocrx_word' id='word_1_685' title='bbox 3054 4206 3181 4273; x_wconf 87' lang='lat' dir='ltr'><strong>quia</strong></span> <span class='ocrx_word' id='word_1_686' title='bbox 3222 4206 3322 4274; x_wconf 81' lang='lat' dir='ltr'><strong>ipsi</strong></span> <span class='ocrx_word' id='word_1_687' title='bbox 3351 4220 3476 4260; x_wconf 90' lang='lat' dir='ltr'><strong>eum</strong></span> <span class='ocrx_word' id='word_1_688' title='bbox 3506 4206 3575 4261; x_wconf 90' lang='lat' dir='ltr'><strong>ad</strong></span> <span class='ocrx_word' id='word_1_689' title='bbox 3599 4222 3766 4262; x_wconf 69' lang='lat' dir='ltr'><strong>acmu-</strong></span> 
     </span>
    </p>
   </div>
   <div class='ocr_carea' id='block_1_87' title="bbox 2189 4288 3766 4362">
    <p class='ocr_par' dir='ltr' id='par_1_87' title="bbox 2189 4288 3766 4362">
     <span class='ocr_line' id='line_1_87' title="bbox 2189 4288 3766 4362; baseline 0.006 -21"><span class='ocrx_word' id='word_1_690' title='bbox 2189 4288 2444 4344; x_wconf 89' lang='lat' dir='ltr'><strong>lationem</strong></span> <span class='ocrx_word' id='word_1_691' title='bbox 2475 4300 2911 4360; x_wconf 86' lang='lat' dir='ltr'><strong>provocaverunt</strong></span> <span class='ocrx_word' id='word_1_692' title='bbox 2939 4293 2995 4345; x_wconf 88' lang='lat' dir='ltr'><strong>in</strong></span> <span class='ocrx_word' id='word_1_693' title='bbox 3026 4294 3113 4348; x_wconf 87' lang='lat' dir='ltr'><strong>bis</strong></span> <span class='ocrx_word' id='word_1_694' title='bbox 3139 4295 3231 4361; x_wconf 89' lang='lat' dir='ltr'><strong>qui</strong></span> <span class='ocrx_word' id='word_1_695' title='bbox 3257 4310 3363 4349; x_wconf 87' lang='lat' dir='ltr'><strong>non</strong></span> <span class='ocrx_word' id='word_1_696' title='bbox 3393 4304 3551 4350; x_wconf 84' lang='lat' dir='ltr'><strong>erant</strong></span> <span class='ocrx_word' id='word_1_697' title='bbox 3576 4297 3680 4362; x_wconf 88' lang='lat' dir='ltr'><strong>dii,</strong></span> <span class='ocrx_word' id='word_1_698' title='bbox 3708 4306 3766 4354; x_wconf 89' lang='lat' dir='ltr'><strong>et</strong></span> 
     </span>
    </p>
   </div>
   <div class='ocr_carea' id='block_1_88' title="bbox 514 4380 3765 4474">
    <p class='ocr_par' dir='ltr' id='par_1_88' title="bbox 514 4380 3765 4474">
     <span class='ocr_line' id='line_1_88' title="bbox 514 4380 3765 4474; baseline 0.005 -25"><span class='ocrx_word' id='word_1_699' title='bbox 514 4396 797 4465; x_wconf 74' lang='lat' dir='ltr'><strong>pinnatus,</strong></span> <span class='ocrx_word' id='word_1_700' title='bbox 829 4397 1144 4453; x_wconf 74' lang='lat' dir='ltr'><strong>adveniente</strong></span> <span class='ocrx_word' id='word_1_701' title='bbox 1175 4398 1394 4456; x_wconf 87' lang='lat' dir='ltr'><strong>Christo</strong></span> <span class='ocrx_word' id='word_1_702' title='bbox 1434 4380 1491 4457; x_wconf 82' lang='lat' dir='ltr'><strong>et</strong></span> <span class='ocrx_word' id='word_1_703' title='bbox 1525 4404 1912 4474; x_wconf 64' lang='lat' dir='ltr'><strong>praedicatione</strong></span> <span class='ocrx_word' id='word_1_704' title='bbox 1942 4404 2084 4459; x_wconf 90' lang='lat' dir='ltr'><strong>illius</strong></span> <span class='ocrx_word' id='word_1_705' title='bbox 2110 4454 2162 4474; x_wconf 47' lang='grc' dir='ltr'>ἢ</span> <span class='ocrx_word' id='word_1_706' title='bbox 2190 4380 2278 4434; x_wconf 60' lang='lat' dir='ltr'><strong>me</strong></span> <span class='ocrx_word' id='word_1_707' title='bbox 2313 4393 2409 4435; x_wconf 74' lang='grc' dir='ltr'><strong>θοθ</strong></span> <span class='ocrx_word' id='word_1_708' title='bbox 2449 4382 2763 4474; x_wconf 58' lang='grc' dir='ltr'><strong>υτονοσξθὲίι</strong></span> <span class='ocrx_word' id='word_1_709' title='bbox 2801 4381 2870 4435; x_wconf 63' lang='lat' dir='ltr'><strong>ad</strong></span> <span class='ocrx_word' id='word_1_710' title='bbox 2910 4383 3273 4474; x_wconf 61' lang='grc' dir='ltr'><strong>ωυιεθάυω</strong></span> <span class='ocrx_word' id='word_1_711' title='bbox 3300 4385 3358 4442; x_wconf 70' lang='lat' dir='ltr'><strong>in</strong></span> <span class='ocrx_word' id='word_1_712' title='bbox 3386 4395 3604 4457; x_wconf 72' lang='grc' dir='ltr'>εθηιθιιι</span> <span class='ocrx_word' id='word_1_713' title='bbox 3644 4403 3765 4458; x_wconf 53' lang='lat' dir='ltr'><strong>qua?</strong></span> 
     </span>
    </p>
   </div>
   <div class='ocr_carea' id='block_1_89' title="bbox 514 4454 2092 4563">
    <p class='ocr_par' dir='ltr' id='par_1_89' title="bbox 514 4454 2082 4563">
     <span class='ocr_line' id='line_1_89' title="bbox 514 4454 2082 4563; baseline 0.006 -25"><span class='ocrx_word' id='word_1_714' title='bbox 514 4454 866 4551; x_wconf 66' lang='lat' dir='ltr'><strong>coruscante,</strong></span> <span class='ocrx_word' id='word_1_715' title='bbox 915 4486 1092 4556; x_wconf 90' lang='lat' dir='ltr'><strong>primo</strong></span> <span class='ocrx_word' id='word_1_716' title='bbox 1139 4494 1283 4543; x_wconf 87' lang='lat' dir='ltr'><strong>terra</strong></span> <span class='ocrx_word' id='word_1_717' title='bbox 1335 4454 1574 4546; x_wconf 51' lang='lat' dir='ltr'><strong>Zabulorn</strong></span> <span class='ocrx_word' id='word_1_718' title='bbox 1627 4500 1682 4547; x_wconf 91' lang='lat' dir='ltr'><strong>et</strong></span> <span class='ocrx_word' id='word_1_719' title='bbox 1737 4491 2082 4563; x_wconf 85' lang='lat' dir='ltr'><strong>Nephthaiim</strong></span> 
     </span>
    </p>
   </div>
   <div class='ocr_carea' id='block_1_90' title="bbox 2201 4454 2966 4563">
    <p class='ocr_par' dir='ltr' id='par_1_90' title="bbox 2201 4470 2966 4543">
     <span class='ocr_line' id='line_1_90' title="bbox 2201 4470 2966 4543; baseline 0.004 -18"><span class='ocrx_word' id='word_1_720' title='bbox 2201 4487 2294 4526; x_wconf 77' lang='grc' dir='ltr'>ιοιι</span> <span class='ocrx_word' id='word_1_721' title='bbox 2322 4479 2441 4526; x_wconf 89' lang='lat' dir='ltr'><strong>erat</strong></span> <span class='ocrx_word' id='word_1_722' title='bbox 2464 4486 2598 4541; x_wconf 84' lang='lat' dir='ltr'><strong>gens</strong></span> <span class='ocrx_word' id='word_1_723' title='bbox 2624 4471 2644 4543; x_wconf 96' lang='lat'><strong>(</strong></span> <span class='ocrx_word' id='word_1_724' title='bbox 2666 4470 2818 4526; x_wconf 84' lang='lat' dir='ltr'><strong>Rom.</strong></span> <span class='ocrx_word' id='word_1_725' title='bbox 2844 4487 2876 4526; x_wconf 85' lang='lat' dir='ltr'><strong>x</strong></span> <span class='ocrx_word' id='word_1_726' title='bbox 2923 4472 2966 4543; x_wconf 92' lang='lat'><strong>).</strong></span> 
     </span>
    </p>
   </div>
   <div class='ocr_carea' id='block_1_91' title="bbox 516 4575 2087 4649">
    <p class='ocr_par' dir='ltr' id='par_1_91' title="bbox 516 4575 2087 4649">
     <span class='ocr_line' id='line_1_91' title="bbox 516 4575 2087 4649; baseline 0.006 -21"><span class='ocrx_word' id='word_1_727' title='bbox 516 4576 829 4630; x_wconf 82' lang='lat' dir='ltr'><strong>Scribarum</strong></span> <span class='ocrx_word' id='word_1_728' title='bbox 848 4584 905 4632; x_wconf 89' lang='lat' dir='ltr'><strong>et</strong></span> <span class='ocrx_word' id='word_1_729' title='bbox 923 4575 1317 4633; x_wconf 70' lang='lat' dir='ltr'><strong>Pharisaeorum</strong></span> <span class='ocrx_word' id='word_1_730' title='bbox 1342 4581 1622 4637; x_wconf 88' lang='lat' dir='ltr'><strong>erroribus</strong></span> <span class='ocrx_word' id='word_1_731' title='bbox 1648 4590 1733 4637; x_wconf 87' lang='lat' dir='ltr'><strong>est</strong></span> <span class='ocrx_word' id='word_1_732' title='bbox 1759 4583 2006 4649; x_wconf 88' lang='lat' dir='ltr'><strong>liberata,</strong></span> <span class='ocrx_word' id='word_1_733' title='bbox 2030 4592 2087 4638; x_wconf 89' lang='lat' dir='ltr'><strong>et</strong></span> 
     </span>
    </p>
   </div>
   <div class='ocr_carea' id='block_1_92' title="bbox 514 4663 2086 4740">
    <p class='ocr_par' dir='ltr' id='par_1_92' title="bbox 514 4663 2086 4740">
     <span class='ocr_line' id='line_1_92' title="bbox 514 4663 2086 4740; baseline 0.006 -23"><span class='ocrx_word' id='word_1_734' title='bbox 514 4663 897 4732; x_wconf 84' lang='lat' dir='ltr'><strong>gravissimum</strong></span> <span class='ocrx_word' id='word_1_735' title='bbox 927 4665 1277 4721; x_wconf 91' lang='lat' dir='ltr'><strong>traditionum</strong></span> <span class='ocrx_word' id='word_1_736' title='bbox 1307 4665 1653 4724; x_wconf 85' lang='lat' dir='ltr'><strong>Judaicarum</strong></span> <span class='ocrx_word' id='word_1_737' title='bbox 1677 4669 1863 4740; x_wconf 88' lang='lat' dir='ltr'><strong>jugum</strong></span> <span class='ocrx_word' id='word_1_738' title='bbox 1891 4687 2086 4727; x_wconf 87' lang='lat' dir='ltr'><strong>excus-</strong></span> 
     </span>
    </p>
   </div>
   <div class='ocr_carea' id='block_1_93' title="bbox 513 4753 2083 4831">
    <p class='ocr_par' dir='ltr' id='par_1_93' title="bbox 513 4753 2083 4831">
     <span class='ocr_line' id='line_1_93' title="bbox 513 4753 2083 4831; baseline 0.005 -22"><span class='ocrx_word' id='word_1_739' title='bbox 513 4755 590 4809; x_wconf 90' lang='lat' dir='ltr'><strong>sit</strong></span> <span class='ocrx_word' id='word_1_740' title='bbox 616 4753 687 4809; x_wconf 94' lang='lat' dir='ltr'><strong>de</strong></span> <span class='ocrx_word' id='word_1_741' title='bbox 716 4755 1017 4812; x_wconf 87' lang='lat' dir='ltr'><strong>cervicibus</strong></span> <span class='ocrx_word' id='word_1_742' title='bbox 1045 4757 1189 4823; x_wconf 87' lang='lat' dir='ltr'><strong>suis,</strong></span> <span class='ocrx_word' id='word_1_743' title='bbox 1220 4767 1407 4827; x_wconf 90' lang='lat' dir='ltr'><strong>postea</strong></span> <span class='ocrx_word' id='word_1_744' title='bbox 1432 4774 1529 4830; x_wconf 86' lang='lat' dir='ltr'><strong>per</strong></span> <span class='ocrx_word' id='word_1_745' title='bbox 1554 4759 1902 4831; x_wconf 82' lang='lat' dir='ltr'><strong>Evangelium</strong></span> <span class='ocrx_word' id='word_1_746' title='bbox 1934 4763 2083 4817; x_wconf 81' lang='lat' dir='ltr'><strong>Pauli</strong></span> 
     </span>
    </p>
   </div>
   <div class='ocr_carea' id='block_1_94' title="bbox 512 4844 2082 4919">
    <p class='ocr_par' dir='ltr' id='par_1_94' title="bbox 512 4844 2082 4919">
     <span class='ocr_line' id='line_1_94' title="bbox 512 4844 2082 4919; baseline 0.005 -21"><span class='ocrx_word' id='word_1_747' title='bbox 512 4844 776 4914; x_wconf 89' lang='lat' dir='ltr'><strong>apostoli,</strong></span> <span class='ocrx_word' id='word_1_748' title='bbox 808 4845 899 4914; x_wconf 90' lang='lat' dir='ltr'><strong>qui</strong></span> <span class='ocrx_word' id='word_1_749' title='bbox 935 4846 1259 4903; x_wconf 88' lang='lat' dir='ltr'><strong>novissimus</strong></span> <span class='ocrx_word' id='word_1_750' title='bbox 1288 4849 1652 4919; x_wconf 87' lang='lat' dir='ltr'><strong>apostolorum</strong></span> <span class='ocrx_word' id='word_1_751' title='bbox 1678 4851 1921 4905; x_wconf 89' lang='lat' dir='ltr'><strong>omnium</strong></span> <span class='ocrx_word' id='word_1_752' title='bbox 1950 4851 2082 4918; x_wconf 88' lang='lat' dir='ltr'><strong>fuit,</strong></span> 
     </span>
    </p>
   </div>
   <div class='ocr_carea' id='block_1_95' title="bbox 515 4934 2081 5010">
    <p class='ocr_par' dir='ltr' id='par_1_95' title="bbox 515 4934 2081 5010">
     <span class='ocr_line' id='line_1_95' title="bbox 515 4934 2081 5010; baseline 0.006 -23"><span class='ocrx_word' id='word_1_753' title='bbox 515 4934 792 5004; x_wconf 77' lang='lat' dir='ltr'><strong>ingravate</strong></span> <span class='ocrx_word' id='word_1_754' title='bbox 820 4946 937 5002; x_wconf 91' lang='lat' dir='ltr'><strong>est,</strong></span> <span class='ocrx_word' id='word_1_755' title='bbox 970 4937 1024 4992; x_wconf 90' lang='lat' dir='ltr'><strong>id</strong></span> <span class='ocrx_word' id='word_1_756' title='bbox 1052 4948 1168 5004; x_wconf 89' lang='lat' dir='ltr'><strong>est,</strong></span> <span class='ocrx_word' id='word_1_757' title='bbox 1206 4939 1561 5009; x_wconf 88' lang='lat' dir='ltr'><strong>multiplicata</strong></span> <span class='ocrx_word' id='word_1_758' title='bbox 1595 4940 1912 5010; x_wconf 64' lang='lat' dir='ltr'><strong>praedicatio</strong></span> <span class='ocrx_word' id='word_1_759' title='bbox 1947 4942 2081 4998; x_wconf 90' lang='lat' dir='ltr'><strong>etin</strong></span> 
     </span>
    </p>
   </div>
   <div class='ocr_carea' id='block_1_96' title="bbox 514 5026 2083 5098">
    <p class='ocr_par' dir='ltr' id='par_1_96' title="bbox 514 5026 2083 5098">
     <span class='ocr_line' id='line_1_96' title="bbox 514 5026 2083 5098; baseline 0.004 -17"><span class='ocrx_word' id='word_1_760' title='bbox 514 5026 776 5082; x_wconf 87' lang='lat' dir='ltr'><strong>terminos</strong></span> <span class='ocrx_word' id='word_1_761' title='bbox 809 5028 1085 5098; x_wconf 87' lang='lat' dir='ltr'><strong>gentium,</strong></span> <span class='ocrx_word' id='word_1_762' title='bbox 1120 5041 1178 5084; x_wconf 88' lang='lat' dir='ltr'><strong>et</strong></span> <span class='ocrx_word' id='word_1_763' title='bbox 1207 5030 1353 5085; x_wconf 92' lang='lat' dir='ltr'><strong>viam</strong></span> <span class='ocrx_word' id='word_1_764' title='bbox 1391 5030 1632 5086; x_wconf 87' lang='lat' dir='ltr'><strong>universi</strong></span> <span class='ocrx_word' id='word_1_765' title='bbox 1669 5031 1835 5087; x_wconf 85' lang='lat' dir='ltr'><strong>maris</strong></span> <span class='ocrx_word' id='word_1_766' title='bbox 1877 5031 2083 5087; x_wconf 88' lang='lat' dir='ltr'><strong>Christi</strong></span> 
     </span>
    </p>
   </div>
   <div class='ocr_carea' id='block_1_97' title="bbox 511 5117 2081 5194">
    <p class='ocr_par' dir='ltr' id='par_1_97' title="bbox 511 5117 2081 5194">
     <span class='ocr_line' id='line_1_97' title="bbox 511 5117 2081 5194; baseline 0.005 -23"><span class='ocrx_word' id='word_1_767' title='bbox 511 5117 862 5188; x_wconf 85' lang='lat' dir='ltr'><strong>Evangeiium</strong></span> <span class='ocrx_word' id='word_1_768' title='bbox 911 5119 1202 5188; x_wconf 89' lang='lat' dir='ltr'><strong>splenduit.</strong></span> <span class='ocrx_word' id='word_1_769' title='bbox 1252 5120 1495 5190; x_wconf 89' lang='lat' dir='ltr'><strong>Denique</strong></span> <span class='ocrx_word' id='word_1_770' title='bbox 1537 5122 1716 5177; x_wconf 91' lang='lat' dir='ltr'><strong>omnis</strong></span> <span class='ocrx_word' id='word_1_771' title='bbox 1758 5123 1940 5188; x_wconf 90' lang='lat' dir='ltr'><strong>orbis,</strong></span> <span class='ocrx_word' id='word_1_772' title='bbox 1988 5126 2081 5194; x_wconf 90' lang='lat' dir='ltr'><strong>qui</strong></span> 
     </span>
    </p>
   </div>
   <div class='ocr_carea' id='block_1_98' title="bbox 510 5204 2084 5277">
    <p class='ocr_par' dir='ltr' id='par_1_98' title="bbox 510 5204 2084 5277">
     <span class='ocr_line' id='line_1_98' title="bbox 510 5204 2084 5277; baseline 0.006 -18"><span class='ocrx_word' id='word_1_773' title='bbox 510 5212 640 5260; x_wconf 87' lang='lat' dir='ltr'><strong>ante</strong></span> <span class='ocrx_word' id='word_1_774' title='bbox 668 5206 1010 5273; x_wconf 82' lang='lat' dir='ltr'><strong>ambulabat,</strong></span> <span class='ocrx_word' id='word_1_775' title='bbox 1042 5208 1127 5264; x_wconf 89' lang='lat' dir='ltr'><strong>vel</strong></span> <span class='ocrx_word' id='word_1_776' title='bbox 1155 5204 1379 5264; x_wconf 84' lang='lat' dir='ltr'><strong>sedebat</strong></span> <span class='ocrx_word' id='word_1_777' title='bbox 1402 5209 1456 5263; x_wconf 93' lang='lat' dir='ltr'><strong>in</strong></span> <span class='ocrx_word' id='word_1_778' title='bbox 1486 5211 1754 5277; x_wconf 90' lang='lat' dir='ltr'><strong>tenebris,</strong></span> <span class='ocrx_word' id='word_1_779' title='bbox 1781 5219 1839 5266; x_wconf 91' lang='lat' dir='ltr'><strong>et</strong></span> <span class='ocrx_word' id='word_1_780' title='bbox 1865 5213 2084 5269; x_wconf 89' lang='lat' dir='ltr'><strong>idolola-</strong></span> 
     </span>
    </p>
   </div>
   <div class='ocr_carea' id='block_1_99' title="bbox 507 5295 2077 5368">
    <p class='ocr_par' dir='ltr' id='par_1_99' title="bbox 507 5295 2077 5368">
     <span class='ocr_line' id='line_1_99' title="bbox 507 5295 2077 5368; baseline 0.007 -20"><span class='ocrx_word' id='word_1_781' title='bbox 507 5295 630 5349; x_wconf 79' lang='lat' dir='ltr'><strong>triae</strong></span> <span class='ocrx_word' id='word_1_782' title='bbox 673 5310 738 5350; x_wconf 88' lang='lat' dir='ltr'><strong>ac</strong></span> <span class='ocrx_word' id='word_1_783' title='bbox 781 5298 974 5353; x_wconf 90' lang='lat' dir='ltr'><strong>mortis</strong></span> <span class='ocrx_word' id='word_1_784' title='bbox 1018 5299 1250 5355; x_wconf 90' lang='lat' dir='ltr'><strong>vinculis</strong></span> <span class='ocrx_word' id='word_1_785' title='bbox 1295 5301 1600 5368; x_wconf 87' lang='lat' dir='ltr'><strong>tenebatur,</strong></span> <span class='ocrx_word' id='word_1_786' title='bbox 1646 5302 1852 5357; x_wconf 90' lang='lat' dir='ltr'><strong>clarum</strong></span> <span class='ocrx_word' id='word_1_787' title='bbox 1899 5304 2077 5359; x_wconf 87' lang='lat' dir='ltr'><strong>lumen</strong></span> 
     </span>
    </p>
   </div>
   <div class='ocr_carea' id='block_1_100' title="bbox 507 5388 1042 5461">
    <p class='ocr_par' dir='ltr' id='par_1_100' title="bbox 507 5388 1042 5461">
     <span class='ocr_line' id='line_1_100' title="bbox 507 5388 1042 5461; baseline 0.006 -18"><span class='ocrx_word' id='word_1_788' title='bbox 507 5388 787 5458; x_wconf 82' lang='lat' dir='ltr'><strong>Evangelii</strong></span> <span class='ocrx_word' id='word_1_789' title='bbox 812 5393 1042 5461; x_wconf 84' lang='lat' dir='ltr'><strong>aspexit.</strong></span> 
     </span>
    </p>
   </div>
   <div class='ocr_carea' id='block_1_101' title="bbox 581 5477 2077 5554">
    <p class='ocr_par' dir='ltr' id='par_1_101' title="bbox 581 5477 2077 5554">
     <span class='ocr_line' id='line_1_101' title="bbox 581 5477 2077 5554; baseline 0.006 -23"><span class='ocrx_word' id='word_1_790' title='bbox 581 5477 956 5535; x_wconf 81' lang='lat' dir='ltr'><strong>Habitantibus</strong></span> <span class='ocrx_word' id='word_1_791' title='bbox 991 5483 1049 5535; x_wconf 90' lang='lat' dir='ltr'><strong>in</strong></span> <span class='ocrx_word' id='word_1_792' title='bbox 1085 5483 1297 5554; x_wconf 83' lang='lat' dir='ltr'><strong>regione</strong></span> <span class='ocrx_word' id='word_1_793' title='bbox 1332 5483 1533 5538; x_wconf 74' lang='lat' dir='ltr'><strong>umbra:</strong></span> <span class='ocrx_word' id='word_1_794' title='bbox 1567 5484 1782 5548; x_wconf 84' lang='lat' dir='ltr'><strong>mortis,</strong></span> <span class='ocrx_word' id='word_1_795' title='bbox 1829 5483 1924 5540; x_wconf 66' lang='lat' dir='ltr'><strong>luat</strong></span> <span class='ocrx_word' id='word_1_796' title='bbox 1961 5494 2077 5540; x_wconf 86' lang='lat' dir='ltr'><strong>orta</strong></span> 
     </span>
    </p>
   </div>
   <div class='ocr_carea' id='block_1_102' title="bbox 503 5570 2079 5630">
    <p class='ocr_par' dir='ltr' id='par_1_102' title="bbox 503 5570 2079 5630">
     <span class='ocr_line' id='line_1_102' title="bbox 503 5570 2079 5630; baseline 0.003 -6"><span class='ocrx_word' id='word_1_797' title='bbox 503 5579 584 5624; x_wconf 77' lang='lat' dir='ltr'><strong>est</strong></span> <span class='ocrx_word' id='word_1_798' title='bbox 624 5571 720 5624; x_wconf 83' lang='lat' dir='ltr'><strong>eis.</strong></span> <span class='ocrx_word' id='word_1_799' title='bbox 766 5570 911 5626; x_wconf 86' lang='lat' dir='ltr'><strong>Inter</strong></span> <span class='ocrx_word' id='word_1_800' title='bbox 949 5581 1179 5626; x_wconf 83' lang='lat' dir='ltr'><strong>mortem</strong></span> <span class='ocrx_word' id='word_1_801' title='bbox 1219 5580 1273 5626; x_wconf 83' lang='lat' dir='ltr'><strong>et</strong></span> <span class='ocrx_word' id='word_1_802' title='bbox 1311 5574 1556 5628; x_wconf 88' lang='lat' dir='ltr'><strong>umbram</strong></span> <span class='ocrx_word' id='word_1_803' title='bbox 1590 5574 1784 5628; x_wconf 88' lang='lat' dir='ltr'><strong>mortis</strong></span> <span class='ocrx_word' id='word_1_804' title='bbox 1815 5573 1917 5628; x_wconf 87' lang='lat' dir='ltr'><strong>hoc</strong></span> <span class='ocrx_word' id='word_1_805' title='bbox 1958 5589 2079 5630; x_wconf 87' lang='lat' dir='ltr'><strong>esse</strong></span> 
     </span>
    </p>
   </div>
   <div class='ocr_carea' id='block_1_103' title="bbox 503 5663 2081 5737">
    <p class='ocr_par' dir='ltr' id='par_1_103' title="bbox 503 5663 2081 5737">
     <span class='ocr_line' id='line_1_103' title="bbox 503 5663 2081 5737; baseline 0.006 -24"><span class='ocrx_word' id='word_1_806' title='bbox 503 5669 676 5732; x_wconf 79' lang='lat' dir='ltr'><strong>puto,</strong></span> <span class='ocrx_word' id='word_1_807' title='bbox 724 5663 866 5717; x_wconf 77' lang='lat' dir='ltr'><strong>quod</strong></span> <span class='ocrx_word' id='word_1_808' title='bbox 914 5680 1061 5720; x_wconf 86' lang='lat' dir='ltr'><strong>mors</strong></span> <span class='ocrx_word' id='word_1_809' title='bbox 1110 5679 1297 5719; x_wconf 86' lang='lat' dir='ltr'><strong>corum</strong></span> <span class='ocrx_word' id='word_1_810' title='bbox 1348 5671 1470 5730; x_wconf 88' lang='lat' dir='ltr'><strong>cst,</strong></span> <span class='ocrx_word' id='word_1_811' title='bbox 1519 5665 1609 5734; x_wconf 85' lang='lat' dir='ltr'><strong>qui</strong></span> <span class='ocrx_word' id='word_1_812' title='bbox 1656 5680 1778 5720; x_wconf 87' lang='lat' dir='ltr'><strong>cum</strong></span> <span class='ocrx_word' id='word_1_813' title='bbox 1824 5666 2081 5737; x_wconf 82' lang='lat' dir='ltr'><strong>operibus</strong></span> 
     </span>
    </p>
   </div>
   <div class='ocr_carea' id='block_1_104' title="bbox 2559 4598 3366 4651">
    <p class='ocr_par' dir='ltr' id='par_1_104' title="bbox 2559 4598 3366 4651">
     <span class='ocr_line' id='line_1_104' title="bbox 2559 4598 3366 4651; baseline 0.009 -15"><span class='ocrx_word' id='word_1_814' title='bbox 2559 4598 2899 4639; x_wconf 70' lang='lat' dir='ltr'><strong>EVANGEIJUI</strong></span> <span class='ocrx_word' id='word_1_815' title='bbox 2935 4599 3107 4651; x_wconf 56' lang='lat' dir='ltr'><strong>Luca,</strong></span> <span class='ocrx_word' id='word_1_816' title='bbox 3145 4600 3263 4642; x_wconf 76' lang='lat' dir='ltr'><strong>GAP.</strong></span> <span class='ocrx_word' id='word_1_817' title='bbox 3305 4605 3366 4643; x_wconf 80' lang='grc'><strong>11.</strong></span> 
     </span>
    </p>
   </div>
   <div class='ocr_carea' id='block_1_105' title="bbox 2262 4669 3760 4738">
    <p class='ocr_par' dir='ltr' id='par_1_105' title="bbox 2262 4669 3760 4738">
     <span class='ocr_line' id='line_1_105' title="bbox 2262 4669 3760 4738; baseline 0.011 -16"><span class='ocrx_word' id='word_1_818' title='bbox 2262 4687 2279 4719; x_wconf 76' lang='grc' dir='ltr'><strong>ι</strong></span> <span class='ocrx_word' id='word_1_819' title='bbox 2320 4669 2542 4724; x_wconf 85' lang='lat' dir='ltr'><strong>Factum</strong></span> <span class='ocrx_word' id='word_1_820' title='bbox 2573 4679 2658 4726; x_wconf 89' lang='lat' dir='ltr'><strong>est</strong></span> <span class='ocrx_word' id='word_1_821' title='bbox 2684 4682 2865 4726; x_wconf 83' lang='lat' dir='ltr'><strong>autem</strong></span> <span class='ocrx_word' id='word_1_822' title='bbox 2892 4673 2945 4726; x_wconf 90' lang='lat' dir='ltr'><strong>in</strong></span> <span class='ocrx_word' id='word_1_823' title='bbox 2975 4675 3165 4730; x_wconf 81' lang='lat' dir='ltr'><strong>diebus</strong></span> <span class='ocrx_word' id='word_1_824' title='bbox 3194 4675 3319 4731; x_wconf 90' lang='lat' dir='ltr'><strong>illis.</strong></span> <span class='ocrx_word' id='word_1_825' title='bbox 3350 4678 3496 4734; x_wconf 81' lang='lat' dir='ltr'><strong>Exiit</strong></span> <span class='ocrx_word' id='word_1_826' title='bbox 3522 4682 3760 4738; x_wconf 88' lang='lat' dir='ltr'><strong>edictum</strong></span> 
     </span>
    </p>
   </div>
   <div class='ocr_carea' id='block_1_106' title="bbox 2191 4760 3750 4832">
    <p class='ocr_par' dir='ltr' id='par_1_106' title="bbox 2191 4760 3750 4832">
     <span class='ocr_line' id='line_1_106' title="bbox 2191 4760 3750 4832; baseline 0.012 -19"><span class='ocrx_word' id='word_1_827' title='bbox 2191 4781 2209 4811; x_wconf 78' lang='grc' dir='ltr'><strong>ι</strong></span> <span class='ocrx_word' id='word_1_828' title='bbox 2249 4778 2279 4814; x_wconf 90' lang='lat' dir='ltr'><strong>a</strong></span> <span class='ocrx_word' id='word_1_829' title='bbox 2327 4760 2540 4816; x_wconf 70' lang='lat' dir='ltr'><strong>Caesare</strong></span> <span class='ocrx_word' id='word_1_830' title='bbox 2585 4762 2858 4832; x_wconf 78' lang='lat' dir='ltr'><strong>Augusto,</strong></span> <span class='ocrx_word' id='word_1_831' title='bbox 2909 4774 2968 4819; x_wconf 90' lang='lat' dir='ltr'><strong>ut</strong></span> <span class='ocrx_word' id='word_1_832' title='bbox 3021 4767 3422 4826; x_wconf 87' lang='lat' dir='ltr'><strong>describeretnr</strong></span> <span class='ocrx_word' id='word_1_833' title='bbox 3466 4773 3750 4831; x_wconf 89' lang='lat' dir='ltr'><strong>universus</strong></span> 
     </span>
    </p>
   </div>
   <div class='ocr_carea' id='block_1_107' title="bbox 2191 4851 3754 4932">
    <p class='ocr_par' dir='ltr' id='par_1_107' title="bbox 2191 4851 3754 4932">
     <span class='ocr_line' id='line_1_107' title="bbox 2191 4851 3754 4932; baseline 0.012 -29"><span class='ocrx_word' id='word_1_834' title='bbox 2191 4872 2209 4902; x_wconf 74' lang='grc' dir='ltr'><strong>ε</strong></span> <span class='ocrx_word' id='word_1_835' title='bbox 2247 4852 2417 4906; x_wconf 80' lang='lat' dir='ltr'><strong>orbis.</strong></span> <span class='ocrx_word' id='word_1_836' title='bbox 2469 4851 2597 4907; x_wconf 65' lang='lat' dir='ltr'><strong>Haec</strong></span> <span class='ocrx_word' id='word_1_837' title='bbox 2635 4853 2926 4922; x_wconf 88' lang='lat' dir='ltr'><strong>descriptio</strong></span> <span class='ocrx_word' id='word_1_838' title='bbox 2962 4856 3137 4924; x_wconf 91' lang='lat' dir='ltr'><strong>prima</strong></span> <span class='ocrx_word' id='word_1_839' title='bbox 3178 4857 3319 4914; x_wconf 89' lang='lat' dir='ltr'><strong>facta</strong></span> <span class='ocrx_word' id='word_1_840' title='bbox 3355 4871 3439 4917; x_wconf 92' lang='lat' dir='ltr'><strong>est</strong></span> <span class='ocrx_word' id='word_1_841' title='bbox 3467 4878 3497 4917; x_wconf 91' lang='lat' dir='ltr'><strong>a</strong></span> <span class='ocrx_word' id='word_1_842' title='bbox 3525 4866 3754 4932; x_wconf 52' lang='lat' dir='ltr'><strong>praeside</strong></span> 
     </span>
    </p>
   </div>
   <div class='ocr_carea' id='block_1_108' title="bbox 2188 4941 3754 5021">
    <p class='ocr_par' dir='ltr' id='par_1_108' title="bbox 2188 4941 3754 5021">
     <span class='ocr_line' id='line_1_108' title="bbox 2188 4941 3754 5021; baseline 0.01 -27"><span class='ocrx_word' id='word_1_843' title='bbox 2188 4961 2209 4994; x_wconf 73' lang='grc' dir='ltr'><strong>ι</strong></span> <span class='ocrx_word' id='word_1_844' title='bbox 2244 4941 2417 5012; x_wconf 77' lang='lat' dir='ltr'><strong>Syriae</strong></span> <span class='ocrx_word' id='word_1_845' title='bbox 2453 4942 2673 5013; x_wconf 84' lang='lat' dir='ltr'><strong>Cyrino.</strong></span> <span class='ocrx_word' id='word_1_846' title='bbox 2719 4944 2788 4998; x_wconf 86' lang='lat' dir='ltr'><strong>Et</strong></span> <span class='ocrx_word' id='word_1_847' title='bbox 2825 4944 2976 4999; x_wconf 80' lang='lat' dir='ltr'><strong>ibant</strong></span> <span class='ocrx_word' id='word_1_848' title='bbox 3013 4961 3202 5002; x_wconf 90' lang='lat' dir='ltr'><strong>omnes</strong></span> <span class='ocrx_word' id='word_1_849' title='bbox 3249 4957 3309 5003; x_wconf 91' lang='lat' dir='ltr'><strong>ut</strong></span> <span class='ocrx_word' id='word_1_850' title='bbox 3348 4952 3754 5021; x_wconf 85' lang='lat' dir='ltr'><strong>proﬁterentur.</strong></span> 
     </span>
    </p>
   </div>
   <div class='ocr_carea' id='block_1_109' title="bbox 2190 5033 3757 5105">
    <p class='ocr_par' dir='ltr' id='par_1_109' title="bbox 2190 5033 3757 5105">
     <span class='ocr_line' id='line_1_109' title="bbox 2190 5033 3757 5105; baseline 0.013 -22"><span class='ocrx_word' id='word_1_851' title='bbox 2190 5055 2208 5083; x_wconf 71' lang='grc' dir='ltr'><strong>ε</strong></span> <span class='ocrx_word' id='word_1_852' title='bbox 2246 5033 2440 5105; x_wconf 78' lang='lat' dir='ltr'><strong>singuli</strong></span> <span class='ocrx_word' id='word_1_853' title='bbox 2470 5034 2526 5089; x_wconf 89' lang='lat' dir='ltr'><strong>in</strong></span> <span class='ocrx_word' id='word_1_854' title='bbox 2542 5035 2830 5091; x_wconf 76' lang='lat' dir='ltr'><strong>civitatem</strong></span> <span class='ocrx_word' id='word_1_855' title='bbox 2857 5051 3030 5091; x_wconf 88' lang='lat' dir='ltr'><strong>suam.</strong></span> <span class='ocrx_word' id='word_1_856' title='bbox 3060 5038 3322 5096; x_wconf 80' lang='lat' dir='ltr'><strong>Ascendit</strong></span> <span class='ocrx_word' id='word_1_857' title='bbox 3348 5051 3528 5098; x_wconf 89' lang='lat' dir='ltr'><strong>autem</strong></span> <span class='ocrx_word' id='word_1_858' title='bbox 3568 5056 3625 5101; x_wconf 87' lang='lat' dir='ltr'><strong>ct</strong></span> <span class='ocrx_word' id='word_1_859' title='bbox 3665 5047 3757 5103; x_wconf 75' lang='lat' dir='ltr'><strong>Jo-</strong></span> 
     </span>
    </p>
   </div>
   <div class='ocr_carea' id='block_1_110' title="bbox 2189 5125 3751 5204">
    <p class='ocr_par' dir='ltr' id='par_1_110' title="bbox 2189 5125 3751 5204">
     <span class='ocr_line' id='line_1_110' title="bbox 2189 5125 3751 5204; baseline 0.012 -29"><span class='ocrx_word' id='word_1_860' title='bbox 2189 5143 2208 5175; x_wconf 76' lang='grc' dir='ltr'><strong>ι</strong></span> <span class='ocrx_word' id='word_1_861' title='bbox 2246 5126 2376 5194; x_wconf 84' lang='lat' dir='ltr'><strong>seph</strong></span> <span class='ocrx_word' id='word_1_862' title='bbox 2419 5140 2450 5179; x_wconf 90' lang='lat' dir='ltr'><strong>a</strong></span> <span class='ocrx_word' id='word_1_863' title='bbox 2492 5125 2715 5181; x_wconf 75' lang='lat' dir='ltr'><strong>Galilaea</strong></span> <span class='ocrx_word' id='word_1_864' title='bbox 2749 5127 2819 5182; x_wconf 89' lang='lat' dir='ltr'><strong>de</strong></span> <span class='ocrx_word' id='word_1_865' title='bbox 2853 5127 3073 5185; x_wconf 88' lang='lat' dir='ltr'><strong>civitate</strong></span> <span class='ocrx_word' id='word_1_866' title='bbox 3111 5129 3375 5188; x_wconf 83' lang='lat' dir='ltr'><strong>Nazareth</strong></span> <span class='ocrx_word' id='word_1_867' title='bbox 3401 5134 3455 5189; x_wconf 92' lang='lat' dir='ltr'><strong>in</strong></span> <span class='ocrx_word' id='word_1_868' title='bbox 3480 5135 3751 5204; x_wconf 80' lang='lat' dir='ltr'><strong>Judaeam,</strong></span> 
     </span>
    </p>
   </div>
   <div class='ocr_carea' id='block_1_111' title="bbox 2188 5218 3755 5292">
    <p class='ocr_par' dir='ltr' id='par_1_111' title="bbox 2188 5218 3755 5292">
     <span class='ocr_line' id='line_1_111' title="bbox 2188 5218 3755 5292; baseline 0.01 -25"><span class='ocrx_word' id='word_1_869' title='bbox 2188 5235 2207 5267; x_wconf 74' lang='grc' dir='ltr'><strong>ι</strong></span> <span class='ocrx_word' id='word_1_870' title='bbox 2245 5218 2298 5271; x_wconf 83' lang='grc' dir='ltr'>ἰιι</span> <span class='ocrx_word' id='word_1_871' title='bbox 2343 5218 2617 5273; x_wconf 87' lang='lat' dir='ltr'><strong>civitatem</strong></span> <span class='ocrx_word' id='word_1_872' title='bbox 2658 5218 2862 5285; x_wconf 83' lang='lat' dir='ltr'><strong>David,</strong></span> <span class='ocrx_word' id='word_1_873' title='bbox 2907 5234 3029 5289; x_wconf 63' lang='lat' dir='ltr'><strong>qua:</strong></span> <span class='ocrx_word' id='word_1_874' title='bbox 3072 5230 3297 5277; x_wconf 84' lang='lat' dir='ltr'><strong>vocatur</strong></span> <span class='ocrx_word' id='word_1_875' title='bbox 3339 5224 3641 5292; x_wconf 85' lang='lat' dir='ltr'><strong>Bethleem,</strong></span> <span class='ocrx_word' id='word_1_876' title='bbox 3688 5244 3755 5281; x_wconf 82' lang='lat' dir='ltr'><strong>co</strong></span> 
     </span>
    </p>
   </div>
   <div class='ocr_carea' id='block_1_112' title="bbox 2187 5308 3753 5392">
    <p class='ocr_par' dir='ltr' id='par_1_112' title="bbox 2187 5308 3753 5392">
     <span class='ocr_line' id='line_1_112' title="bbox 2187 5308 3753 5392; baseline 0.012 -34"><span class='ocrx_word' id='word_1_877' title='bbox 2187 5327 2206 5358; x_wconf 74' lang='grc' dir='ltr'><strong>ι</strong></span> <span class='ocrx_word' id='word_1_878' title='bbox 2243 5308 2386 5377; x_wconf 89' lang='lat' dir='ltr'><strong>quod</strong></span> <span class='ocrx_word' id='word_1_879' title='bbox 2415 5316 2563 5364; x_wconf 85' lang='lat' dir='ltr'><strong>esset</strong></span> <span class='ocrx_word' id='word_1_880' title='bbox 2588 5310 2657 5365; x_wconf 90' lang='lat' dir='ltr'><strong>de</strong></span> <span class='ocrx_word' id='word_1_881' title='bbox 2682 5310 2846 5368; x_wconf 88' lang='lat' dir='ltr'><strong>domo</strong></span> <span class='ocrx_word' id='word_1_882' title='bbox 2872 5321 2930 5368; x_wconf 90' lang='lat' dir='ltr'><strong>et</strong></span> <span class='ocrx_word' id='word_1_883' title='bbox 2954 5312 3154 5371; x_wconf 81' lang='lat' dir='ltr'><strong>familia</strong></span> <span class='ocrx_word' id='word_1_884' title='bbox 3197 5316 3396 5385; x_wconf 87' lang='lat' dir='ltr'><strong>David,</strong></span> <span class='ocrx_word' id='word_1_885' title='bbox 3438 5331 3498 5376; x_wconf 90' lang='lat' dir='ltr'><strong>ut</strong></span> <span class='ocrx_word' id='word_1_886' title='bbox 3534 5322 3753 5392; x_wconf 80' lang='lat' dir='ltr'><strong>proﬁte-</strong></span> 
     </span>
    </p>
   </div>
   <div class='ocr_carea' id='block_1_113' title="bbox 2188 5399 3747 5481">
    <p class='ocr_par' dir='ltr' id='par_1_113' title="bbox 2188 5399 3747 5481">
     <span class='ocr_line' id='line_1_113' title="bbox 2188 5399 3747 5481; baseline 0.011 -32"><span class='ocrx_word' id='word_1_887' title='bbox 2188 5416 2206 5448; x_wconf 76' lang='grc' dir='ltr'><strong>ι</strong></span> <span class='ocrx_word' id='word_1_888' title='bbox 2240 5405 2392 5452; x_wconf 84' lang='lat' dir='ltr'><strong>retur</strong></span> <span class='ocrx_word' id='word_1_889' title='bbox 2414 5414 2535 5455; x_wconf 83' lang='lat' dir='ltr'><strong>cum</strong></span> <span class='ocrx_word' id='word_1_890' title='bbox 2562 5399 2727 5454; x_wconf 84' lang='lat' dir='ltr'><strong>Maria</strong></span> <span class='ocrx_word' id='word_1_891' title='bbox 2753 5402 3076 5473; x_wconf 85' lang='lat' dir='ltr'><strong>desponsata</strong></span> <span class='ocrx_word' id='word_1_892' title='bbox 3102 5405 3204 5462; x_wconf 90' lang='lat' dir='ltr'><strong>sibi</strong></span> <span class='ocrx_word' id='word_1_893' title='bbox 3227 5423 3398 5466; x_wconf 85' lang='lat' dir='ltr'><strong>uxore</strong></span> <span class='ocrx_word' id='word_1_894' title='bbox 3420 5418 3747 5481; x_wconf 80' lang='lat' dir='ltr'><strong>praegnante.</strong></span> 
     </span>
    </p>
   </div>
   <div class='ocr_carea' id='block_1_114' title="bbox 2186 5487 3748 5572">
    <p class='ocr_par' dir='ltr' id='par_1_114' title="bbox 2186 5487 3748 5572">
     <span class='ocr_line' id='line_1_114' title="bbox 2186 5487 3748 5572; baseline 0.013 -32"><span class='ocrx_word' id='word_1_895' title='bbox 2186 5505 2206 5537; x_wconf 73' lang='grc' dir='ltr'><strong>ι</strong></span> <span class='ocrx_word' id='word_1_896' title='bbox 2242 5487 2464 5543; x_wconf 83' lang='lat' dir='ltr'><strong>Factum</strong></span> <span class='ocrx_word' id='word_1_897' title='bbox 2493 5498 2578 5546; x_wconf 88' lang='lat' dir='ltr'><strong>est</strong></span> <span class='ocrx_word' id='word_1_898' title='bbox 2604 5500 2785 5547; x_wconf 86' lang='lat' dir='ltr'><strong>autem</strong></span> <span class='ocrx_word' id='word_1_899' title='bbox 2829 5509 2951 5550; x_wconf 90' lang='lat' dir='ltr'><strong>cum</strong></span> <span class='ocrx_word' id='word_1_900' title='bbox 3001 5508 3183 5554; x_wconf 82' lang='lat' dir='ltr'><strong>essent</strong></span> <span class='ocrx_word' id='word_1_901' title='bbox 3225 5502 3330 5568; x_wconf 89' lang='lat' dir='ltr'><strong>ibi,</strong></span> <span class='ocrx_word' id='word_1_902' title='bbox 3376 5503 3578 5572; x_wconf 85' lang='lat' dir='ltr'><strong>impleti</strong></span> <span class='ocrx_word' id='word_1_903' title='bbox 3622 5513 3748 5560; x_wconf 88' lang='lat' dir='ltr'><strong>sunt</strong></span> 
     </span>
    </p>
   </div>
   <div class='ocr_carea' id='block_1_115' title="bbox 2189 5578 3750 5667">
    <p class='ocr_par' dir='ltr' id='par_1_115' title="bbox 2189 5578 3750 5667">
     <span class='ocr_line' id='line_1_115' title="bbox 2189 5578 3750 5667; baseline 0.015 -39"><span class='ocrx_word' id='word_1_904' title='bbox 2189 5596 2206 5628; x_wconf 78' lang='grc' dir='ltr'><strong>ι</strong></span> <span class='ocrx_word' id='word_1_905' title='bbox 2241 5578 2358 5634; x_wconf 90' lang='lat' dir='ltr'><strong>dies</strong></span> <span class='ocrx_word' id='word_1_906' title='bbox 2386 5588 2443 5632; x_wconf 89' lang='grc' dir='ltr'><strong>ιιι</strong></span> <span class='ocrx_word' id='word_1_907' title='bbox 2472 5592 2710 5649; x_wconf 85' lang='lat' dir='ltr'><strong>pareret.</strong></span> <span class='ocrx_word' id='word_1_908' title='bbox 2751 5584 2821 5638; x_wconf 84' lang='lat' dir='ltr'><strong>Et</strong></span> <span class='ocrx_word' id='word_1_909' title='bbox 2856 5589 3066 5658; x_wconf 82' lang='lat' dir='ltr'><strong>peperit</strong></span> <span class='ocrx_word' id='word_1_910' title='bbox 3095 5589 3264 5644; x_wconf 91' lang='lat' dir='ltr'><strong>ﬁlium</strong></span> <span class='ocrx_word' id='word_1_911' title='bbox 3294 5606 3447 5645; x_wconf 90' lang='lat' dir='ltr'><strong>suum</strong></span> <span class='ocrx_word' id='word_1_912' title='bbox 3478 5591 3750 5667; x_wconf 78' lang='lat' dir='ltr'><strong>primoge-</strong></span> 
     </span>
    </p>
   </div>
   <div class='ocr_carea' id='block_1_116' title="bbox 2189 5670 3745 5747">
    <p class='ocr_par' dir='ltr' id='par_1_116' title="bbox 2189 5670 3745 5747">
     <span class='ocr_line' id='line_1_116' title="bbox 2189 5670 3745 5747; baseline 0.014 -24"><span class='ocrx_word' id='word_1_913' title='bbox 2189 5689 2206 5721; x_wconf 80' lang='grc' dir='ltr'><strong>ι</strong></span> <span class='ocrx_word' id='word_1_914' title='bbox 2244 5670 2445 5737; x_wconf 80' lang='lat' dir='ltr'><strong>nilum,</strong></span> <span class='ocrx_word' id='word_1_915' title='bbox 2491 5681 2543 5727; x_wconf 89' lang='lat' dir='ltr'><strong>et</strong></span> <span class='ocrx_word' id='word_1_916' title='bbox 2582 5675 2773 5743; x_wconf 83' lang='lat' dir='ltr'><strong>pannis</strong></span> <span class='ocrx_word' id='word_1_917' title='bbox 2815 5693 2938 5733; x_wconf 91' lang='lat' dir='ltr'><strong>cum</strong></span> <span class='ocrx_word' id='word_1_918' title='bbox 2983 5679 3235 5747; x_wconf 86' lang='lat' dir='ltr'><strong>involvit,</strong></span> <span class='ocrx_word' id='word_1_919' title='bbox 3276 5690 3331 5736; x_wconf 89' lang='lat' dir='ltr'><strong>et</strong></span> <span class='ocrx_word' id='word_1_920' title='bbox 3374 5683 3652 5742; x_wconf 68' lang='lat' dir='ltr'><strong>reclinavit</strong></span> <span class='ocrx_word' id='word_1_921' title='bbox 3691 5691 3745 5745; x_wconf 89' lang='lat' dir='ltr'><strong>in</strong></span> 
     </span>
    </p>
   </div>
  </div>
