3998 6198
243 273 315 327 23
1534 269 1885 327 SMARAGDI
1925 272 2219 330 ABBATIS
3411 284 3486 341 ἢὸ

250 405 267 432 ι
306 382 596 453 praesepio,
624 381 748 449 quia
777 395 883 433 non
914 387 1030 434 erat
1057 381 1107 434 ei
1135 380 1285 436 locus
1312 381 1365 436 in
1394 382 1712 438 diversorio.
1741 385 1808 439 Et
1837 391 1888 450 Α
1910 400 2166 457 prospera
2211 387 2392 442 mundi
2434 389 2593 443 simul
2634 398 2690 444 et
2733 390 2961 447 adversa
3005 401 3381 462 contemnere,
3429 406 3486 455 et

250 495 268 524 ‹
308 481 552 543 pastores
590 478 748 524 erant
777 471 828 524 in
862 471 1081 538 regione
1105 473 1297 526 eadem
1326 473 1612 550 vigilantes
1639 483 1697 528 et
1719 489 1813 530 cu-

250 583 268 614 ‹
307 563 602 618 stodientes
643 561 855 632 vigilias
892 562 1070 617 noctis
1099 575 1262 631 supra
1287 577 1505 632 gregem
1535 580 1710 618 suum.
1743 565 1814 621 Et

248 673 267 703 σ
305 667 430 708 ecce
455 650 676 720 angelus
715 648 928 704 Domini
970 650 1118 704 stetit
1152 649 1308 717 juxta
1343 649 1463 706 illos
1502 660 1560 706 et
1593 652 1814 709 claritas

247 764 269 796 ‹
305 745 402 799 Dei
445 741 800 798 circumfulsit
844 741 982 796 illos.
1029 742 1096 794 Et
1136 741 1434 797 timuerunt
1471 744 1664 800 timore
1693 761 1812 800 ma~

250 855 268 886 ε
303 847 436 904 guo,
477 842 532 888 et
573 833 710 887 dixit
749 832 858 886 illis
894 830 1155 900 angelus:
1196 831 1374 886 Nolite
1418 833 1630 888 timere.
1673 835 1812 891 Ecce

248 943 264 974 ι
303 923 446 977 enim
489 920 800 991 evangelizo
844 918 996 973 vobis
1041 919 1293 988 gaudium
1335 936 1624 991 magnum,
1669 925 1814 992 quod

248 1032 265 1061 ι
302 1012 406 1066 erit
433 1011 578 1065 omni
608 1009 804 1080 populo
823 1049 838 1074 ,
871 1009 997 1077 quia
1026 1018 1188 1064 natus
1215 1019 1298 1065 est
1334 1012 1490 1068 vobis
1517 1013 1678 1068 hodie
1706 1013 1813 1068 sal-

245 1124 264 1152 ε
303 1113 474 1168 vator,
505 1104 596 1173 qui
633 1110 716 1156 est
759 1099 1010 1156 Christus
1050 1102 1341 1168 Dominus,
1373 1102 1428 1158 in
1459 1105 1678 1160 civitate
1708 1107 1813 1160 Da-

248 1213 264 1244 ι
303 1194 412 1249 vid.
459 1193 527 1246 Et
574 1193 682 1246 hoc
719 1191 873 1246 vobis
918 1191 1170 1260 signum:
1214 1191 1503 1248 Invenietis
1551 1192 1810 1249 infantem

245 1301 263 1332 ι
298 1283 491 1352 pannis
545 1281 847 1336 involutum
882 1288 938 1334 et
965 1279 1202 1348 positum
1231 1279 1284 1335 in
1314 1282 1596 1351 praesepio.
1629 1283 1696 1336 Et
1721 1299 1813 1338 su-

243 1395 262 1428 c
300 1377 411 1432 hito
449 1375 590 1430 facta
616 1383 699 1430 est
727 1389 852 1429 cum
877 1373 1066 1444 angelo
1095 1373 1382 1428 multitudo
1411 1374 1619 1429 militiae
1647 1376 1811 1432 caele-

243 1488 262 1518 ι
299 1470 427 1536 stis,
470 1467 805 1524 laudantium
846 1467 1015 1522 Deum
1055 1475 1111 1521 et
1154 1467 1486 1521 dicentium:
1530 1467 1710 1524 Gloria
1753 1471 1809 1523 in

244 1579 262 1610 ε
301 1559 579 1614 altissimis
614 1559 746 1614 Deo.
776 1559 842 1612 Et
879 1558 933 1612 in
970 1565 1112 1612 terra
1152 1573 1261 1627 pax
1303 1559 1613 1615 hominibus
1655 1561 1810 1617 bonae

244 1670 262 1702 ι
300 1650 608 1705 voluntatis.
647 1669 665 1701 ›

306 1741 449 1795 Exiit
481 1741 705 1794 edictum
737 1758 770 1794 a
799 1737 1008 1795 Caesare
1043 1739 1306 1810 Augusto,
1340 1751 1396 1794 at
1426 1741 1803 1798 describeretur
1829 1730 1877 1789 Β

237 1832 506 1886 universus
549 1832 706 1886 orbis.
751 1830 872 1901 (Ex
903 1830 1106 1902 Beda.)
1135 1831 1251 1886 Non
1280 1833 1455 1886 solum
1484 1842 1664 1889 autem
1691 1837 1807 1892 haec

234 1938 372 1978 nova
414 1925 597 1978 mundi
643 1924 935 1993 descriptio
966 1923 1108 1978 illius
1155 1926 1351 1979 summi
1382 1926 1524 1997 regis
1554 1927 1803 1983 adventui

232 2013 600 2068 testimonium
629 2013 976 2082 perhibebat,
1010 2012 1102 2082 qui
1134 2022 1490 2084 congregatos
1511 2056 1525 2080 ,
1556 2031 1586 2070 a
1618 2018 1803 2072 mundi

229 2105 404 2176 plagis
444 2103 724 2170 omnibus,
764 2103 966 2159 electos
1010 2119 1168 2170 suos,
1200 2111 1418 2158 aeternae
1458 2105 1805 2161 beatitudinis

231 2200 354 2255 albo
393 2198 793 2264 conscriberet,
831 2198 1186 2253 verumetiam
1225 2196 1467 2267 ejusdem
1516 2201 1665 2270 regni
1708 2202 1806 2256 du-

231 2305 354 2357 ces,
390 2290 571 2358 quieta
602 2287 683 2343 sui
717 2287 1101 2343 moderaminis
1129 2302 1263 2358 pace
1285 2286 1528 2356 juvabat.
1561 2289 1699 2356 Quia
1724 2290 1805 2344 ni-

230 2381 429 2436 mirum
479 2379 804 2449 compressis
852 2393 883 2434 a
937 2378 1243 2448 przeliorum
1293 2379 1506 2434 turbine
1555 2381 1805 2459 gentibus

227 2473 497 2528 universis
517 2511 532 2538 ,
560 2471 951 2542 praedicaturus
977 2470 1095 2525 orbi
1123 2469 1326 2525 Christi
1352 2469 1670 2540 discipulos,
1697 2486 1804 2541 quo

227 2564 360 2620 libet
400 2572 624 2633 propter
667 2561 891 2616 verbum
939 2561 1021 2615 ire
1058 2557 1287 2624 vellent,
1332 2561 1399 2616 ab
1440 2561 1800 2632 ingruentium

225 2654 442 2712 fervore
481 2654 834 2716 seditionum,
883 2649 1164 2706 tremenda
1202 2650 1257 2706 id
1304 2653 1592 2722 temporis,
1631 2660 1690 2707 ut
1725 2653 1802 2708 ita

226 2746 455 2801 dixerim
484 2786 498 2810 ,
528 2742 758 2798 Romani
803 2742 1040 2798 nominis
1073 2742 1262 2796 umbra
1291 2744 1624 2813 protegebat.
1658 2745 1804 2799 Exiit

226 2850 357 2908 ergo
387 2835 622 2890 edictum
655 2848 686 2888 a
715 2831 929 2888 Caesare
967 2832 1242 2904 Augusto,
1286 2840 1343 2888 ut
1382 2848 1606 2890 censum
1643 2834 1805 2906 profl-

226 2935 433 2982 teretur
477 2919 762 2979 universus
802 2923 979 2989 orbis,
1027 2925 1154 2994 quia
1202 2925 1517 2980 imminebat
1564 2927 1801 2982 edictum

224 3017 369 3088 regis
396 3013 618 3080 Christi,
649 3031 756 3085 quo
780 3015 1007 3069 salutem
1045 3023 1471 3083 consequeretur
1512 3016 1797 3071 universus

221 3104 404 3173 orbis,
448 3108 540 3176 qui
581 3103 903 3160 vocabulum
944 3103 1172 3172 Augusti
1217 3102 1611 3172 perfectissime
1650 3117 1798 3159 com-

222 3198 377 3268 plens
395 3237 410 3262 ,
439 3201 500 3251 ut
525 3203 652 3267 pote
678 3209 804 3251 suos
831 3201 885 3249 et
911 3207 1201 3264 augescere
1228 3193 1569 3258 desiderans,
1601 3201 1658 3249 et
1685 3195 1798 3265 ipse

223 3291 421 3356 augere
461 3285 763 3352 sufﬁciens,
796 3283 1114 3340 censoribus
1153 3295 1264 3338 suae
1297 3279 1650 3353 professionis
1687 3299 1796 3340 non

227 3376 501 3431 ablatione
535 3375 781 3444 pecunim
821 3372 1123 3442 subjectos,
1155 3372 1251 3427 sed
1280 3371 1406 3427 fidei
1429 3373 1700 3428 oblatione
1724 3373 1798 3428 si-

225 3480 393 3534 gnare
419 3464 677 3534 praecepit
702 3481 716 3518 :
749 3463 969 3528 Euntes,
1001 3463 1280 3532 inquiens,
1311 3463 1366 3517 in
1393 3462 1648 3517 mundum
1679 3465 1797 3517 uni-

222 3565 457 3622 rersunt,
487 3555 768 3625 prmdicate
811 3553 1153 3625 Evangeiium
1191 3555 1333 3608 omni
1375 3562 1629 3609 creatura:
1658 3557 1797 3626 :‘qui

225 3643 506 3699 crediderit
529 3654 578 3700 et
605 3646 901 3716 baptizatus
927 3645 1085 3716 fuerit
1107 3645 1283 3700 salvus
1308 3646 1403 3700 erit
1431 3645 1625 3719 (Marc.
1658 3647 1791 3719 xvr).

295 3731 426 3788 ch
475 3734 756 3804 descriptio
793 3735 964 3804 prima
1006 3735 1149 3804 facta
1190 3745 1286 3788 est.
1332 3735 1614 3806 Signiﬁcat
1655 3736 1795 3791 hanc

225 3823 645 3893 descriptionem
683 3823 768 3878 vel
803 3823 1032 3893 primam
1075 3837 1195 3879 esse
1237 3837 1422 3880 earum
1467 3836 1586 3893 quae
1621 3832 1793 3880 totum
1815 3807 1833 3828 ’

219 3913 406 3970 orbem
435 3914 834 3980 concluserint,
865 3915 992 3984 quia
1019 3914 1286 3984 pleraeque
1319 3914 1430 3984 jam
1468 3920 1649 3983 partes
1687 3923 1794 3969 ter-

224 4019 408 4059 rarum
454 4019 596 4076 saepe
638 4005 889 4076 leguntur
934 4003 1100 4058 fuisse
1146 4004 1461 4072 descripta},
1511 4000 1595 4057 vel
1642 4011 1794 4058 certe

220 4093 398 4162 primo
427 4101 554 4150 tunc
592 4095 820 4163 coepisse
838 4133 853 4159 ,
881 4095 1099 4162 quando
1128 4093 1420 4164 Cyrenius,
1451 4093 1538 4148 vir
1561 4110 1700 4149 unus
1726 4109 1792 4149 ex

221 4197 489 4239 consensu
516 4184 681 4240 curia:
719 4185 997 4250 Romamn,
1028 4197 1058 4237 a
1088 4183 1322 4250 Caesare,
1345 4183 1434 4252 jus
1463 4185 1594 4238 dare
1620 4185 1793 4254 genti-

217 4272 322 4326 bus
341 4309 356 4336 ,
387 4270 601 4343 Syriam
633 4274 832 4329 missus
859 4283 962 4328 est.
996 4273 1277 4340 Quomodo
1305 4281 1462 4340 tunc,
1492 4273 1791 4345 imperante

216 4362 461 4432 Augusto
485 4371 540 4417 et
567 4363 800 4434 Cyrenio
821 4365 1168 4432 praesidente,
1194 4366 1346 4421 ibant
1367 4379 1556 4420 omnes
1581 4373 1641 4419 ut
1667 4379 1792 4419 cen-

219 4469 341 4507 sum
369 4454 776 4521 profiterentur,
807 4454 1004 4522 singuli
1035 4455 1088 4508 in
1116 4471 1266 4510 suam
1295 4456 1572 4510 civitatem
1593 4495 1607 4520 ,
1636 4455 1710 4508 ita
1736 4464 1790 4510 et

216 4558 363 4596 nunc
387 4542 684 4612 imperante
708 4558 804 4611 per
833 4542 1086 4598 Ecclesia:
1129 4543 1416 4611 praesides,
1447 4544 1500 4596 id
1541 4551 1654 4606 est,
1696 4545 1789 4598 do-

217 4640 428 4696 ctores,
457 4631 567 4686 imo
605 4631 865 4685 suadente
889 4638 946 4685 et
971 4631 1194 4698 praemia
1221 4629 1509 4698 pollicente
1535 4629 1752 4684 Christo
1770 4669 1785 4693 ,

216 4736 404 4776 eamus
442 4736 660 4785 omnes,
705 4719 884 4776 nullus
921 4719 1226 4789 excipiatur
1265 4734 1296 4772 a
1335 4734 1500 4773 censu
1524 4719 1782 4789 justitite,

218 4812 500 4868 veniamus
527 4813 594 4868 ad
621 4828 745 4868 eum
773 4811 864 4881 qui
904 4810 1210 4865 laboramus
1233 4816 1288 4864 et
1315 4809 1526 4864 onerati
1569 4825 1784 4875 sumus,

213 4914 269 4958 et
297 4905 412 4975 ipse
441 4905 648 4960 reficiet
677 4919 794 4960 nos.
828 4903 1103 4958 Tollamus
1121 4903 1307 4972 jugum
1335 4900 1452 4970 ejus
1479 4916 1641 4971 super
1666 4917 1784 4968 nos,

213 5005 269 5050 et
297 4995 568 5052 discamus
594 4996 662 5050 ab
701 5009 766 5051 eo
797 4995 922 5064 quia
961 4994 1108 5048 mitis
1138 5003 1224 5049 est
1247 5002 1303 5048 et
1331 4993 1550 5048 humilis
1589 4994 1781 5059 corde,

212 5098 270 5142 ct
312 5088 648 5144 inveniemus
685 5088 926 5158 requiem
967 5088 1252 5143 animabus
1288 5087 1508 5142 nostris.
1553 5086 1678 5142 llaec
1702 5093 1786 5140 est

213 5179 356 5233 enim
412 5189 597 5235 nostra
645 5180 840 5236 civitas
895 5189 952 5236 et
998 5180 1212 5250 patria,
1266 5180 1482 5249 requies
1538 5180 1786 5234 videlicet

213 5269 372 5324 beata
398 5278 455 5324 et
479 5270 719 5325 caelestis
759 5270 1064 5326 animarum
1087 5310 1102 5336 ,
1134 5272 1202 5326 ad
1229 5287 1392 5340 quam
1421 5271 1676 5325 nimirum
1706 5270 1783 5324 ci-

211 5359 438 5415 vitatem
480 5360 630 5429 pacis
670 5369 725 5415 et
760 5361 960 5430 quietis
1002 5361 1082 5416 ire
1119 5370 1174 5415 et
1210 5362 1399 5415 devote
1441 5361 1554 5430 regi
1594 5369 1781 5415 nostro

211 5448 527 5504 thesaurum
567 5449 802 5515 referre,
835 5459 919 5504 est
945 5451 1314 5506 crescentibus
1341 5450 1582 5518 quotidie
1610 5451 1782 5504 virtu-

212 5542 286 5594 tis
333 5557 398 5596 ac
443 5543 564 5598 fidei
613 5542 946 5613 profectibus
996 5557 1242 5612 superna:
1283 5541 1446 5606 lucis,
1492 5556 1612 5609 qum
1656 5549 1780 5594 sunt

220 5631 413 5700 gaudia
444 5643 643 5689 aeterna
711 5633 1008 5704 speculari,
1040 5642 1091 5687 et
1131 5648 1225 5702 pro
1268 5633 1351 5686 his
1396 5631 1738 5699 acquirendis
1763 5672 1776 5697 ,

1915 477 2002 533 his
2029 478 2310 548 acquisitis
2327 519 2342 543 ,
2370 480 2654 534 mundatus
2679 496 2778 536 uos
2800 482 2869 536 ab
2895 483 3044 538 omni
3072 483 3483 554 inquinamento

1915 567 2124 633 carnis,
2172 577 2230 622 et
2284 567 2545 636 spiritus,
2592 569 2883 638 pretiosius
2939 586 3072 626 auro
3129 573 3240 628 Deo
3289 590 3485 632 munus

1913 654 2127 712 oﬂ'erre.
2162 657 2436 726 Sequitur.

1983 748 2229 802 Ascendit
2271 757 2447 802 autem
2493 757 2541 802 et
2593 748 2788 820 Joseph
2830 767 2864 803 a
2902 749 3126 804 Calilwa
3170 751 3234 805 de
3279 753 3485 807 civitate

1915 837 2183 892 Nazaretlt
2201 879 2215 904 ,
2244 840 2300 893 in
2327 839 2574 894 Judwam
2601 842 2862 895 civitatem
2889 841 3058 896 David
3077 882 3092 908 ,
3125 861 3241 912 qua:
3269 855 3484 898 vocatur

1912 926 2208 994 Bethleem,
2250 938 2298 983 et
2343 929 2563 1001 reliqua.
2605 929 2724 1003 (Ex
2751 932 2914 986 Beda.
2941 931 2960 1002 )
2992 932 3188 1003 Joseph
3209 974 3224 1001 ,
3256 945 3479 1002 auctus,

1912 1019 1996 1074 vel
2049 1029 2399 1092 augmentum
2453 1004 2862 1092 interpretatur.
2915 1025 3176 1093 Galilaea,
3228 1030 3480 1083 transmi-

1912 1112 2114 1181 gratio,
2152 1113 2488 1178 volubilitas,
2525 1125 2678 1180 rota,
2712 1116 2795 1172 vel
2823 1117 3132 1185 confessio;
3175 1119 3475 1188 Nazareth,

1909 1204 2037 1272 flos,
2084 1207 2410 1275 virgultum,
2459 1209 2546 1262 vel
2593 1211 2914 1277 munditia;
2944 1209 3130 1266 Iudaea
3177 1211 3478 1279 confessio,

1911 1297 2024 1352 sive
2065 1296 2408 1367 glorificans;
2451 1298 2762 1363 Bethleem,
2802 1300 2995 1356 domus
3029 1302 3221 1370 panis;
3272 1302 3474 1366 David,

1909 1386 2278 1454 fortis‘manu,
2313 1389 2395 1443 vel
2421 1387 2798 1445 desiderabilis
2829 1391 3231 1460 interpretatur.
3273 1391 3480 1446 Nomen

1907 1477 2126 1546 quidem
2155 1478 2281 1533 inde
2309 1489 2595 1545 mutuans,
2626 1479 2770 1548 quod
2799 1481 3070 1550 gigantem
3099 1482 3316 1536 fortiter
3343 1491 3482 1537 stra-

1907 1571 2080 1634 verit,
2113 1576 2167 1624 et
2192 1570 2416 1640 pulcher
2443 1579 2661 1640 aspectu
2701 1571 3004 1640 decoraque
3035 1571 3172 1626 facie
3203 1570 3384 1627 fuerit.
3413 1571 3480 1626 ll-

1907 1657 2019 1713 lum
2067 1658 2276 1714 scilicet
2321 1659 2389 1714 de
2433 1674 2530 1714 sua
2583 1660 2744 1714 domo
2789 1675 2854 1714 ac
2898 1659 3100 1713 familia
3145 1659 3478 1714 nasciturum

1904 1747 2293 1820 praefigurans,
2330 1749 2423 1819 qui
2462 1748 2810 1820 singulariter
2833 1749 3018 1802 mundi
3053 1749 3351 1818 principem
3389 1749 3480 1804 de-

1904 1838 2133 1894 bellaret
2151 1875 2166 1906 ,
2196 1841 2463 1909 speciosus
2507 1840 2678 1909 {arma
2702 1854 2811 1908 prae
2835 1839 2960 1908 ﬁliis
2984 1839 3253 1892 hominum
3284 1839 3302 1907 (
3326 1838 3474 1894 Psal.

1903 1926 2080 2000 XLIV):
2106 1938 2160 1986 et
2208 1930 2322 1999 ipse
2349 1929 2404 1982 in
2431 1929 2708 1984 Bethleem
2737 1938 2900 1984 natus
2924 1937 3036 1995 est,
3057 1938 3118 1982 ut
3141 1929 3477 1984 intellectua-

1904 2018 2035 2074 lium
2064 2026 2248 2089 pastor
2276 2027 2422 2074 esset
2447 2020 2628 2074 ovium
2644 2060 2658 2084 ,
2687 2020 2790 2075 hoc
2813 2028 2924 2085 est,
2949 2020 3274 2090 simplicium
3300 2029 3478 2076 rector

1904 2109 2230 2164 animarum.

1971 2197 2201 2254 Factum
2228 2208 2303 2255 est
2329 2209 2504 2256 autem
2534 2215 2651 2253 cum
2681 2207 2810 2254 esset
2839 2199 2946 2266 ibi,
2975 2197 3170 2270 impleti
3197 2209 3317 2254 sunt
3343 2199 3472 2266 dies,

1902 2300 1959 2344 ut
1983 2299 2217 2360 pareret,
2246 2299 2294 2344 et
2324 2290 2522 2360 peperit
2549 2289 2720 2358 ﬁlium
2751 2305 2904 2343 suum
2927 2289 3344 2359 primogenitum.
3375 2287 3476 2343 Be-

1902 2396 2004 2447 ue,
2042 2396 2149 2436 non
2189 2380 2364 2436 solum
2392 2389 2615 2450 propter
2653 2379 2912 2436 iudicium
2953 2380 3089 2448 regii
3131 2381 3479 2448 stemmatis:

1902 2468 1997 2525 sed
2025 2478 2247 2540 propter
2272 2469 2509 2524 nominis
2538 2477 2968 2533 sacramentum,
3001 2468 3263 2524 Dominus
3290 2471 3344 2524 in
3372 2471 3473 2526 Bc-

1903 2561 2099 2616 thleem
2146 2561 2406 2616 nascitur.
2454 2558 2577 2630 (Ex
2611 2557 2870 2629 Gregor.)
2919 2559 3196 2614 Bethleem
3243 2575 3475 2628 namque

1902 2651 2093 2706 domus
2134 2650 2290 2719 panis
2334 2650 2743 2719 interpretatur,
2791 2648 2907 2718 ipse
2952 2664 3186 2718 namque
3225 2658 3336 2714 est,
3380 2651 3474 2719 qui

1901 2739 2021 2794 ait:
2072 2739 2188 2809 Ego
2233 2755 2352 2794 sum
2395 2738 2546 2808 panis
2595 2739 2770 2803 vivus,
2817 2737 2907 2816 qui
2953 2737 3017 2790 de
3063 2737 3190 2791 caelo
3232 2739 3474 2792 descendi

1903 2829 2104 2903 (Joan.
2131 2829 2251 2892 v1).
2298 2829 2476 2884 Locus
2520 2843 2678 2898 ergo,
2727 2827 2782 2882 in
2827 2842 2934 2896 quo
2976 2827 3236 2884 Dominus
3279 2843 3472 2884 nasce-

1901 2933 2073 2990 retur,
2121 2925 2312 2980 domus
2360 2924 2516 2994 panis
2559 2932 2687 2978 ante
2727 2932 2950 2978 vocatus
2995 2933 3113 2990 est,
3151 2925 3276 2994 quia
3325 2923 3470 2978 futu-

1901 3032 2022 3071 rum
2050 3024 2168 3070 erat
2194 3023 2254 3070 ut
2279 3015 2368 3070 ille
2396 3029 2493 3084 per
2517 3013 2801 3068 materiam
2827 3013 3006 3068 carnis
3032 3022 3347 3083 appareret,
3375 3015 3469 3083 qui

1899 3106 2193 3162 electorum
2230 3112 2440 3160 mentes
2480 3103 2689 3159 interna
2733 3105 2983 3160 satietate
3023 3105 3290 3160 reticeret.
3344 3104 3362 3175 (
3385 3105 3467 3159 Ea:

1899 3195 2108 3267 Beda.)
2150 3195 2258 3251 Sed
2299 3202 2355 3249 et
2394 3207 2566 3264 usque
2607 3192 2768 3248 hodie
2802 3200 2858 3247 et
2893 3207 3065 3263 usque
3108 3193 3177 3247 ad
3218 3207 3470 3248 consum-

1896 3289 2190 3343 mationem
2245 3285 2429 3342 saeculi
2466 3285 2725 3340 Dominus
2766 3284 2820 3338 in
2861 3283 3127 3338 Nazareth
3168 3283 3375 3352 concipi
3415 3292 3470 3339 et

1897 3379 1952 3434 in
1972 3377 2427 3435 Bethleemnasci
2457 3393 2564 3432 non
2595 3378 2791 3432 desinit
2809 3415 2825 3442 ,
2852 3391 2974 3431 cum
2999 3375 3224 3445 quilibet
3251 3376 3470 3430 audien-

1898 3469 2033 3523 tium
2052 3509 2069 3534 ,
2096 3468 2248 3524 verbi
2284 3467 2414 3524 flore
2444 3475 2726 3537 suscepto,
2758 3466 2978 3521 domum
3010 3480 3069 3520 se
3097 3465 3281 3519 aeterni
3312 3465 3469 3533 panis

1894 3561 2076 3616 efﬁcit.
2125 3560 2378 3628 Quotidie
2444 3563 2498 3617 in
2543 3568 2700 3617 utero
2755 3559 3037 3632 virginali,
3089 3560 3191 3615 hoc
3245 3567 3359 3624 est,
3411 3559 3465 3612 in

1894 3651 2091 3721 animo,
2121 3650 2458 3706 credentium
2500 3661 2600 3719 per
2645 3649 2806 3704 fidem
2854 3649 3174 3720 concipitur,
3221 3664 3317 3718 per
3358 3648 3462 3703 Ba-

1893 3741 2093 3810 ptisms
2146 3741 2405 3811 gignitur.
2465 3738 2713 3806 Quotidie
2763 3738 2992 3809 genitrix
3047 3739 3140 3793 Dei
3189 3737 3464 3803 Ecclesia,

1894 3842 2050 3883 suum
2080 3828 2337 3883 comitata
2363 3836 2670 3892 auctorem,
2700 3825 2767 3882 de
2795 3835 2912 3881 rota
2941 3826 3224 3880 mundanae
3245 3839 3468 3881 conver-

1892 3918 2152 3982 sationis,
2205 3918 2348 3986 quod
2391 3916 2609 3972 Galiltea
2660 3923 2842 3980 sonat,
2886 3916 2942 3970 in
2981 3916 3257 3970 civitatem
3292 3913 3461 3980 Juda,

1893 4007 2248 4064 confessionis
2300 4005 2550 4060 videlicet
2596 4013 2650 4058 et
2694 4004 2905 4066 laudis,
2961 4004 3285 4069 ascendens,
3333 4018 3462 4064 cen-

1893 4115 2014 4154 sum
2063 4114 2175 4154 suze
2226 4097 2527 4152 devotionis
2573 4103 2777 4150 aeterno
2819 4094 2952 4164 Regi
2997 4093 3273 4164 persolvit.
3332 4095 3463 4161 Qua:

1893 4188 1947 4242 in
1990 4186 2297 4256 exemplum
2337 4187 2510 4240 beata:
2553 4199 2767 4254 semper
2807 4183 3033 4254 virginis
3076 4183 3256 4238 Mariae
3295 4192 3460 4253 nupta

1893 4280 2054 4336 simul
2081 4288 2136 4335 et
2160 4279 2504 4334 immaculata
2534 4277 2770 4346 concipit
2808 4291 2905 4332 nos
2939 4277 3092 4347 virgo
3121 4276 3186 4330 de
3225 4275 3416 4344 spiritu
3438 4316 3453 4340 ,

1894 4372 2036 4442 parit
2068 4387 2169 4426 nos
2209 4371 2360 4440 virgo
2397 4369 2514 4424 sine
2549 4368 2782 4439 gemitu,
2823 4373 2880 4421 et
2917 4366 3070 4436 quasi
3109 4365 3202 4420 alii
3243 4363 3461 4435 quidem

1897 4463 2219 4531 desponsata
2238 4501 2252 4526 ,
2281 4461 2376 4514 sed
2402 4459 2470 4512 ab
2499 4459 2604 4513 alio
2640 4458 2924 4514 fecundata
2942 4497 2956 4523 ,
2988 4474 3084 4528 per
3114 4456 3351 4527 singulas
3379 4456 3464 4511 sui

1895 4559 2110 4620 partes,
2157 4564 2277 4618 qua:
2317 4564 2480 4603 unam
2521 4547 2854 4602 Catholicam
2896 4545 3134 4606 faciunt,
3171 4543 3462 4612 przeposito
3514 4548 3518 4549 “

1894 4642 1999 4696 sibi
2026 4640 2268 4711 pontifici
2319 4639 2607 4695 visibilitcr
2631 4638 2892 4709 jungitur,
2927 4637 3020 4691 sed
3049 4633 3303 4689 invisibili
3333 4633 3458 4701 Spi-

1895 4731 2032 4785 ritus
2059 4730 2230 4785 sancti
2257 4730 2456 4784 virtute
2485 4727 2806 4783 cumulatur.
2841 4725 2991 4781 Unde
3018 4732 3074 4778 et
3099 4723 3237 4778 bene
3261 4719 3461 4791 Joseph

1895 4829 2085 4875 auctus
2130 4812 2540 4888 interpretatur,
2585 4816 2830 4872 indicans
2871 4813 3127 4868 nimirum
3164 4811 3268 4865 hoc
3302 4825 3462 4864 voca-

1887 4910 2044 4975 bulo,
2077 4909 2222 4980 quod
2252 4909 2512 4962 instantia
2541 4905 2784 4977 magistri
2812 4903 3080 4972 loquentis
3105 4901 3180 4954 nil
3205 4899 3380 4966 valet,
3414 4899 3459 4955 si

1885 5012 1994 5054 non
2014 5005 2360 5066 augmentum
2389 4993 2604 5065 superni
2630 4992 2951 5064 juvaminis,
2981 4998 3042 5044 ut
3069 4990 3339 5054 audiatur,
3368 5005 3461 5044 ac-

1887 5086 2115 5154 ceperit.
2130 5083 2282 5151 Quod
2304 5091 2484 5138 autem
2516 5082 2680 5136 [ilium
2704 5095 2861 5136 suum
2888 5078 3306 5150 primogenitum
3343 5077 3456 5132 Ma—

1887 5178 1968 5232 ria
1993 5175 2270 5247 peperisse
2298 5173 2643 5236 describitur,
2673 5187 2778 5226 non
2805 5167 2964 5238 juxta
3001 5168 3342 5224 llelvidianos
3371 5183 3462 5223 ac-

1886 5264 2193 5335 cipiendum
2223 5272 2340 5329 est,
2369 5262 2504 5316 alios
2530 5275 2744 5330 quoque
2779 5259 2920 5314 filios
2955 5274 3074 5314 eam
3111 5273 3455 5329 procreassc,

1885 5356 2038 5426 quasi
2092 5363 2324 5424 nequeat
2361 5350 2754 5421 primogenitus
2802 5350 2938 5412 dici,
2977 5350 3081 5404 nisi
3134 5350 3226 5419 qui
3262 5349 3459 5404 habeat

1887 5449 2112 5509 fratres,
2141 5448 2280 5501 sicut
2315 5462 2421 5500 non
2460 5444 2769 5514 unigenitus
2813 5444 2915 5498 nisi
2955 5445 3046 5514 qui
3091 5452 3242 5499 caret
3279 5442 3459 5496 fratri-

1839 5533 1841 5535 ’
1886 5540 2016 5602 bus,
2056 5537 2191 5592 solet
2226 5537 2498 5607 appellari.
2538 5535 2672 5602 Quia
2709 5545 2763 5590 et
2803 5535 3170 5591 testimonium
3208 5534 3374 5604 legis,
3403 5541 3462 5588 et

1887 5628 2172 5684 manifesta
2213 5628 2351 5680 ratio
2386 5627 2655 5694 declarat,
2694 5643 2880 5684 omnes
2916 5626 3253 5697 unigenitos,
3292 5625 3457 5679 etiam
