3994 6204
279 304 354 360 25
1089 290 1604 353 COLLECTIONES
1636 293 1706 351 IN
1745 288 2124 351 EPISTOLAS
2162 289 2252 349 ET
2288 292 2700 350 EVANGELIA.
3453 288 3524 345 26

280 409 697 487 pﬂmogeniws,
726 421 833 461 non
863 411 1043 460 autem
1069 420 1259 460 omnes
1282 404 1673 475 primogenitos
1699 404 1860 458 etiam
1887 402 1943 463 Α
1964 418 2240 471 magnum,
2278 402 2416 471 quod
2452 403 2547 455 erit
2585 401 2725 455 omni
2759 399 2969 472 populo.
3012 399 3132 471 (Ex
3162 398 3325 453 Beda.
3352 397 3371 469 )
3411 396 3531 487 Non

283 495 598 572 unigeniitos
633 510 796 567 posse
832 493 1049 559 vocari,
1088 492 1192 549 hoc
1237 501 1352 560 est,
1387 508 1495 548 non
1533 493 1705 547 solum
1747 506 1866 547 esse

285 587 748 665 primogenitum,
795 591 919 654 post
962 598 1124 652 quem
1168 580 1298 647 alii,
1346 582 1441 636 sed
1483 595 1698 645 omnem
1743 587 1869 634 ante

290 693 452 748 quem
480 674 661 732 nullus
690 688 722 729 e
747 672 905 727 vulva
942 672 1290 741 processerit.
1328 668 1425 724 Est
1461 682 1589 739 ergo
1621 667 1869 723 Christus

291 766 448 822 Jesus
484 764 795 834 unigenitus
830 761 885 816 in
922 761 1226 817 substantia
1256 759 1511 825 Deitatis,
1538 758 1867 828 primogeni-

295 868 383 913 tus
430 858 486 911 in
535 853 879 924 susceptione
928 851 1321 916 humanitatis;
1372 848 1766 920 primogenitus
1812 846 1869 904 in

298 949 471 1020 gratia
489 988 504 1013 ,
529 944 843 1016 unigenitus
871 943 926 996 in
956 950 1173 996 natura.

368 1042 438 1096 Et
474 1040 662 1111 pannis
704 1054 822 1091 eum
871 1034 1081 1090 involvit
1118 1044 1167 1090 et
1210 1033 1477 1089 reclinavit
1503 1035 1557 1089 in
1584 1033 1885 1105 prwsepio,‘

298 1136 422 1204 quia
469 1149 572 1186 non
618 1139 729 1184 erat
776 1129 826 1184 ei
868 1128 1014 1182 locus
1053 1128 1109 1181 in
1151 1128 1458 1182 diversorio.
1508 1126 1624 1198 (Ex
1666 1126 1869 1197 Beda.)

300 1223 437 1290 Quid
463 1222 760 1275 retribuam
790 1219 1016 1272 Domino
1048 1231 1149 1285 pro
1178 1217 1429 1271 omnibus
1464 1232 1585 1286 qua:
1621 1215 1873 1271 retribuit

304 1312 453 1365 mihi.
504 1309 605 1377 Qui
653 1317 825 1363 totum
881 1306 1140 1361 mundum
1188 1306 1349 1359 vestit
1392 1312 1626 1370 ornatu,
1679 1304 1872 1373 pannis

302 1400 501 1455 vilibus
535 1398 853 1460 involvitur,
896 1404 960 1450 ut
993 1410 1092 1449 nos
1129 1394 1323 1449 stolam
1358 1394 1591 1462 primam
1628 1393 1872 1462 recipere

302 1492 600 1545 valeamus.
639 1488 743 1542 Per
776 1501 937 1556 quem
971 1486 1152 1541 omnia
1188 1485 1330 1540 facta
1367 1493 1522 1549 sunt,
1554 1501 1747 1540 manus
1781 1500 1874 1555 pe-

304 1582 508 1650 desque
551 1579 705 1634 cunis
746 1577 1084 1647 astringitur,
1112 1583 1172 1630 ut
1197 1584 1397 1630 nostrae
1423 1590 1617 1629 manus
1643 1574 1711 1630 ad
1739 1588 1874 1642 opus

303 1675 504 1728 bonum
537 1678 764 1733 exertat,
806 1669 980 1723 nostri
1018 1668 1125 1722 siut
1161 1666 1325 1737 pedes
1360 1666 1418 1721 in
1445 1665 1586 1719 viam
1615 1665 1764 1734 pacis
1792 1664 1873 1720 di-

1968 493 2114 545 omni
2150 490 2347 560 populo
2383 489 2685 546 Judmorum
2706 530 2721 555 ,
2764 504 2992 559 quorum
3038 488 3256 558 plurimi
3304 486 3536 543 rebelles

1968 582 2254 647 exstitere,
2285 584 2379 637 sed
2408 582 2557 637 omni
2582 582 2819 637 ﬁdelium
2847 581 3077 653 populo,
3108 580 3175 635 de
3199 581 3410 636 cunctis
3434 580 3536 633 tri-

1969 671 2171 738 bubus,
2201 672 2481 742 gentibus,
2512 680 2568 727 et
2596 671 2813 744 linguis,
2842 671 2899 726 in
2926 686 3092 727 unam
3120 666 3319 725 Christi
3344 668 3532 725 Eccle-

1970 757 2106 813 siam
2155 770 2478 832 congregato
2500 800 2515 827 ,
2553 770 2813 816 aeternum
2849 758 3102 832 gaudium
3139 758 3539 832 evangelizatur

1970 855 2027 901 et
2053 863 2328 918 magnum.

2045 935 2184 1001 Quia
2223 947 2377 992 natus
2406 949 2481 992 est
2510 938 2655 993 nobis
2681 937 2834 994 hodie
2864 938 3129 1006 Salvator,
3157 938 3247 1010 qui
3277 946 3351 993 est
3382 938 3541 992 Chri-

1971 1034 2082 1079 stus
2107 1025 2364 1081 Dominus
2381 1068 2395 1092 ,
2421 1028 2477 1082 in
2503 1030 2709 1084 civitate
2734 1028 2925 1083 David.
2949 1029 3052 1085 Ubi
3078 1028 3370 1085 notandum
3398 1029 3545 1099 quod

1973 1116 2193 1187 angelus
2223 1119 2313 1187 qui
2347 1120 2399 1174 in
2430 1120 2606 1175 noctis
2632 1121 2816 1189 utique
2838 1119 3036 1192 vigiliis
3056 1119 3541 1192 pastores’all‘atur,

1973 1221 2080 1261 non
2106 1207 2183 1260 ait
2214 1225 2228 1260 :
2259 1204 2373 1262 Hac
2401 1218 2589 1273 nocte,
2621 1208 2712 1266 sed
2732 1251 2746 1275 ,
2775 1211 2930 1265 hodie
2958 1220 3112 1265 natus
3142 1221 3219 1266 est
3248 1212 3388 1266 vobis
3421 1209 3547 1268 Sal-

1974 1301 2140 1345 uator.
2173 1288 2289 1348 Non
2318 1295 2483 1349 aliam
2512 1296 2719 1352 scilicet
2743 1297 2812 1352 ob
2838 1312 3058 1352 causam
3077 1339 3092 1362 ,
3125 1298 3232 1353 nisi
3262 1299 3386 1367 quia
3416 1314 3546 1369 gau-

1974 1381 2121 1437 dium
2161 1399 2414 1454 magnum
2447 1386 2819 1456 evangelizare
2846 1387 3114 1441 veniebat.
3153 1386 3286 1440 Nam
3323 1388 3416 1442 ubi
3446 1389 3545 1442 tri-

1974 1471 2122 1525 stitia
2152 1474 2505 1544 signiﬁcatur,
2540 1476 2613 1529 ibi
2645 1491 2785 1545 saepe
2812 1491 2916 1529 nox
2960 1474 3287 1546 adjungilur,
3326 1476 3411 1531 vel
3446 1492 3545 1530 no-

1975 1562 2234 1629 minatur,
2260 1574 2319 1619 ut
2343 1564 2506 1621 illud:
2537 1565 2732 1622 Omnes
2758 1583 2846 1621 vos
2869 1566 3178 1622 scandalum
3200 1567 3467 1638 patiemini
3495 1568 3551 1621 in

1976 1669 2057 1707 me
2086 1654 2140 1708 in
2166 1655 2266 1709 ista
2294 1665 2442 1712 nocte
2472 1657 2490 1729 (
2516 1657 2708 1712 Matth.
2740 1674 2863 1713 xxvi
2884 1655 2926 1731 ).
2954 1656 3140 1728 Neque
3167 1658 3311 1713 enim
3344 1656 3551 1714 frustra

304 1762 463 1817 recti.
495 1760 661 1830 {‘ujus
696 1758 891 1814 caelum
931 1758 1087 1812 sedes
1120 1734 1234 1820 est,
1262 1755 1385 1811 duri
1421 1755 1675 1826 praesepis
1711 1769 1878 1824 angu-
1902 1734 1952 1793 Β
1980 1745 2201 1816 angelus
2241 1753 2388 1804 tanto
2429 1748 2633 1803 lumine
2673 1749 2882 1805 cinctus
2922 1749 3199 1819 apparuit,
3233 1757 3294 1803 ut
3333 1749 3552 1804 claritas

304 1852 410 1907 stia
457 1852 738 1915 continet,
788 1857 849 1904 ut
903 1863 1003 1903 nos
1047 1862 1145 1918 per
1190 1846 1428 1902 cmlestis
1481 1845 1631 1916 regni
1681 1844 1877 1925 gaudia

304 1942 517 1996 dilatet.
550 1940 651 2008 Qui
676 1941 831 2011 panis
859 1948 945 1993 est
972 1936 1318 2008 angelorum,
1347 1936 1401 1989 in
1430 1934 1695 2005 praesepio
1722 1932 1877 1988 recli-

304 2040 489 2097 natur,
519 2040 579 2084 ut
607 2046 707 2086 nos
733 2030 885 2100 quasi
916 2037 1103 2083 saneta
1132 2026 1388 2081 animalia
1416 2025 1599 2081 carnis
1625 2039 1738 2080 suae
1764 2023 1879 2078 fru-

305 2129 491 2175 mento
520 2120 745 2176 reﬁciat.
778 2119 879 2186 Qui
907 2118 976 2172 ad
1005 2119 1248 2173 dextram
1275 2115 1449 2186 patris
1475 2115 1663 2179 sedet,
1700 2114 1756 2168 in
1792 2114 1878 2169 di-

306 2210 552 2265 versorio
598 2210 719 2265 loco
767 2217 919 2278 eget,
966 2216 1025 2262 ut
1068 2208 1226 2263 nobis
1272 2208 1329 2261 in
1375 2207 1534 2262 domo
1576 2206 1756 2261 Patris
1796 2204 1881 2260 sui

308 2300 506 2354 multas
541 2299 854 2354 mansiones
887 2305 1233 2368 praepararet.
1274 2295 1533 2364 Quamvis
1573 2292 1707 2363 hoc,
1738 2294 1882 2364 quod

308 2407 417 2446 non
447 2392 502 2445 in
529 2399 818 2462 parentum
847 2391 1034 2454 domo,
1064 2390 1159 2446 sed
1184 2390 1237 2444 in
1276 2389 1575 2445 diversorio
1612 2397 1669 2444 et
1703 2388 1759 2445 in
1794 2388 1882 2443 via

308 2482 573 2545 nascitur,
611 2495 709 2549 per
743 2464 1189 2549 signiﬁcationem
1225 2479 1449 2549 intelligi
1486 2477 1647 2534 altius
1683 2486 1880 2549 potest.

312 2573 431 2644 Ipse
454 2587 692 2640 namque
718 2571 796 2625 ait
823 2588 837 2624 :
869 2570 981 2641 Ego
1008 2587 1125 2625 sum
1153 2571 1461 2637 uia,verr‘tas
1489 2579 1537 2625 et
1563 2571 1671 2625 vita
1700 2569 1881 2643 (Joan.

312 2681 409 2719 xw
432 2666 481 2734 ),
514 2664 605 2733 qui
642 2677 772 2734 ergo
810 2677 906 2732 per
942 2663 1240 2719 divinitatis
1276 2663 1569 2719 essentiam
1595 2664 1796 2719 veritas
1829 2671 1886 2718 et

313 2756 428 2808 vita
482 2762 790 2824 permanet,
851 2767 948 2824 per
993 2754 1383 2810 incarnationis
1431 2755 1752 2826 mysterium
1797 2754 1886 2809 via

316 2846 495 2901 factus
519 2854 630 2911 est,
659 2860 763 2915 qua
796 2860 895 2899 nos
936 2846 1003 2899 ad
1030 2846 1258 2915 patriam
1275 2886 1290 2912 ,
1318 2845 1411 2901 ubi
1438 2846 1669 2900 veritate
1694 2852 1750 2901 et
1777 2844 1889 2901 vita

320 2934 642 3001 frueremur,
672 2935 981 2991 adduceret.

392 3025 462 3079 Et
503 3036 733 3096 pastores
775 3036 924 3081 erant
950 3028 1008 3081 in
1039 3028 1247 3098 regione
1287 3028 1470 3085 eadem
1508 3029 1813 3100 vigilantes,
1838 3036 1888 3083 et

321 3116 666 3186 custodirent“
692 3116 894 3188 vigilias
921 3118 1087 3171 noctis
1115 3134 1272 3187 super
1299 3134 1501 3190 gregem
1529 3135 1703 3173 suum.
1733 3118 1889 3186 Quod

323 3207 547 3279 vigilant
574 3208 754 3278 itaque
782 3216 912 3263 nato
939 3207 1168 3264 Domino
1193 3217 1441 3278 pastores
1468 3224 1631 3279 supra
1667 3224 1888 3281 gregem

322 3297 503 3353 ovium
531 3312 784 3364 suarum,
813 3298 1121 3367 signiﬁcant
1158 3313 1284 3365 eos,
1329 3315 1455 3354 cum
1492 3300 1893 3371 dispensatione

327 3388 643 3454 manifesta,
679 3388 996 3460 vigilatums
1031 3390 1087 3445 in
1122 3389 1363 3445 Ecclesia
1405 3398 1654 3461 pastores
1687 3391 1894 3445 anima-

328 3492 447 3533 rum
475 3487 779 3544 castarum,
817 3480 1014 3549 quibus
1052 3479 1300 3534 dicatur:
1328 3478 1569 3546 Pascite,
1597 3481 1686 3552 qui
1725 3481 1779 3535 in
1807 3497 1895 3536 vo-

327 3565 403 3623 bis
430 3578 534 3632 est,
566 3586 769 3640 gregem
798 3569 895 3624 Dei
925 3568 997 3640 (I
1024 3569 1169 3624 Petr.
1198 3586 1230 3623 v
1252 3572 1292 3641 ).

397 3661 467 3716 Et
497 3679 612 3717 ecce
644 3662 861 3734 angelus
904 3663 1115 3718 Domini
1142 3664 1282 3719 stetit
1317 3654 1478 3735 juxta
1508 3664 1658 3731 illos,
1688 3673 1736 3719 et
1779 3661 1894 3719 cla-

329 3750 458 3805 ritas
486 3750 585 3805 Dei
613 3751 962 3821 circumfulsit
989 3751 1128 3808 illos.
1158 3752 1279 3824 (Ex
1306 3751 1468 3823 Greg.
1492 3751 1512 3823 )
1538 3753 1683 3809 Bene
1713 3761 1896 3807 autem

329 3841 673 3912 vigilantibus
699 3843 1036 3914 pastoribus,
1067 3844 1289 3915 angelus
1309 3852 1550 3913 apparet,
1574 3858 1775 3913 eosque
1799 3841 1898 3897 Dei

332 3930 547 3987 claritas
588 3933 994 4004 circumfulget,
1040 3934 1165 4004 quia
1208 3934 1285 3989 illi
1318 3948 1431 4005 pra:
1467 3934 1679 3989 caeteris
1715 3933 1901 3988 videre

333 4020 582 4075 sublimia
620 4030 918 4105 merentur,
962 4022 1055 4094 qui
1094 4020 1344 4077 ﬁdelibus
1384 4021 1639 4092 gregibus
1665 4034 1901 4092 praeesse

336 4110 564 4167 sollicite
604 4114 802 4168 sciunt.
843 4113 1088 4183 Dumque
1125 4113 1228 4183 ipsi
1265 4112 1352 4181 pie
1393 4126 1555 4181 super
1579 4125 1794 4180 gregem
1821 4109 1902 4163 vi-

335 4200 538 4271 gilant,
582 4202 763 4257 divina
808 4218 970 4273 super
1017 4218 1113 4258 eos
1155 4202 1328 4272 gratia
1372 4200 1574 4270 largius
1628 4206 1899 4254 coruscat.

338 4288 590 4361 (Ambn)
620 4291 813 4347 Videte
835 4290 1090 4347 Ecclesia:
1113 4289 1382 4361 surgentis
1406 4288 1688 4343 exordium
1707 4328 1722 4353 ,
1753 4284 1906 4342 Chri-

1978 1832 2073 1888 Dei
2104 1840 2354 1904 pastores
2380 1836 2823 1904 circumlulsisse,
2852 1840 2955 1894 hoc
2983 1847 3101 1904 est,
3133 1854 3201 1894 ex
3229 1839 3374 1894 omni
3398 1846 3553 1907 parte

1980 1924 2193 1981 illorum
2225 1926 2404 1983 radios
2428 1927 2647 1983 luminis
2671 1929 2968 1998 aspersisse
2992 1929 3228 2001 dicatur,
3250 1930 3391 1999 quod
3418 1946 3555 1983 nun-

1980 2030 2142 2084 quam
2171 2016 2224 2071 in
2254 2024 2368 2071 tota
2397 2014 2728 2075 Testamenti
2758 2014 2965 2073 Veteris
3007 2018 3175 2084 serie,
3207 2018 3370 2073 toties
3396 2032 3556 2091 ange-

1980 2103 2047 2159 lis
2087 2106 2508 2175 apparentibus,
2540 2106 2870 2177 adjungitur.
2913 2104 3021 2161 Sed
3063 2108 3289 2178 mystice
3326 2123 3556 2177 praemo-

1981 2194 2125 2257 nuit,
2160 2196 2305 2264 quod
2334 2203 2521 2265 aperte
2546 2207 2734 2266 postea
2762 2196 2971 2250 monuit
2992 2195 3303 2267 Apostolus,
3333 2196 3547 2253 dicens:

1983 2282 2109 2338 Nox
2133 2287 2428 2356 prtecessit,
2468 2285 2578 2341 dies
2618 2295 2791 2340 autem
2837 2288 3288 2358 appropinquavit.
3317 2286 3550 2357 Abjicia-

1980 2390 2097 2430 mus
2130 2392 2251 2447 ergo
2281 2392 2439 2448 opera
2467 2377 2794 2432 tenebrarum
2824 2388 2870 2432 et
2900 2377 3185 2433 induamur
3213 2395 3363 2434 arma
3389 2378 3521 2435 lucis
3540 2419 3557 2445 ,

1982 2468 2119 2522 sicut
2148 2468 2204 2522 in
2227 2468 2312 2523 die
2337 2468 2550 2523 honeste
2576 2466 2920 2524 ambulemus.

2054 2579 2125 2634 Et
2154 2581 2252 2636 hoc
2292 2580 2434 2637 vobis
2472 2582 2679 2652 signum
2703 2595 2722 2633 :
2753 2580 3034 2641 Invenietis
3073 2582 3330 2652 infantem
3370 2577 3569 2652 pannis

1984 2670 2309 2737 inuolutum,
2354 2680 2460 2728 etc.
2513 2672 2631 2742 (Ex
2688 2671 2897 2744 Beda.)
2947 2672 3253 2735 Notandum
3300 2673 3555 2729 solertius

1986 2764 2130 2833 quod
2178 2765 2394 2834 signum
2432 2763 2549 2818 nati
2595 2761 2893 2821 Salvatoris
2931 2762 3108 2825 datur,
3154 2762 3413 2818 infantem
3456 2779 3565 2818 non

1989 2852 2156 2923 Tyrio
2206 2861 2492 2922 exceptum
2541 2859 2694 2908 ostro
2721 2890 2736 2917 ,
2792 2851 2886 2906 sed
2940 2852 3133 2921 pannis
3192 2851 3569 2919 squalentibus

1989 2945 2286 3001 involutum
2317 2962 2331 2999 :
2364 2960 2471 3000 non
2514 2945 2571 2999 in
2611 2942 2821 2999 ornatis
2867 2957 3002 2999 auro
3044 2941 3338 3007 stratoriis,
3377 2940 3472 2996 sed
3510 2941 3567 2995 in

1990 3035 2321 3106 praesepibus
2346 3034 2756 3106 inveniendum,
2786 3033 2891 3087 hoc
2916 3037 3035 3096 est,
3066 3045 3173 3085 non
3218 3037 3426 3085 tantum
3465 3030 3569 3093 hue

1993 3105 2241 3182 mil‘itatis
2268 3105 2393 3181 eum
2422 3133 2478 3180 et
2504 3123 2878 3193 mortalitatis,
2908 3121 3005 3181 sed
3027 3129 3083 3176 et
3104 3121 3443 3192 paupertatis
3462 3121 3563 3175 ba-

1990 3221 2162 3275 bitum
2198 3217 2498 3288 suscepisse
2534 3230 2635 3285 pro
2662 3214 2859 3279 nobis,
2897 3212 3025 3282 quia
3059 3227 3185 3267 cum
3214 3212 3366 3267 dives
3389 3218 3569 3276 esset,

1991 3324 2195 3381 pauper
2232 3307 2406 3362 factus
2441 3314 2526 3362 est
2551 3320 2650 3376 pro
2681 3305 2868 3371 nobis,
2898 3311 2960 3358 ut
2987 3318 3085 3358 nos
3112 3301 3256 3357 illius
3281 3301 3461 3370 inopia
3492 3301 3574 3357 di-

1995 3408 2236 3458 taremur
2278 3396 2382 3468 (Il
2408 3394 2537 3453 Cor.
2559 3395 2714 3467 vm).
2756 3393 2893 3450 Cum
2929 3400 3075 3449 esset
3117 3391 3380 3448 Dominus
3405 3391 3573 3446 coelo-

1995 3504 2114 3544 rum
2132 3528 2147 3552 ,
2175 3501 2376 3559 pauper
2419 3485 2595 3541 factus
2635 3493 2721 3540 est
2752 3484 2807 3538 in
2838 3484 3030 3548 terris,
3062 3490 3122 3536 ut
3151 3480 3453 3550 terrigenas
3480 3481 3576 3536 do-

1995 3586 2148 3632 ceret
2188 3582 2505 3647 paupertate
2551 3574 2777 3644 spiritus
2824 3586 3050 3644 regnum
3092 3570 3376 3640 acquirere
3415 3584 3577 3645 posse

1997 3667 2277 3723 cmlorum.

2068 3757 2140 3813 Et
2172 3757 2341 3811 subito
2383 3755 2526 3826 facta
2568 3762 2645 3809 est
2684 3770 2804 3808 cum
2840 3753 3026 3824 angelo
3054 3761 3337 3809 multitudo
3368 3752 3574 3807 militia:

1999 3849 2215 3906 catlestis
2243 3848 2578 3903 laudantium
2603 3847 2770 3902 Deum
2790 3854 2837 3901 et
2863 3844 3378 3901 dicentium:Gloria
3404 3845 3461 3898 in
3483 3860 3579 3898 ea:-

2001 3940 2152 3996 celsis
2180 3940 2293 3994 Deo
2320 3948 2369 3994 et
2397 3940 2454 3994 in
2482 3948 2625 3994 terra
2651 3954 2758 4009 ραι
2784 3937 3078 3992 hominibus
3104 3937 3250 3992 bona
3275 3936 3573 3991 voluntatis.

2003 4029 2124 4086 Uno
2163 4028 2567 4099 evangelizante
2626 4028 2814 4081 nuntio
2833 4066 2847 4090 ,
2875 4035 3062 4081 natum
3091 4025 3148 4083 in
3185 4039 3348 4080 carne
3374 4024 3539 4077 Deum
3558 4061 3575 4088 ,

2002 4134 2127 4174 mox
2156 4117 2444 4173 multitudo
2471 4116 2678 4171 militiae
2703 4116 2944 4171 caelestis
2971 4113 3231 4169 advolans
3252 4126 3492 4167 consono
3522 4111 3576 4167 in

2005 4209 2163 4264 laude
2187 4207 2450 4262 creatoris
2474 4221 2570 4261 ore
2594 4206 2928 4273 prorumpit,
2957 4211 3017 4257 ut
3041 4208 3098 4257 et
3123 4202 3236 4265 sui,
3270 4201 3411 4256 sicut
3436 4216 3578 4256 sem-

2005 4312 2119 4365 per,
2152 4294 2397 4363 obsequii
2425 4293 2766 4347 devotioncm
2793 4291 3011 4347 Christo
3038 4289 3349 4358 impendat,
3387 4297 3443 4344 et
3479 4304 3580 4347 nos

337 4386 453 4433 stus
473 4381 735 4445 nascitur,
757 4390 812 4435 et
831 4390 1078 4450 pastores
1099 4380 1321 4451 vigilare
1343 4388 1655 4449 coeperunt,
1682 4387 1737 4435 et
1764 4378 1903 4433 bene
1925 4415 1981 4478 Β
2010 4402 2108 4443 suo
2142 4386 2349 4456 pariter
2384 4383 2618 4439 instruat
2661 4381 2942 4452 exemplo,
2981 4380 3199 4452 quoties
3247 4379 3332 4435 vel
3383 4378 3581 4450 aliquis

337 4474 582 4536 pastores
608 4469 829 4539 vigilant
868 4484 1004 4540 quos
1040 4470 1215 4526 bonus
1240 4478 1427 4540 pastor
1452 4469 1728 4526 informat.
1755 4466 1903 4524 Grex

340 4557 524 4628 igitur,
565 4560 812 4630 populus.
854 4561 1006 4627 Nox,
1050 4561 1324 4617 saeculum.
1365 4560 1621 4616 Pastores
1658 4568 1784 4615 sunt
1820 4574 1906 4616 sa-

340 4650 617 4716 cerdotes,
646 4660 737 4704 aut
765 4651 989 4708 fortasse
1032 4653 1121 4708 ille
1168 4653 1239 4708 sit
1278 4662 1487 4722 pastor,
1532 4653 1617 4707 cui
1666 4653 1903 4708 dicitur:

340 4734 468 4793 Esto
496 4739 728 4809 vigilans
752 4749 807 4795 et
837 4740 1099 4796 conﬁrma
1138 4749 1393 4805 cteteros,
1425 4740 1553 4810 quia
1592 4754 1697 4794 non
1734 4741 1909 4796 solum

339 4832 651 4899 ep‘mpos,
704 4831 797 4886 sed
842 4831 1006 4887 etiam
1054 4831 1276 4903 angelos
1314 4830 1621 4887 destinavit.
1668 4830 1910 4902 Angelus

339 4917 562 4975 Mariam
579 4963 594 4985 ,
626 4923 848 4992 angelus
870 4921 1069 4992 Ioseph
1089 4963 1105 4989 ,
1135 4922 1359 4994 angelus
1384 4910 1630 4992 pastores
1658 4922 1906 4988 instruit,

336 5015 393 5062 et
438 5008 886 5080 concipiendum,
936 5018 990 5066 et
1026 5020 1378 5082 conceptum,
1421 5020 1478 5067 et
1525 5019 1743 5078 natum,
1782 5013 1910 5067 coeli

336 5097 485 5154 cives
531 5096 700 5153 Deum
749 5108 1034 5167 testantur,
1074 5109 1135 5156 ut
1181 5110 1237 5156 et
1280 5102 1536 5158 mortales
1579 5101 1913 5158 sufﬁcienter

337 5190 626 5257 imbuant,
680 5200 736 5246 et
784 5205 941 5247 suum
994 5193 1205 5249 auctori
1245 5193 1526 5249 servitium
1574 5192 1912 5248 incessanter

337 5280 673 5353 impendant.
713 5283 848 5340 Nam
878 5295 934 5341 et
960 5283 1014 5341 in
1043 5286 1396 5356 sequentibus
1435 5294 1674 5351 tentato,
1712 5302 1909 5356 passu—

334 5387 431 5438 ro,
479 5375 757 5443 surgenti,
803 5386 968 5447 atque
1009 5374 1077 5432 ad
1118 5377 1286 5433 caelos
1324 5376 1667 5444 ascendenti,
1700 5392 1913 5448 semper

333 5463 526 5519 adesse
553 5465 930 5533 perhibentur.

401 5551 475 5606 Et
506 5554 794 5609 timuerunt
822 5557 1011 5610 timore
1040 5572 1250 5626 magno,
1281 5566 1331 5610 et
1364 5556 1497 5611 dixit
1526 5554 1631 5610 illis
1659 5556 1875 5628 angelus
1893 5573 1912 5611 :

337 5644 522 5702 Nolite
559 5647 771 5714 timere,
810 5666 925 5704 erce
961 5649 1100 5704 enim
1136 5647 1431 5717 evangeliso
1480 5648 1619 5703 vobis
1661 5649 1913 5720 gaudium

2006 4479 2235 4533 fratrum
2262 4489 2432 4530 sacra:
2458 4473 2779 4529 eruditionis
2803 4474 2982 4529 verbis
3009 4472 3337 4538 insonuerit,
3368 4472 3452 4526 vel
3479 4471 3581 4542 ipsi

2005 4564 2145 4624 lecta
2181 4568 2296 4623 sive
2332 4566 2549 4629 audita,
2589 4579 2709 4635 qua:
2751 4563 2975 4634 pietatis
3020 4571 3180 4627 sunt,
3232 4562 3301 4617 ad
3344 4570 3582 4617 mentem

1986 4658 2415 4720 ,reduxerimus,
2468 4656 2578 4710 Deo
2630 4655 2814 4709 statim
2866 4653 3084 4717 laudes,
3136 4665 3268 4718 ore,
3317 4651 3479 4707 corde
3526 4658 3586 4705 et

2008 4760 2171 4815 opere
2208 4743 2532 4800 reddendas.
2573 4743 2640 4797 Et
2676 4743 2815 4799 bene
2853 4743 3054 4798 chorus
3090 4740 3381 4795 adveniens
3426 4754 3589 4810 ange-
3612 4784 3627 4800 .

2010 4836 2215 4898 lorum,
2256 4830 2462 4888 militia:
2499 4831 2735 4888 caelestis
2773 4831 3091 4887 vocabulum
3129 4830 3359 4898 accipit,
3398 4828 3490 4899 qui
3528 4834 3588 4884 et

2014 4921 2137 4976 duci
2164 4921 2254 4977 illo
2282 4919 2486 4991 potenti
2507 4919 2561 4973 in
2581 4920 2789 4988 pnelio,
2816 4919 2907 4989 qui
2935 4919 3005 4974 ad
3031 4918 3375 4973 debellandas
3393 4931 3584 4973 aereas

2014 5021 2309 5083 potestates
2340 5008 2620 5083 apparuit,
2650 5011 2926 5067 humiliter
2961 5010 3325 5076 obseeundat,
3373 5016 3430 5063 et
3470 5008 3593 5078 ipse

2014 5113 2310 5175 potestates
2349 5104 2568 5159 easdem
2605 5103 2937 5168 contrarias,
2977 5119 3046 5158 ne
3081 5103 3337 5158 mortales
3377 5110 3587 5157 tantum

2014 5203 2223 5251 tentare
2247 5195 2489 5259 valeant,
2518 5204 2781 5264 quantum
2806 5195 3019 5261 volunt,
3044 5194 3258 5250 fortiter
3286 5193 3452 5248 armis
3479 5205 3590 5247 cm-

2016 5287 2241 5343 lestibus
2281 5286 2583 5356 perturbat.
2629 5283 2766 5352 Quia
2811 5300 2976 5341 verus
3025 5286 3167 5340 Deus
3211 5292 3297 5339 est
3332 5291 3388 5339 et
3423 5283 3589 5337 homo

2016 5383 2279 5445 nascitur,
2300 5379 2428 5449 jure
2445 5379 2755 5445 hominibus
2779 5394 2887 5450 pax
2913 5388 2970 5435 et
2991 5378 3219 5435 Domino
3239 5376 3407 5448 gloria
3435 5372 3586 5428 cani.-

2019 5481 2124 5529 tur.
2153 5471 2468 5529 Gloriticant
2493 5470 2667 5542 angeli
2692 5470 2863 5525 Deum
2886 5484 2987 5541 pro
3012 5477 3195 5525 nostra
3218 5463 3588 5534 redemptione

2022 5563 2354 5618 incarnatum
2372 5601 2388 5626 ,
2414 5560 2539 5630 quia
2566 5561 2692 5616 dum
2719 5575 2817 5615 nos
2836 5560 3176 5628 conspiciunt
3199 5555 3398 5625 recipi,
3426 5568 3585 5611 suum

2020 5651 2252 5722 gaudent
2304 5665 2588 5706 numerum
2625 5648 2818 5721 repleri
2849 5664 2863 5703 :
2901 5656 3089 5720 optant
3120 5661 3309 5717 pacem
3351 5645 3584 5703 homini-
