3994 6204
245 325 303 380 g9
1050 310 1566 369 COLLECTIONES
1603 310 1671 368 IN
1709 311 2089 371 EPISTOLAS
2130 313 2216 371 ET
2255 314 2664 372 EVANGELIA.

3392 315 3483 371 δυ.

242 434 316 490 sed
355 443 563 500 semper
597 432 877 499 permanet
897 466 911 490 ,
957 433 1014 480 et
1047 439 1263 496 semper
1294 434 1405 491 est,
1444 434 1501 480 et
1524 425 1785 496 quidquid
1810 430 1863 488 Α
1886 426 2031 481 nulla
2055 428 2325 497 pravitate
2352 418 2610 484 curvatur
2628 469 2643 495 ,
2674 429 2822 499 virga
2846 429 2953 484 ista
2979 428 3155 497 justos
3183 431 3342 501 regit,
3372 432 3468 486 im-

241 523 410 580 dixeris
434 521 534 586 illi,
570 518 731 574 hodie
752 525 855 572 εει.
893 516 1047 583 Quod
1066 517 1180 586 ait:
1211 514 1380 572 Genui
1422 528 1493 583 te,
1528 518 1789 573 nativita-
1885 518 2004 588 pios
2045 522 2298 590 percutit,
2347 523 2587 579 continet
2624 523 2892 578 veraciter
2931 523 3325 593 supplicantes,
3372 522 3469 577 sed

243 624 330 669 tem
352 612 487 667 illam
527 607 823 680 signiﬁcat,
854 606 920 661 de
948 621 1054 676 qua
1089 606 1253 661 Isaias
1273 606 1444 662 dicit:
1483 604 1790 662 Generatio-
1885 613 2004 666 haec
2031 614 2185 683 virga
2213 629 2320 667 non
2351 615 2419 669 de
2455 614 2659 684 cespite
2703 614 2915 668 arboris
2941 613 3238 684 egreditur,
3282 612 3378 667 sed
3400 611 3471 666 ab

242 718 339 759 nm
361 701 468 771 ejus
493 699 613 769 quis
642 695 910 752 enarrabit
940 687 1079 766 Usa.
1108 696 1276 766 Lm)?

1880 692 2055 771 ipsius
2078 702 2375 774 divinitatis
2408 703 2618 772 justitia
2656 703 2927 773 procedit,
2961 701 3219 757 fortitudo
3245 700 3467 765 invicta,

296 793 358 848 Et
378 805 582 846 rursum
606 805 624 842 :
652 787 769 857 Ego
795 802 884 841 ero
914 785 995 840 illi
1015 787 1071 840 in
1097 796 1301 856 patrem
1336 797 1384 840 et
1409 787 1517 856 ipse
1541 787 1638 840 erit
1661 786 1791 839 mihi
1888 792 2117 862 aequitas
2148 793 2471 859 rectissima,
2497 792 2805 848 inflexibilis
2834 792 3135 860 disciplina.

242 886 291 939 in
304 883 481 953 filium.
506 880 565 934 In
591 879 680 933 his
707 878 916 933 duobus
940 876 1207 942 versibus,
1232 876 1473 932 absolute
1494 876 1794 932 debellatur

243 975 468 1044 iniquitas
517 969 862 1033 Iudaeorum;
912 968 1043 1037 quid
1078 968 1225 1023 enim
1276 967 1579 1023 evidentius
1602 1008 1616 1032 ,
1664 968 1794 1036 quid

243 1065 429 1137 planius
450 1103 466 1128 ,
505 1076 666 1131 quam
712 1068 774 1115 ut
802 1074 925 1115 esse
950 1059 1206 1114 credatur
1232 1058 1405 1126 ﬁlius,
1451 1059 1546 1130 qui
1580 1059 1795 1115 invocat

240 1163 462 1226 patrem:
499 1159 555 1207 et
580 1165 798 1207 rursum
841 1149 1098 1205 credatur
1128 1148 1247 1205 ess'e
1274 1147 1466 1221 pater,
1488 1150 1581 1220 qui
1613 1150 1797 1220 appel-

244 1245 307 1299 lat
328 1244 505 1298 ﬁlium.

303 1333 364 1387 Et
388 1349 502 1386 cum
533 1333 725 1385 iterum
764 1330 1051 1385 introducit
1089 1332 1492 1401 primogenitum
1529 1332 1584 1385 in
1621 1332 1794 1385 orbem

241 1436 394 1506 terra,
408 1422 552 1475 dicit.
568 1420 672 1491 (Ex
697 1419 854 1475 Joan.
881 1420 1100 1492 Chrys.)
1122 1420 1409 1475 Introitum
1435 1436 1564 1491 ergo
1588 1436 1798 1476 assum-

239 1518 457 1590 ptionem
492 1515 672 1570 carnis
707 1513 960 1582 appellat,
1010 1513 1143 1568 fons
1170 1514 1314 1568 enim
1357 1527 1577 1568 eramus
1602 1529 1633 1568 a
1663 1513 1794 1577 Deo,

242 1608 374 1664 sicut
406 1605 496 1676 qui
524 1611 650 1659 sunt
683 1612 837 1658 extra
868 1602 1077 1671 regales
1106 1602 1253 1657 aulas
1298 1602 1354 1657 in
1381 1601 1611 1656 vinculis
1649 1602 1798 1657 colli-

239 1697 356 1768 gati.
403 1696 492 1751 Sic
519 1694 682 1749 etiam
711 1693 957 1749 Christus
981 1691 1178 1758 eﬁ'ecit,
1224 1707 1476 1758 egressus
1504 1693 1702 1763 quippe
1729 1693 1797 1748 ad

1964 898 2203 954 lli/emisti
2229 899 2493 969 justitiam
2522 910 2569 955 et
2620 900 2776 954 odisti
2818 900 3170 969 iniquitatem.
3217 897 3335 965 Ipsa
3382 903 3467 951 est

1888 988 2038 1059 virga
2086 998 2233 1044 recta
2253 1031 2267 1055 ,
2306 1005 2491 1044 amare
2519 991 2828 1059 aequitatem
2858 997 2912 1043 et
2943 989 3125 1043 odisse
3153 987 3467 1056 nequitiam.

1892 1076 2061 1132 Nemo
2102 1080 2247 1133 enim
2293 1078 2532 1148 perfecte
2574 1080 2745 1149 diligit
2782 1077 3049 1146 justitiam
3073 1119 3088 1142 ,
3138 1078 3242 1132 nisi
3276 1077 3367 1146 qui
3418 1083 3475 1130 et

1893 1176 2045 1222 actus
2070 1169 2334 1236 pessimos
2357 1177 2698 1231 exsecratur,
2749 1168 3003 1237 quoniam
3034 1166 3263 1221 diversis
3301 1164 3476 1234 Quali-

1895 1259 2112 1323 tatibus,
2145 1259 2333 1313 eodem
2357 1270 2598 1328 tempore
2623 1273 2728 1313 non
2752 1258 2907 1312 estin
2934 1272 3041 1310 uno
3060 1256 3200 1310 loco.
3250 1254 3360 1309 Nec
3380 1270 3472 1324 po-

1897 1355 2002 1402 test
2029 1349 2145 1418 ipso
2171 1357 2444 1403 momento
2472 1348 2546 1402 ibi
2577 1349 2786 1419 nigrum
2817 1347 3007 1411 videri,
3042 1346 3135 1400 ubi
3164 1344 3366 1399 candor
3394 1345 3478 1398 in—

1896 1436 2136 1504 sederit,
2187 1438 2314 1508 quia
2358 1445 2412 1492 et
2452 1438 2742 1507 praesentia
2789 1437 2958 1501 lucis,
3008 1436 3185 1490 noctis
3232 1434 3476 1490 absentia

1896 1534 2001 1581 est.

1967 1612 2253 1687 Propterea
2274 1616 2422 1670 unxit
2451 1624 2499 1670 te
2529 1616 2684 1680 Deus,
2715 1615 2852 1669 Deus
2875 1625 3015 1678 tuus,
3040 1612 3153 1668 oleo
3180 1611 3481 1668 exsultatio-

1901 1709 1983 1762 m’s
2012 1725 2121 1778 pra:
2142 1708 2480 1778 participibus
2506 1708 2630 1761 tuis.
2660 1706 2759 1776 (Ex
2784 1704 3027 1776 Hieron.)
3054 1704 3159 1759 Alii
3188 1719 3362 1774 reges,
3386 1702 3481 1770 qui

239 1804 349 1853 nos.
377 1788 475 1842 hoc
495 1793 598 1849 est.
621 1799 842 1840 carnem
865 1798 1086 1838 sumens
1109 1792 1163 1839 et
1182 1784 1473 1839 collocatus
1495 1785 1796 1850 nobiscum,
1827 1766 1875 1824 Β
1902 1766 2087 1869 typum
2115 1766 2258 1852 illius
2284 1766 2635 1866 prtetulerunt
2655 1766 2678 1860 ,“
2722 1804 2778 1850 et
2804 1766 3074 1866 regnando
3096 1766 3376 1849 consona
3400 1766 3481 1845 tu-

236 1888 487 1953 praecepta
510 1878 673 1947 Regis
695 1876 948 1939 innotuit,
985 1883 1042 1930 et
1071 1875 1151 1930 sic
1178 1888 1277 1931 nos
1298 1891 1329 1930 a
1354 1876 1591 1945 peccatis
1615 1890 1807 1930 emun-

237 1971 384 2036 dans,
409 1978 464 2024 et
492 1968 559 2024 ad
581 1969 748 2023 Deum
770 1975 1115 2030 convertens,
1144 1967 1199 2020 in
1222 1967 1399 2020 aulam
1423 1966 1677 2038 regalen,
1699 1965 1805 2020 vel—

236 2071 292 2117 ut
335 2061 598 2117 mediator
639 2058 875 2130 Optimus
901 2097 916 2123 ,
964 2057 1283 2112 introduxit.
1333 2057 1625 2127 Propterea
1674 2071 1805 2126 ergo

234 2153 430 2208 exitum
478 2157 638 2205 vocat
689 2164 802 2205 sua:
849 2147 1235 2203 incarnationis
1284 2148 1592 2203 adventum.
1654 2145 1807 2201 Tunc

235 2242 372 2297 enim
416 2249 587 2295 totum
630 2241 817 2295 orbem
844 2238 1118 2308 possedit,
1170 2254 1293 2293 cum
1323 2239 1390 2293 ab
1421 2237 1689 2293 universis
1724 2245 1807 2293 est

238 2332 475 2403 agnitus,
519 2328 794 2399 quomodo
826 2329 871 2382 si
899 2328 1016 2397 quis
1054 2328 1109 2382 in
1145 2327 1430 2397 quamdam
1465 2327 1683 2382 domum
1728 2327 1808 2380 in-

236 2422 477 2477 troducat
509 2420 766 2489 aliquem,
816 2425 871 2473 et
913 2417 1195 2473 confestim
1222 2431 1410 2472 omnes
1452 2416 1596 2472 illius
1619 2417 1809 2472 domus

234 2511 741 2585 priueipesjubeat,
787 2518 847 2565 ut
880 2510 1028 2564 illum
1070 2510 1224 2579 proni
1266 2508 1426 2564 simul
1464 2524 1652 2564 omnes
1676 2510 1808 2565 ado-

238 2614 372 2661 rent.
395 2605 474 2659 Ita
500 2612 557 2659 et
581 2601 857 2658 Christum
886 2600 1181 2656 secundum
1207 2614 1423 2655 carnem
1448 2600 1608 2670 jussit
1628 2615 1659 2653 a
1684 2616 1813 2655 cun-

238 2696 335 2752 ctis
361 2694 570 2767 angelis
594 2692 830 2757 adorari,
875 2693 1099 2748 dicens:
1132 2690 1202 2746 Et
1242 2691 1459 2746 adorent
1489 2708 1609 2746 eum
1637 2708 1811 2747 omnes

233 2789 401 2860 angeli
428 2787 548 2842 Dei.

298 2879 371 2933 Et
398 2879 469 2932 ad
496 2877 708 2949 angelos
728 2877 937 2949 quidem
968 2878 1094 2932 dicit
1123 2896 1136 2931 :
1167 2877 1270 2944 Qui
1299 2878 1428 2948 facit
1459 2877 1669 2948 angelos
1690 2894 1812 2932 suos

228 2973 465 3043 spiritus.
493 2971 592 3042 (Ex
618 2971 887 3041 Cassiod.)
917 2971 1021 3037 Qui
1045 2972 1173 3041 facit
1195 2972 1405 3043 angelos
1433 2988 1557 3026 suos
1577 2973 1810 3043 spiritus.

236 3063 471 3135 Spiritus
498 3063 749 3135 generale
779 3079 975 3118 nomen
1013 3072 1118 3129 est,
1169 3064 1524 3139 incorporalis
1548 3065 1812 3135 potentis—

229 3173 333 3228 que
353 3156 696 3218 substantiae;
716 3155 1017 3221 visibiliter,
1051 3157 1164 3211 sive
1190 3155 1547 3222 invisibiliter,
1583 3173 1815 3228 operans

230 3246 374 3316 quod
394 3246 445 3302 ei
471 3245 729 3301 divinitus
755 3245 1069 3316 inspiratur.
1101 3246 1426 3315 Angelorum
1453 3247 1598 3302 enim
1622 3263 1817 3302 nomen
1853 3277 1872 3322 ε

229 3353 337 3393 non
392 3336 667 3408 signiﬁcat
715 3344 992 3402 naturam,
1040 3339 1136 3394 sed
1180 3337 1561 3404 obedientiam,
1608 3337 1818 3412 ἅγγελος

228 3428 373 3483 enim
402 3425 595 3481 Graeca
636 3425 819 3496 lingua
846 3426 1075 3504 dicitur,
1127 3427 1219 3496 qui
1253 3426 1445 3481 Latine
1491 3427 1712 3481 nuntius
1738 3427 1820 3481 in-

229 3524 585 3588 terpretatur.
636 3514 772 3571 Nam
819 3517 1039 3587 quando
1083 3518 1403 3583 mittuntur,
1452 3517 1625 3588 angeli
1663 3517 1819 3593 fiunt;

224 3620 352 3664 eum
386 3614 573 3662 tamen
598 3602 792 3661 nattfra
830 3607 1056 3677 spiritus
1078 3622 1198 3662 esse
1230 3615 1542 3662 noscantur.
1583 3590 1818 3675 Addiditi

224 3714 352 3753 suos
370 3738 389 3762 ,
413 3704 476 3750 ut
499 3696 621 3752 illos
648 3697 978 3763 ostenderet,
1000 3697 1091 3768 qui
1119 3705 1268 3753 recta
1280 3705 1468 3753 mente
1489 3696 1701 3752 Domini
1727 3711 1820 3752 v0-

226 3790 533 3844 Iuntatibus
557 3789 949 3844 obsecundant.

296 3879 375 3934 Et
404 3880 672 3932 ministros
698 3894 822 3933 suos
846 3880 1115 3948 ﬂammam
1146 3880 1303 3950 ignis.
1354 3879 1455 3951 (Ex
1481 3877 1821 3951 Hieronym.)

225 3973 419 4043 Ignem
439 3978 693 4026 urentem
712 3970 863 4035 dicit,
894 3972 1023 4026 utin
1044 3971 1161 4026 aliis
1185 3971 1363 4025 lumen
1387 3972 1630 4027 veritatis
1652 3970 1826 4026 infun-

227 4063 392 4128 dant,
421 4065 479 4118 in
509 4062 633 4118 aliis
663 4069 883 4133 peccata
910 4069 1250 4117 consumant.
1294 4061 1437 4133 ignis
1480 4062 1583 4117 iste
1608 4071 1826 4119 sanctos

225 4162 456 4225 purgat,
494 4162 809 4224 peccatores
836 4152 1125 4207 consumit.
1157 4152 1338 4223 Ignem
1371 4152 1555 4219 istum,
1585 4154 1675 4222 qui
1702 4169 1826 4208 san-

224 4253 353 4299 ctus
380 4250 495 4307 est,
522 4256 632 4296 non
663 4242 886 4305 timeat;
934 4241 1027 4310 qui
1052 4249 1303 4311 peccator
1327 4250 1430 4307 est,
1460 4243 1663 4296 timeat.
1716 4242 1826 4311 Ego

224 4341 363 4405 puto
395 4334 537 4389 istos
560 4347 681 4389 esse
727 4333 879 4403 ignes
913 4331 1135 4403 angelos
1175 4332 1311 4403 ejus.
1356 4332 1448 4386 Isti
1474 4346 1601 4400 ergo
1627 4330 1824 4402 angeli,

1904 1891 1974 1943 eti
2003 1897 2150 1953 sunt,
2181 1889 2301 1943 oleo
2332 1887 2667 1957 corruptibili
2694 1894 2820 1939 sunt
2844 1884 3071 1937 inuncti.
3116 1883 3217 1937 llic
3244 1896 3370 1935 vero
3392 1880 3482 1933 Fi-

1904 1981 2008 2035 lius
2051 1980 2145 2035 Dei
2177 1996 2208 2033 a
2249 1979 2359 2033 Deo
2388 1978 2564 2040 Patre,
2617 1976 2737 2030 oleo
2774 1972 3153 2029 exsultationis
3177 2012 3191 2036 ,
3241 1972 3347 2027 hoc
3374 1978 3481 2033 est,

1905 2071 2340 2134 resurrectionis,
2369 2067 2704 2124 ascensionis
2729 2063 3217 2132 dominationisque
3244 2069 3327 2115 est
3347 2059 3482 2114 deli-

1905 2162 2069 2216 butus
2093 2199 2108 2226 ,
2147 2161 2273 2230 quia
2301 2158 2549 2215 Christus
2590 2164 2783 2211 natura
2817 2163 3033 2219 unctus,
3081 2168 3179 2208 nos
3220 2166 3318 2222 per
3358 2165 3484 2222 gra-

1908 2252 2060 2305 tiam.

1976 2337 2046 2392 Et
2068 2348 2125 2392 tu
2151 2339 2205 2393 in
2228 2337 2503 2409 principio,
2519 2334 2757 2400 Domine,
2782 2340 2976 2388 terram
2997 2328 3236 2401 fundasti
3252 2338 3299 2382 et
3328 2343 3486 2398 opera

1906 2446 2159 2483 manuum
2204 2438 2415 2482 tuarum
2454 2436 2575 2481 sunt
2615 2424 2748 2492 caeli,
2784 2424 2883 2495 ipsi
2919 2421 3197 2493 peribunt,
3226 2428 3282 2472 tu
3311 2426 3487 2471 autem

1907 2519 2249 2591 permanebis.
2297 2518 2397 2590 (Ex
2424 2515 2691 2589 Cassiod.)
2738 2516 2874 2570 Cum
2897 2513 3027 2569 dicit
3052 2526 3068 2565 :
3094 2511 3253 2565 Initio
3282 2517 3486 2564 terram

1910 2618 1968 2665 tu
1998 2609 2255 2674 fundasti,
2280 2609 2524 2673 Domine,
2553 2606 2791 2663 ostendit
2812 2604 2956 2675 quod
2980 2619 3011 2657 a
3039 2604 3188 2658 sanis
3213 2600 3487 2655 mentibus

1912 2718 2018 2756 non
2063 2710 2242 2771 potest
2274 2701 2553 2771 abnegari,
2606 2698 2733 2768 quia
2786 2704 3008 2752 creator.
3041 2702 3166 2750 ante
3212 2703 3492 2749 creaturas

1913 2801 2063 2860 suas,
2095 2793 2211 2848 sine
2236 2791 2416 2860 aliquo
2442 2789 2598 2845 initio
2622 2788 2968 2860 cognoscitur
2996 2787 3289 2842 exstitisse.
3319 2785 3386 2838 Et
3409 2784 3491 2837 iu-

1914 2883 2093 2949 tende,
2144 2883 2269 2952 quia
2314 2882 2404 2937 hic
2448 2880 2729 2950 opiniones
2772 2878 3213 2948 philosophorum
3259 2874 3494 2928 mirabili

1914 2974 2182 3030 brevitate
2212 2971 2499 3036 destruxit,
2547 2976 2775 3040 quarum
2804 2968 2979 3039 prima
3004 2975 3087 3022 est
3114 2985 3128 3020 :
3178 2963 3432 3019 Mundum
3460 2979 3491 3017 a

1916 3065 2062 3120 nullo
2087 3079 2207 3120 esse
2235 3070 2492 3119 creatum.
2526 3060 2810 3115 Secunda:
2845 3057 2976 3113 Sine
3017 3056 3123 3112 ﬁne
3151 3068 3488 3110 mansurum.

1841 3123 1886 3186 ϐ
1919 3156 2026 3211 Sed
2052 3170 2175 3210 cum
2201 3153 2399 3209 dicitur
2424 3169 2436 3205 :
2467 3150 2627 3205 [uitio
2654 3157 2855 3204 terram
2880 3156 2936 3201 tu
2966 3145 3223 3210 fundasti,
3246 3143 3491 3209 Domine,

1862 3254 1975 3327 fet:
1992 3261 2146 3316 opem
2171 3258 2383 3296 manuni
2414 3250 2623 3293 tuarum
2653 3247 2771 3293 sunt
2796 3236 2930 3301 caeli,
2962 3236 3137 3306 prima
3158 3235 3246 3289 illa
3278 3249 3497 3305 persua-

1879 3318 2001 3394 “sic
2020 3318 2679 3418 ίιῖᾷθηᾴᾇξερηῖὶεὴαἱξιπς
2694 3329 2847 3418 «Ciam
2863 3379 2879 3389 υ
2895 3344 3023 3400 vero
3071 3326 3453 3397 pronuntiatur
3479 3342 3493 3379 :

1919 3414 2030 3504 Ipsi
2053 3404 2325 3500 ’ρὲῑιθξιῖιῆ
2543 3404 2638 3488 éos
2651 3404 2875 3503 διώξειξέ
2888 3414 3037 3495 (legis
3045 3418 3202 3482 ravit,
3233 3424 3293 3471 ut
3309 3415 3496 3504 nullus

1919 3502 2194 3595 insidiisa
2207 3513 2408 3599 gentili
2439 3527 2646 3576 errore,
2679 3502 3006 3572 conﬁdei'et,‘
3031 3520 3153 3560 cum
3190 3519 3284 3558 eas
3306 3503 3498 3556 immu-

1876 3585 2111 3685 ι
2131 3585 2258 3682 ἱξεέᾷ
2274 3585 2528 3685 sentiret.
2560 3599 2715 3674 Quod
2737 3606 2917 3677 autem
2938 3594 3021 3685 ait
3044 3611 3072 3678 εὖ
3088 3592 3167 3646 Tu
3190 3600 3362 3646 autem
3382 3606 3501 3660 per-

1920 3666 2284 3763 mansissicut
2301 3666 2895 3771 aeternitatem
2920 3666 3173 3771 ὁὲιῖβᾷάὶι,
3201 3683 3329 3739 dum
3350 3696 3502 3737 crea-

1922 3797 2004 3844 ret
2024 3788 2226 3851 omnia,
2271 3785 2371 3850 sic,
2419 3788 2541 3853 post
2566 3779 2733 3835 emlos
2757 3768 3014 3842 mutatos“,
3044 3768 3241 3847 :ipsum
3279 3772 3412 3829 dicit
3438 3773 3496 3828 iu

1921 3878 2221 3948 majestatis
2247 3891 2356 3932 sua:
2382 3874 2551 3945 gloria
2576 3884 2919 3942 permanere.

1991 3988 2062 4043 Et
2111 3988 2285 4042 omnia
2310 4026 2325 4051 ,
2375 3993 2431 4038 ut
2476 3982 2831 4037 vestimentum
2871 3984 3205 4033 veterascent.
3265 3973 3503 4029 Dicenda

1920 4080 2086 4146 enim,
2117 4077 2315 4142 omnia,
2337 4084 2399 4130 ut
2418 4073 2670 4136 arbitror,
2696 4085 2803 4124 non
2832 4066 3069 4138 angelos,
3095 4081 3204 4120 non
3229 4063 3501 4133 spiritales

1925 4179 2202 4227 creaturas
2229 4166 2506 4235 designat,
2542 4177 2663 4230 qua:
2705 4159 2758 4213 in
2798 4172 2896 4212 sua
2938 4155 3196 4225 dignitate
3236 4167 3504 4206 mansura:

1923 4268 2068 4325 sunt,
2094 4256 2318 4319 sedilia,
2345 4267 2465 4323 qua:
2488 4246 2909 4304 commutatione
2929 4242 3226 4313 probantur
3245 4241 3499 4297 obnoxia.

1924 4348 2078 4418 Quod
2120 4353 2302 4402 autem
2348 4341 2516 4397 dicit:
2566 4337 2714 4392 Sicut
2758 4334 3117 4390 eestiumztum
3163 4340 3501 4397 veterascent,

222 4439 373 4493 quos
426 4424 798 4479 consumunt?
840 4422 1175 4493 quiscunque
1220 4430 1305 4515 est
1348 4422 1570 4494 lignum,
1619 4422 1817 4487 fenum,

1929 4442 1999 4498 ad
2048 4437 2228 4498 carnis
2280 4431 2626 4504 fragilitatem
2680 4426 2897 4482 videtur
2946 4422 3236 4494 aptandum
3257 4462 3272 4487 ,
3328 4421 3505 4491 ipsum

220 4515 461 4584 stipula,
498 4516 593 4584 qui
638 4523 818 4569 autem
857 4528 1048 4569 aurum
1076 4522 1129 4569 et
1158 4501 1440 4586 argentum
1471 4522 1583 4580 est,
1615 4521 1670 4570 et
1692 4513 1828 4584 lapi-

220 4604 327 4659 des
373 4603 631 4674 pretiosi,
679 4603 928 4659 mittetur
962 4603 1178 4674 quidem
1207 4604 1261 4659 in
1292 4604 1490 4676 ignem,
1532 4606 1627 4660 sed
1668 4620 1826 4659 mun-

221 4695 356 4752 dior
392 4695 726 4750 invenietur.

292 4788 390 4842 Ad
425 4785 599 4856 ﬁlium
637 4795 809 4840 autem
830 4800 849 4838 .°
883 4786 1122 4841 Thronus
1156 4796 1278 4842 tuus
1316 4787 1458 4842 Deus
1498 4787 1553 4841 in
1577 4787 1827 4841 saxulum

216 4878 448 4931 seculi.
498 4877 603 4949 (Ex
624 4875 779 4932 Joan.
826 4877 1046 4951 Chrys.)
1085 4876 1225 4933 Ecce
1270 4893 1463 4950 magna
1500 4876 1826 4957 differentia,

213 4969 359 5037 quia
392 4968 479 5022 illi
519 4968 738 5036 quidem
781 4969 946 5024 creati
978 4978 1134 5034 sunt,
1179 4969 1271 5024 hic
1308 4976 1489 5023 autem
1533 4969 1827 5024 incrcatus.

1925 4532 2074 4591 enim
2113 4526 2425 4591 veterascit,
2469 4520 2613 4593 quod
2647 4532 2799 4576 more
2825 4516 2993 4572 vestis
3017 4522 3190 4571 morte
3236 4516 3508 4571 consumi-

1928 4635 2040 4681 tur.

2001 4714 2072 4770 Et
2100 4711 2239 4787 velut
2275 4703 2525 4765 a'mictum
2570 4702 2871 4760 immutabis
2913 4716 3020 4765 eos,
3068 4707 3119 4753 ct
3146 4697 3504 4753 mutabuntur.

1930 4806 2223 4869 Amictum,
2250 4802 2304 4857 id
2320 4808 2404 4855 est
2427 4796 2778 4868 opertorium,
2808 4792 2974 4848 caelos
2999 4788 3223 4844 forsitan
3251 4788 3510 4843 debemus

1932 4890 2234 4952 advertere,
2277 4884 2369 4954 qui
2411 4883 2480 4938 ad
2504 4881 2677 4936 vicem
2705 4874 2989 4931 velaminis
3018 4880 3193 4928 terras
3234 4871 3505 4940 operiunt,

1932 4978 2024 5048 qui
2053 4976 2315 5037 similiter,
2365 4979 2428 5027 ut
2467 4969 2607 5032 alia,
2648 4963 3141 5022 commutabuntur.
3193 4960 3262 5014 Et
3288 4968 3347 5013 ut
3367 4959 3510 5015 facta

212 5056 481 5112 Intueris
520 5057 793 5127 quomodo
834 5057 1050 5123 dividit,
1091 5066 1147 5112 et
1186 5072 1311 5113 cum
1341 5064 1543 5126 quanta
1585 5056 1833 5115 claritate

212 5158 535 5203 creamsz
565 5162 597 5201 a
631 5156 878 5204 creature
907 5149 1186 5216 discernit,
1218 5149 1493 5205 ministros
1527 5164 1748 5217 vocans,
1779 5159 1835 5205 et

216 5238 541 5293 Dominum
564 5256 577 5292 :
605 5251 793 5295 servos
818 5247 872 5293 et
896 5230 1185 5296 heredem.
1228 5241 1311 5296 Ad
1330 5242 1606 5312 proprium
1639 5242 1834 5297 Filium

211 5330 366 5385 dicit
385 5348 404 5383 :
461 5328 637 5385 Sedes
660 5338 754 5385 tua
795 5330 938 5386 Deus
963 5332 1017 5387 in
1047 5333 1301 5388 saeculum
1332 5333 1534 5389 seculi.
1567 5334 1707 5389 Ecce
1736 5335 1835 5387 ha-

210 5421 322 5478 bes
352 5421 530 5492 regni
561 5421 938 5491 signaculum:
989 5422 1059 5477 Et
1104 5423 1253 5494 virga
1298 5424 1594 5494 aequitatis,
1639 5425 1834 5494 inquit,

208 5513 387 5583 virga
450 5514 607 5585 regni
660 5513 759 5567 tui.
801 5499 943 5570 Ecce
990 5516 1159 5571 habes
1199 5524 1256 5572 et
1288 5515 1433 5570 aliud
1478 5514 1835 5587 signaculum.

207 5599 337 5676 (Bx
370 5604 663 5677 Cassiod.)
708 5606 869 5678 Virga
898 5623 1029 5663 vero
1051 5608 1157 5662 ista
1189 5607 1429 5678 regulam
1457 5607 1651 5661 divina:
1676 5605 1839 5675 signi-

204 5691 357 5753 ﬁcat
410 5697 700 5769 mquitatis
725 5736 743 5763 ,
770 5683 908 5768 quae
950 5698 1216 5754 veraciter
1253 5684 1409 5753 recta.
1437 5696 1660 5764 dicitur,
1714 5694 1840 5765 quia

1932 5067 2144 5125 Domini
2182 5062 2514 5125 ostenderet,
2542 5057 2653 5128 jam
2684 5055 2783 5111 sub
2807 5051 3110 5109 aeternitate
3150 5064 3406 5104 mansura
3430 5048 3513 5103 di-

1931 5154 2330 5217 cituMutabis
2370 5169 2465 5216 ea,
2537 5157 2593 5204 et
2633 5144 3008 5205 mutabuntur,
3055 5139 3179 5209 quia
3236 5152 3510 5202 nunquam

1935 5254 2093 5302 erunt
2136 5242 2202 5298 ad
2250 5242 2355 5297 hoc
2384 5233 2731 5305 corruptibile
2769 5230 3025 5286 reditura.
3071 5226 3205 5281 Nam
3242 5225 3288 5280 si
3325 5241 3513 5280 corru-

1935 5335 2104 5406 ptioni
2132 5332 2358 5388 ulterius
2384 5327 2753 5398 subjacerent,
2782 5336 2888 5377 non
2911 5318 3218 5406 dicerentur
3241 5328 3361 5370 esse
3379 5328 3506 5406 mu-

1937 5399 2070 5479 tata.
2121 5421 2274 5477 Sicut
2297 5417 2484 5474 Daniel
2512 5414 2772 5486 propheta
2809 5416 3071 5470 testatur,
3117 5405 3339 5461 dicens:
3370 5399 3514 5467 Quo-

1938 5514 2084 5569 niam
2105 5510 2367 5581 sapientia
2391 5516 2447 5563 et
2469 5508 2639 5561 virtus
2664 5509 2718 5558 et
2744 5497 3046 5554 intellectus
3079 5493 3246 5581 ipsius
3267 5496 3412 5581 sunt,
3454 5492 3513 5540 et

1939 5604 2053 5672 ipse
2078 5578 2248 5655 mutat
2274 5606 2513 5666 tempora
2535 5604 2590 5649 et
2608 5589 2802 5648 saecula
2827 5586 2989 5659 (Dan.
3017 5582 3101 5653 tt),
3129 5578 3372 5672 subjecit.

2018 5692 2095 5746 Tu
2124 5701 2297 5746 autem
2330 5689 2466 5743 idem
2504 5687 2609 5756 ipse
2648 5700 2723 5750 es,
2749 5692 2795 5735 ct
2837 5674 2963 5733 anni
3002 5674 3077 5728 tui
3118 5688 3220 5725 non
3247 5667 3506 5738 deﬁcient.
