3998 6198
440 331 504 386 3i

1745 311 2097 373 SIARAGDI
2132 312 2424 370 ABBATIS

3620 319 3683 375 52

442 439 591 493 Idem
616 436 849 508 positum
866 441 950 491 est
969 441 1155 490 contra
1180 434 1271 488 illa
1291 447 1410 503 qua:
1426 432 1570 488 dicta
1595 439 1741 498 sunt,
1761 430 2016 501 quoniam
2038 428 2086 489 Α
2116 426 2225 482 lem
2250 436 2309 483 et
2336 426 2658 483 lnvisibilem
2680 466 2695 492 ,
2719 425 2833 496 'per
2860 428 3035 497 ipsum
3080 428 3251 487 Deum
3280 411 3439 484 Pater
3479 427 3685 499 fecerit,

441 530 567 583 dum
596 528 684 582 illa
709 527 818 583 sint
840 524 1261 590 commutabilia,
1304 524 1566 579 Dominus
1591 537 1805 592 semper
1824 523 2018 577 inunit-

441 618 621 675 tabilis
643 626 950 687 perseverat
976 634 989 669 :
1013 616 1120 686 ipse
1145 613 1595 683 omnipotentiam
1613 611 1733 681 ejus
1749 611 2015 683 designat,

442 706 569 774 quia
596 720 786 761 revera
808 707 924 775 ipse
947 711 1053 769 est,
1074 718 1203 758 cum
1223 717 1285 758 se
1310 702 1469 772 digna
1495 714 1713 770 semper
1737 709 2019 783 operatur,

443 811 565 852 esse
590 804 835 850 naturam
877 794 995 863 ejus
1025 794 1416 863 subsequenter
1442 791 1702 861 declarat,
1746 793 1874 862 quia
1904 792 2021 862 ipse

445 887 592 941 solus
619 901 716 956 per
735 901 796 941 se
827 884 977 940 novit
1004 899 1143 949 esse,
1179 882 1292 953 qui,
1320 891 1377 936 ut
1395 882 1485 949 sit,
1522 883 1628 938 alio
1654 898 1760 937 non
1784 889 1903 953 eget
1924 880 2021 936 ad-

436 974 657 1044 jutore:
690 976 769 1030 sic
794 974 913 1028 istis
954 970 1128 1027 tribus
1163 972 1441 1037 versibus,
1474 980 1530 1028 et
1558 972 1782 1027 mutatio
1808 980 2023 1026 creatu-

446 1080 651 1128 rarum,
697 1071 753 1117 et
793 1061 1068 1117 aeternitas
1110 1060 1325 1116 Domini
1364 1060 1597 1117 mirabili
1631 1060 1897 1116 brevitate
1929 1056 2022 1115 de-

447 1155 649 1225 scripta
677 1161 820 1208 sunt.

829 1254 1161 1301 ενΑΝεειιυει
1182 1253 1415 1305 JOANNIS,
1442 1254 1559 1293 CAP.
1591 1254 1630 1293 I.

520 1349 540 1382 ι
571 1330 628 1386 In
658 1330 920 1400 principio
948 1338 1067 1384 erat
1097 1330 1349 1395 Verbum,
1389 1337 1444 1384 et
1469 1324 1702 1384 Verbum
1733 1336 1852 1384 erat
1881 1327 2022 1397 apud

454 1439 473 1473 ι
510 1421 702 1485 Deum,
726 1428 783 1474 et
808 1420 949 1473 Deus
971 1427 1091 1471 erat
1114 1419 1371 1474 Verbum.
1395 1417 1509 1472 Hoc
1532 1426 1652 1473 erat
1675 1417 1729 1471 in
1753 1416 2021 1486 principio

454 1530 474 1562 ι
511 1512 649 1580 apud
677 1511 865 1564 Deum.
910 1508 1100 1563 Omnia
1139 1524 1235 1576 per
1270 1508 1444 1577 ipsum
1471 1509 1611 1563 facta
1642 1517 1788 1572 sunt,
1819 1516 1875 1563 et
1906 1509 2022 1564 sine

455 1618 474 1650 ι
512 1601 626 1669 ipso
645 1601 845 1654 factum
874 1597 1132 1663 estnihil,
1160 1598 1304 1667 quod
1330 1596 1530 1653 factum
1555 1605 1657 1653 est.
1685 1597 1745 1652 In
1770 1598 1886 1669 ipso
1908 1598 2020 1653 vita

456 1711 474 1744 ι
512 1699 649 1758 erat,
686 1699 741 1746 et
766 1690 875 1744 vita
896 1696 1011 1745 erat
1050 1689 1143 1743 lux
1169 1689 1465 1744 hominum.
1491 1688 1560 1743 Et
1583 1688 1675 1743 lux
1700 1689 1755 1743 in
1782 1688 2022 1745 tenebris

2118 518 2295 584 docet,
2324 518 2548 574 dicens:
2590 517 2783 573 Omnia
2824 532 2919 589 per
2942 521 3113 590 ipsum
3141 521 3284 590 facta
3315 531 3467 588 sunt,
3502 531 3567 577 et
3582 525 3689 580 sine

2117 608 2233 678 ipso
2274 610 2472 679 factum
2510 618 2587 665 est
2625 610 2776 665 nihil.
2813 610 3059 665 Fuerunt
3096 612 3335 667 hmretici
3356 650 3372 678 ,
3415 613 3510 681 qui
3554 613 3691 669 dice-

2119 705 2244 751 rent
2267 715 2280 750 :
2317 696 2375 752 Si
2401 712 2531 773 ergo
2555 708 2714 753 natus
2748 707 2851 764 est,
2874 697 3133 754 Christus
3156 707 3278 754 erat
3355 701 3575 769 quando
3591 717 3690 757 non

2118 795 2276 853 erat;
2310 788 2412 843 hos
2448 789 2505 844 in
2536 788 2717 858 primo
2743 803 2993 844 sermone
3026 788 3304 860 redarguit
3344 790 3689 858 evangelista,

2120 893 2245 933 cum
2271 876 2442 933 dicit:
2475 878 2543 934 In
2578 879 2836 951 principio
2876 888 2990 933 erat
3044 878 3291 935 Verbum.
3338 879 3581 936 Fuerunt
3607 881 3691 938 alii

2120 967 2214 1037 qui
2242 967 2518 1025 Christum
2563 970 2838 1025 hominem
2870 976 3110 1035 tantum,
3154 985 3261 1024 non
3300 977 3358 1025 et
3387 970 3559 1027 Deum
3580 984 3691 1028 cre-

2120 1055 2349 1124 derent,
2381 1074 2518 1128 quos
2549 1065 2948 1130 consequenter
2977 1059 3267 1129 opprimit,
3312 1075 3441 1116 cum
3478 1060 3592 1116 ait:
3626 1059 3691 1117 Et

2120 1144 2268 1200 Deus
2293 1157 2407 1201 erat
2448 1146 2691 1203 Verbum.

2195 1235 2387 1292 Omnia
2412 1255 2506 1309 per
2528 1241 2699 1309 ipsum
2740 1242 2879 1309 facta
2905 1251 3045 1295 sunt.
3093 1240 3195 1313 (Ex
3231 1240 3393 1312 Aug.)
3432 1241 3692 1299 Universa

2121 1326 2267 1379 enim
2296 1336 2546 1385 creatura
2591 1344 2690 1397 per
2723 1329 2899 1398 ipsum
2942 1328 3088 1385 facta
3134 1338 3237 1394 εει,
3269 1329 3467 1400 major,
3499 1332 3690 1398 minor,

2122 1431 2375 1485 superna,
2406 1418 2638 1485 inferna,
2679 1420 2956 1488 spiritalis,
3007 1422 3320 1491 corporalis,
3368 1424 3513 1478 nulla
3554 1410 3693 1479 enim

2123 1503 2297 1560 forma
2323 1544 2340 1575 ,
2391 1507 2537 1562 nulla
2563 1523 2887 1580 compages,
2941 1510 3089 1566 nulla
3113 1514 3403 1569 concordia
3448 1516 3694 1584 partium,

2122 1597 2270 1651 nulla
2311 1598 2699 1669 qualiscunque
2737 1601 3075 1666 substantia,
3121 1618 3243 1672 qua:
3285 1611 3464 1672 potest
3504 1606 3700 1661 habere

2122 1687 2353 1755 pondus,
2385 1703 2688 1751 numerum,
2724 1704 3053 1756 mensuram,
3101 1705 3225 1747 esse
3251 1699 3451 1761 potest,
3481 1693 3587 1748 nisi
3609 1708 3701 1763 per

455 1802 475 1836 ε
513 1756 690 1846 lucet,
743 1790 799 1836 et
847 1782 1083 1835 tenebrae
1133 1795 1255 1834 eam
1310 1795 1418 1834 non
1472 1780 2016 1849 comprehenderunt,
2048 1756 2099 1817 Β
2126 1773 2257 1828 illud
2286 1772 2549 1840 Verbum,
2588 1782 2646 1830 et
2670 1775 2739 1830 ab
2762 1775 2854 1831 illo
2877 1775 3057 1832 Verbo
3080 1756 3354 1842 creatore,
3383 1779 3470 1833 cui
3500 1756 3700 1835 dictum

455 1894 475 1925 ι
514 1875 637 1928 Fuit
661 1874 824 1928 homo
848 1873 1047 1927 missus
1069 1886 1098 1924 a
1129 1872 1256 1936 Deo,
1284 1872 1371 1926 cui
1407 1887 1601 1927 nomen
1624 1882 1744 1927 erat
1766 1872 2018 1928 Joannes.

455 1982 474 2013 ι
514 1962 612 2016 llic
633 1961 777 2016 venit
803 1960 859 2014 in
888 1960 1275 2024 testimonium,
1300 1966 1362 2014 ut
1387 1960 1753 2015 testimonium
1775 1962 2027 2033 perhibe-

455 2070 473 2101 ι
513 2058 593 2105 ret
618 2051 683 2106 de
706 2050 928 2115 lumine,
956 2057 1015 2104 ut
1039 2063 1229 2104 omnes
1258 2051 1544 2105 crederent
1567 2065 1667 2123 per
1694 2051 1864 2119 illum.
1905 2052 2023 2108 Non

454 2164 472 2193 ι
511 2151 627 2197 erat
653 2142 742 2197 ille
767 2142 876 2203 lux,
923 2141 1016 2196 sed
1038 2149 1097 2195 ut
1122 2141 1489 2197 testimonium
1512 2143 1826 2211 perhiberet
1849 2144 1916 2199 de
1942 2143 2026 2201 lu-

454 2255 473 2285 ι
515 2234 675 2288 mine.
716 2230 846 2287 Erat
872 2232 961 2285 lux
990 2247 1141 2296 vera,
1171 2248 1291 2301 quae
1323 2232 1590 2286 illuminat
1614 2247 1830 2288 omnem
1852 2232 2027 2290 homi-

454 2347 474 2379 ι
513 2342 636 2384 nem
657 2326 963 2381 venientem
987 2325 1044 2379 in
1076 2325 1219 2379 hunc
1240 2325 1520 2379 mundum.
1562 2323 1624 2379 In
1655 2327 1856 2382 mundo
1882 2334 2021 2392 erat,

454 2435 475 2469 ι
513 2425 570 2473 ει
594 2415 825 2471 mundus
851 2430 948 2485 per
975 2414 1172 2484 ipsum,
1191 2410 1368 2469 factus
1393 2420 1479 2469 est
1496 2453 1513 2479 ,
1558 2422 1615 2470 et
1640 2415 1873 2470 mundus
1900 2429 2025 2471 eum

351 2513 358 2523 '
458 2526 479 2559 ι
516 2521 623 2562 non
646 2505 913 2577 cognovit.
939 2504 997 2560 In
1033 2504 1248 2575 propria
1275 2505 1445 2569 venit,
1472 2512 1529 2559 et
1548 2504 1633 2560 sui
1658 2519 1781 2561 eum
1807 2514 1915 2561 non
1941 2520 2027 2561 re-

454 2617 475 2649 ι
509 2601 783 2667 ceperunt.
814 2594 1085 2663 Quotquot
1113 2602 1293 2649 autem
1334 2603 1654 2663 receperunt
1680 2610 1802 2650 eum
1826 2634 1843 2661 ,
1878 2595 2028 2653 dedit

406 2730 411 2735 .
455 2707 472 2739 ι
511 2688 591 2742 eis
614 2693 936 2756 potestatem
963 2684 1101 2739 ﬁlios
1136 2685 1233 2740 Dei
1261 2685 1377 2741 ﬁeri
1399 2725 1414 2751 ,
1462 2686 1549 2742 his
1580 2686 1672 2757 qui
1701 2687 1929 2742 credunt
1970 2688 2027 2743 in

454 2796 472 2827 ι
510 2777 726 2831 nomine
752 2776 890 2847 ejus,
917 2775 1010 2846 qui
1030 2790 1140 2830 non
1164 2791 1232 2830 ex
1256 2776 1628 2847 sanguinibus,
1643 2791 1818 2847 neque
1843 2792 1911 2833 ex
1937 2792 2030 2833 vo-

456 2884 475 2916 ι
511 2865 717 2919 luntate
758 2864 959 2929 carnis,
1006 2878 1181 2934 neque
1220 2879 1287 2919 ex
1329 2864 1609 2921 voluntate
1644 2866 1787 2932 viri,
1824 2864 1917 2922 sed
1958 2882 2023 2923 es

455 2972 473 3003 ι
512 2953 621 3009 1)εο
648 2953 759 3007 nati
787 2960 932 3007 sunt.
964 2952 1032 3006 Et
1055 2951 1291 3009 Verbum
1317 2969 1445 3009 caro
1477 2954 1681 3010 factum
1705 2966 1810 3022 est,
1856 2963 1913 3010 et
1934 2956 2028 3011 ha-

454 3060 472 3092 c
513 3043 701 3096 bitavit
721 3042 775 3095 in
816 3041 987 3096 nobis.
1035 3041 1104 3096 Et
1128 3041 1359 3098 vidimus
1386 3043 1610 3114 gloriam
1630 3041 1769 3113 ejus,
1798 3045 2024 3114 gloriam

458 3153 477 3185 ι
516 3135 671 3203 quasi
708 3133 980 3204 Unigeniti
1021 3148 1054 3187 a
1093 3132 1284 3201 Patre,
1332 3135 1550 3204 plenum
1585 3137 1759 3207 gratia
1802 3145 1857 3193 et
1880 3137 2027 3193 veri-

460 3242 479 3276 t
517 3232 646 3278 tate.
687 3243 705 3275 ι

520 3314 587 3369 In
620 3315 876 3385 principio
908 3326 1025 3371 erat
1077 3315 1337 3398 Verbum,
1374 3304 1865 3398 quifémnﬁemé

449 3404 648 3472 Deum,
679 3415 728 3460 et
756 3405 899 3460 Deus
924 3404 1049 3478 ergit~
1087 3386 1355 3489 ξξιξᾶξιξ,
1658 3386 2031 3481 ᾖτῖθκοηῖιῆ

448 3490 705 3560 principio
734 3499 844 3543 erat
869 3475 1120 3544 verUtliiif-
1138 3475 1222 3544 ἶηῖ
1234 3475 1357 3560 qui—'0'
1369 3475 1676 3560 principio?
1718 3475 1787 3544 Et
1815 3475 2034 3576 verbum.

448 3587 562 3632 erat
587 3577 726 3648 apud
752 3576 939 3633 Deum.
965 3577 1033 3632 Et
1055 3565 2078 3665 υςιιερζαξ,Υεοτὺέιιηθᾼρεξῖιῷξειξὶἐίκο

448 3644 674 3727 dicenda
703 3672 924 3756 nomina
1314 3644 1798 3756 :qlia'slivilugrutlt
1821 3644 2020 3728 inriti.

450 3757 591 3814 Ecce
623 3739 1177 3826 verbumﬁcbr'citni'
1195 3739 1513 3837 ἆίᾇοᾜεῦέ,
1556 3777 1718 3830 quam
1747 3763 1911 3817 breve
1941 3769 2026 3818 est

453 3849 594 3919 quod
623 3849 766 3914 dixi,
808 3858 1041 3918 quatuor
1068 3849 1279 3905 litteras
1318 3858 1373 3904 et
1411 3850 1642 3921 syllabas
1679 3852 1829 3907 duas.
1878 3851 2027 3907 Nun-

451 3940 709 4010 quidnam
743 3941 847 3995 hoc
890 3948 1067 3996 totum
1095 3949 1207 4008 est,
1259 3941 1431 4004 Deus,
1473 3950 1706 4012 quatuor
1734 3943 1926 4000 litterae
1969 3953 2026 4000 et

451 4029 669 4102 syllabae
693 4029 849 4085 duae?
895 4043 966 4083 an
1004 4039 1265 4100 quantum
1294 4030 1398 4085 hoc
1421 4032 1528 4088 vile
1552 4040 1654 4096 est,
1695 4040 1905 4089 tantum
1933 4049 2026 4090 ca—

450 4134 571 4175 rum
598 4126 715 4186 est,
757 4120 898 4189 quod
930 4119 984 4174 in
1023 4119 1104 4174 eis
1131 4119 1481 4192 intelligitur,
1532 4123 1660 4192 quid
1695 4122 1891 4178 factum
1920 4132 2021 4180 est.

449 4210 507 4266 ln
538 4209 700 4266 corde
726 4218 838 4277 tuo,
866 4224 988 4264 cum
1014 4209 1268 4276 dicerem,
1297 4211 1458 4277 Deus,
1501 4226 1693 4283 magna
1719 4223 1777 4268 et
1815 4227 2025 4269 summa

450 4300 694 4370 quaedam
717 4299 1018 4354 substantia
1041 4301 1277 4371 cogitata
1306 4308 1412 4367 εει,
1433 4300 1578 4368 viva,
1605 4310 1885 4373 perpetua,
1912 4320 2027 4359 om-

2124 1870 2244 1917 est:
2284 1860 2479 1917 Omnia
2506 1863 2563 1917 in
2588 1878 2856 1930 mensura,
2883 1865 2939 1919 in
2968 1881 3184 1920 numero
3203 1875 3255 1921 et
3280 1866 3506 1936 pondere
3531 1867 3704 1938 dispo—

2123 1951 2298 2005 suisti.
2813 1990 2835 2004 κ
2928 1978 2932 1982 Α

2193 2040 2264 2095 Et
2303 2041 2415 2094 sine
2439 2039 2550 2111 ipso
2600 2040 2798 2111 factum
2825 2051 2901 2096 est
2940 2040 3094 2095 nihil.
3140 2041 3432 2097 Peccatum
3460 2059 3570 2098 non
3610 2059 3704 2114 per

2124 2132 2303 2202 ipsum
2330 2132 2532 2188 factum
2551 2140 2657 2198 est,
2681 2140 2739 2188 et
2761 2133 2966 2188 idolum
2988 2148 3101 2189 non
3128 2142 3217 2189 est
3236 2148 3335 2204 per
3362 2133 3597 2189 Verbum
3621 2135 3701 2190 fa-

2126 2226 2292 2275 ctum.

2200 2310 2311 2383 (Ex
2351 2311 2600 2384 Hieron.)
2641 2312 2748 2369 Per
2791 2312 2938 2368 banc
2981 2313 3130 2369 enim
3173 2316 3496 2370 sententiam
3532 2317 3708 2372 excla-

2133 2401 2334 2458 duutur
2377 2403 2538 2459 idola.
2586 2403 2817 2473 Propter
2849 2404 2994 2474 quod
3031 2405 3111 2460 ait
3144 2403 3475 2477 Apostolus:
3507 2406 3707 2463 Scimus

2127 2496 2253 2563 quia
2281 2495 2414 2549 nihil
2434 2504 2511 2551 est
2539 2494 2745 2550 idolum
2771 2495 2823 2565 (1
2854 2494 2982 2551 Cor.
3008 2496 3154 2570 vni).

2196 2582 2411 2657 (Vulg.)
2471 2585 2667 2643 Omnia
2727 2594 2912 2643 creata
2969 2586 3057 2642 vel
3119 2586 3265 2643 facta
3318 2602 3418 2658 per
3454 2586 3706 2644 .Verbum

2127 2673 2271 2730 bona
2302 2683 2462 2742 sunt,
2510 2684 2568 2732 et
2607 2676 2770 2733 modo
2807 2691 2908 2733 suo
2948 2677 3269 2743 subsistunt.
3313 2677 3508 2733 Omnia
3552 2678 3710 2749 igitur

2129 2773 2311 2820 creata
2338 2767 2499 2821 modo
2537 2782 2635 2823 suo
2674 2766 3018 2832 subsistunt,
3070 2783 3230 2824 omne
3273 2769 3416 2839 quod
3442 2770 3706 2837 subsistit,

2130 2864 2381 2910 naturam
2415 2855 2608 2919 habet,
2660 2856 2796 2911 nihil
2830 2870 2938 2912 non
2965 2857 3132 2912 habet
3153 2866 3426 2924 naturam,
3455 2859 3589 2914 nihil
3611 2860 3709 2929 igi-

2131 2951 2219 2998 tur
2241 2958 2349 2999 non
2373 2945 2637 3012 subsistit,
2669 2943 2874 3000 malum
2904 2945 3021 3002 sine
3042 2944 3216 3003 Verbo
3239 2946 3441 3002 factum
3462 2957 3568 3014 est,
3594 2949 3714 3005 sine

2129 3036 2308 3093 Verbo
2328 3036 2528 3095 factum
2554 3046 2640 3093 est
2666 3037 2821 3102 nihil,
2863 3038 3064 3093 malum
3094 3038 3259 3110 igitur
3282 3038 3418 3094 nihil
3439 3047 3542 3095 est.
3571 3039 3714 3097 Nihil

2128 3143 2258 3183 vero
2284 3143 2391 3185 non
2420 3126 2686 3194 subsistit,
2730 3127 2930 3182 malum
2958 3128 3122 3199 igitur
3148 3142 3254 3183 non
3279 3128 3566 3197 subsistit;
3597 3128 3713 3187 nul-

2092 3219 2240 3295 .lum
2267 3218 2467 3273 malum
2493 3218 2755 3283 subsistit,
2783 3219 2960 3275 omnis
2991 3226 3242 3275 creatura
3270 3220 3533 3276 subsistit.
3585 3219 3715 3277 Nul-

2062 3282 2240 3390 Zélum
2274 3306 2436 3378 igitur
2462 3307 2664 3363 malum
2707 3282 2960 3364 creatura
3000 3317 3117 3375 est,
3165 3323 3334 3380 quare
3374 3310 3510 3366 nihil
3533 3325 3715 3382 neQue

2103 3396 2329 3453 'bonum
2361 3398 2579 3467 aliquod
2617 3406 2703 3454 est
2726 3439 2742 3464 ,
2780 3413 2957 3468 neque
2983 3399 3095 3455 ullo
3118 3398 3279 3455 modo
3317 3400 3584 3467 subsistit,
3614 3416 3714 3457 ne—

2113 3502 2245 3574 que
2254 3487 2362 3574 ulla
2381 3497 2630 3544 creatura
2653 3497 2757 3556 est,
2786 3498 2843 3545 et
2866 3505 3026 3547 omne
3054 3488 3197 3561 quod
3224 3490 3385 3546 modo
3406 3490 3586 3563 aliquo
3607 3500 3716 3561 est,

2085 3568 2407 3665 ίεξῇὶριιιηι
2432 3588 2540 3647 εει,
2577 3588 2632 3636 ει
2658 3597 2766 3637 non
2803 3581 2909 3637 nisi
2936 3597 3035 3652 per
3073 3580 3308 3638 Verbum
3338 3590 3442 3638 est.

2074 3658 2094 3687 δ
2159 3658 2349 3734 ’ῥιὶοά
2373 3669 2569 3739 factum
2595 3678 2714 3724 est:
2750 3668 2820 3723 In
2848 3669 2962 3740 ipso
3002 3670 3108 3724 vita
3136 3678 3233 3725 est.
3277 3670 3377 3742 (Ex
3416 3669 3582 3742 Aug.)
3624 3670 3721 3728 Sic

2123 3758 2560 3830 distinguendum
2586 3767 2702 3826 est,
2735 3760 2880 3831 quod
2906 3759 3109 3815 factum
3138 3769 3242 3826 est,
3285 3760 3374 3815 hic
3411 3760 3721 3817 subdistin'

2124 3864 2245 3920 gue,
2272 3858 2328 3904 et
2355 3849 2547 3905 deinde
2573 3847 2713 3904 infer
2732 3847 2832 3908 :Iu
2850 3850 2963 3921 ipse
2983 3851 3092 3904 vita
3119 3857 3215 3904 est.
3244 3847 3410 3905 Facta
3430 3857 3514 3905 est
3536 3859 3714 3921 terra,

2123 3940 2220 3994 sed
2244 3940 2299 3994 in
2324 3940 2440 4010 ipsa
2461 3955 2568 3995 non
2594 3947 2680 3996 est
2710 3940 2843 3996 vita.
2874 3940 2970 3996 Est
2993 3948 3172 3995 autem
3195 3940 3250 3995 in
3273 3939 3390 4011 ipsa
3419 3941 3713 4012 sapientia.

2124 4029 2434 4099 specialiter
2461 4030 2601 4085 ratio
2629 4031 2907 4101 quaedam,
2953 4046 3058 4100 qua
3101 4038 3243 4085 terra
3277 4030 3421 4086 facta
3451 4040 3562 4098 εει,
3594 4033 3717 4088 haec

2123 4120 2235 4175 vita
2261 4126 2366 4186 est,
2399 4129 2604 4175 terram
2632 4119 2808 4186 vides,
2846 4127 2931 4175 est
2965 4120 3019 4174 in
3047 4127 3167 4174 arte
3196 4127 3361 4174 terra.
3402 4119 3608 4176 Caelum
3634 4121 3718 4176 vi-

2125 4211 2242 4279 des,
2271 4219 2358 4266 est
2398 4211 2454 4266 in
2483 4218 2601 4267 arte
2647 4210 2867 4278 emtum,
2897 4215 3064 4267 solem
3092 4218 3147 4266 et
3186 4210 3369 4266 lunam
3391 4210 3562 4278 vides,
3589 4222 3724 4269 sunt

2127 4300 2231 4357 ista
2272 4303 2329 4357 in
2371 4309 2511 4369 arte,
2560 4301 2659 4358 sed
2703 4300 2839 4358 loris
2875 4315 3106 4373 corpora
3142 4308 3304 4369 sunt,
3352 4302 3410 4358 in
3448 4310 3566 4359 arte
3600 4304 3722 4359 vita

452 4391 698 4458 nipotens
724 4430 740 4445 .
789 4389 1032 4454 inﬁnita,
1081 4391 1278 4461 ubique
1323 4406 1560 4461 praesens
1584 4433 1599 4457 ,
1652 4394 1851 4463 ubique
1888 4402 2020 4461 tota,
2048 4416 2102 4476 υ
2128 4401 2274 4447 sunt.

452 4492 716 4546 nusquam
739 4478 979 4541 exclusa,
1002 4480 1217 4546 quando
1246 4480 1349 4534 ista
1378 4481 1604 4550 cogitas,
1634 4480 1739 4537 hoc
1766 4491 1868 4548 est,
1892 4496 2017 4539 ver-

450 4572 580 4624 bum
617 4570 682 4624 dc
706 4569 818 4623 Deo
848 4568 901 4622 in
931 4569 1095 4623 corde
1117 4577 1229 4622 tuo.
1283 4568 1393 4640 (Ea:
1417 4569 1609 4642 Beda.)
1640 4570 1747 4627 Alii
1788 4587 2021 4643 evange—

452 4658 588 4715 lista:
609 4658 882 4713 Christum
908 4673 974 4712 ex
1000 4666 1242 4726 tempore
1283 4669 1469 4714 natum
1496 4660 1830 4737 describunt,
1859 4663 2022 4720 Joan-

452 4761 551 4803 nes
589 4747 835 4802 eumdem
872 4747 926 4801 in
970 4746 1237 4817 principio
1277 4746 1445 4805 fuisse
1488 4758 1751 4820 testatur,
1794 4754 2019 4812 dicens:

451 4833 524 4893 In
557 4837 811 4909 principio
856 4846 968 4890 erat
1011 4834 1255 4891 Verbum.
1302 4837 1407 4894 Alii
1444 4838 1588 4896 inter
1620 4842 1867 4900 homines
1897 4860 2019 4902 eum

452 4927 633 4984 subito
678 4925 990 4995 apparuisse
1038 4939 1464 4983 commemorant
1486 4970 1502 4996 ,
1552 4930 1642 4987 ille
1682 4932 1857 5003 ipsum
1888 4935 2029 5007 apud

452 5017 621 5072 Deum
668 5029 883 5084 semper
917 5014 1083 5070 fuisse
1129 5014 1390 5082 declarat,
1427 5019 1654 5075 dicens:
1693 5019 1764 5074 Et
1801 5020 2026 5079 Verbum

452 5114 566 5160 erat
612 5104 752 5174 apud
798 5102 984 5158 Deum.
1033 5104 1137 5159 Alii
1184 5121 1306 5161 eum
1345 5122 1537 5165 verum
1582 5111 1896 5179 hominem,
1942 5114 2031 5170 ille

454 5195 629 5263 ipsum
655 5207 841 5248 verum
869 5193 1153 5250 conﬁrmat
1179 5209 1299 5251 esse
1317 5196 1509 5265 Deum,
1538 5198 1762 5256 dicens:
1800 5201 1870 5257 Et
1889 5203 2031 5259 Deus

453 5290 563 5337 erat
595 5280 837 5335 Verbum.
871 5282 976 5337 Alii
1004 5284 1276 5343 hominem
1302 5299 1424 5341 eum
1454 5289 1595 5358 apud
1622 5291 1870 5345 homines
1892 5298 2028 5345 tem-

454 5370 712 5441 poraliter
761 5380 1159 5440 conversatum,
1205 5375 1294 5431 ille
1343 5375 1535 5443 Deum,
1577 5380 1717 5448 apud
1761 5378 1930 5434 Deum
1970 5378 2025 5434 in

473 5460 718 5530 irincipio
759 5468 1067 5516 manentem
1095 5464 1350 5532 ostendit,
1389 5466 1614 5522 dicens:
1667 5466 1783 5521 Hoc
1819 5476 1933 5522 erat
1968 5468 2025 5523 in

454 5551 705 5625 principio
733 5552 874 5621 apud
902 5550 1088 5607 Deum.
1137 5552 1242 5609 Alii
1270 5555 1541 5625 magnalia
1570 5570 1689 5627 quae
1714 5557 1768 5612 in
1803 5556 2024 5612 homine

453 5644 621 5714 gessit
654 5643 939 5715 perhibent
970 5644 1064 5701 ille
1085 5648 1229 5717 quod
1256 5664 1471 5704 omnem
1498 5655 1805 5705 creaturam
1833 5648 2019 5704 visibi-

2196 4483 2267 4537 Et
2292 4484 2397 4538 vita
2423 4493 2535 4539 erat
2559 4482 2653 4539 lux
2676 4484 2968 4541 hominum.
2997 4482 3253 4559 Ergoilla
3276 4485 3410 4554 vita,
3431 4500 3530 4557 per
3549 4503 3726 4560 quam

2124 4572 2267 4629 facta
2296 4580 2424 4628 sunt
2444 4573 2645 4637 omnia,
2676 4573 2793 4642 ipsa
2817 4573 2948 4638 vita,
2987 4573 3080 4629 lux
3101 4583 3209 4640 est,
3229 4581 3286 4630 et
3306 4590 3415 4630 non
3453 4591 3729 4645 quorum-

2124 4679 2337 4733 cunque
2366 4661 2711 4724 animalium,
2763 4662 2859 4718 sed
2887 4662 2978 4716 lux
3007 4663 3306 4729 hominum,
3336 4664 3465 4733 quia
3491 4680 3560 4721 ex
3590 4666 3721 4736 ipsa

2126 4754 2371 4809 homines
2428 4752 2799 4807 illuminantur
2821 4792 2838 4819 ,
2899 4767 3097 4822 pecora
3151 4768 3261 4808 non
3312 4753 3719 4822 illuminantur,

2126 4845 2292 4901 homo
2317 4843 2462 4898 enim
2509 4842 2684 4919 factus
2713 4850 2797 4899 est
2837 4842 2906 4899 ad
2944 4842 3235 4912 imaginem
3281 4843 3413 4910 Dei,
3460 4854 3516 4902 et
3549 4846 3728 4903 habet

2128 4932 2450 4989 rationalem
2476 4941 2735 5000 mentem,
2775 4948 2875 5004 per
2910 4948 3074 5003 quam
3099 4934 3273 5005 possit
3311 4936 3593 5007 percipere
3623 4952 3722 4993 sa-

2129 5025 2408 5095 pientiam.
2734 5039 2743 5047 '

2200 5111 2270 5166 Et
2304 5112 2398 5167 tua:
2430 5113 2487 5168 in
2529 5111 2750 5168 tenebris
2774 5109 2930 5180 lucet,
2961 5122 3011 5168 et
3038 5114 3260 5171 tenebrae
3295 5132 3411 5170 eam
3435 5133 3540 5172 non
3560 5133 3719 5172 com-

2128 5203 2531 5273 prehenderunt.
2558 5202 2814 5258 Homines
2841 5203 3116 5270 inﬁdeles,
3155 5205 3362 5275 injusti,
3389 5206 3579 5277 iniqui,
3622 5221 3725 5260 ra—

2131 5306 2314 5360 paces,
2354 5293 2525 5356 avari,
2549 5299 2819 5347 amatores
2845 5294 3050 5358 saaculi,
3076 5294 3133 5349 hi
3155 5302 3282 5349 sunt
3308 5294 3563 5360 tenebrat,
3584 5310 3724 5365 quae

2131 5379 2415 5437 Dominum
2464 5396 2572 5437 non
2615 5380 3095 5451 comprehendunt,
3145 5382 3199 5436 id
3227 5390 3333 5445 est,
3373 5397 3479 5435 non
3506 5379 3722 5436 intelli—

2129 5476 2279 5539 gunt.
2321 5467 2499 5539 Purga
2520 5469 2586 5524 de
2608 5468 2766 5524 oculo
2791 5476 2882 5524 tuo
2941 5468 3201 5539 quidquid
3227 5469 3352 5524 mali
3387 5477 3508 5536 est,
3536 5476 3589 5524 et
3620 5469 3723 5525 vi-

2126 5558 2278 5615 debis
2306 5559 2644 5631 sapientiam,
2673 5574 2793 5629 quae
2817 5560 2958 5615 Deus
2981 5569 3064 5614 est
3090 5578 3101 5613 :
3135 5558 3284 5614 Beati
3311 5559 3506 5615 mundo
3526 5558 3719 5625 corde,

2124 5650 2371 5720 quoniam
2400 5648 2498 5719 ipsi
2525 5648 2693 5703 Deum
2721 5648 2959 5703 ridebunt
2998 5647 3211 5721 (Manli.
3241 5651 3315 5720 γ).
