3998 6198
395 330 467 390 35
1665 328 1945 386 SMARAC
1954 330 2018 385 Di
2055 330 2348 388 ABBATIS
3596 335 3669 394 36

398 444 587 499 simus.
608 443 829 499 dicere:
865 442 1111 499 Vidimus
1138 442 1365 514 gloriam
1408 440 1546 512 ejus.
1588 438 1812 506 Qualem
1856 439 1974 509 glo-
2005 445 2055 502 Α
2087 457 2105 491 ι
2134 441 2301 497 cmlos
2339 450 2578 512 apertos,
2617 452 2672 499 et
2700 444 2895 499 Filium
2929 444 3168 500 hominis
3195 452 3434 501 stantem
3475 462 3505 500 a
3537 446 3667 502 dex-

396 535 570 592 riam?
603 536 780 606 qualis
804 534 977 591 factus
1003 542 1089 592 est
1113 535 1287 592 Filius
1316 533 1574 591 hominis.

466 625 577 698 (Ea;
598 625 789 696 Beda.)
816 625 884 680 Et
906 626 1141 680 Verbum
1162 640 1291 680 caro
1318 624 1519 680 factum
1540 632 1645 679 est.
1668 622 1812 677 Nihil
1836 622 1980 676 aliud

396 715 557 771 debet
598 716 847 787 intelligi,
897 731 1061 785 quam
1099 715 1147 770 si
1181 716 1496 771 diceretur:
1523 722 1580 770 et
1626 714 1769 769 Deus
1815 714 1981 769 homo

393 808 573 865 factus
599 816 704 873 est,
729 823 950 864 carnem
974 806 1225 863 videlicet
1253 806 1524 863 induendo
1547 814 1604 861 et
1629 805 1891 869 animam,
1921 812 1980 857 ut

395 899 538 956 sicut
582 900 812 969 quisque
859 908 1106 955 nostrum
1149 913 1290 952 unus
1326 898 1489 953 homo
1528 913 1595 952 ex
1641 910 1806 951 carne
1849 908 1979 949 con-

393 995 503 1044 stat
547 997 603 1045 et
646 990 847 1054 anima,
898 988 971 1042 ita
1016 1003 1157 1043 unus
1199 989 1268 1044 ab
1305 987 1697 1042 incarnationis
1731 994 1977 1056 tempore

391 1079 662 1143 Christus,
692 1096 759 1135 ex
789 1079 1093 1145 divinitate,
1123 1094 1286 1134 carne
1310 1088 1366 1135 et
1391 1079 1573 1133 anima
1597 1085 1832 1133 constat.

463 1170 534 1224 Et
575 1170 796 1224 vidimus
820 1169 1044 1240 gloriam
1069 1170 1205 1240 ejus,
1229 1170 1455 1239 gloriam
1485 1171 1637 1240 quasi
1664 1168 1921 1239 unigeniti
1941 1186 1974 1221 a

394 1259 576 1313 Patre.
617 1258 801 1314 Gloria
829 1258 1059 1323 Christi,
1085 1274 1251 1328 quam
1279 1265 1404 1313 ante
1434 1257 1865 1313 incarnationem
1895 1257 1975 1311 vi-

390 1349 521 1403 dere
544 1364 650 1403 non
680 1357 934 1419 poterant
973 1349 1244 1413 homines,
1281 1356 1405 1418 post
1437 1348 1866 1404 incarnationem
1895 1347 1974 1401 vi-

395 1439 613 1503 derunt,
663 1439 989 1509 aspicientes
1038 1438 1432 1492 humanitatem
1475 1437 1754 1492 miraculis
1805 1437 1974 1493 reful—

390 1539 629 1599 gentem,
655 1539 710 1586 et
730 1530 1091 1601 intelligentes
1119 1529 1453 1585 divinitatem
1475 1529 1620 1585 intus
1644 1529 1970 1596 latitantem,

394 1617 473 1672 illi
518 1618 776 1683 maxime,
830 1617 923 1686 qui
972 1616 1091 1687 ejus
1134 1617 1441 1672 claritatem
1489 1626 1617 1672 ante
1664 1618 1969 1686 passionem

293 1776 300 1783 ,
391 1706 784 1777 transﬁgurati,
825 1707 879 1761 in
922 1715 1105 1762 monte
1150 1714 1340 1763 sancto
1377 1708 1730 1779 contemplari
1756 1722 1970 1765 merue-

2087 548 2107 580 ι
2135 532 2235 587 tris
2277 532 2494 588 virtutis
2521 534 2639 589 Dei.
2666 535 3048 590 Exclamantes
3072 544 3254 591 autem
3283 550 3416 591 voce
3442 552 3664 608 magna,

2086 639 2105 673 ε
2133 623 2519 680 continuerunt
2578 640 2741 682 aures
2797 641 2942 689 suas,
3003 633 3059 680 et
3108 626 3370 696 impetum
3418 626 3669 684 fecerunt

2084 731 2103 763 ι
2131 714 2462 770 unanimiter
2492 716 2546 770 in
2568 731 2714 770 cum.
2746 717 2813 772 Et
2840 718 3120 788 ejicientes
3144 732 3268 773 eum
3289 725 3441 771 extra
3469 717 3662 772 civita-

2083 819 2102 857 ‹
2132 810 2261 867 tem,
2300 802 2631 873 lapidabant,
2662 813 2719 859 et
2755 813 2922 859 testes
2954 805 3320 874 deposuerunt
3343 804 3663 858 vestimenta
3708 861 3718 871 ,

2084 907 2102 941 ι
2130 906 2228 945 sua
2265 905 2423 947 secus
2465 894 2630 963 pedes
2664 893 3042 958 adolescentis,
3087 894 3181 964 qui
3209 893 3502 948 vocabatur
3526 891 3663 947 Sau-

2083 983 2235 1039 (1118.
2267 984 2336 1038 Et
2361 985 2680 1055 lapidabant
2717 987 3076 1059 Stephanum,
3118 989 3458 1043 invocantem
3496 994 3553 1041 et
3580 987 3664 1042 di-

2082 1090 2101 1122 (
2129 1082 2376 1139 centem,
2429 1076 2655 1132 Domine
2698 1075 2847 1143 Iesu,
2898 1079 3114 1149 suscipe
3160 1078 3410 1147 spiritum
3456 1092 3657 1132 meum.

2060 1180 2099 1225 ,ι
2128 1161 2327 1219 Positis
2372 1174 2553 1220 autem
2582 1169 2831 1238 genibus,
2860 1170 3113 1223 clamavit
3147 1183 3280 1224 voce
3319 1183 3535 1239 magna,
3569 1168 3656 1222 di—

2080 1269 2100 1301 i
2127 1267 2259 1307 cens
2302 1271 2316 1307 :
2365 1254 2630 1321 Domine,
2681 1273 2749 1313 ne
2792 1265 3002 1314 statuas
3045 1258 3154 1313 illis
3200 1260 3305 1313 hoc
3351 1266 3654 1327 peceatum.

2081 1357 2098 1389 ε
2130 1340 2197 1394 Et
2223 1356 2348 1395 cum
2374 1343 2478 1398 hoc
2508 1344 2756 1409 dixisset,
2784 1347 3114 1403 obdormivit
3141 1348 3196 1402 in
3226 1347 3476 1402 Domino.
3505 1366 3525 1398 ι

2147 1426 2444 1500 Stephanus
2473 1432 2657 1502 plenus
2676 1436 2851 1505 gratia
2871 1445 2921 1489 et
2946 1436 3262 1505 fortitudine
3288 1436 3390 1508 (Ex
3413 1433 3658 1505 Hieron).

2075 1516 2412 1588 Stephanus,
2450 1524 2689 1594 Στέφανος
2727 1523 2944 1590 Graece,
2988 1525 3178 1579 Latine
3209 1535 3503 1580 coronatus
3524 1524 3662 1579 dici-

2073 1615 2194 1673 tur,
2221 1610 2312 1679 qui
2340 1611 2702 1679 pulcherrima
2732 1614 2943 1669 ratione
2983 1615 3124 1683 quod
3161 1622 3517 1685 percepturus
3540 1623 3662 1668 erat

2071 1698 2127 1752 in
2168 1715 2247 1763 re,
2295 1702 2530 1770 quodam
2561 1706 2822 1775 praesagio
2861 1715 3264 1777 praeoccuparet
3303 1706 3357 1760 in
3385 1707 3604 1761 nomine
3640 1722 3658 1761 :

392 1806 538 1861 mm,
569 1812 703 1853 νοοθ
728 1797 945 1868 delapsa
976 1797 1044 1853 ad
1072 1812 1197 1854 eum
1226 1797 1595 1867 hujuscemodi
1625 1814 1658 1854 α
1682 1801 1967 1870 magniﬁca
1998 1798 2045 1857 Β
2072 1786 2339 1858 lapidatus
2375 1791 2680 1858 humiliter,
2720 1795 2816 1849 sed
2857 1795 3161 1850 sublimiter
3189 1803 3481 1850 coronatus
3504 1834 3520 1859 ,
3556 1792 3661 1850 lie-

387 1887 598 1959 gloria:
629 1886 734 1941 Hie
771 1897 847 1943 est
893 1886 1065 1943 Filius
1107 1903 1254 1943 meus
1299 1888 1544 1954 dilectus,
1592 1890 1650 1945 in
1688 1907 1793 1961 quo
1839 1892 1966 1946 mihi

393 1974 688 2045 complacui
719 1975 804 2047 (II
832 1974 980 2031 Petr.
1009 1977 1072 2048 ι),
1104 1986 1161 2033 et
1196 1987 1321 2047 post
1359 1979 1692 2048 passionem,
1725 1995 1970 2036 resurre-

390 2063 605 2127 ctionis,
652 2066 1092 2135 ascensionisqne
1118 2068 1288 2136 ipsius
1318 2067 1488 2137 gloria
1516 2078 1828 2141 conspecta,
1859 2071 1973 2141 spi-

387 2152 528 2208 ritus
553 2152 669 2222 ejus
690 2164 817 2210 sunt
843 2156 986 2210 dono
1012 2157 1239 2212 mirifice
1261 2157 1471 2222 refecti,
1499 2160 1696 2227 quibus
1721 2163 1970 2218 omnibus

388 2247 675 2304 manifeste
733 2257 1144 2318 cognoverunt,
1201 2251 1345 2320 quod
1399 2251 1709 2321 huiusmodi
1759 2253 1964 2324 gloria,

388 2356 497 2396 non
545 2339 766 2394 cuilibet
811 2334 1157 2405 sanctorum,
1210 2341 1305 2395 sed
1356 2340 1433 2396 illi
1470 2341 1570 2396 soli
1611 2343 1838 2407 homini,
1875 2346 1968 2414 qui

387 2437 532 2484 esset
559 2428 614 2483 in
638 2429 920 2484 divinitate
946 2430 1256 2500 unigenitus
1282 2445 1312 2484 a
1335 2431 1497 2487 Patre
1522 2433 1856 2488 conveniret.

459 2518 681 2574 Plenum
705 2519 877 2589 gratia
902 2529 951 2573 et
976 2520 1209 2574 ueritate.
1242 2520 1344 2590 (Ex
1371 2520 1703 2592 Fulgentio.)
1741 2521 1879 2589 Quia
1911 2531 1967 2577 et

387 2608 442 2663 in
475 2608 654 2663 divina
681 2619 900 2674 natura,
929 2608 1055 2678 quia
1084 2609 1228 2665 Deus
1264 2610 1465 2665 veritas
1504 2619 1607 2672 est,
1643 2610 1833 2679 plenus
1858 2619 1964 2677 est,

387 2708 444 2757 et
470 2701 524 2755 in
554 2702 813 2766 humana,
840 2702 894 2755 in
919 2715 1025 2770 qua
1052 2701 1216 2756 homo
1242 2716 1422 2765 verus,
1456 2701 1628 2771 gratia
1652 2700 1828 2756 factus
1854 2710 1965 2767 est,

384 2790 576 2859 plenus
600 2792 686 2845 eSt
709 2807 723 2843 :
750 2791 803 2844 in
827 2790 918 2844 illa
941 2790 1276 2859 plenitudine
1298 2789 1441 2846 Deus
1466 2798 1550 2844 est
1571 2791 1623 2844 in
1650 2789 1822 2843 forma
1847 2789 1964 2854 Dei,

386 2880 611 2950 aqualis
654 2879 801 2945 Deo;
852 2880 906 2934 in
954 2881 1054 2935 ista
1094 2881 1445 2950 plenitudine,
1490 2895 1681 2937 servus
1710 2881 1763 2935 in
1792 2880 1965 2936 forma

385 2970 548 3036 servi,
588 2970 713 3040 quia
744 2971 796 3025 in
829 2971 1182 3027 similitudine
1226 2972 1504 3026 hominum
1544 2970 1740 3036 factus,
1783 2980 1840 3027 et
1863 2970 1964 3026 ha-

385 3058 498 3113 bitu
527 3068 612 3115 est
640 3060 892 3114 inventus
921 3069 979 3114 ut
1005 3061 1167 3117 homo
1191 3060 1413 3131 (Philip.
1453 3062 1538 3132 ιι).

2071 1879 2256 1936 braice
2299 1890 2481 1937 autem
2534 1884 2921 1956 interpretatur
2951 1902 3139 1941 norma
3177 1896 3393 1951 vestra,
3427 1898 3660 1955 quorum

2070 1968 2352 2027 videlicet?
2385 1974 2489 2029 nisi
2532 1986 2832 2046 martyrum
2862 1978 3222 2047 sequentium,
3259 1978 3457 2047 quibus
3482 1977 3662 2047 primo

2071 2060 2343 2129 patiendo,
2369 2062 2543 2119 forma
2570 2064 2743 2121 factus
2768 2075 2885 2132 est,
2915 2067 3195 2124 moriendo
3223 2083 3320 2137 pro
3340 2068 3583 2123 Christo.

2156 2151 2405 2210 Faciebat
2458 2158 2607 2228 signa
2652 2168 2701 2214 et
2748 2161 3009 2231 prodigia.
3063 2162 3314 2231 Prodigia
3360 2162 3657 2229 dicuntur,

2069 2261 2234 2316 porro
2253 2246 2511 2313 dicentia,
2546 2248 2600 2303 id
2635 2261 2742 2314 est,
2767 2266 2966 2309 novum
3010 2252 3213 2321 aliquid
3237 2252 3392 2323 longe
3419 2251 3660 2307 futurum

2068 2334 2434 2402 praedicenda.
2489 2336 2655 2406 Signa
2701 2336 2958 2393 dicuntur
3001 2339 3201 2397 indicia
3232 2341 3444 2410 aliqua,
3493 2341 3562 2397 ab
3593 2353 3662 2399 eo

2068 2423 2210 2491 quod
2237 2420 2439 2492 aliquid
2477 2423 2801 2494 significent.

2139 2511 2493 2568 Surrexerunt
2513 2523 2689 2567 autem
2704 2516 2919 2586 quidam
2940 2518 3004 2571 de
3029 2516 3329 2588 Synagoga,
3357 2533 3473 2588 qua:
3494 2517 3667 2588 appel-

2066 2602 2604 2657 laturLibertinorum
2620 2615 2667 2659 et
2687 2604 3134 2676 Cyrenensium,“
3155 2608 3660 2672 Alexandrinorum,

2067 2700 2114 2743 et
2142 2707 2322 2744 eorum
2348 2693 2437 2761 qui
2462 2702 2610 2745 erant
2639 2711 2671 2748 a
2698 2692 2887 2749 Cilicia
2917 2706 2966 2751 et
2993 2698 3119 2751 Asia
3146 2738 3162 2762 ,
3189 2698 3514 2768 disputantes
3543 2714 3658 2753 cum

2069 2776 2355 2848 Stephano.
2397 2779 2680 2851 Synagoga
2720 2782 2935 2850 Graece,
2976 2785 3165 2841 Latine
3201 2788 3547 2858 congregatio
3571 2784 3657 2839 di-

2066 2870 2227 2925 citur.
2258 2870 2541 2943 Libertini,
2567 2873 2659 2942 qui
2689 2874 2755 2928 de
2784 2877 3043 2931 servitute
3070 2877 3386 2932 manumissi
3406 2886 3461 2931 et
3496 2876 3659 2930 liber-

2068 2967 2177 3013 tate
2222 2959 2409 3014 donati
2456 2969 2601 3014 sunt.
2630 2960 2853 3016 Constat
2894 2972 3106 3028 autem,
3150 2965 3216 3019 de
3253 2965 3421 3033 stirpe
3467 2962 3652 3018 servili

2068 3046 2255 3113 fuisse,
2295 3049 2384 3117 qui
2415 3049 2592 3118 primo
2636 3048 2758 3104 ﬁdei
2798 3050 2998 3106 Christi
3048 3053 3388 3118 restiterunt,
3418 3053 3512 3122 qui
3552 3052 3656 3107 etsi
3698 3100 3709 3109 κ

453 3148 564 3218 (Ea:
590 3147 780 3219 Beda.)
811 3147 997 3204 Gratia
1026 3150 1216 3219 plenus
1248 3159 1385 3213 erat,
1422 3159 1477 3205 et
1501 3158 1589 3206 est
1615 3151 1780 3207 homo
1805 3151 1964 3209 ειη-ί.
1992 3133 2037 3194 C
2068 3137 2137 3191 ab
2165 3136 2471 3192 hominibus
2498 3139 2821 3209 emancipati
2838 3179 2854 3205 ,
2875 3149 3055 3196 tamen
3083 3142 3224 3196 servi
3252 3152 3409 3199 erant
3426 3140 3655 3211 peccati.

383 3245 501 3292 stus
528 3236 705 3303 Jesus,
748 3239 835 3293 cui
863 3238 1127 3309 singulari
1158 3254 1405 3305 munere,
1433 3255 1546 3310 pra:
1572 3242 1789 3298 cieteris
1819 3257 1964 3298 mor-

387 3326 584 3383 talibus
611 3327 797 3383 datum
828 3336 931 3394 est,
956 3337 1017 3383 ut
1040 3330 1222 3386 statim
1250 3346 1317 3385 ex
1339 3345 1447 3401 quo
1471 3331 1526 3386 in
1557 3339 1713 3387 utero
1737 3333 1966 3403 virginis

386 3417 593 3487 concipi
696 3426 754 3474 et
796 3420 960 3475 homo
1007 3419 1122 3474 fieri
1168 3421 1452 3492 inciperet.
1499 3438 1663 3479 verus
1710 3434 1860 3481 esset
1906 3436 1963 3482 et

387 3506 553 3563 Deus.

1014 3595 1307 3637 CONCORDIA
1316 3619 1333 3636 ο

455 3683 687 3739 lstamm
714 3684 944 3740 duarum
983 3687 1037 3741 in
1079 3689 1330 3757 plurimis
1363 3691 1424 3746 iit
1457 3694 1745 3749 concordia
1774 3694 1963 3753 lectio-

388 3789 536 3829 num.
566 3775 913 3845 Evangelium
942 3778 1112 3833 dicit:
1151 3778 1217 3833 In
1254 3781 1513 3852 principio
1554 3796 1667 3839 erat
1713 3784 1959 3844 Verbum.

385 3863 455 3918 Et
479 3864 767 3932 Apostolus
795 3883 808 3918 :
843 3864 921 3919 Tu
947 3867 1003 3921 in
1023 3868 1303 3938 principio,
1349 3869 1597 3937 Domine,
1621 3882 1817 3929 terram
1839 3876 1964 3946 fun-

387 3952 547 4005 dasti.
601 3952 950 4023 Evangelium
994 3953 1127 4010 dicit
1166 3974 1180 4009 :
1229 3956 1419 4012 Omnia
1463 3976 1556 4029 per
1604 3961 1773 4031 ipsum
1819 3963 1964 4033 facta

386 4053 531 4107 sunt,
561 4052 611 4097 et
641 4043 867 4098 mundus
902 4061 996 4115 per
1033 4046 1202 4115 ipsum
1229 4047 1402 4117 factus
1444 4060 1539 4105 est.
1570 4051 1861 4122 Apostolus
1884 4058 1967 4112 di-

387 4130 464 4185 cit
491 4149 505 4185 :
540 4129 645 4185 Per
667 4149 816 4203 quem
851 4132 975 4203 fecit
1009 4144 1058 4189 et
1087 4137 1304 4193 alecula.
1336 4138 1644 4197 Notandum
1679 4147 1822 4211 quod
1855 4147 1963 4203 Do—

388 4219 595 4279 minum
632 4219 821 4276 Jesnm
864 4220 1161 4291 Christum,
1217 4229 1436 4299 utrique
1468 4230 1634 4287 Deum
1665 4236 1966 4305 appellave-

389 4317 549 4362 runt:
577 4309 923 4381 Evangelium
971 4314 1062 4368 ubi
1107 4317 1223 4371 ait:
1252 4317 1322 4371 Et
1368 4319 1509 4375 Deus
1559 4333 1673 4378 erat
1714 4323 1960 4383 Verbum.

387 4397 674 4467 Apostolus
692 4402 785 4456 ubi
813 4404 977 4459 dicit:
1011 4404 1270 4471 Thronus,
1298 4417 1418 4462 tuus
1452 4410 1612 4477 Deus,
1633 4413 1687 4466 in
1706 4415 1962 4469 sarculum

388 4487 613 4560 saeuli(
649 4493 805 4548 (febr.
839 4508 854 4547 ι
893 4493 935 4564 ).

667 4598 736 4652 ιΝ
773 4599 1023 4656 NATALI
1058 4601 1301 4659 SANCTI
1342 4605 1681 4663 STEPHANI

599 4702 792 4744 ιεετιο
839 4705 1052 4745 Αστυυι
1106 4708 1509 4761 Αιιοετοιοιιυι,
1537 4713 1655 4753 CAP.
1688 4716 1741 4755 γ.

470 4792 491 4825 ‹
518 4774 824 4846 Stephanus
855 4779 1044 4849 plenus
1077 4782 1248 4852 gratia
1276 4792 1334 4839 et
1359 4784 1692 4855 fortitudine,
1726 4788 1962 4849 faciebat

395 4882 415 4915 ι
441 4865 681 4934 prodigia
715 4876 772 4922 et
799 4869 953 4941 signa
985 4886 1179 4941 magna
1232 4872 1285 4927 in
1329 4875 1542 4944 populo.
1592 4876 1959 4939 Sui-rexerant

400 4972 417 5003 ι
445 4964 623 5009 autem
659 4958 877 5026 quidam
911 4959 979 5014 de
1007 4960 1308 5032 Synagoga,
1337 4978 1456 5033 quae
1484 4967 1854 5037 appellabatur
1879 4973 1967 5030 Li-

398 5062 417 5095 ι
444 5045 778 5102 bertinorum
820 5057 876 5103 et
921 5049 1308 5121 Cyrenensium
1349 5063 1406 5109 et
1449 5055 1962 5130 Alexandrinorum,

397 5151 417 5185 ι
445 5143 502 5189 et
542 5151 730 5191 eorum
768 5140 860 5209 qui
897 5150 1053 5195 erant
1079 5156 1110 5195 a
1132 5141 1319 5199 Cilicia
1347 5152 1402 5198 et
1435 5146 1587 5213 Asia,
1627 5149 1963 5221 disputantes

394 5240 416 5277 ι
440 5238 566 5282 cum
594 5225 883 5299 Stephano,
909 5240 966 5286 et
990 5248 1098 5287 non
1124 5242 1379 5303 poterant
1400 5238 1656 5295 resistere
1684 5243 1961 5313 sapientiae

393 5331 416 5366 ι
442 5323 502 5371 et
526 5317 763 5385 spiritui,
793 5321 884 5389 qui
922 5321 1260 5391 loquebatur.
1299 5325 1594 5383 Audientes
1623 5330 1757 5396 haec,
1788 5333 1960 5389 disse—

395 5420 415 5452 ι
439 5406 703 5461 cabantur
738 5410 990 5465 cordibus
1028 5412 1162 5476 suis,
1203 5420 1261 5467 et
1286 5414 1593 5471 stridebant
1622 5418 1877 5483 dentibus
1902 5424 1959 5478 in

395 5511 413 5544 ι
440 5508 584 5549 eum.
623 5494 755 5551 Cum
798 5506 979 5553 autem
1018 5509 1160 5554 esset
1202 5499 1509 5571 Stephanus
1531 5505 1723 5575 plenus
1752 5507 1958 5578 Spiritu

395 5602 416 5634 ι
442 5598 654 5654 sancto,
702 5591 982 5647 intendens
1029 5593 1083 5646 in
1118 5593 1312 5648 omium
1342 5596 1477 5653 vidit
1502 5598 1730 5667 gloriam
1765 5600 1879 5665 Dei,
1905 5613 1961 5658 et

396 5692 416 5726 ι
442 5668 626 5733 Iesum
675 5690 911 5737 stantem
951 5699 981 5737 a
1022 5683 1229 5739 dextris
1255 5685 1369 5740 Dei.
1401 5687 1468 5741 Et
1496 5688 1571 5743 ait
1596 5708 1611 5743 :
1639 5691 1776 5747 Ecce
1804 5693 1959 5748 video

2066 3225 2275 3294 Cilicia,
2327 3237 2519 3294 caelus,
2569 3229 2787 3297 luctus,
2828 3231 2912 3285 vel
2953 3231 3189 3287 vomitus
3237 3233 3649 3301 interpretatur.

2064 3317 2387 3385 Alexander,
2426 3319 2678 3376 auferens
2726 3324 3006 3394 angustias
3066 3324 3432 3381 tenebrarum.
3482 3323 3609 3378 Asia
3634 3362 3652 3389 ,

2064 3408 2276 3463 elevata
2304 3409 2386 3465 vel
2410 3410 2574 3465 elatio
2602 3412 3010 3482 interpretatur.

2142 3499 2205 3553 Et
2241 3516 2345 3555 non
2368 3510 2608 3571 poterant
2640 3504 2878 3558 resistere
2906 3505 3177 3575 sapientiae
3204 3515 3255 3560 et
3283 3507 3528 3579 spiritui,
3559 3505 3653 3578 qui

2066 3586 2391 3659 loquebatur.
2437 3587 2550 3644 Hoc
2571 3600 2655 3645 est
2698 3593 2841 3663 quod
2868 3592 3130 3650 Dominus
3156 3595 3270 3665 ipse
3306 3597 3419 3651 suis
3440 3605 3649 3668 martyo

2064 3680 2215 3735 ribus
2242 3680 2319 3733 ait
2354 3698 2367 3734 :
2408 3679 2521 3751 Ego
2568 3683 2707 3736 enim
2755 3684 2890 3738 dabo
2928 3685 3068 3740 vobis
3110 3703 3169 3741 os
3211 3697 3262 3743 et
3305 3688 3642 3759 sapientiam,

2064 3771 2150 3825 cui
2174 3788 2278 3826 non
2310 3782 2553 3841 poterunt
2587 3775 2825 3829 resistere
2851 3784 2900 3829 et
2926 3777 3284 3833 contradicere
3318 3794 3495 3833 omnes
3540 3779 3640 3833 ad-

2064 3864 2282 3916 versarii
2312 3863 2467 3919 vestri
2492 3861 2647 3933 (Luc.
2692 3867 2827 3929 χιι).

2135 3972 2415 4026 Audientes
2436 3981 2609 4027 autem
2632 3973 2753 4038 hoc,
2776 3975 3176 4031 dissecabantur
3188 3979 3432 4034 cordibus
3443 3980 3576 4045 suis,
3595 3990 3645 4034 et

2062 4062 2349 4118 stridebant
2379 4063 2644 4119 dentibus.
2665 4063 3011 4123 Conscientia
3035 4084 3158 4123 cum
3185 4068 3449 4138 arguitur,
3477 4070 3649 4141 impa-

2065 4153 2206 4209 tiens
2231 4159 2335 4220 est,
2362 4161 2420 4207 et
2438 4168 2546 4209 non
2566 4163 2821 4225 poterant
2834 4156 3038 4213 Christi
3058 4159 3339 4214 veritatem
3353 4160 3645 4217 sustinere.

2063 4244 2238 4301 Aures
2273 4260 2461 4300 eorum
2504 4245 2743 4303 furorem
2772 4250 2971 4305 mentis
3009 4250 3064 4305 in
3110 4251 3259 4306 vultu
3307 4251 3645 4307 demonstra-

2064 4336 2214 4391 bant.
2256 4334 2571 4392 Stridebant
2610 4338 2861 4394 dentibus
2888 4339 2944 4394 in
2968 4353 3125 4406 eum,
3176 4354 3370 4395 carnes
3404 4338 3648 4395 lacerare

2066 4427 2374 4496 cupientes,
2421 4429 2772 4484 ostendentes
2811 4445 2869 4485 se
2899 4445 3020 4486 esse
3059 4431 3286 4486 belluas.
3326 4431 3461 4487 inde
3497 4432 3645 4486 enim

2068 4517 2449 4584 minabantur,
2503 4519 2647 4575 unde
2701 4522 3072 4575 tantummodo
3116 4520 3542 4575 ostendebantur
3586 4528 3646 4576 et

2069 4606 2283 4674 bellum,
2305 4618 2362 4663 et
2372 4608 2648 4678 impletum
2667 4610 2825 4664 estin
2848 4608 2957 4667 illis
2981 4628 2993 4663 :
3027 4607 3198 4663 Homo
3230 4624 3351 4663 cum
3374 4609 3431 4662 in
3450 4610 3646 4665 honore

2067 4704 2230 4761 esset,
2279 4713 2384 4751 non
2424 4696 2700 4761 intellexit,
2741 4706 3075 4768 comparatus
3115 4705 3191 4750 est
3220 4696 3477 4766 iumentis
3515 4698 3646 4751 insi-

2067 4785 2344 4853 trientibus,
2377 4797 2425 4841 et
2461 4786 2649 4843 similis
2676 4787 2853 4857 [actus
2891 4798 2966 4841 est
2989 4787 3096 4842 illis
3119 4786 3501 4859 (Palmum).

2139 4895 2273 4951 Cum
2301 4907 2475 4953 autem
2507 4909 2636 4954 esset
2662 4897 2959 4969 Stephanus
2983 4900 3165 4970 plenus
3193 4897 3391 4970 Spiritu
3419 4912 3601 4956 sant-to
3623 4943 3638 4967 ,

2064 4987 2339 5040 intendens
2360 4989 2415 5041 in
2457 4989 2671 5054 calum,
2702 4989 2833 5043 vidit
2865 4988 3087 5059 gloriam
3131 4989 3247 5043 Dei.
3289 4991 3424 5055 Quia
3452 4992 3641 5061 plenus

2065 5083 2186 5129 erat
2215 5076 2420 5146 Spiritu
2442 5088 2650 5145 saneto,
2681 5089 2965 5151 propterea
2996 5081 3309 5136 intendebat
3337 5083 3389 5137 in
3418 5082 3635 5137 omium.

2064 5162 2348 5221 Plenitudo
2372 5168 2516 5221 enim
2543 5167 2778 5238 Spiritus
2799 5171 2993 5237 sancti,
3018 5187 3124 5225 non
3152 5186 3275 5227 eum
3297 5171 3641 5243 permittebat

2062 5260 2280 5310 terrena
2307 5258 2568 5326 aspicere.
2600 5259 2733 5313 Nam
2758 5269 2816 5315 et
2842 5261 3053 5333 Moyses
3076 5264 3277 5319 vidisse
3306 5263 3503 5319 dicitur
3524 5262 3640 5331 glo-

2060 5344 2199 5398 riam
2229 5346 2354 5411 Dei,
2409 5355 2464 5401 et
2502 5349 2729 5417 populus
2766 5351 2824 5404 in
2873 5354 3278 5408 consecratione
3314 5354 3502 5409 domus
3535 5352 3637 5407 Do-

2060 5432 2213 5497 mini,
2228 5434 2428 5489 vidisse
2446 5436 2645 5490 dicitur
2659 5436 2883 5507 gloriam
2903 5438 2998 5495 Dei
3020 5440 3187 5497 israel
3207 5439 3402 5513 (Exod.
3426 5440 3634 5511 xxnv).

2061 5517 2128 5571 Et
2155 5521 2431 5588 apostolus
2457 5522 2694 5579 Joannes
2722 5526 2855 5581 dicit
2879 5528 2934 5583 in
2964 5529 3252 5601 Evangelio
3277 5547 3291 5583 :
3318 5529 3384 5583 Et
3414 5529 3635 5583 vidimus

2062 5606 2283 5676 gloriam
2299 5610 2434 5679 ejus,
2460 5612 2678 5682 gloriam
2698 5617 2850 5686 quasi
2862 5619 3111 5688 unigeniti
3134 5636 3166 5671 a
3189 5618 3349 5672 Patre
3363 5617 3545 5688 (Joan.
3566 5616 3632 5687 ι).

2135 5695 2203 5749 Et
2246 5698 2424 5753 Iesum
2461 5712 2683 5758 stantem
2726 5725 2758 5760 a
2786 5707 2985 5762 dextris
3025 5708 3138 5762 Dei.
3184 5708 3429 5765 Stantem
3470 5707 3628 5772 dixit,
