3998 6198
331 352 406 410 37
1158 348 1676 405 COLLECTIONES
1710 348 1777 404 IN
1816 347 2195 405 EPISTOLAS
2233 349 2322 406 ΕΤ
2361 350 2776 409 EVANGELIA.
3522 358 3594 415 38

330 481 444 525 non
467 463 765 526 sedentem,
798 461 977 519 stabat
996 475 1118 516 cum
1143 469 1383 532 martyre
1407 476 1525 522 suo,
1555 468 1610 515 et
1636 459 1908 530 pugnabat
1934 459 1983 519 Λ
2010 458 2293 513 surrexisti
2337 467 2397 513 ut
2431 474 2516 513 me
2548 460 2853 516 venientem
2886 460 3193 531 susciperes
3218 471 3274 518 et
3314 464 3591 535 amplexa-

332 556 493 628 quasi
517 554 570 608 in
597 552 785 621 prmlio
803 551 1148 606 constitutus.
1172 550 1263 605 ille
1291 550 1647 620 lapidabatur,
1678 557 1732 602 et
1755 546 1913 603 Iesus
2014 540 2174 612 reris,
2214 548 2356 602 lilius
2383 548 2597 603 invocat
2624 556 2830 616 patrem
2849 590 2864 611 ,
2908 559 3114 622 martyr
3162 552 3376 607 invocat
3401 556 3592 624 agoni-

331 642 668 714 suscipiebat
687 640 897 711 plagas.
2015 636 2219 690 theten.
2250 635 2478 690 Domine
2521 635 2680 702 Jesu,
2726 638 2939 707 suscipe
2978 640 3225 708 spiritum
3254 657 3466 708 meum,
3496 645 3592 715 qui

407 733 542 788 Ecce
565 733 715 788 uideo
739 730 895 785 caelos
917 730 1144 802 apertos.
1177 728 1295 783 Jam
1318 728 1449 784 mihi
1471 735 1654 798 aperta
1680 736 1764 781 est
1792 725 1910 789 via;
2013 724 2300 795 expellitur
2327 725 2391 781 de
2406 740 2568 780 carne
2592 741 2733 791 mea,
2760 737 2979 797 propter
3002 728 3395 786 confessiottem
3418 740 3587 794 tuam.

333 821 514 880 adhuc
546 822 602 875 in
636 831 781 875 terra
809 834 960 883 sum,
993 819 1155 873 etiam
1183 817 1250 871 ad
1279 817 1537 872 caelorum
1577 830 1740 886 regna
1765 814 1913 885 aspi-
2015 812 2119 868 fas.
2141 823 2225 868 est
2267 814 2412 869 enim
2449 822 2509 868 ut
2534 815 2779 886 spiritus,
2809 817 2901 886 qui
2933 831 3032 886 pro
3062 826 3113 873 te
3150 818 3412 886 funditur,
3458 837 3492 876 a
3541 834 3592 879 te

332 914 455 978 cio;
492 911 662 966 caelos
698 909 831 964 istos
852 915 1180 979 aperuerunt
1200 906 1333 961 mihi
1352 906 1557 977 lapides
1579 904 1772 971 vestri,
1793 919 1916 974 per-
2013 905 2362 975 suscipiatur.

330 1003 616 1060 scontione
639 1009 822 1055 vestra
846 998 1134 1069 aperuistis
1150 998 1282 1053 mihi
1310 997 1498 1064 ctelos,
1528 1013 1702 1068 usque
1738 997 1915 1052 adhuc
2088 994 2282 1049 Positis
2303 1003 2477 1049 autem
2504 997 2717 1067 genibus
2743 997 2983 1053 clamavit
3004 1017 3121 1055 voce
3148 1018 3336 1073 magna
3365 1004 3541 1059 dicens
3564 1020 3583 1057 :

333 1090 505 1147 ccelos
523 1098 743 1159 apertos
768 1102 877 1142 non
901 1086 1160 1150 videram,
1185 1086 1405 1158 sanguis
1434 1102 1588 1142 meus
1617 1087 1784 1141 clavis
1809 1100 1915 1141 cte-
2015 1082 2268 1149 Domine,
2308 1102 2372 1140 ne
2400 1095 2601 1140 statuas
2637 1087 2741 1141 illis
2775 1088 2871 1141 hoc
2903 1101 3172 1159 peccatum
3193 1133 3207 1157 ,
3243 1105 3293 1147 et
3332 1111 3452 1150 cum
3496 1096 3592 1150 hoc

334 1184 510 1238 lorum
536 1189 642 1235 est.
672 1179 751 1233 Ac
773 1179 821 1233 si
853 1179 1059 1234 diceret
1087 1197 1101 1231 :
1133 1178 1398 1249 Deponite
1427 1178 1649 1247 lapides,
1691 1178 1912 1234 conlite-
2015 1174 2252 1239 dixisset,
2277 1175 2604 1231 obdormivit.
2629 1175 2729 1248 (Ex
2761 1177 2948 1250 Beda.)
2973 1179 3077 1238 Pro
3106 1195 3166 1235 se
3193 1183 3411 1251 quidem
3437 1192 3589 1240 stans

335 1272 468 1326 mini
493 1270 697 1333 Jesum,
722 1278 779 1324 et
797 1284 893 1324 vos
922 1268 1170 1322 videbitis
1197 1269 1366 1323 caelos
1391 1277 1626 1337 apertos,
1648 1277 1703 1323 et
1719 1268 1912 1323 Filium
2014 1263 2220 1329 oravit,
2249 1279 2346 1333 pro
2381 1265 2611 1319 inimicis
2653 1282 2791 1337 genu
2829 1266 3000 1333 llexit,
3040 1271 3167 1340 quia
3204 1272 3442 1341 ipsorum
3473 1289 3589 1328 ma-

288 1362 294 1367 ’
335 1360 569 1415 hominis
608 1365 839 1412 stantem
867 1372 897 1411 a
934 1356 1143 1413 dextris
1172 1356 1290 1421 Dei,
1331 1356 1425 1410 sed
1465 1356 1541 1409 illi
1589 1357 1793 1425 lapides
1837 1365 1914 1411 te-
2004 1349 2422 1421 jor,iniquitas,
2455 1354 2628 1422 majus
2663 1357 2997 1426 supplicandi
3030 1362 3326 1416 remedium
3375 1362 3583 1433 ﬂagita-

334 1456 557 1511 ηεηιεδ,
577 1446 968 1517 persecutionis
988 1447 1270 1502 veritatem
1298 1445 1487 1501 audire
1515 1461 1620 1500 non
1640 1456 1908 1516 pozeram.
2012 1439 2123 1493 bat.
2162 1441 2229 1494 Et
2254 1442 2390 1495 mira
2417 1443 2557 1497 beati
2591 1446 2841 1515 martyris
2874 1446 3073 1512 virtus,
3099 1448 3191 1516 qui
3220 1450 3300 1503 sic
3334 1451 3449 1504 zelo
3480 1451 3588 1506 fer-

410 1539 481 1592 Et
522 1537 717 1590 Filium
745 1537 970 1591 hominis
1004 1545 1232 1590 stantem
1263 1553 1293 1589 a
1321 1536 1519 1591 dextris
1551 1537 1757 1591 virtutis
1792 1536 1906 1591 Dei.
2010 1527 2191 1593 vehat.
2237 1536 2297 1583 ut
2325 1530 2405 1584 eis
2439 1546 2470 1585 a
2507 1531 2701 1600 quibus
2749 1534 3030 1589 tenebatur
3066 1537 3244 1606 palam
3281 1555 3392 1594 suae
3423 1543 3589 1611 perli-

335 1628 472 1686 Cum
506 1628 763 1682 Dominus
810 1626 968 1681 Jesus
996 1626 1245 1681 Christus
1284 1625 1377 1680 Dei
1414 1633 1469 1680 et
1516 1626 1748 1680 hominis
1787 1640 1910 1695 per-

2010 1618 2112 1673 dite
2150 1619 2332 1689 culpas
2369 1623 2759 1691 exprobraret,
2799 1624 2878 1679 sic
2916 1626 3203 1685 dilectione
3235 1632 3487 1697 ardebat,
3529 1642 3588 1688 ut

341 1718 515 1774 fectus
548 1717 621 1771 sit
643 1715 806 1780 (ilius,
842 1714 969 1786 quid
1000 1723 1106 1779 est,
1136 1716 1275 1783 quod
1302 1715 1443 1770 hunc
1470 1714 1659 1769 beatus
1678 1724 1901 1785 martyr,
2010 1707 2064 1761 in
2115 1717 2290 1764 morte
2339 1725 2553 1780 quoque
2596 1726 2694 1782 pro
2750 1713 2830 1768 eis
2875 1728 2907 1768 a
2952 1716 3147 1786 quibus
3209 1719 3585 1788 occidebatur,

338 1804 570 1860 hominis
613 1790 792 1872 potius
822 1817 984 1871 quam
1014 1801 1109 1855 Dei
1135 1801 1331 1856 Filium
1370 1801 1642 1871 appellare
1678 1802 1905 1869 maluit,
1941 1791 1990 1852 B
2016 1808 2219 1853 oraret.

334 1894 421 1949 cui
466 1892 587 1963 plus
616 1891 831 1959 utrique
863 1890 1046 1961 gloria:
1074 1890 1347 1944 videretur
1388 1889 1671 1955 allaturus,
1713 1891 1758 1944 si
1782 1905 1906 1945 eum
2295 1908 2628 1949 svsxcsuuu
2661 1910 2941 1961 unum,
2978 1913 3095 1953 αλιι».
3133 1915 3291 1954 xxm.

334 1984 430 2037 Dei
449 1983 626 2052 potius
649 1997 808 2050 quam
838 1981 1078 2035 hominis
1106 1980 1298 2035 Filium
1328 1980 1600 2051 appellare
1623 1981 1902 2048 voluisset,
2084 1997 2103 2030 ι
2150 1979 2369 2036 Dicebat
2397 1980 2553 2038 Jesus
2592 1984 2765 2039 turbis
2802 1982 3107 2039 Iudaeorum
3152 1995 3208 2041 et
3249 1987 3581 2057 principibus

335 2072 438 2126 nisi
474 2079 532 2125 ut
560 2072 662 2125 hoc
700 2071 1007 2126 testimonio
1039 2068 1345 2125 Judtcorum
1380 2071 1799 2127 confunderetur
1827 2072 1910 2147 in—
2015 2083 2034 2118 ι
2080 2069 2418 2124 sacerdotum
2454 2087 2467 2122 :
2495 2070 2636 2125 Ecce
2663 2086 2765 2142 ego
2809 2071 2966 2127 mitto
2994 2074 3061 2127 ad
3093 2090 3189 2129 vos
3213 2077 3505 2144 prophetas
3526 2085 3585 2133 et

336 2158 589 2224 ﬁdelitas,
617 2161 711 2229 qui
736 2175 793 2215 se
817 2159 1090 2214 hominem
1116 2157 1471 2226 cruciﬁxisse,
1495 2167 1549 2213 et
1574 2160 1714 2216 hunc
1739 2160 1907 2215 Deum
2015 2173 2035 2207 ι
2076 2157 2348 2227 sapientes
2387 2166 2443 2213 et
2468 2160 2693 2223 scribas,
2723 2168 2778 2215 et
2821 2176 2888 2215 ex
2914 2161 3017 2216 illis
3037 2163 3292 2219 occidetis
3332 2172 3390 2219 et
3410 2166 3587 2221 cruci-

332 2254 555 2307 credcre
584 2252 821 2306 noluisse
848 2250 1242 2305 meminerunt?
1268 2250 1352 2304 Ad
1383 2250 1796 2305 confortandam
1819 2266 1908 2305 er-
2013 2264 2033 2297 ι
2075 2245 2270 2316 ligetis,
2295 2255 2349 2301 et
2369 2264 2437 2303 ex
2467 2249 2546 2302 eis
2574 2247 2910 2319 ﬂagellabitis
2946 2251 3000 2304 in
3038 2254 3325 2324 synagogis
3351 2257 3580 2322 vestris;

331 2355 402 2411 go
428 2340 581 2395 beati
620 2340 878 2410 martyris
906 2338 1251 2408 sapientiam,
1294 2338 1535 2393 cmlestis
1563 2338 1711 2409 regni
1736 2336 1905 2406 janua
2012 2352 2032 2387 σ
2077 2342 2132 2389 ct
2163 2336 2549 2407 perscquimini
2572 2337 2640 2392 de
2673 2338 2892 2393 civitate
2919 2338 2974 2394 in
3005 2340 3302 2408 civitatem,
3327 2352 3390 2397 ut
3410 2346 3591 2400 veniat

328 2428 619 2498 panditur,
663 2436 718 2482 et
746 2442 811 2481 ne
837 2426 1083 2482 innoxius
1110 2428 1271 2482 homo
1306 2427 1574 2498 lapidatus
1613 2427 1808 2483 titubet
1850 2429 1906 2484 in
2012 2443 2032 2478 ι
2076 2442 2238 2497 super
2258 2443 2353 2483 vos
2373 2428 2550 2483 omnis
2575 2430 2793 2501 sanguis
2817 2428 3016 2498 justus,
3053 2433 3144 2501 qui
3182 2433 3382 2490 eﬂusus
3425 2451 3588 2505 super

330 2528 506 2582 terra,
551 2519 695 2573 Deus
737 2518 895 2572 homo
921 2518 1213 2574 cruciﬁxus
1250 2527 1476 2590 apparet
1516 2529 1807 2575 coronatus
1850 2520 1904 2575 in
2012 2533 2032 2567 α
2076 2524 2278 2570 terram
2301 2532 2331 2570 a
2360 2518 2621 2588 sanguine
2650 2519 2784 2573 Abel
2802 2518 2934 2589 justi
2977 2537 3147 2599 usque
3173 2524 3243 2579 ad
3274 2527 3585 2595 sanguinem

330 2607 488 2663 caelo.
526 2606 717 2663 Unde?
759 2606 916 2675 Quia,
950 2617 1117 2674 stare,
1144 2609 1437 2680 pugnantis
1482 2610 1567 2665 vel
1603 2609 1906 2678 adjuvantis
2013 2621 2033 2655 ι
2077 2605 2374 2671 Zachariae,
2394 2606 2489 2661 lilii
2505 2607 2800 2675 Barachiae,
2821 2626 2980 2680 quem
3006 2613 3439 2671 occidistisinter
3452 2625 3587 2671 tem-

327 2705 436 2763 est,
482 2706 627 2752 recte
664 2712 695 2752 a
730 2697 939 2753 dextris
979 2697 1075 2754 Dei
1117 2707 1348 2755 stantem
1387 2699 1542 2765 vidit,
1580 2714 1739 2770 quem
1764 2698 1906 2755 inter
2010 2711 2031 2746 ι
2074 2694 2289 2763 plumet
2314 2695 2502 2751 altare.
2521 2695 3381 2766 Amendicovobis,venienthaec
3400 2708 3582 2763 omnia

330 2786 578 2842 homines
595 2796 980 2858 persequentes
999 2788 1296 2859 adiutorem
1330 2791 1535 2845 habuit.
1660 2848 1663 2853 _
2010 2801 2029 2834 ι
2077 2799 2241 2853 super
2279 2785 2681 2854 generationem
2729 2789 2908 2842 istam.
2960 2789 3301 2847 Hierusalem.
3327 2832 3342 2859 ,
3392 2792 3583 2850 Hieru-

410 2876 765 2932 Ea'clamantes
787 2887 962 2933 autem
985 2895 1105 2933 voce
1126 2896 1335 2950 magna,
1361 2882 1728 2936 continuerunt
1750 2898 1904 2937 aures
2011 2892 2030 2926 ι
2071 2874 2237 2930 salem
2260 2913 2275 2939 ο
2314 2890 2434 2945 quae
2469 2876 2670 2930 OCCidiS
2694 2879 3013 2946 ρτοριιθωε,
3044 2889 3099 2934 et
3126 2880 3331 2951 lapidas
3356 2898 3452 2938 eos
3492 2885 3585 2952 qui

333 2984 478 3022 snas.
512 2968 609 3039 (Ex
634 2967 879 3040 Hieron.)
911 2968 957 3024 Ο
982 2984 1176 3039 pravos
1189 2971 1418 3036 animos,
1444 2972 1697 3028 claudunt
1721 2989 1899 3040 aures,

2010 2982 2028 3015 ι
2073 2963 2143 3018 ad
2180 2975 2235 3018 te
2272 2965 2422 3019 missi
2467 2974 2614 3030 sunt,
2652 2967 2863 3035 quoties
2906 2967 3048 3022 volui
3089 2983 3416 3040 congregare
3443 2973 3581 3029 ﬁlios

328 3075 402 3114 ne
429 3060 631 3130 apertis
658 3059 761 3114 illis
794 3060 1127 3130 ingrediatur
1157 3061 1373 3116 veritas.
1408 3060 1677 3117 Claudum
1716 3078 1896 3130 aures,
2009 3073 2029 3107 ι
2076 3063 2196 3113 illos
2229 3094 2245 3121 ι
2304 3056 2753 3124 quemadmodum
2811 3056 3004 3127 gallina
3064 3068 3357 3130 congregat
3406 3063 3584 3131 pullos

325 3149 456 3221 quia
487 3149 695 3205 clausos
720 3145 991 3205 habebam
1031 3160 1087 3206 ει
1113 3150 1317 3216 oculos,
1365 3159 1421 3207 ει
1465 3152 1632 3208 οωιοε
1672 3162 1893 3224 apertos
1926 3131 1971 3194 ϐ
2008 3163 2025 3195 ι
2071 3159 2199 3200 suos
2224 3145 2324 3199 sub
2361 3144 2501 3210 alas,
2530 3152 2586 3200 et
2621 3144 2871 3200 noluisti!
2904 3146 3042 3202 Ecce
3076 3147 3408 3218 relinquetur
3430 3153 3583 3207 vobis

328 3251 439 3292 non
470 3237 732 3292 viderant.
2008 3251 2026 3285 ι
2060 3234 2263 3309 (domus
2296 3242 2474 3289 vestra
2523 3233 2756 3289 deserta.
2789 3235 2921 3290 Dico
2962 3237 3105 3291 enim
3135 3240 3306 3305 vobis,
3348 3256 3454 3297 non
3495 3258 3583 3298 me

397 3326 471 3381 ει
492 3328 734 3397 impetum
759 3328 989 3397 ίεεεηιηε
1014 3329 1331 3384 unanimiter
1348 3331 1402 3384 εη
1417 3347 1554 3385 eum,
1580 3330 1697 3387 Una
1717 3331 1903 3402 impie.
2007 3342 2027 3375 ι
2070 3322 2322 3379 videbitis
2348 3324 2564 3389 amodo,
2586 3324 2757 3379 donec
2768 3325 2959 3381 dicatis
2984 3343 2998 3380 :
3021 3325 3343 3386 Benedictus
3366 3331 3459 3399 qui
3483 3346 3578 3388 vc—

327 3424 436 3481 tas,
464 3431 604 3470 unus
635 3416 885 3503 impetus,
911 3416 1087 3487 major
1115 3432 1409 3476 consensus
1434 3419 1489 3474 in
1511 3419 1717 3476 scelere
1737 3436 1902 3492 quam
2006 3433 2026 3464 ι
2068 3414 2214 3467 nilin
2226 3414 2444 3469 nomine
2464 3414 2699 3470 Domini.
2729 3435 2748 3467 ι

329 3508 383 3562 in
416 3507 695 3575 religione.
732 3504 742 3514 ’
2073 3504 2288 3559 Dicebat
2309 3504 2467 3561 Iesus
2497 3506 2662 3561 turbis
2693 3507 3007 3564 Iudaeorum
3027 3524 3045 3562 :
3069 3511 3312 3582 Ecceego
3332 3514 3483 3567 mitto
3501 3515 3579 3569 ad

399 3596 472 3650 Et
492 3598 756 3666 ejicientes
797 3613 916 3651 eum
950 3607 1100 3653 extra
1130 3599 1388 3654 civitatem
1428 3598 1754 3670 lapidabant.
1802 3600 1903 3671 (Ex
2002 3611 2088 3649 v08
2111 3595 2387 3664 Prophetas
2416 3606 2463 3650 ει
2492 3598 2752 3667 sapientes
2778 3608 2827 3652 et
2852 3600 3071 3664 scribas,
3111 3610 3160 3655 et
3188 3618 3254 3655 ea:
3290 3602 3398 3657 illis
3436 3606 3569 3658 occi-

327 3685 520 3755 Beda.)
546 3686 612 3740 Et
642 3678 899 3741 Do'minus
923 3696 1077 3743 extra
1098 3697 1309 3756 portam
1328 3703 1520 3758 passus
1543 3697 1648 3753 est,
1680 3689 1770 3759 qui
1801 3705 1898 3744 nos
2003 3685 2138 3739 detis
2166 3694 2215 3739 et
2235 3685 2550 3756 cruciﬁgetis
2572 3697 2618 3740 et
2640 3686 2972 3757 ﬂagellabitis
2998 3690 3053 3743 in
3065 3692 3351 3761 synagogis
3373 3695 3580 3759 vestris,

325 3778 492 3849 elegit
514 3779 581 3833 de
614 3779 815 3834 mundo
842 3779 897 3832 in
941 3793 1230 3848 supemum
1269 3794 1427 3834 suum
1452 3794 1674 3849 regnum
1709 3787 1766 3833 et
1791 3779 1905 3850 glo—
2002 3784 2050 3829 et
2083 3776 2450 3847 persequimini
2485 3775 2549 3830 de
2580 3776 2786 3831 civitate
2816 3778 2873 3832 in
2902 3779 3197 3847 civitatem,
3228 3790 3286 3834 ut
3316 3781 3578 3851 impleatis

328 3869 491 3931 riam,
514 3875 570 3922 et
603 3867 927 3938 Stephanus,
956 3869 1109 3936 quasi
1151 3868 1359 3923 advena
1384 3868 1602 3934 mundi,
1644 3875 1799 3923 extra
1827 3868 1903 3922 ci-
2001 3884 2302 3922 mensuram
2346 3877 2559 3938 patrum
2604 3877 2912 3924 vestrorum.
2936 3869 3038 3941 (Ex
3071 3869 3317 3942 Hieron.)
3366 3872 3425 3928 Id
3466 3881 3576 3937 est,

325 3956 549 4025 vitatem
578 3956 861 4026 lapidatur.
901 3956 1019 4011 Non
1059 3957 1205 4011 enim
1239 3956 1428 4012 habuit
1464 3956 1553 4012 hic
1593 3966 1902 4011 manentem
2002 3956 2145 4024 quod
2175 3956 2278 4012 illis
2318 3954 2520 4022 defuit,
2548 3971 2646 4011 vos
2672 3957 2978 4027 adimplete.
3016 3958 3099 4014 llli
3125 3961 3270 4016 enim
3300 3961 3581 4018 interfece-

327 4046 605 4103 civitatem
629 4086 645 4112 ,
682 4047 777 4101 sed
814 4045 1052 4101 futuram
1099 4054 1209 4101 tota
1261 4054 1441 4100 mente
1490 4045 1783 4114 quaerebat.
1837 4045 1905 4099 Et
2004 4053 2131 4099 runt
2156 4060 2362 4109 servos,
2384 4059 2482 4101 vos
2502 4045 2786 4101 Dominum
2805 4049 3133 4119 cruciﬁgite;
3158 4049 3237 4103 illi
3258 4051 3574 4119 pmphetas,

322 4133 478 4205 juxta
515 4151 694 4189 rerum
734 4135 1159 4189 immutationem
1208 4142 1416 4203 martyr
1462 4133 1647 4188 mundi
1693 4133 1897 4195 cordis,
2002 4150 2098 4190 vos
2143 4149 2265 4189 eum
2293 4136 2386 4203 qui
2413 4151 2512 4205 per
2552 4137 2847 4207 pmphetas
2887 4137 3209 4205 praedicatus
3248 4146 3351 4192 est.
3396 4137 3584 4193 Potest

323 4228 393 4283 ad
420 4227 594 4283 caelos
634 4228 883 4281 intuitum
921 4226 1136 4295 dirigit,
1179 4233 1495 4295 persecutor
1518 4225 1902 4281 dumcervicis
2003 4224 2106 4277 hoc
2143 4231 2199 4277 et
2231 4223 2299 4277 ad
2336 4223 2624 4291 discipulos
2652 4223 2770 4292 ejus
2809 4224 3037 4289 referri,
3081 4225 3148 4279 de
3191 4224 3388 4292 quibus
3428 4241 3573 4281 nune

322 4334 523 4374 manus
540 4319 610 4372 ad
638 4317 840 4388 lapides
870 4316 1053 4370 mittit.
2001 4309 2134 4363 dicit
2161 4323 2177 4362 :
2205 4309 2345 4365 Ecce
2378 4325 2479 4380 ego
2503 4311 2658 4363 mitto
2684 4310 2752 4364 ad
2775 4326 2872 4365 vos
2899 4311 3212 4381 prophetas,
3243 4320 3348 4368 etc.
3378 4313 3576 4371 Simul-

396 4405 468 4458 Et
511 4416 664 4461 testes
693 4407 1042 4478 deposuerunt
1066 4408 1367 4462 vestimenta
1395 4423 1543 4461 secus
1576 4405 1728 4476 pedes
1768 4404 1899 4457 ado-
1928 4466 1974 4478 ,η
2003 4415 2107 4469 que
2136 4401 2363 4456 observa
2393 4399 2885 4470 juxta‘Apostolum
2914 4402 3241 4458 scribentem
3284 4406 3350 4459 ad
3389 4404 3579 4460 Corin-

329 4494 563 4550 lescentis
586 4497 675 4568 qui
700 4466 982 4554 vocabatur
1006 4495 1223 4552 Saulus.
1254 4498 1433 4565 Quare
1457 4466 1623 4553 testes
1646 4494 1766 4549 falsi
1791 4495 1901 4565 pri-
1928 4466 1980 4525 ID
2008 4466 2165 4552 l—hios.
2210 4489 2356 4543 Varia
2384 4466 2522 4545 dona
2558 4466 2678 4545 esse
2704 4490 3087 4559 discipulorum
3114 4490 3315 4547 Christi
3361 4492 3414 4564 (I
3450 4492 3573 4547 Cor.

325 4598 475 4636 mum
514 4584 924 4653 lapidavernnt?
952 4584 1088 4652 Quia
1114 4585 1200 4640 lex
1220 4595 1557 4655 praeceperat
1592 4591 1651 4639 ut
1673 4585 1901 4652 quicun-
2005 4580 2105 4649 xu)
2134 4596 2146 4632 :
2173 4578 2306 4633 alios
2343 4580 2665 4649 prophetas,
2698 4581 2789 4649 qui
2818 4589 3046 4637 ventura
3081 4583 3404 4652 praedicant;
3440 4584 3577 4638 alios

321 4688 430 4744 que
456 4675 824 4729 testimonium
850 4675 1055 4730 diceret
1083 4683 1272 4730 contra
1297 4675 1531 4744 aliquem
1560 4688 1724 4728 causa
1763 4689 1901 4727 mor-
2003 4671 2291 4740 sapientes,
2339 4671 2431 4740 qui
2478 4679 2747 4725 noverunt
2792 4673 3008 4740 quando
3057 4674 3290 4729 debeant
3334 4673 3577 4744 proferre

314 4766 426 4831 tis,
482 4766 601 4835 ipse
638 4767 868 4842 primum
905 4766 1136 4837 lapidem
1165 4767 1405 4821 mitteret
1442 4767 1497 4820 in
1530 4780 1688 4831 eum,
1739 4780 1899 4833 quem
2002 4777 2343 4826 sermonem;
2392 4762 2526 4816 alios
2575 4762 2779 4816 scribas
2819 4762 2875 4816 in
2908 4763 3025 4832 lege
3074 4764 3448 4829 doctissimos,
3481 4765 3572 4833 qui

312 4855 563 4925 primum
588 4869 682 4910 ore
705 4856 977 4911 occiderat
1002 4870 1099 4910 suo
1129 4855 1309 4927 (Deut.
1349 4853 1501 4926 xvn).
2004 4853 2315 4908 describunt
2338 4853 2391 4906 in
2417 4852 2613 4907 tabulis
2641 4852 2820 4907 cordis
2848 4853 2953 4917 sui,
2986 4867 3054 4908 ex
3077 4854 3270 4922 quibus
3308 4854 3573 4925 lapidatus

394 4943 491 4997 Ex
507 4941 1622 5016 Hieron.)Deponuntvestimenta,quijam
1638 4944 1904 4998 Dciauxi-
2003 4952 2086 4999 est
2132 4942 2462 5011 Stephanus,
2506 4941 2703 4997 Paulus
2749 4942 2980 5008 occisus,
3032 4941 3322 4997 cruciﬁxus
3358 4941 3569 5007 Petrus,

307 5033 459 5087 lium
493 5032 843 5102 projecerant.
874 5034 1067 5090 Saulus
1091 5044 1270 5089 autem
1301 5034 1545 5097 tentatio,
1592 5033 1705 5087 sive
1731 5032 1899 5086 infer—
2002 5032 2256 5103 ﬂagellati
2290 5032 2344 5086 in
2389 5030 2615 5087 Actibus
2643 5031 3023 5101 Apostolorum
3055 5032 3322 5101 discipuli,
3358 5041 3412 5087 et
3445 5048 3570 5102 per-

308 5139 425 5178 nus
455 5122 859 5194 interpretatur.
892 5125 1058 5180 Recte
1086 5125 1250 5196 igitur
1278 5123 1369 5192 qui
1404 5122 1715 5191 lapidabant
1750 5137 1899 5175 mar-
2000 5122 2169 5178 secuti
2207 5136 2302 5176 eos
2329 5128 2456 5175 sunt
2476 5120 2543 5175 de
2574 5120 2793 5175 civitate
2822 5120 2881 5176 in
2916 5120 3211 5185 civitatem,
3241 5121 3572 5192 expellentes

310 5222 532 5285 tynem,
576 5214 896 5269 vestimenta
933 5229 1029 5269 sua
1051 5213 1206 5283 juxta
1236 5212 1505 5268 infernum
1547 5210 1896 5281 reliquerant.
2001 5212 2067 5268 de
2090 5210 2294 5274 Judtea,
2335 5218 2395 5263 ut
2426 5209 2495 5264 ad
2530 5209 2770 5282 gentium
2813 5210 3065 5281 populum
3096 5209 3565 5282 transmigrarent.

387 5301 467 5357 Et
490 5305 797 5372 lapidabant
825 5304 1148 5375 Stephanum
1178 5306 1502 5360 invocantem
1529 5313 1577 5357 et
1605 5303 1861 5356 dicentem
1878 5315 1896 5351 :
2074 5300 2141 5356 Ut
2171 5302 2340 5355 veniat
2368 5315 2522 5370 super
2544 5315 2633 5354 vos
2661 5300 2829 5354 omnis
2854 5302 3068 5371 sanguis
3104 5302 3305 5373 justus,
3320 5303 3409 5374 qui
3437 5303 3572 5370 emt-

304 5398 548 5452 lhmsine
578 5396 740 5463 Jcsu,
789 5400 991 5467 suscipe
1033 5397 1276 5469 spiritum
1314 5412 1506 5450 meum.
1554 5393 1742 5448 Videte
1773 5409 1901 5446 con-
2002 5407 2091 5444 sus
2112 5398 2185 5443 est
2212 5403 2365 5458 super
2393 5396 2604 5441 terram.
2635 5386 2735 5459 (Ex
2763 5387 2951 5461 Beda.)
2984 5388 3272 5457 Quzeritur,
3302 5391 3569 5460 quomodo

298 5487 617 5543 fessionem
648 5490 970 5544 (hominem
1013 5488 1159 5545 videt
1188 5494 1438 5548 stantem,
1489 5492 1544 5539 et
1589 5494 1766 5538 tamen
1798 5483 1903 5538 Do-
2003 5479 2222 5549 sanguis
2269 5477 2507 5532 omnium
2555 5478 2941 5548 prophetarum
2992 5487 3152 5549 atque
3184 5480 3451 5548 justornm
3499 5477 3569 5531 ab

299 5580 531 5637 minam
571 5579 880 5634 conﬁtetur.
909 5580 987 5635 Ac
1012 5579 1055 5633 si
1083 5579 1287 5632 diceret
1319 5594 1332 5629 :
1367 5576 1595 5629 Domine
1614 5573 1761 5637 Jesu,
1790 5581 1900 5626 stas
2002 5583 2108 5622 una
2135 5565 2437 5621 Iudaeorum
2468 5566 2816 5635 generatibne
2839 5569 3161 5637 requiratur,
3186 5582 3307 5621 cum
3335 5572 3389 5618 et
3411 5564 3565 5621 multi

296 5668 539 5744 quidem
570 5670 724 5741 quasi
762 5671 921 5725 homo
942 5711 956 5736 ,
1003 5670 1095 5723 sed
1128 5668 1346 5739 adjuvas
1372 5664 1523 5738 quasi
1561 5664 1721 5716 Dens.
1752 5662 1895 5727 Stas,
2003 5666 2331 5739 sanctorum,
2369 5655 2480 5710 sive
2510 5663 2634 5710 ante
2664 5657 3111 5723 incarnationem,
3137 5670 3230 5709 seu
3272 5664 3391 5722 post
3418 5671 3537 5710 mor
