3998 6198
444 370 517 430 39
1719 365 2072 422 SMARAGDI
2108 365 2400 422 ABBATIS
3622 364 3690 418 ω

443 501 575 555 tem,
596 488 1157 557 resurrectionemque
1183 485 1479 541 Salvatoris
1507 485 1575 538 ab
1603 484 1722 539 aliis
1749 493 1874 539 sunt
1917 497 2016 536 na-
2047 485 2097 542 A
2122 481 2278 535 nobis
2297 480 2625 534 tribueretur
2651 481 2851 537 erroris
2873 479 3124 542 facultas,
3142 478 3691 545 manifestcostendit,

443 579 678 634 tionibus
722 578 1052 646 interempti,
1094 585 1149 631 et
1185 577 1300 645 ipse
1341 577 1619 641 Dominus,
1649 573 1848 630 Judaais
1893 577 2020 630 licet

446 669 883 733 acclamantibus,
913 685 943 722 a
963 667 1208 722 Romano
1255 676 1433 721 tamen
1455 667 1704 736 prmside,
1731 668 2019 724 Romanis-

444 773 547 826 que
573 759 643 812 sit
675 758 932 813 militibus
959 757 1264 813 eruciﬁxus.
1294 757 1400 811 Sed
1455 759 1622 814 moris
1667 768 1752 814 est
1777 759 2019 829 Scriptu-

444 865 647 914 rarum,
673 851 806 905 duas
829 866 969 918 saepe
993 850 1370 920 generationes
1405 851 1681 905 hominum
1699 893 1712 916 ,
1748 851 2016 906 bonorum

444 939 650 993 scilicet
675 951 730 994 et
777 941 1059 1005 malorum,
1093 949 1423 1008 computare,
1455 942 1558 994 hoc
1584 948 1687 1005 est,
1714 955 1901 994 eorum
1931 940 2020 1010 qui

445 1044 546 1082 non
572 1046 636 1082 ex
669 1030 1030 1098 sanguinibus,
1059 1047 1221 1101 neque
1246 1047 1310 1084 ea:
1339 1030 1600 1103 voluntate
1622 1032 1819 1094 carnis,
1856 1047 2019 1101 neque

443 1134 508 1170 ea:
534 1117 793 1170 voluntate
837 1118 954 1183 viri,
985 1118 1075 1171 sed
1115 1135 1179 1172 ea:
1228 1119 1335 1173 Deo
1396 1121 1506 1173 nati
1535 1129 1674 1184 sunt,
1707 1129 1762 1175 et
1787 1135 1974 1175 eorum
2003 1161 2018 1186 ,

444 1206 636 1273 quibus
671 1207 868 1260 dicitur
892 1222 906 1261 :
949 1207 1050 1260 Vos
1078 1225 1144 1261 ea:
1176 1220 1322 1277 patre
1356 1208 1565 1262 diabolo
1590 1211 1735 1274 estis,
1764 1217 1820 1262 ct
1847 1209 1974 1268 alibi
2003 1228 2017 1264 :

446 1294 740 1364 Serpentes,
769 1299 1031 1367 generatio
1069 1300 1379 1368 viperarum.

515 1385 788 1456 (Hieron.)
829 1387 1079 1442 Dicamus
1104 1389 1343 1442 breviter
1366 1430 1380 1453 ,
1431 1404 1601 1458 quare
1626 1389 1846 1459 sanguis
1887 1388 2020 1443 Abel

439 1471 569 1543 justi
599 1490 767 1542 usque
809 1477 874 1528 ad
893 1476 1230 1530 'Zachariam
1284 1478 1452 1531 ﬁlium
1475 1479 1768 1542 Barachite,
1803 1478 1872 1532 ab
1932 1478 2022 1532 illa

445 1566 790 1634 generatione
849 1575 1149 1634 quzeratur,
1201 1583 1322 1621 cum
1361 1577 1612 1622 neutrum
1642 1581 1829 1622 eorum
1879 1568 2024 1622 occi-

445 1654 618 1707 derit?
654 1644 876 1724 Regula
901 1655 1303 1725 Scripturarum
1332 1664 1434 1720 est,
1461 1657 1597 1710 duas
1625 1657 2020 1726 generationes,

444 1741 706 1796 bonorum
742 1743 825 1798 vel
850 1745 1119 1805 malorum
1143 1759 1323 1799 nosse.
1356 1745 1643 1809 Bonorum,
1675 1747 1740 1800 de
1757 1761 1862 1815 qua
1891 1747 2021 1800 scri-

2123 568 2189 622 de
2209 584 2315 638 quo
2336 569 2466 622 dicit
2503 569 2627 633 hoc,
2649 567 2792 637 quod
2818 568 3058 621 additum
3079 575 3164 622 est
3189 584 3202 620 :
3237 567 3403 632 Quem
3433 567 3693 622 occidistis

2119 658 2257 711 inter
2285 657 2532 726 templum
2559 667 2606 710 et
2639 657 2823 719 altare,
2857 658 3007 711 illum
3037 655 3342 725 signiﬁcare
3375 656 3692 710 Zachariam

2116 747 2326 812 volens,
2352 748 2444 816 qui
2469 749 2680 802 occisus
2707 756 2790 802 est
2819 763 2847 801 a
2871 747 2998 802 Joas
3029 761 3157 817 rege
3187 746 3339 801 Judte
3362 785 3378 811 ,
3424 747 3565 800 sicut
3588 745 3693 800 Re-

2119 849 2246 904 gum
2276 843 2463 889 narrat
2514 836 2756 891 historia.
2803 835 2910 890 Sed
2965 835 3360 890 observandum
3417 834 3559 903 quod
3611 835 3695 888 ille

2119 923 2413 979 Zacharias
2440 937 2546 977 non
2569 925 2640 978 sit
2666 923 2808 979 ﬁlius
2835 924 3112 978 Barachia:
3135 963 3151 988 ,
3214 923 3307 977 sed
3336 922 3474 976 ﬁlius
3515 921 3696 976 Joadm

2119 1011 2438 1075 sacerdotis,
2464 1011 2606 1066 unde
2625 1011 2901 1082 Scriptura
2930 1011 3132 1067 refert:
3167 1011 3290 1064 Non
3327 1010 3427 1079 fuit
3455 1011 3696 1064 recorda-

2120 1107 2203 1152 tus
2223 1097 2353 1152 lous
2379 1101 2543 1163 patris
2569 1100 2682 1168 ejus
2722 1099 2912 1154 Joadw
2935 1140 2950 1165 ,
3003 1115 3119 1168 quae
3169 1098 3267 1152 sibi
3317 1098 3519 1166 fecisset
3561 1097 3696 1150 bona

2121 1186 2208 1259 (ΙΙ
2235 1186 2364 1241 Par.
2398 1189 2569 1255 xxiv).
2616 1188 2750 1242 Cum
2795 1203 2925 1259 ergo
2951 1189 3270 1242 Zachariam
3309 1197 3588 1242 teneamus
3641 1195 3698 1242 et

2118 1275 2375 1330 occisioni
2405 1275 2710 1333 consentiat
2732 1273 2904 1339 locus,
2929 1275 3218 1342 quaerimus
3243 1290 3407 1343 quare
3421 1274 3698 1328 Barachiaa

2120 1363 2319 1417 dicitur
2349 1361 2490 1416 ﬁlius
2538 1370 2594 1414 et
2621 1376 2726 1416 non
2753 1359 2954 1415 Joadte.
2984 1361 3276 1414 Barachias
3304 1361 3360 1413 in
3388 1361 3568 1430 lingua
3599 1374 3682 1412 no-

2119 1462 2232 1508 stra
2262 1453 2578 1508 benedictus
2614 1451 2826 1507 Domini
2857 1453 3074 1515 dicitur,
3100 1460 3155 1505 et
3185 1451 3350 1505 Joada
3388 1450 3596 1519 iustitia
3624 1450 3698 1503 in-

2121 1555 2466 1616 terpretatur,
2499 1555 2554 1602 et
2605 1547 2727 1601 ideo
2772 1547 2858 1600 vir
2898 1545 3106 1616 justitia
3146 1544 3356 1614 plenus,
3385 1541 3699 1598 benedictus

2121 1639 2332 1693 Domini
2371 1648 2516 1693 recte
2551 1637 2866 1707 appellatur.
3486 1636 3493 1643 ’

2193 1745 2546 1810 Hierusalem,
2583 1743 2940 1807 Hierusalem,
2985 1758 3102 1814 qua:
3129 1741 3321 1795 occidis
3344 1740 3624 1809 prephetas
3650 1749 3699 1792 et

443 1841 593 1900 ptum
619 1841 738 1886 est:
773 1833 901 1886 Παῖς
931 1843 1005 1887 est
1028 1835 1290 1903 generatio
1324 1835 1668 1903 quwrentium
1703 1834 1984 1889 Dominum
2004 1876 2018 1899 ,
2050 1816 2098 1873 Β
2126 1835 2330 1906 lapides
2355 1852 2441 1888 eos
2465 1835 2553 1904 qui
2578 1833 2646 1887 ad
2673 1845 2722 1887 te
2765 1833 2909 1886 missi
2938 1842 3078 1886 sunt.
3103 1831 3205 1903 (Ex
3240 1829 3411 1899 Hier.)
3444 1828 3700 1882 Hierusa-

442 1922 787 1990 quaerentium
817 1922 1005 1989 faciem
1030 1921 1126 1975 Dei
1158 1920 1324 1975 Jacob
1350 1921 1524 1993 (Psal.
1554 1922 1728 1995 xxnl),
1751 1925 1886 1978 etin
1917 1925 2020 1979 alio

446 2006 564 2060 loco
597 2007 664 2061 de
691 2009 940 2063 omnibus
973 2010 1172 2063 sanctis
1207 2028 1218 2062 :
1253 2006 1528 2064 Generatio
1575 2020 1832 2065 rectorum
1872 2015 2024 2066 bene-

447 2086 648 2148 dicetur
676 2093 848 2166 (Psal.
874 2113 957 2151 cxi
987 2097 1026 2168 ).
1044 2099 1118 2151 De
1146 2097 1302 2151 malis
1323 2113 1452 2151 vero
1477 2115 1490 2152 :
1515 2095 1793 2153 Generatio
1815 2100 2022 2169 vipera-

449 2198 587 2246 rum,
625 2191 679 2236 et
708 2203 719 2236 :
749 2184 1094 2254 Requirentur
1143 2188 1316 2240 omnia
1359 2205 1390 2240 a
1423 2191 1756 2260 generatione
1790 2191 1911 2242 ista.
1959 2191 2026 2244 Et

446 2272 575 2326 illud
606 2292 617 2326 :
661 2272 936 2328 Ceneratio
966 2293 1127 2345 prava
1167 2285 1319 2347 atque
1342 2295 1613 2347 perversa,
1650 2280 1879 2333 hwccine
1903 2282 2022 2332 red-

2124 1923 2252 1988 lem,
2275 1939 2380 1978 non
2411 1938 2541 1978 saxa
2569 1930 2625 1977 et
2669 1921 2892 1978 aediﬁcia
2947 1921 3199 1984 civitatis,
3232 1920 3322 1974 sed
3371 1919 3701 1973 habitatores

2123 2022 2298 2077 vocat,
2329 2029 2489 2083 quam
2517 2014 2686 2084 patris
2706 2013 2910 2083 plangit
2959 2011 3152 2068 affectu
3176 2050 3190 2075 ,
3240 2010 3380 2064 sicut
3407 2017 3462 2063 et
3510 2008 3562 2060 in
3597 2007 3701 2061 alio

2122 2101 2243 2156 loco
2261 2102 2510 2171 legimus,
2537 2102 2678 2171 quod
2698 2102 2886 2156 videns
2909 2116 3049 2163 eam,
3073 2098 3280 2153 ﬂeverit
3307 2097 3460 2167 (Luc.
3488 2096 3626 2166 xxx).

2199 2193 2412 2258 Quoties
2445 2191 2585 2246 volui
2612 2209 2925 2261 congregare
2947 2191 3084 2259 ﬁlios
3106 2188 3700 2258 tuos,quemadmodum
3773 2181 3788 2196 °

2127 2279 2324 2349 gallina
2344 2289 2618 2349 congregat
2647 2279 2816 2349 pullos
2848 2296 2970 2333 suos
3008 2278 3101 2332 sub
3145 2278 3258 2331 alas
3287 2294 3430 2339 suas,
3459 2285 3504 2330 et
3529 2275 3701 2329 nolui-

398 2377 402 2381 ‘
452 2362 534 2415 dis
567 2362 811 2428 Domino,
836 2363 1023 2433 papule
1044 2363 1199 2419 stulte
1225 2375 1270 2418 et
1294 2367 1540 2435 insipiens
1562 2365 1738 2437 (Deut.
1756 2369 2078 2441 xxxu,5,6)?
2127 2369 2216 2421 sti.
2256 2368 2314 2421 ln
2339 2383 2405 2421 eo
2444 2377 2623 2422 autem
2665 2368 2808 2437 quod
2855 2369 2986 2422 dicit
3021 2383 3035 2420 :
3069 2367 3280 2432 Quoties
3317 2365 3453 2421 volui
3492 2381 3702 2434 congre-

449 2461 532 2506 et:
550 2451 694 2506 Gens
713 2454 830 2508 sine
855 2455 1080 2509 consilio
1095 2463 1148 2509 et
1169 2456 1285 2510 sine
1305 2456 1624 2525 prudentia?
1644 2456 1784 2526 Ergo
1807 2457 1919 2522 isti,
1936 2459 2026 2527 qui

449 2544 644 2600 similia
674 2544 805 2599 Cain
831 2555 886 2600 et
904 2545 1031 2602 Joas
1052 2555 1240 2602 contra
1265 2546 1549 2617 Apostolos
1577 2557 1859 2616 gesserunt
1888 2589 1903 2614 ,
1961 2549 2027 2604 de

447 2647 557 2688 una
592 2636 934 2704 generatione
976 2651 1097 2691 esse
1133 2635 1479 2691 referuntur:
1508 2644 1562 2691 et
1583 2652 1770 2692 omnes
1813 2639 2023 2702 sancti,

449 2721 542 2790 qui
573 2722 776 2777 similes
802 2724 855 2777 in
885 2724 1176 2778 virtutibus
1203 2732 1347 2789 sunt,
1372 2739 1478 2778 una
1501 2726 1780 2795 generatio
1810 2741 1929 2781 esse
1949 2727 2029 2780 vi-

453 2812 629 2867 detur.

521 2903 566 2954 A
598 2905 852 2974 sanguine
882 2904 1009 2958 Abel
1038 2905 1176 2975 justi
1200 2922 1360 2975 usque
1388 2904 1458 2958 ad
1479 2906 1792 2976 sanguinem
1829 2905 2032 2962 Zacha-

450 2993 548 3046 riae
573 2993 671 3060 ﬁlii
697 2993 995 3048 Barac/riae.
1022 2995 1120 3064 (Ex
1150 2995 1338 3065 Beda.)
1359 2995 1629 3061 Quaaritur
1648 3013 1748 3051 cur
1768 2998 1902 3052 duos
1929 2999 2030 3053 bos

451 3082 759 3151 specialiter
808 3083 986 3151 posuit
1013 3083 1146 3138 Abel
1177 3091 1231 3138 et
1275 3083 1623 3149 Zachariam,
1677 3086 1802 3154 quia
1841 3095 2032 3142 neuter

453 3176 583 3222 tunc
609 3183 845 3237 pnesens
871 3169 990 3232 fuit,
1021 3180 1075 3226 et
1095 3180 1277 3240 postea
1303 3172 1453 3246 multi
1490 3174 1558 3228 ab
1603 3175 1684 3228 eis
1731 3176 1904 3230 sancti
1935 3192 2030 3232 oc~

453 3255 555 3310 cisi
589 3265 735 3322 sunt,
767 3257 1023 3312 nimirum
1058 3273 1156 3328 pro
1180 3261 1485 3329 aequalitate
1511 3262 1874 3332 piaculi.Cain
1890 3266 2034 3319 enim

455 3348 656 3403 occidit
683 3349 815 3403 Abel
849 3349 1072 3404 fratrem
1105 3367 1261 3406 suum
1287 3393 1302 3418 ,
1351 3353 1495 3408 nulla
1541 3369 1702 3409 causa
1728 3354 1875 3425 justa
1921 3357 2037 3410 exi-

455 3445 652 3493 stente.
685 3437 811 3494 Joas
836 3455 1051 3510 quoque
1095 3457 1190 3496 rex
1225 3443 1393 3498 ﬁlium
1424 3446 1720 3500 sacerdotis
1750 3447 2036 3503 nutrientis

456 3542 518 3583 se
543 3536 598 3582 et
619 3529 896 3598 eripientis
921 3531 986 3586 de
1015 3540 1205 3597 morte,
1231 3541 1286 3587 et
1317 3533 1370 3587 in
1397 3535 1596 3604 templo
1645 3544 1850 3605 septem
1881 3539 2038 3594 annis

457 3616 838 3673 abscondentis
884 3633 960 3682 se,
990 3636 1113 3674 eum
1159 3621 1390 3687 Athalia,
1420 3625 1538 3677 avia
1590 3623 1723 3694 ejus,
1753 3640 1913 3681 omne
1959 3642 2040 3681 se-

460 3723 584 3762 men
608 3710 837 3779 regium,
867 3710 1134 3766 desiderio
1158 3713 1330 3782 regni,
1363 3714 1745 3781 interfecisset,
1772 3717 2036 3774 maxime-

461 3813 568 3868 que
598 3799 986 3854 collactaneum
1013 3817 1168 3856 suum
1196 3818 1211 3866 ;
1259 3788 1451 3856 horum
1470 3844 1484 3867 ,
1534 3805 1776 3875 inquam,
1798 3807 2038 3862 omnium

462 3889 681 3955 oblitus,
715 3889 1004 3945 interfecit.
1062 3890 1192 3946 Item
1232 3894 1530 3961 quaeritur:
1563 3894 1620 3949 Si
1679 3897 1901 3967 sanguis
1937 3899 2038 3953 ho-

444 3994 606 4042 rum,
640 3980 728 4048 qui
760 3988 880 4048 post
905 3980 1049 4035 hunc
1083 3982 1250 4037 occisi
1280 3993 1422 4048 sunt,
1445 3983 1592 4038 venit
1618 4000 1780 4054 super
1807 3989 1919 4052 e05,
1960 3987 2043 4041 ni-

466 4071 666 4123 mirum
710 4070 1004 4125 Zacharias
1031 4079 1247 4127 sanctos
1291 4073 1345 4149 in
1379 4073 1485 4128 ﬁne
1529 4075 1716 4129 mundi
1761 4091 2040 4145 passuros,

467 4160 755 4229 signiﬁcat,
777 4177 1007 4231 quorum
1036 4164 1277 4218 omnium
1317 4166 1537 4236 sanguis
1560 4168 1742 4222 veniet
1765 4182 1928 4238 super
1953 4184 2045 4239 ge-

467 4249 804 4304 nerationem
831 4251 1057 4315 malam,
1087 4252 1240 4321 cujus
1273 4255 1478 4309 malitia
1508 4257 1658 4311 unita
1681 4265 1784 4322 est,
1812 4273 1981 4326 quare
2013 4274 2045 4312 a

470 4339 730 4408 sanguine
764 4339 917 4404 Abel,
949 4342 1040 4409 qui
1075 4345 1280 4411 primus
1325 4347 1644 4417 martyrium
1697 4362 1888 4417 passus
1923 4357 2042 4414 est,

2129 2473 2252 2526 gare
2284 2455 2420 2524 ﬁlios
2445 2465 2583 2522 tuos,
2606 2472 2793 2512 omnes
2821 2466 2964 2511 retro
2991 2458 3282 2527 prophetas
3322 2471 3352 2509 a
3399 2471 3458 2509 se
3509 2455 3702 2508 missos

2130 2561 2249 2602 esse
2273 2554 2521 2601 testatur.
2555 2547 2683 2601 Avis
2705 2546 3348 2616 quoque'similitudinem
3373 2560 3703 2614 congregan-

2133 2638 2200 2691 tis
2226 2637 2324 2692 sub
2356 2637 2547 2707 pennis
2581 2639 2762 2693 nidum
2792 2653 2978 2705 suum,
3033 2637 3086 2691 in
3130 2635 3349 2692 Cantico
3376 2636 3702 2689 Deuterono-

2131 2729 2226 2782 mii
2253 2728 2510 2798 legimus:
2543 2728 2694 2783 Sicut
2723 2728 2901 2798 aquila
2949 2727 3166 2798 protegit
3213 2726 3392 2778 nidum
3420 2741 3573 2778 suum
3598 2764 3612 2787 ,
3654 2735 3699 2777 ct

2131 2834 2288 2886 super
2312 2817 2482 2887 pullos
2515 2820 2637 2872 suos
2667 2819 2977 2872 desideravi:
3003 2859 3018 2883 ,
3071 2819 3368 2886 expandens
3398 2814 3509 2867 alas
3538 2829 3660 2866 suas
3686 2851 3702 2875 ,

2132 2907 2352 2976 suscepit
2382 2922 2468 2960 eos
2488 2917 2536 2960 et
2565 2907 2682 2960 tulit
2719 2923 2873 2976 super
2909 2921 3105 2975 pennas
3133 2921 3257 2957 suas
3277 2903 3455 2965 (Deut.
3507 2901 3703 2971 xxx").

2134 2995 2202 3050 Et
2234 2995 2480 3065 pulchre,
2511 2994 2601 3062 qui
2625 2993 2888 3047 Herodem
2929 2992 2994 3046 de
3038 3006 3136 3044 sua
3166 3004 3298 3044 nece
3341 2995 3664 3042 tractantem
3687 3027 3702 3049 ,

2135 3088 2350 3158 vulpem
2370 3094 2592 3141 vocarat
2635 3084 2785 3157 (Luc.
2819 3083 2963 3155 xm),
3007 3083 3238 3152 seipsum
3267 3081 3350 3135 avi
3407 3089 3704 3150 comparat.

2133 3175 2494 3232 Fraudulente
2514 3175 2657 3230 enim
2679 3173 2864 3243 vulpes
2909 3187 3121 3243 semper
3142 3171 3366 3227 insidias
3387 3171 3574 3225 avibus
3598 3178 3710 3223 ten—

2134 3267 2263 3322 dere
2286 3283 2393 3322 nou
2418 3274 2616 3321 cessat.
2675 3264 2827 3331 Quod
2852 3265 3017 3320 dicit:
3053 3263 3155 3328 Qui
3180 3264 3249 3316 ad
3271 3273 3319 3317 te
3366 3263 3514 3316 missi
3563 3271 3708 3323 sunt,

2133 3360 2238 3414 hoc
2260 3367 2362 3423 est,
2377 3358 2469 3428 qui
2495 3357 2560 3411 ad
2575 3355 2873 3426 profectum
2895 3364 3044 3410 tuum
3067 3355 3215 3408 missi
3239 3353 3471 3407 fuerant.
3494 3351 3708 3416 Quoties

2097 3466 2104 3470 ·
2134 3447 2295 3511 volui,
2331 3463 2394 3502 ac
2417 3447 2460 3502 si
2483 3447 2706 3509 diceret,
2732 3445 2968 3500 lndehita
2997 3444 3175 3498 reddis
3204 3442 3358 3506 mihi,
3382 3440 3710 3511 congregare

2136 3539 2203 3594 de
2231 3539 2465 3609 Egypto
2498 3548 2553 3594 et
2595 3538 2866 3608 Babylone
2919 3537 3092 3605 pullos
3137 3536 3236 3589 sub
3264 3534 3394 3591 alas.
3441 3533 3568 3587 Duas
3611 3531 3709 3586 alae

2137 3628 2372 3692 Domini,
2399 3627 2571 3682 Moses
2603 3634 2658 3680 et
2686 3626 2886 3689 Aaron,
2917 3625 3008 3693 qui
3039 3624 3337 3679 eduxerunt
3363 3621 3616 3691 populum
3645 3620 3712 3675 de

2138 3717 2392 3788 Egypto,
2421 3717 2534 3772 sive
2555 3714 2852 3770 Zorobabel
2873 3723 2927 3769 et
2953 3714 3152 3768 Esdras
3167 3725 3222 3766 et
3237 3711 3541 3774 Nehemias,
3555 3717 3610 3764 et
3633 3708 3715 3764 Je-

2140 3824 2232 3863 sus
2261 3807 2402 3862 ﬁlius
2443 3804 2670 3861 Joscdec
2717 3803 2920 3868 duces,
2971 3803 3062 3872 qui
3113 3804 3413 3857 eduxerunt
3462 3798 3716 3870 populum

2139 3901 2302 3954 Israel
2330 3901 2396 3953 de
2429 3898 2720 3968 Babylone.
2755 3897 3028 3964 Quaeritur
3067 3894 3334 3965 quomodo
3360 3894 3490 3948 dicit
3521 3910 3534 3945 ε
3571 3892 3715 3957 Quo-

2140 3990 2234 4043 ties
2262 3987 2415 4046 uolui,
2450 4001 2572 4039 cum
2603 3985 2869 4051 Propheta
2902 3985 3135 4038 dixerit:
3171 3982 3364 4035 Omnia
3411 3996 3528 4049 qua:
3555 3979 3718 4033 voluit

2142 4077 2393 4130 Dominus
2425 4073 2564 4142 fecit,
2589 4071 2643 4126 id
2681 4073 2960 4155 est,_volui
3003 4087 3068 4126 ex
3104 4087 3222 4136 me,
3245 4071 3340 4125 sed
3368 4069 3613 4125 noluistis
3649 4083 3716 4122 cx

2141 4175 2319 4221 vestra
2340 4172 2511 4234 parte.

2214 4254 2350 4308 Ecce
2381 4253 2698 4324 relinquetur
2719 4251 2903 4305 domus
2920 4259 3089 4304 vestra
3110 4248 3335 4302 deserta.
3356 4246 3454 4317 (Ex
3469 4243 3718 4312 Hieron.)

2145 4347 2257 4402 Hoc
2289 4347 2466 4416 ipsum
2490 4360 2554 4398 ex
2585 4359 2814 4415 persona
2847 4343 3130 4397 Hieremiae
3159 4341 3272 4410 jam
3305 4346 3429 4393 ante
3474 4339 3718 4393 dixerat:

471 4427 671 4480 mirum
699 4442 806 4482 non
831 4437 934 4483 est.
969 4429 1077 4485 Sed
1101 4447 1267 4508 quare
1293 4449 1465 4503 usque
1496 4435 1563 4488 ad
1602 4436 1916 4504 sanguinem
1948 4436 2045 4490 Za-
2073 4466 2124 4522 D
2152 4437 2352 4506 Reliqui
2387 4437 2600 4489 domum
2637 4453 2827 4498 meam,
2878 4434 3056 4487 dimisi
3104 4431 3458 4486 [nereditatem
3518 4445 3683 4482 meam
3707 4468 3722 4493 ,

471 4515 672 4572 charite
699 4518 1044 4584 quaerendum
1072 4527 1175 4584 est,
1208 4535 1330 4574 eum
1367 4529 1420 4574 ct
1454 4523 1607 4589 multi
1655 4531 1776 4590 post
1804 4537 1925 4577 eum
1952 4539 2046 4578 us-

473 4617 582 4673 que
615 4603 683 4658 ad
718 4607 1052 4659 nativitatem
1097 4606 1320 4671 Christi,
1343 4617 1398 4662 et
1431 4610 1549 4679 ipso
1579 4625 1700 4665 mox
1727 4619 1854 4665 nato
1895 4614 2047 4668 inno-

475 4706 664 4754 centes
709 4697 762 4750 in
791 4696 1062 4754 Bethleem
1099 4701 1252 4768 pueri
1299 4701 1407 4754 sint
1451 4701 1519 4755 ab
1547 4703 1652 4757 hac
1703 4706 2054 4774 generatione

477 4789 742 4857 perempti
773 4787 986 4858 (Matth.
1015 4788 1116 4860 n)?
1139 4788 1250 4844 Nisi
1279 4790 1416 4846 forte
1440 4833 1455 4859 ,
1502 4794 1628 4864 quia
1685 4793 1818 4849 Abel
1870 4807 2056 4866 pastor

480 4879 683 4944 ovium,
707 4879 995 4936 Zacharias
1023 4882 1274 4937 sacerdos
1301 4883 1422 4949 fuit,
1451 4892 1505 4938 et
1534 4885 1623 4940 hic
1654 4887 1710 4940 in
1731 4903 1944 4958 eampo,
1966 4889 2053 4945 ille

483 4967 540 5021 in
575 4969 712 5023 atrio
753 4971 934 5039 templi
973 4979 1196 5025 necatus
1223 4979 1324 5026 est.
1355 4972 1648 5044 Utriusque
1689 4977 1884 5045 gradus
1913 4993 2055 5033 mar-

488 5067 649 5128 tyres,
689 5068 743 5112 et
767 5059 884 5115 laici
917 5062 1119 5116 scilicet
1143 5071 1194 5116 et
1222 5062 1408 5116 altaris
1429 5063 1603 5118 ollicio
1627 5065 1938 5135 mancipati,
1955 5068 2055 5122 sub

486 5162 674 5202 eorum
699 5150 868 5204 voluit
886 5152 1135 5206 intimare
1167 5153 1445 5206 vocabula.

561 5257 725 5324 Quem
753 5261 1012 5315 occidistis
1040 5263 1175 5315 inter
1207 5263 1452 5332 templum
1481 5272 1528 5317 et
1578 5263 1762 5318 altare.
1794 5265 1894 5335 (Ex
1929 5265 2058 5320 Hie-

489 5351 633 5423 ron.)
657 5351 801 5406 lnter
825 5353 1083 5422 parietem
1110 5353 1288 5422 templi
1304 5361 1360 5407 et
1381 5353 1550 5408 altare
1579 5355 1784 5410 incensi
1811 5355 2062 5418 interius,

492 5441 625 5505 sive,
656 5453 718 5495 ut
735 5441 824 5494 alii
861 5442 1060 5504 dicunt,
1094 5442 1235 5496 inter
1261 5443 1443 5497 ruinas
1470 5443 1652 5512 templi
1683 5451 1736 5496 et
1757 5443 1929 5498 altare
1969 5443 2068 5496 ho—

494 5530 718 5583 stiarum
745 5530 1001 5584 exterius.
1034 5529 1306 5598 Quaeritur
1350 5531 1442 5600 qui
1488 5532 1558 5585 sit
1587 5532 1689 5586 istc
1732 5530 2022 5586 Zacharias
2050 5571 2065 5595 ,

495 5618 636 5674 ﬁlius
665 5618 954 5684 Barachiaa,
982 5621 1072 5689 qui
1099 5622 1310 5677 occisus
1338 5627 1420 5674 est
1465 5621 1610 5675 inter
1634 5619 1892 5690 templum
1919 5629 1974 5674 et
1993 5621 2070 5674 al-

499 5713 635 5771 tare,
674 5711 796 5778 quia
823 5709 1020 5766 multos
1050 5709 1272 5781 legimus
1293 5709 1606 5764 Zacharias.
1653 5707 1776 5772 Sed,
1800 5725 1868 5765 ne
1901 5708 2069 5766 libera

2155 4524 2296 4593 facta
2329 4535 2402 4578 est
2447 4525 2574 4578 mihi
2616 4525 2893 4578 hwreditas
2922 4541 3035 4577 mea
3067 4523 3217 4593 quasi
3257 4521 3499 4590 spelunca
3527 4520 3726 4588 hycante

2157 4611 2330 4682 (Hier.
2361 4612 2480 4682 xu).
2518 4613 2796 4666 Desertam
2820 4610 3127 4666 Judmorum
3160 4611 3373 4664 domum
3403 4608 3542 4661 idem
3593 4614 3727 4659 tem-

2157 4702 2306 4770 plum
2333 4701 2482 4766 illud,
2507 4702 2648 4770 quod
2669 4710 2793 4755 ante
2817 4699 3051 4770 fulgebat
3073 4698 3350 4769 augustius
3382 4696 3550 4751 oculis
3575 4709 3727 4750 com-

2157 4792 2470 4860 prohamus,
2494 4790 2584 4859 qui
2636 4790 2991 4844 habitatorem
3045 4787 3320 4843 Christum
3364 4786 3636 4855 perdidit,
3675 4792 3732 4838 et

2162 4881 2532 4935 haereditatem
2560 4881 2850 4950 praeripere
2874 4880 3111 4950 gestiens
3136 4918 3150 4942 ,
3195 4876 3393 4931 occidit
3438 4876 3728 4931 haeredem.

2155 4969 2353 5024 Aliter:
2388 4969 2525 5024 Ecce
2550 4969 2884 5038 relinquetur
2903 4968 3054 5022 vobis
3077 4967 3266 5021 domus
3294 4971 3473 5019 vestra
3495 4965 3733 5028 deserta,

2157 5060 2260 5113 hoc
2286 5067 2387 5122 est,
2426 5074 2570 5113 nunc
2598 5067 2774 5113 vestra
2802 5065 2904 5120 est,
2936 5071 3042 5109 non
3097 5069 3236 5119 mea,
3263 5070 3382 5126 qua:
3413 5054 3611 5107 dudum
3639 5051 3735 5104 do-

2159 5165 2280 5203 mus
2309 5164 2427 5203 mea
2446 5150 2755 5204 vocabatur.
2788 5149 3006 5201 Deserta
3047 5146 3100 5200 in
3126 5145 3364 5199 vindicta
3394 5144 3592 5207 crucis,
3622 5141 3738 5195 sive

2160 5239 2416 5306 templum
2445 5237 2752 5291 Judmorum
2796 5252 2826 5289 a
2872 5236 3099 5290 Domino
3128 5232 3438 5291 habitatore
3471 5233 3740 5300 relinque-

2169 5337 2275 5392 tur,
2305 5329 2504 5396 ibitque
2526 5327 2590 5380 ad
2619 5325 2857 5395 gentium
2886 5324 3200 5380 Ecclesiam.

2243 5439 2351 5511 (Ea:
2369 5435 2557 5507 Beda.)
2586 5436 2756 5505 Ipsam
2788 5435 3060 5490 civitatem
3090 5476 3105 5503 ,
3158 5449 3319 5506 quam
3345 5431 3532 5488 nidum
3583 5438 3742 5482 suum

2172 5535 2484 5588 vocaverat,
2531 5542 2675 5580 nunc
2701 5525 2919 5579 domum
2951 5522 3257 5581 Judaaorum
3309 5520 3570 5591 appellat,
3621 5526 3745 5585 qua:

2175 5633 2283 5673 non
2311 5615 2580 5671 immerito
2604 5613 2819 5669 Domini
2848 5614 3048 5669 auxilio
3074 5615 3292 5675 nudata,
3321 5623 3429 5664 suae
3459 5603 3645 5660 ditioni
3667 5615 3746 5657 re-

2176 5709 2458 5779 linquitur,
2487 5708 2611 5778 quia
2647 5723 2752 5764 non
2793 5706 2967 5763 solum
2996 5706 3110 5759 avis
3155 5703 3294 5758 illius
3328 5695 3745 5768 omnipotentis.
