3998 6198
290 198 353 254 ιι
1137 181 1648 245 COLLECTIONES
1680 181 1750 238 IN
1790 178 2169 240 EPISTOLAS
2202 177 2288 235 ET
2327 175 2738 236 EVANGELIA.
3347 145 3352 148 Ι
3495 176 3563 232 62

292 325 456 384 quam
481 305 769 363 Mattheus
794 303 1048 376 gallinam
1087 308 1384 372 nuncupat,
1411 301 1512 356 alis
1533 300 1740 372 protegi
1792 300 1882 354 de-
1912 302 1962 361 Α
1984 295 2042 348 in
2073 291 2360 384 caelestibus
2399 292 2453 346 in
2503 289 2739 384 Christo.
2768 287 2869 384 (Ex
2893 286 3140 360 Hieron.)
3166 287 3456 384 Quomodo
3477 307 3562 346 se-

291 404 490 478 spexit,
505 401 601 456 sed
623 397 872 454 eamdem
896 409 1074 460 avem,
1092 411 1152 449 se
1169 402 1448 465 protegere
1464 391 1750 478 volentem,
1767 387 1878 441 vui-
1915 423 1930 444 ι

291 477 451 567 pibus
472 485 863 550 devorandum,
881 484 1024 540 idem
1049 482 1244 537 Herodi
1269 491 1324 536 et
1367 480 1536 536 Pilato
1563 477 1881 548 cruciﬁgen-

294 585 421 638 dum
454 576 680 634 tradidit
701 573 996 630 Christum.
1038 569 1150 626 Nec
1197 583 1347 624 mors
1383 568 1619 639 vulpium
1668 581 1883 622 earum-

294 671 438 733 dem,
471 669 574 722 hoc
593 672 699 727 est,
726 677 916 733 regum
943 669 1123 724 terrae,
1149 670 1204 714 et
1224 661 1354 729 ipsa:
1379 658 1581 728 rapina:
1615 657 1880 720 donatur;

294 759 477 814 occiso
516 755 662 810 enim
711 751 942 806 Domino
966 738 1232 808 venei'unt
1258 748 1509 810 Romani,
1539 755 1595 801 et
1615 747 1770 817 quasi
1803 747 1886 800 ni-

297 852 424 906 dum
447 861 680 902 vacuum
710 841 1047 913 diripientes.
1062 840 1300 895 tulerunt
1320 853 1511 894 eorum
1535 837 1732 901 locum,
1758 851 1887 908 gen-

299 949 410 993 tem
440 945 498 991 et
530 946 779 1004 regnum.

367 1026 480 1099 (Ex
503 1021 752 1091 Hieron.)
773 1018 1068 1076 Sciendum
1089 1017 1215 1087 quia
1239 1017 1435 1088 hyena,
1469 1015 1612 1070 unde
1641 1014 1890 1085 superius

303 1120 359 1173 in
395 1113 706 1171 testimonio
746 1110 1034 1166 Hieremiae
1061 1107 1263 1163 mentio
1309 1107 1453 1161 facta
1478 1113 1581 1169 est,
1609 1105 1781 1160 bestia
1808 1111 1893 1158 est

303 1223 426 1279 qua:
461 1212 623 1260 noctu
671 1199 1028 1257 cadaveribus
1057 1206 1397 1252 mortuorum
1436 1196 1590 1260 vivit,
1617 1203 1676 1250 et
1700 1195 1766 1248 de
1803 1208 1890 1248 se-

304 1296 511 1368 pulcris
537 1291 675 1348 solet
698 1287 936 1344 effodere
963 1301 1216 1356 corpora,
1256 1286 1499 1355 nihilque
1527 1291 1611 1339 est
1661 1284 1893 1337 immun-

307 1384 475 1447 ditiae,
508 1397 614 1452 quo
635 1393 742 1434 non
782 1385 1063 1439 vescatur;
1111 1374 1235 1429 talis
1255 1381 1338 1428 est
1366 1373 1528 1428 Israel
1552 1411 1568 1437 ,
1617 1371 1893 1428 offendens

308 1472 597 1527 Dominum
646 1481 827 1530 suum,
873 1472 929 1519 et
973 1463 1213 1518 omnium
1270 1462 1567 1517 bestiarum
1627 1461 1894 1516 morsibus

313 1561 560 1622 traditus,
586 1570 777 1626 nempe
805 1553 934 1623 quia
959 1568 990 1607 a
1019 1552 1248 1607 Domino
1273 1558 1357 1606 est
1387 1550 1694 1606 derelictus.
1766 1597 1774 1600 _

1980 384 2215 438 cundum
2253 381 2609 438 substantiam
2658 379 2802 435 Deus
2837 380 3033 444 bonus,
3060 393 3160 434 nos
3188 381 3566 435 communione

1981 473 2084 536 sui,
2124 469 2287 527 eﬂicit
2321 472 2515 537 bonos,
2540 473 2614 524 ita
2638 485 2754 540 ipse
2800 470 3114 526 benedictus
3136 510 3154 537 ,
3215 485 3314 526 nos
3347 479 3570 541 praestat

1981 578 2105 620 esse
2123 563 2455 619 benedictus.
2487 561 2771 616 Benedixit
2820 569 3000 616 autem
3035 577 3162 627 nos,
3219 579 3326 618 non
3369 564 3424 618 in
3459 579 3568 618 una

1983 656 2360 712 benedictione
2381 663 2613 719 tantum,
2631 654 2724 710 sed
2744 664 2800 709 et
2821 654 2874 708 in
2901 654 3141 718 cunctis;
3177 670 3281 710 non
3296 655 3440 724 quod
3455 671 3572 710 om-

1985 761 2082 800 nes
2106 745 2287 801 omnia
2318 759 2736 814 consequamur,
2759 743 2852 798 sed
2880 743 3006 798 dum
3029 745 3244 816 singuli,
3277 745 3362 800 vel
3387 745 3572 814 singu—

1985 837 2088 904 las,
2125 837 2207 890 vel
2237 837 2422 907 plures
2452 837 2732 901 habemus,
2754 851 2822 890 ex
2843 837 3096 892 omnibus
3121 851 3310 892 omnes
3330 837 3574 907 singulas

1986 929 2380 999 pessideamus,
2411 936 2467 982 et
2487 943 2595 982 non
2631 927 2685 982 in
2715 927 2946 982 terrenis
2971 927 3452 994 benedictionibus,
3479 928 3572 983 sed

1987 1019 2339 1089 spiritalibus.
2373 1017 2663 1085 Quaeritur,
2695 1018 2965 1086 quomodo
3009 1019 3188 1073 adhuc
3221 1018 3275 1072 iu
3305 1027 3449 1072 terra
3476 1034 3574 1072 nos

1989 1112 2195 1183 positos
2222 1109 2428 1164 cmlesti
2469 1109 2843 1164 benedictione
2867 1107 3224 1163 benedixerit.
3258 1107 3385 1164 Sive
3413 1109 3577 1179 igitur

1991 1202 2137 1272 quod
2167 1200 2506 1254 conversatio
2534 1208 2716 1254 nostra
2751 1198 2806 1252 in
2845 1199 2998 1254 cmlis
3023 1206 3123 1264 est,
3150 1208 3206 1253 et
3233 1214 3338 1253 non
3387 1215 3576 1253 sumus

1991 1293 2058 1347 de
2089 1292 2288 1348 mundo
2317 1292 2454 1355 isto,
2514 1291 2607 1345 sed
2649 1290 2890 1359 deposita
2943 1289 3178 1360 imagine
3215 1287 3312 1344 τοῦ
3356 1296 3574 1361 χοϊκοῦ,

1992 1391 2272 1454 portamus
2302 1382 2593 1452 imaginem
2623 1381 3045 1450 supercalcstis,
3081 1388 3137 1433 et
3181 1379 3234 1432 in
3265 1394 3429 1432 carne
3469 1393 3577 1432 non

1997 1471 2246 1534 vivimus,
2284 1469 2380 1524 sed
2411 1470 2464 1524 in
2494 1469 2717 1538 spiritu;
2746 1469 2859 1523 sive
2885 1469 3027 1538 quod
3055 1469 3233 1522 omnis
3275 1467 3580 1522 benedictio

1995 1561 2254 1631 spiritalis
2275 1561 2328 1614 in
2367 1559 2602 1624 Christo,
2633 1559 2759 1614 licet
2793 1560 2848 1613 in
2888 1567 3030 1614 terra
3056 1559 3144 1623 sit,
3176 1567 3354 1613 tamen
3382 1559 3450 1615 de
3470 1573 3583 1613 ccc-

384 1651 513 1704 Dico
535 1647 674 1702 enim
723 1644 863 1699 vobis
894 1659 913 1698 :
953 1642 1075 1697 Non
1107 1659 1189 1696 me
1228 1640 1464 1696 videbitis
1498 1640 1688 1694 amodo
1730 1639 1892 1694 donec

2015 1653 2220 1707 estibus
2243 1658 2620 1721 computetur:
2657 1649 2933 1704 Benedixit
2981 1666 3092 1711 nos,
3124 1648 3318 1719 inquit,
3349 1649 3405 1701 in
3438 1647 3580 1701 omni

314 1740 503 1794 dicatis
525 1751 544 1789 :
571 1735 884 1791 Benedictus
911 1734 1002 1806 qui
1045 1734 1182 1788 venit
1213 1732 1269 1786 in
1303 1731 1511 1785 nomine
1538 1728 1768 1784 Domini.
1792 1729 1894 1798 (Ex

315 1826 480 1898 Aug.)
529 1825 656 1880 Haec
704 1823 922 1893 quidem
970 1822 1144 1878 turba:
1187 1821 1443 1876 dixerunt
1477 1819 1708 1876 Domino
1735 1859 1750 1885 ,
1801 1835 1895 1873 ve-

315 1923 488 1980 nienti
512 1923 582 1977 ad
609 1918 966 1982 Hierusalem,
995 1917 1090 1972 sed
1116 1917 1240 1986 quia
1270 1914 1447 1971 Lucas
1488 1930 1596 1970 non
1619 1913 1770 1980 dicit,
1789 1930 1898 1985 quo

319 2015 443 2070 hinc
467 2010 782 2068 abscesserit
811 2009 1074 2064 Dominus
1098 2045 1115 2074 ,
1167 2015 1229 2060 ut
1255 2022 1362 2063 non
1388 2006 1599 2062 veniret
1626 2045 1642 2070 ,
1692 2004 1796 2060 nisi
1834 2019 1900 2059 eo

318 2113 561 2173 tempore
581 2115 690 2163 quo
723 2101 837 2171 jam
877 2097 1008 2153 illud
1042 2097 1336 2163 diceretur,
1363 2104 1677 2166 perseverat
1703 2096 1902 2164 quippe

319 2198 378 2251 in
402 2197 600 2250 itinere
632 2210 753 2258 suo,
779 2195 949 2250 donec
989 2191 1172 2249 veniat
1213 2189 1571 2253 Hierusalem,
1598 2187 1745 2264 cogit
1777 2201 1903 2256 pro-

319 2283 464 2338 fecto
497 2284 601 2338 hoc
629 2282 860 2352 mystice
883 2279 1126 2351 intelligi,
1157 2278 1225 2335 de
1254 2278 1347 2333 illo
1380 2275 1496 2346 ejus
1517 2277 1770 2340 adventu,
1795 2291 1903 2344 quo

321 2376 380 2430 in
424 2375 680 2431 claritate
715 2378 976 2428 venturus
1003 2379 1116 2438 est,
1164 2369 1402 2425 maxime
1441 2383 1565 2423 cum
1622 2365 1904 2422 Matthams

320 2464 616 2520 Dominum
657 2461 1078 2534 prtedecantatas
1123 2461 1176 2516 ei
1214 2475 1247 2514 a
1275 2460 1434 2515 turba
1477 2457 1664 2514 laudes
1705 2455 1906 2512 dixisse

322 2563 578 2611 testatur.
1479 2593 1482 2597 .

399 2645 506 2716 (Ea:
531 2643 772 2717 Hieron.)
801 2643 950 2700 Idem
983 2643 1128 2713 quod
1151 2643 1316 2698 dicit:
1342 2640 1518 2696 Donec
1548 2638 1736 2694 dicatis
1759 2653 1778 2690 :
1804 2639 1907 2694 Be-

327 2734 565 2788 nedictus
591 2734 677 2804 qui
699 2733 833 2788 venit
858 2734 915 2788 in
940 2734 1148 2788 nomine
1176 2731 1410 2794 Domini,
1443 2731 1548 2785 hoc
1597 2729 1711 2782 vult
1751 2729 1909 2784 intel-

327 2824 450 2894 ligi,
495 2823 595 2879 nisi
620 2825 993 2893 pmitentiam
1029 2823 1268 2894 egeritis,
1299 2831 1356 2878 et
1383 2820 1616 2877 confessi
1664 2819 1912 2885 fueritis,

333 2917 509 2986 ipsum
535 2932 618 2972 me
642 2931 782 2981 esse,
812 2908 889 2971 de.
914 2931 1022 2986 quo
1052 2916 1329 2987 propheta:
1347 2914 1694 2976 cecinerunt,
1737 2911 1907 2966 ﬁlium

1997 1741 2350 1795 benedictione
2376 1738 2624 1811 spiritali,
2651 1739 2705 1794 id
2735 1747 2845 1804 est,
2874 1740 2928 1794 in
2974 1754 3224 1793 sermone
3248 1739 3363 1804 Dei,
3390 1749 3444 1793 et
3489 1755 3582 1794 sa-

1997 1832 2221 1902 pientia,
2254 1840 2309 1886 et
2343 1832 2567 1895 virtute,
2598 1837 2918 1897 ueterisque
2945 1830 3256 1883 virtutibus.
3288 1829 3586 1898 Dupliciter

1998 1932 2178 1977 autem
2203 1921 2486 1993 legendum
2515 1938 2528 1972 :
2559 1919 2882 1974 Benedictus
2903 1917 3065 1982 Deus,
3088 1926 3143 1972 ct
3179 1917 3343 1972 Pater
3367 1918 3604 1973 Domini.

1999 2012 2171 2066 nostri
2207 2010 2333 2066 Jesu
2373 2009 2596 2075 Christi,
2629 2018 2689 2063 ut
2718 2009 2790 2063 sit
2816 2007 3130 2062 benedictus
3158 2008 3319 2073 Deus,
3355 2009 3443 2077 qui
3466 2008 3586 2063 uni-

2001 2117 2281 2158 versorum
2309 2101 2558 2155 conditor
2576 2107 2676 2162 est,
2711 2108 2765 2153 et
2786 2100 2874 2154 hic
2904 2098 3202 2161 distinctio,
3226 2099 3482 2171 deinceps
3506 2099 3587 2154 in-

2002 2191 2224 2254 feratur,
2250 2191 2344 2262 qui
2380 2199 2486 2254 est,
2517 2198 2572 2245 et
2585 2188 2745 2244 Pater
2776 2188 2989 2244 Domini
3013 2189 3181 2243 nostri
3207 2185 3336 2243 Jesu
3357 2188 3583 2245 Christi.

2001 2284 2100 2341 Vel
2132 2284 2228 2350 ita,
2251 2291 2310 2337 ut
2347 2283 2490 2338 Deus
2529 2291 2584 2338 et
2607 2282 2792 2349 Pater,
2825 2283 2894 2338 ad
2917 2281 3201 2338 Dominum
3230 2291 3498 2348 nostrum,
3531 2283 3589 2338 in

2001 2391 2288 2432 commune
2311 2373 2580 2430 referatur
2605 2416 2619 2439 ,
2650 2374 2968 2429 benedictus
2992 2371 3134 2428 Deus
3159 2413 3176 2439 ,
3221 2371 3341 2440 ejus
3367 2373 3458 2442 qui
3499 2389 3589 2428 as-

2002 2473 2250 2534 sumptus
2276 2472 2362 2520 est
2404 2463 2659 2528 hominis,
2682 2473 2736 2518 et
2768 2463 2926 2520 Pater
2953 2462 3091 2538 ejus,
3118 2462 3212 2533 qui
3241 2463 3294 2517 in
3325 2463 3595 2534 principio

2005 2556 2148 2625 apud
2184 2556 2376 2620 Deum,
2400 2564 2519 2610 erat
2547 2554 2688 2609 Deus
2731 2552 2988 2608 Verbum.
3018 2551 3134 2607 Non
3171 2567 3278 2621 quo
3325 2553 3462 2609 alius
3497 2569 3590 2610 asc

2006 2651 2253 2714 sumptus
2281 2645 2462 2706 homo,
2494 2652 2552 2699 et
2574 2643 2712 2698 alius
2755 2642 2826 2698 sit
2854 2657 3055 2707 sermo,
3086 2645 3177 2713 qui
3206 2645 3592 2714 assumpserit,

2007 2734 2100 2788 sed
2128 2750 2236 2803 quo
2261 2750 2421 2799 unus,
2461 2742 2624 2803 atque
2661 2733 2826 2798 idem,
2853 2749 2952 2803 pro
2983 2735 3244 2788 varietate
3269 2749 3558 2790 causarum
3577 2777 3595 2803 ,

2008 2839 2152 2879 nunc
2179 2823 2446 2888 sublimis,
2478 2839 2620 2878 nunc
2647 2823 2864 2878 humilis
2894 2824 3236 2894 praedicetur.

2083 2913 2232 2968 Sicut
2257 2910 2409 2982 elegit
2434 2928 2523 2966 nos
2555 2913 2611 2966 in
2633 2912 2768 2981 ipso,
2789 2920 2911 2966 ante
2939 2911 3124 2965 mundi
3148 2912 3594 2968 constitutionem.

330 3006 715 3075 omnipotentis
736 3006 931 3071 Patris,
953 3021 1127 3060 meam
1152 3005 1346 3061 faciem
1373 3020 1479 3058 non
1503 3003 1774 3059 videbitis.
1793 3000 1906 3058 Ha-
1933 2999 1979 3061 C
2009 3006 2206 3062 Volens
2227 3006 2407 3073 itaque
2433 3002 2632 3060 Paulus
2652 3005 2937 3060 ostendere
2964 3006 3106 3074 quod
3130 3005 3270 3062 Deus
3303 3022 3404 3062 nos
3437 3008 3602 3079 elegit

329 3099 464 3152 bent
502 3097 691 3164 Judazi,
719 3099 902 3153 datum
941 3099 1044 3154 sibi
1071 3107 1282 3168 tempus
1318 3097 1648 3168 paenitentia:
1671 3136 1688 3162 ,
1741 3097 1910 3150 contl—

332 3195 585 3243 teantur:
616 3187 937 3244 Benedictus
967 3189 1061 3260 qui
1077 3188 1225 3244 venit
1268 3188 1324 3243 in
1353 3188 1569 3244 nomine
1596 3185 1830 3254 Domini,
1855 3194 1910 3242 et

331 3277 534 3334 Christi
557 3293 654 3334 ora
681 3279 1033 3349 conspicient.

961 3404 1251 3446 CONCOBDIA
1260 3430 1273 3444 .

402 3496 639 3553 istarum
674 3497 898 3553 duarum
926 3499 980 3553 in
1009 3499 1113 3555 hoc
1139 3499 1211 3554 sit
1244 3499 1531 3556 concordia
1583 3499 1874 3555 lectionum
1894 3539 1910 3565 ,

335 3589 465 3656 quia
497 3597 725 3658 utraque
746 3589 810 3643 de
835 3589 1160 3658 lapidatione
1181 3588 1473 3658 iustorum,
1497 3605 1661 3644 unam
1707 3590 1915 3645 faciunt

338 3680 686 3734 mulionem.
719 3678 843 3734 Hzec
869 3688 953 3735 est
970 3680 1127 3736 lectio
1152 3680 1382 3735 Actuum
1417 3681 1820 3751 Apostolorum,
1847 3681 1916 3736 de

340 3771 486 3825 beati
509 3769 791 3839 Stephani,
816 3770 1131 3841 perspicue,
1180 3778 1235 3825 et
1256 3772 1471 3842 proprie
1506 3772 1620 3842 jam
1674 3780 1912 3842 patrata.

342 3860 616 3931 Evangelii
636 3875 764 3916 vero
785 3860 966 3927 lectio,
993 3861 1058 3916 de
1095 3861 1379 3931 cujuslibet
1405 3861 1680 3931 propheta
1721 3861 1919 3932 lapida-

344 3951 492 4006 tione
517 3951 758 4008 absolute
786 3950 937 4016 facit,
964 3965 1070 4006 non
1090 3951 1331 4022 proprie,
1355 3951 1702 4007 mentionem.

395 4079 464 4134 IN
487 4077 734 4134 NATALI
762 4077 1007 4137 SANCTI
1029 4075 1310 4136 JOANNIS
1337 4079 1839 4137 EVANGELISTE

342 4205 540 4246 uzcrto
561 4205 831 4246 ιοιετοιε
857 4204 1018 4246 sum
1051 4205 1206 4246 rsum
1246 4205 1504 4247 aros'rou
1546 4207 1617 4246 an
1641 4197 1920 4256 annos,

922 4275 1115 4316 οΑΡιη
1152 4275 1336 4316 1⁵1110.

2011 3107 2070 3152 ut
2091 3113 2332 3153 essemus
2357 3097 2528 3151 sancti
2550 3104 2604 3150 et
2630 3098 2957 3152 immaculati
2985 3113 3172 3154 coram
3200 3101 3337 3170 ipso,
3365 3101 3466 3156 hoc
3493 3113 3602 3167 est.

2011 3187 2252 3249 Domino,
2286 3195 2412 3242 ante
2441 3185 2702 3242 fabricam
2731 3189 2938 3254 mundi,
2977 3190 3029 3244 in
3060 3193 3345 3260 praesentia
3369 3193 3484 3258 Dei,
3511 3196 3599 3250 cui

2011 3279 2190 3334 omnia
2222 3278 2398 3334 futura
2422 3278 2535 3348 jam
2562 3279 2706 3334 facta
2741 3289 2886 3344 sunt,
2915 3288 2969 3335 et
3005 3289 3294 3352 antequam
3323 3282 3455 3338 fiant
3484 3285 3603 3338 uni—
3639 3355 3642 3359 ν

2012 3384 2190 3433 versa,
2223 3377 2348 3423 sunt
2376 3376 2527 3432 nota,
2560 3369 2664 3424 hoc
2693 3384 2823 3424 usus
2840 3378 2925 3424 est
2945 3384 3193 3426 sermone
3218 3373 3403 3427 dicens
3427 3390 3441 3428 :
3470 3375 3604 3430 Ante

2013 3457 2430 3511 constitutionem
2465 3457 2669 3511 mundi.
2701 3458 2858 3524 Quod
2904 3467 3085 3514 autem
3115 3461 3193 3514 ait
3221 3480 3234 3514 :
3274 3459 3341 3515 Ut
3371 3479 3604 3518 essemus

2013 3549 2181 3602 sancti
2208 3557 2256 3602 et
2278 3548 2624 3615 immaculati,
2638 3551 2780 3604 inter
2808 3558 3056 3605 sanctum
3078 3560 3134 3606 et
3162 3552 3598 3619 immaculatum,

2015 3639 2120 3694 hoc
2145 3638 2388 3705 interest,
2421 3639 2564 3708 quod
2618 3649 2839 3696 sanctus
2863 3649 2918 3696 et
2946 3641 3323 3699 immaculatus
3376 3645 3604 3715 intelligi

2014 3735 2212 3799 potest.
2261 3727 2646 3786 lmmaculatus
2673 3745 2822 3797 vero,
2852 3747 2957 3786 non
3016 3733 3202 3788 statim
3249 3742 3306 3789 et
3363 3743 3601 3791 sanctus.

2014 3819 2233 3876 Parvuli
2259 3835 2390 3875 vero
2420 3819 2750 3877 immaculati
2803 3833 2962 3888 sunt,
2993 3824 3086 3895 qui
3129 3826 3340 3897 integro
3375 3842 3608 3897 corpore

2017 3927 2124 3966 non
2168 3909 2347 3966 fecere
2374 3919 2680 3981 peccatum,
2717 3922 2768 3968 et
2820 3921 3000 3970 tamen
3039 3929 3147 3970 non
3198 3918 3413 3984 sancti,
3478 3920 3606 3989 quia

2007 4003 2278 4058 sanctitas
2305 4003 2579 4059 voluntate
2601 4014 2658 4060 et
2681 4005 2860 4060 studio
2884 4015 3247 4076 comparatur.
3379 4007 3388 4012 “

2039 4141 2044 4145 .
2090 4091 2158 4147 In
2196 4094 2451 4149 charitate
2485 4095 2868 4164 pmdestinans
2897 4112 2991 4150 nos
3025 4098 3082 4150 in
3105 4097 3440 4167 adoptiuum
3467 4097 3607 4166 ﬁlio-

2019 4201 2155 4246 rstnt,
2183 4201 2276 4254 per
2316 4183 2502 4240 learns
2527 4185 2814 4250 Christus,
2835 4193 2942 4240 etc.
2969 4185 3270 4255 Dupliciter
3297 4187 3606 4258 legendum,

2022 4280 2083 4325 ut
2107 4271 2369 4338 charitas,
2395 4272 2480 4327 vel
2518 4273 2907 4343 superioribus,
2942 4275 3026 4330 vel
3073 4274 3418 4334 inferioribus
3444 4293 3611 4350 copu-

422 4388 440 4418 ι
475 4368 800 4427 Βοηεὼοιυε
839 4370 983 4427 ne“;
1029 4343 1085 4428 ei
1125 4370 1290 4428 pater
1326 4371 1538 4428 Domini
1581 4371 1751 4427 nostri
1795 4371 1923 4428 ιαιι
1945 4347 2002 4406 Ῑ)
2026 4361 2185 4415 letur.
2213 4358 2349 4416 Cum
2383 4363 2750 4432 superioribus
2775 4365 2850 4420 ita
2877 4407 2892 4432 ,
2947 4373 3007 4421 ut
3034 4381 3278 4426 essemus
3332 4343 3526 4427 saneti-
3548 4383 3613 4430 et

353 4479 373 4512 ι
403 4459 625 4524 Christi,
654 4460 747 4529 qui
799 4461 1072 4517 benedixit
1124 4475 1226 4516 nos
1278 4461 1332 4515 in
1361 4461 1507 4516 omni
1558 4461 1929 4517 benedictione

355 4569 374 4600 ι
406 4550 766 4619 spirituali,in
794 4551 1102 4607 caelestibus
1118 4551 1172 4606 in
1189 4551 1404 4608 Christo
1432 4572 1445 4606 :
1474 4551 1626 4608 Sicut
1652 4553 1816 4624 elegit
1831 4567 1928 4608 nos

354 4658 374 4688 ι
410 4641 464 4693 in
497 4639 764 4709 ipso—ante
789 4641 970 4696 mundi
987 4642 1520 4708 constitutionem,ut
1540 4658 1780 4698 essemus
1801 4658 1928 4699 san-

357 4747 375 4778 I
408 4727 482 4783 eti
497 4737 552 4783 et
578 4729 906 4786 immaculati
923 4731 976 4786 in
989 4741 1278 4802 conspectu
1299 4731 1414 4801 ejus
1437 4734 1488 4787 in
1507 4733 1790 4788 eharitate.
1820 4732 1923 4800 Qui
1951 4731 1957 4738 ’

357 4839 377 4870 ς
411 4819 814 4889 praedestinavit
843 4836 942 4876 nos
969 4821 1026 4876 in
1069 4823 1414 4892 adoptionem
1443 4823 1670 4878 filiorum
1717 4838 1813 4892 per
1838 4820 1929 4876 Je—

358 4928 380 4961 ι
413 4926 535 4964 sum
569 4909 863 4974 Christum,
895 4912 950 4967 in
999 4914 1172 4982 ipsum
1194 4953 1211 4979 ,
1259 4914 1552 4968 secundum
1594 4913 1930 4984 propositum

360 5021 380 5052 ι
420 5001 707 5058 voluntatis
731 5019 863 5068 suae,
888 5004 942 5058 in
968 5003 1182 5060 laudem
1230 5004 1413 5076 gloriae
1454 5005 1641 5076 gratim
1669 5021 1812 5070 suas,
1874 5003 1928 5058 in

362 5112 380 5142 I
416 5108 522 5162 qua
550 5093 869 5162 gratificavit
895 5109 994 5148 nos
1025 5094 1078 5148 in
1104 5093 1445 5150 dilectoFilio
1475 5110 1595 5160 suo,
1613 5097 1665 5150 in
1694 5111 1801 5165 quo
1828 5095 1931 5150 ha-

365 5203 382 5234 ι
417 5185 608 5238 bemus
649 5183 1091 5253 redemptionem,
1116 5199 1214 5254 per
1243 5185 1555 5254 sanguinem
1600 5185 1716 5254 ejus
1741 5186 1795 5240 in
1846 5201 1932 5240 re-

363 5291 382 5323 ι
419 5273 730 5328 missionem
779 5283 1146 5343 peccatorum,
1181 5277 1472 5331 secundum
1502 5276 1718 5332 divitias
1744 5278 1934 5347 gratia:

361 5384 382 5415 ε
421 5363 555 5432 ejus,
584 5380 706 5434 qua:
723 5365 1178 5435 superabundavit
1199 5367 1254 5420 in
1284 5367 1456 5422 nobis.
1494 5387 1514 5420 s

431 5454 744 5516 Benedictus
767 5456 905 5510 Deus
942 5465 990 5510 et
1015 5454 1178 5510 Pater
1206 5457 1413 5512 Domini
1439 5460 1603 5515 nostri
1628 5459 1757 5514 Iesu
1785 5459 1936 5514 Chri-

358 5547 464 5612 sti,
509 5546 598 5616 qui
623 5546 882 5600 benedixit
911 5563 1003 5600 nos
1029 5547 1085 5601 in
1127 5548 1267 5602 omni
1294 5549 1645 5608 benedictione
1667 5550 1934 5619 spirituali

644 5642 917 5703 Psrnot.
963 5641 1094 5704 Cll.

2029 4451 2360 4507 immaculati
2393 4467 2579 4508 coram
2610 4454 2727 4524 ipso
2753 4455 2806 4509 in
2837 4457 3125 4513 charitate.
3155 4456 3290 4514 Cum
3339 4459 3611 4518 inferiori-

2028 4545 2130 4599 bus
2159 4545 2252 4608 ita,
2283 4545 2334 4598 in
2365 4546 2632 4600 charitate
2676 4547 3067 4616 prmdestinans
3089 4564 3209 4611 nos.
3234 4559 3338 4606 etc.
3365 4550 3474 4606 Nec
3502 4567 3610 4608 non

2028 4632 2191 4687 etiam
2217 4633 2319 4688 hoc
2343 4632 2702 4699 inferendum,
2740 4635 2884 4704 quod
2917 4652 3040 4690 cum
3068 4639 3409 4705 prmdeslinet
3433 4653 3532 4694 nos
3557 4641 3610 4694 in

2029 4726 2371 4796 adOptioncm
2409 4726 2642 4781 filiorum
2664 4768 2679 4791 ,
2733 4722 2830 4796 per
2852 4726 3036 4783 Jesum
3062 4727 3336 4784 Christum
3365 4771 3380 4797 ,
3430 4740 3612 4787 tamen

2035 4831 2142 4871 non
2171 4823 2295 4870 ante
2359 4814 2454 4868 ﬁlii
2501 4830 2623 4870 esse
2668 4831 2994 4885 possumus,
3047 4817 3150 4871 nisi
3199 4817 3293 4872 filii
3322 4819 3438 4889 ejus
3483 4816 3613 4875 Iesu

2034 4910 2237 4966 Christi
2284 4912 2441 4966 tidem
2478 4920 2536 4968 et
2569 4914 2977 4984 intelligentiam
3029 4915 3354 4985 recipiamus
3382 4957 3396 4981 ,
3433 4924 3488 4971 et
3524 4915 3612 4971 illa

2035 5001 2252 5070 quidem
2302 5009 2493 5058 natura
2544 5003 2687 5057 filius
2712 5012 2796 5058 est
2821 5045 2837 5069 ,
2880 5019 2979 5059 nos
3006 5019 3135 5059 vero
3169 5005 3472 5074 adeptione.
3521 5007 3614 5061 ille

2037 5108 2311 5162 umquam
2331 5093 2472 5149 illius
2499 5111 2604 5150 non
2632 5095 2750 5160 fuit,
2779 5113 2876 5151 nos
2897 5079 3182 5166 antequam
3211 5113 3453 5153 essemus
3473 5115 3615 5169 prae-

2037 5181 2293 5238 destinati
2320 5199 2526 5249 sumus,
2549 5194 2655 5239 etc.
2690 5185 2950 5256 Spiritum
2981 5187 3284 5257 adoptionis
3307 5190 3616 5258 accepimus

2036 5276 2251 5344 quando
2269 5276 2548 5330 credimus
2570 5277 2622 5330 in
2647 5276 2839 5331 Filium
2870 5278 2984 5333 Dei.

2110 5362 2409 5418 Secundum
2461 5364 2714 5436 placitum
2753 5365 3032 5423 uoluntatis
3062 5385 3192 5424 sua.
3241 5369 3340 5438 (Ex
3367 5365 3613 5437 Hieron.)

2040 5455 2278 5512 Verbum
2327 5456 2573 5523 εὐδοκίαν,
2636 5459 2799 5527 quod
2824 5457 3052 5514 Latinus
3113 5459 3492 5530 interpretatus
3533 5467 3619 5510 est

2044 5548 2320 5618 placitum,
2355 5549 2491 5618 apud
2522 5549 2740 5604 Grzceos
2782 5551 3136 5620 compositum
3170 5557 3248 5603 est
3292 5563 3357 5601 ex
3409 5546 3617 5605 duobus

3176 5627 3217 5685 2
