3998 6198
355 198 448 251 45·
1668 192 1939 252 SMARAG

2057 191 2348 250 ABBATIS
3548 197 3617 250 Η

358 305 601 378 integris.
626 304 726 361 διπὸ
747 309 835 360 ταῦ
863 299 923 360 εὖ
945 307 1032 360 καὶ
1056 313 1144 362 τοῦ
1177 304 1356 370 dmi-3,
1389 303 1445 360 id
1471 312 1555 360 est
1575 345 1590 370 ,
1645 321 1676 360 a
1695 306 1833 361 bene
1875 310 1932 359 et
1957 307 2004 367 Α

355 396 570 467 placito,
595 392 739 465 quod
789 409 888 450 nos
912 409 1200 464 possumus
1241 394 1423 450 dicere
1446 433 1464 461 ,
1509 393 1927 466 beneplacitum,

354 487 482 556 quia
527 502 635 544 non
672 487 857 542 statim
893 500 1058 542 omne
1097 486 1244 556 quod
1275 487 1473 555 placet,
1496 496 1552 544 et
1575 487 1933 560 beneplacer'e

353 588 549 649 potest,
577 579 672 635 sed
699 579 803 634 hoc
831 577 1227 648 beueplaeitum
1261 579 1480 648 dicitur,
1503 581 1598 637 ubi
1639 582 1782 652 quod
1815 581 1934 654 pla.

353 675 466 731 cuit
492 715 507 742 ,
543 684 692 730 recte
712 673 969 744 placitum
989 673 1392 743 comprobatur.

421 766 489 820 In
519 765 729 821 laudem
755 764 937 836 gloria:
977 773 1162 835 gratia:
1197 781 1332 831 suae,
1359 765 1415 819 in
1457 783 1566 835 qua
1619 766 1931 836 grati/ienuit

353 873 444 913 nos
471 857 526 914 in
544 855 752 911 dilecto.
785 856 974 912 Omnis
995 871 1123 926 ergo
1147 857 1320 927 gratia
1341 867 1503 926 quam
1523 859 1928 930 etmseqtiimtir,

352 948 405 1004 in
423 947 647 1019 gloriam
674 955 731 1002 et
750 947 962 1002 laudem
989 945 1124 1017 eius,
1141 946 1233 1016 qui
1259 961 1357 1002 nos
1379 948 1703 1018 gratiﬁcavit
1722 949 1781 1004 in
1803 949 1934 1005 dile-

350 1047 460 1106 cto,
483 1042 586 1096 hoc
616 1047 719 1102 est,
744 1039 799 1092 in
826 1036 1054 1092 Domino
1095 1035 1221 1093 Jesu
1243 1036 1462 1093 Christo
1483 1037 1763 1094 Salvatore
1781 1055 1931 1096 com.

348 1131 542 1200 pietur,
574 1131 700 1200 quia
719 1130 919 1199 absque
944 1129 1228 1199 sapientia,
1251 1130 1499 1196 veritate,
1519 1130 1746 1199 iustitia,
1770 1147 1928 1201 pace,

351 1223 750 1292 redemptione,
779 1222 976 1292 quibus
1009 1220 1260 1276 Omnibus
1281 1221 1534 1277 Christus
1587 1223 1926 1292 intelligitur,

351 1313 556 1368 nullum
593 1313 794 1368 bonum
835 1324 954 1368 esse
981 1320 1179 1383 potest.
1220 1310 1330 1367 Nec
1380 1313 1676 1382 putandum
1704 1316 1848 1384 quod
1873 1315 1930 1370 in

351 1403 864 1469 Latiniseodicibus,
881 1405 1044 1459 habet
1067 1403 1351 1474 scriptum,
1368 1405 1423 1458 in
1437 1405 1632 1461 dilecto
1649 1405 1788 1460 Filio
1806 1421 1930 1471 suo,

350 1493 448 1548 sed
474 1493 787 1564 simpliciter
823 1499 877 1548 et
900 1492 1168 1559 absolute,
1193 1493 1246 1547 in
1281 1493 1496 1551 dilecto.
1532 1494 1683 1563 Quod
1709 1494 1927 1552 itamihi

349 1582 752 1653 intelligendum
784 1583 1014 1647 videtur,
1044 1592 1102 1637 ut
1140 1584 1494 1642 subaudiatnr
1519 1628 1534 1654 ,
1561 1585 1630 1643 ab
1656 1588 1925 1643 omnibus.

2349 319 2684 362 EVASGBIJUH
2722 319 2976 372 δολωθείς,
3011 321 3130 363 CAP.
3174 322 3296 361 υιτ..

2109 415 2128 448 ι
2165 397 2312 452 Dixit
2341 395 2499 454 Jcsus
2526 396 2726 454 Petro:
2761 397 3002 468 Sequere
3035 413 3140 452 me.
3175 396 3481 455 Conversus
3517 400 3621 458 Pe-

2038 508 2056 538 ι
2093 497 2231 555 trus,
2255 490 2391 545 vidit
2414 489 2563 545 illum
2595 488 2937 558 discipulum,
2961 504 3126 560 quem
3155 490 3418 560 diligebat
3438 489 3618 558 Jesus,

2037 599 2056 632 ι
2092 589 2436 651 sequentem,
2462 580 2556 655 qui
2589 588 2643 636 et
2672 581 2921 637 recubuit
2944 582 2999 636 in
3027 595 3187 638 omna
3229 596 3392 652 supra
3430 593 3622 654 pectus

2039 687 2056 720 ι
2091 671 2229 741 ejus,
2267 679 2324 725 et
2345 671 2526 727 dixit:
2569 670 2797 725 Domine
2819 711 2834 734 ,
2879 671 3002 738 quis
3038 679 3120 727 est
3157 671 3250 741 qui
3304 681 3360 728 te
3407 673 3621 731 tradet!

2036 780 2054 812 ι
2096 762 2251 818 Hunc
2277 778 2409 835 ergo
2454 778 2576 818 cum
2601 763 2824 818 vidisset
2849 763 3044 819 Petrus
3064 804 3080 826 ,
3114 764 3251 819 dixit
3279 763 3436 822 Jesus
3463 785 3476 821 :
3515 767 3655 824 Do--

2037 871 2054 905 ι
2088 852 2254 918 mine,
2277 853 2367 908 hic
2389 861 2570 909 autem
2600 853 2767 922 quid?
2793 854 2935 908 Dicit
2953 853 3006 909 ei
3023 853 3220 909 Jesus:
3253 853 3311 910 Si
3342 870 3466 910 eum
3496 857 3621 913 volo

2035 959 2053 993 σ
2087 956 2307 996 manere
2336 942 2508 997 donec
2535 943 2770 1008 veniam,
2798 943 2927 1012 quid
2950 943 3017 996 ad
3047 944 3140 998 te?
3165 953 3221 998 tu
3243 958 3331 999 me
3369 960 3622 1014 sequere.

2035 1053 2054 1085 ο
2088 1033 2231 1088 Exiit
2254 1049 2390 1105 ergo
2406 1049 2588 1090 sermo
2616 1035 2716 1090 iste
2747 1035 2886 1091 inter
2913 1035 3132 1104 fratres,
3158 1039 3283 1108 quia
3323 1039 3619 1109 discipulus

2037 1145 2055 1177 σ
2087 1126 2173 1182 ille
2195 1142 2301 1182 non
2323 1128 2569 1182 moritur.
2587 1128 2654 1182 Et
2677 1133 2782 1182 non
2803 1128 2942 1184 dixit
2961 1129 3010 1184 ei
3025 1128 3207 1195 Jesus,
3224 1131 3349 1200 quia
3369 1146 3476 1186 non
3505 1147 3622 1185 mo-

2035 1237 2054 1268 ‹
2085 1218 2241 1280 ritur,
2272 1217 2462 1283 sed,Si
2487 1233 2614 1273 eum
2633 1219 2757 1273 volo
2784 1226 3007 1274 manere
3033 1221 3203 1276 donec
3231 1223 3467 1288 veniam,
3489 1223 3620 1291 quid

2035 1325 2053 1358 ι
2091 1309 2158 1361 ad
2188 1306 2273 1360 te?
2305 1307 2403 1361 llic
2447 1316 2534 1362 est
2581 1307 2876 1378 discipulus
2927 1309 3053 1376 iste,
3099 1311 3190 1380 qui
3249 1313 3621 1368 testimonium

2034 1414 2053 1448 ς
2089 1397 2340 1467 perhibet
2366 1397 2435 1452 de
2469 1399 2589 1465 bis,
2633 1406 2687 1453 et
2719 1401 2938 1472 scripsit
2963 1401 3113 1468 hinc,
3157 1411 3212 1456 et
3249 1401 3453 1458 scimus
3493 1403 3620 1473 quia

2035 1507 2052 1542 ι
2089 1502 2277 1545 verum
2305 1495 2390 1542 est
2414 1488 2787 1545 testimonium
2815 1487 2950 1558 ejus.
2988 1511 3005 1545 ι

2101 1580 2246 1635 Dixit
2272 1579 2430 1635 Iesus
2456 1579 2656 1635 Petro:
2684 1580 2912 1652 Sequere
2960 1595 3061 1636 me.
3109 1582 3212 1654 (Ex
3245 1581 3435 1653 Beda.)
3469 1580 3623 1638 Post--

351 1671 410 1728 Si
434 1673 578 1727 enim
615 1671 885 1740 Christus,
911 1683 972 1729 ut
1020 1689 1162 1746 saepe
1192 1675 1308 1745 jam
1348 1678 1623 1743 diximus,
1666 1678 1928 1750 sapientia
1957 1665 2004 1724 Β
2029 1689 2195 1744 quam
2243 1674 2387 1729 enim
2429 1674 2690 1730 Dominus
2719 1673 2878 1730 Jesus
2925 1675 3251 1746 signiﬁcavit
3303 1675 3466 1730 Petro
3514 1689 3622 1745 qua

348 1771 452 1828 est,
471 1763 703 1837 iustitia,
729 1782 854 1837 pax,
881 1767 1158 1837 gaudium,
1185 1775 1316 1834 etc.,
1343 1769 1459 1824 haec
1481 1769 1738 1824 virtutum
1769 1785 1928 1825 voca-

348 1859 494 1921 bula,
522 1860 686 1914 etiam
715 1859 898 1928 hi,qui
923 1859 1076 1929 sequi
1110 1860 1724 1930 nequeunt,diligunt,et
1749 1861 1929 1916 nullus

351 1961 458 2004 tam
487 1949 718 2005 confessi
745 1949 965 2004 sceleris
1005 1956 1108 2014 est,
1136 1956 1197 2002 ut
1242 1963 1347 2003 non
1392 1951 1714 2020 sapientiam
1745 1961 1800 2006 et
1841 1951 1929 2020 ju-

351 2043 556 2096 stitiam
579 2055 761 2096 amare
781 2055 840 2095 sc
863 2040 1146 2104 dicat,iste
1171 2047 1254 2095 est
1272 2039 1518 2106 dilectus,
1538 2056 1698 2110 quem
1720 2042 1930 2097 :estimo

352 2134 405 2186 in
439 2132 576 2186 lsaia
613 2129 906 2199 significari
935 2147 948 2184 :
982 2127 1219 2184 Cantabo
1266 2129 1486 2195 dilecto,
1514 2139 1570 2184 et
1595 2129 1761 2185 Vinea
1786 2131 1929 2199 facta

351 2233 423 2276 cst
449 2221 638 2276 dilecto
655 2218 904 2291 (Isaia),
921 2227 976 2274 et
999 2234 1052 2272 in
1075 2218 1292 2273 Psalmo
1308 2237 1321 2272 :
1339 2216 1646 2274 Etdilectus
1673 2221 1930 2289 quemad-

353 2315 570 2368 modum
597 2312 740 2367 illius
770 2310 1111 2366 enicet-nium
1135 2309 1307 2381 (Psal.
1336 2308 1548 2378 sum).

392 2389 396 2393 θ
423 2404 488 2458 In
515 2419 618 2475 quo
647 2403 893 2458 habeam
919 2402 1340 2472 redemptionem.
1373 2401 1466 2455 ille
1512 2401 1814 2463 redimitur,
1838 2401 1929 2471 qui

351 2495 595 2565 mptivus
627 2502 730 2557 est,
761 2501 817 2547 et
843 2493 898 2547 in
921 2493 1156 2547 hostium
1180 2492 1402 2547 veniens
1421 2499 1767 2561 potestatem,
1795 2491 1932 2548 liber

351 2602 471 2643 esse
500 2585 712 2650 desivit,
748 2586 821 2641 ita
851 2594 906 2639 et
925 2597 1027 2638 nos
1055 2584 1272 2653 quidam
1293 2585 1482 2639 dicunt
1508 2585 1561 2638 in
1586 2585 1688 2640 hoc
1730 2584 1936 2640 mundo

353 2695 488 2734 esse
525 2677 788 2747 captivos,
817 2683 874 2730 et
900 2676 1000 2730 sub
1028 2675 1396 2746 principibus,
1445 2683 1501 2730 et
1542 2674 1930 2744 potestatibus,

348 2769 478 2838 jugo
503 2765 780 2821 servitutis
810 2763 1006 2830 teneri,
1028 2778 1131 2820 nec
1178 2771 1305 2819 ante
1347 2764 1559 2820 vinctas
1604 2765 1810 2820 catenis
1845 2779 1938 2818 ex-

266 2844 274 2846 "
354 2857 558 2926 plicare
589 2869 779 2910 manus
802 2895 816 2920 ,
865 2862 921 2909 et
949 2853 1134 2910 oculos
1160 2867 1375 2908 sursum
1406 2853 1674 2918 attollere,
1701 2854 1805 2910 nisi
1832 2853 1938 2910 Res

354 2947 604 3016 demptor
634 2944 918 3000 advenerit
969 2941 1128 3000 Jesus
1165 2942 1415 2998 Christus
1467 2943 1636 2998 Filius
1663 2939 1798 3010 Dei,
1841 2944 1934 3014 qui

355 3005 632 3106 proprium
654 3033 974 3104 sanguinem
998 3033 1252 3100 dedit,et
1293 3046 1393 3088 nos
1425 3033 1493 3088 de
1532 3005 1794 3089 servitute
1829 3005 1937 3089 eri-
1962 3005 2009 3069 δ

354 3124 532 3193 piens,
548 3122 799 3178 lil:ertate
819 3121 1056 3178 donavit.
1445 3179 1450 3186 _

434 3211 538 3266 Per
583 3212 888 3282 sanguinem
939 3211 1121 3283 ipsius.
1170 3211 1465 3283 Dupliciter
1532 3227 1665 3270 vero
1719 3217 1942 3287 sanguis

358 3299 580 3365 Christi,
609 3308 664 3354 et
713 3315 841 3355 caro
872 3301 1217 3371 intelligitur:
1247 3303 1329 3356 vel
1359 3303 1617 3372 spiritalis
1650 3305 1736 3358 illa
1773 3315 1938 3376 atque

359 3389 564 3454 divina,
587 3390 656 3445 de
674 3403 783 3461 qua
811 3391 926 3460 ipse
950 3392 1116 3446 dicit:
1150 3391 1288 3447 Caro
1316 3409 1431 3447 mea
1453 3409 1569 3449 sere
1589 3404 1665 3449 est
1693 3395 1859 3462 cibus,
1886 3406 1934 3450 et

357 3482 573 3551 sanguis
593 3497 736 3535 meus
761 3498 871 3536 rere
897 3491 973 3537 est
997 3494 1147 3553 potus
1172 3483 1353 3556 (Joan.
1381 3485 1478 3555 γι).
1506 3487 1604 3539 Et:
1643 3486 1763 3540 Nisi
1788 3500 1936 3540 man.

358 3571 672 3626 ducareritis
719 3584 928 3625 carnem
996 3588 1196 3637 meant,
1240 3583 1286 3627 et
1320 3573 1625 3643 sanguinem
1665 3590 1837 3629 meum
1865 3576 1940 3628 bi—

361 3662 558 3728 beritis,
579 3677 681 3716 non
699 3662 948 3718 habebitis
965 3665 1125 3719 eiiant
1161 3673 1411 3718 adst-nam
1434 3664 1606 3732 (Ibid.
1644 3664 1766 3736 54).
1799 3665 1894 3721 Vel
1921 3683 1934 3719 :

362 3753 502 3810 Caro
533 3761 592 3810 et
617 3754 838 3824 sanguis
871 3770 990 3825 quae
1032 3755 1289 3811 cruciﬁxa
1317 3764 1425 3822 est,
1449 3766 1504 3811 et
1531 3758 1622 3828 qui
1650 3753 1841 3814 militis
1858 3757 1937 3813 ef-

362 3843 520 3900 fusus
534 3851 617 3900 est
637 3843 842 3900 lancea.

437 3934 812 3992 Remissionem
829 3945 1178 4007 moratorum.
1195 3936 1602 4009 Consequentur
1622 3947 1800 3996 autem
1822 3951 1944 4014 post

363 4024 787 4093 redemptionem
815 4025 1094 4095 sanguinis
1123 4025 1349 4093 Christi,
1378 4028 1754 4085 remissionem
1786 4047 1942 4087 acce-

361 4115 506 4185 pisse
533 4116 842 4172 scribuntur
864 4119 1372 4189 peccatorum,quia
1401 4120 1504 4175 nisi
1537 4122 1796 4194 redempti
1829 4123 1944 4180 fue-

362 4207 556 4273 rimus,
580 4206 778 4264 frustra
820 4209 980 4265 nobis
993 4217 1216 4281 peccata
1237 4210 1530 4278 donantur,
1567 4228 1669 4269 nec
1701 4224 1827 4270 ante
1851 4227 1944 4272 ve-

367 4299 515 4358 niam
565 4300 811 4370 accipere
847 4309 1136 4372 pessumus
1195 4303 1300 4357 nisi
1341 4303 1580 4373 pretium
1628 4313 1730 4374 pro
1787 4306 1948 4363 nobis

365 4397 624 4446 cruentus
645 4390 914 4459 quondam
942 4391 1115 4446 vietor
1136 4394 1424 4462 acceperit.

445 4479 745 4534 Secundum
773 4479 985 4534 divitias
1007 4482 1191 4549 gratia.-
1212 4483 1328 4551 ejats
1349 4523 1364 4546 ,
1417 4498 1534 4552 qua:
1560 4485 1850 4538 abundarit
1889 4485 1944 4540 in

369 4571 536 4626 nobis.
579 4570 682 4637 Qui
733 4570 983 4640 intelligit
1005 4572 1111 4626 hoc
1154 4573 1298 4640 quod
1352 4574 1556 4628 dictum
1607 4583 1728 4628 est:
1759 4571 1947 4629 Gratia

370 4659 494 4713 estis
528 4657 717 4712 saluati
743 4668 791 4712 et
819 4675 923 4713 non
955 4674 1020 4713 ea:
1047 4660 1288 4729 operibus
1326 4659 1543 4732 (Ep/tes.
1576 4661 1659 4733 ιι),
1694 4663 1800 4717 iste
1821 4664 1944 4729 scit,

367 4750 513 4823 quod
537 4751 830 4806 secundum
857 4750 1076 4806 divitias
1103 4763 1252 4818 suas,
1285 4752 1379 4808 Dei
1407 4755 1582 4824 gratia
1615 4753 1850 4809 abundet
1891 4755 1946 4808 in

373 4841 549 4906 nobis,
576 4840 807 4896 maxime
832 4841 886 4895 in
909 4841 1150 4897 Ecclesia
1199 4843 1267 4898 de
1317 4846 1564 4914 gentibus
1601 4855 1944 4916 congregata.

372 4935 568 4989 Annon
626 4940 710 4990 est
739 4931 1052 5001 magnitudo
1082 4932 1378 5003 gratiarum
1402 4934 1454 4988 in
1477 4935 1644 4990 Paulo
1676 4943 1733 4989 et
1760 4935 1816 4989 in
1845 4949 1950 4990 etn-

374 5021 505 5078 teris
553 5021 789 5077 sanctis?
834 5021 902 5076 de
927 5021 1125 5091 quibus
1162 5022 1398 5079 dicitur:
1432 5023 1659 5079 Nescitis
1699 5025 1948 5094 quoniam

375 5109 583 5181 angelos
617 5109 976 5180 judicabimus
1019 5109 1070 5182 (I
1119 5109 1242 5166 Cor.
1284 5111 1400 5184 vr)?
1447 5112 1558 5168 llas
1584 5113 1801 5168 divitias
1826 5129 1950 5184 gra-

375 5203 594 5266 tiarum,
619 5201 708 5257 ille
736 5202 790 5256 in
819 5216 879 5258 se
899 5217 1009 5258 non
1035 5202 1166 5259 facit
1191 5219 1411 5272 vacuas,
1437 5206 1829 5276 qui,qusntnm
1856 5223 1950 5262 va-

377 5292 450 5347 let
482 5293 714 5348 humana
753 5293 1038 5366 fragilitas,
1067 5293 1316 5362 laborat,
1366 5299 1684 5364 contendit,
1737 5306 1794 5354 et
1826 5313 1950 5354 cum

379 5381 546 5438 Paulo
567 5382 700 5438 dicit
725 5400 737 5436 :
767 5381 952 5436 Gratia
977 5381 1095 5452 ejus
1121 5383 1178 5439 iu
1203 5400 1285 5440 me
1309 5402 1473 5441 vacua
1495 5403 1600 5442 non
1629 5387 1730 5458 fuit
1753 5387 1803 5458 (1
1825 5384 1950 5442 Cor.

2029 1776 2204 1822 morte
2232 1763 2628 1821 ciarilicaturus
2655 1773 2802 1821 esset
2834 1767 3021 1829 Deum,
3054 1768 3302 1837 protinus
3337 1767 3580 1837 adiungit
3604 1760 3626 1820 τ’

2030 1853 2254 1926 Sequere
2275 1869 2375 1921 me,
2404 1861 2475 1909 ac
2509 1855 2556 1909 si
2583 1861 2770 1924 aperte
2797 1856 2979 1911 dicat:
3013 1855 3149 1923 Quia
3184 1857 3298 1926 ipse
3337 1857 3490 1926 prius
3516 1871 3617 1926 pro

2030 1953 2119 2000 tua
2149 1944 2534 2015 redemptione,
2550 1945 2731 2000 crucis
2749 1945 3068 2015 supp'icium
3094 1946 3277 2001 subire
3311 1962 3416 2000 non
3443 1947 3615 2007 timui,

2030 2038 2158 2108 quid
2189 2047 2243 2092 tu
2288 2053 2389 2108 pro
2424 2039 2530 2093 mei
2583 2037 2922 2093 confessione
2960 2038 3194 2093 nominis
3236 2052 3452 2093 crucem
3506 2037 3619 2108 pati

2030 2128 2324 2185 formidas?
2348 2130 2440 2200 qui
2460 2141 2528 2185 eo
2554 2129 2870 2200 gloriosiore
2906 2130 3154 2200 martyrii
3210 2131 3390 2200 palma
3418 2130 3623 2201 glorifi-

2031 2220 2271 2287 eaberis,
2329 2232 2438 2289 quo
2485 2221 2538 2275 in
2591 2221 2694 2276 hac
2718 2221 3095 2291 promerenda-
3131 2221 3378 2293 magistri
3406 2222 3512 2277 iter
3537 2237 3622 2278 se-

2031 2309 2238 2378 queris.

2103 2396 2394 2452 Conrersus
2439 2399 2566 2452 vidit
2627 2397 2780 2452 illum
2849 2403 3186 2472 discipulam,
3233 2415 3386 2474 quem
3439 2393 3623 2473 dilige-

2033 2487 2121 2541 bat
2147 2485 2324 2552 Iesus,
2360 2495 2673 2558 sequentem.
2700 2487 2840 2543 Hinc
2887 2488 3085 2542 etenim
3111 2497 3259 2558 patet
3284 2531 3300 2555 ,
3336 2492 3462 2560 quia
3491 2507 3616 2546 cum

2033 2576 2262 2631 dixisset
2289 2575 2447 2632 Jcsus
2469 2577 2633 2633 Petro
2660 2596 2674 2631 :
2703 2576 2940 2648 Sequere
2993 2593 3100 2642 me,
3129 2580 3366 2633 surrexit
3394 2580 3470 2635 de
3501 2581 3624 2636 loco

2033 2665 2347 2732 eonvivii,et
2360 2665 2705 2737 eoepitabire.
2726 2666 2960 2723 Secutus
2971 2676 3056 2722 est
3071 2675 3249 2722 autem
3263 2679 3386 2722 eum
3406 2667 3621 2737 Petrus,

2037 2766 2256 2814 secutus
2293 2766 2375 2814 est
2410 2767 2466 2812 et
2495 2756 2582 2812 ille
2611 2757 2922 2828 discipulus,
2949 2773 3110 2828 quem
3157 2757 3412 2828 diligebat
3430 2758 3606 2823 Jesus,

2038 2847 2279 2906 Joannes
2297 2851 2563 2914 videlicet,
2609 2851 2725 2920 ipse
2753 2851 2842 2921 qui
2873 2851 2977 2905 hoc
3009 2851 3225 2921 scripsit
3249 2851 3620 2922 Evangelium.

2038 2939 2304 3012 Diiigebat
2324 2949 2503 2995 autem
2525 2955 2645 2994 eum
2672 2937 2849 3006 Iesus,
2874 2956 2978 2994 non
3003 2942 3243 3010 exceptis
3269 2943 3479 2996 caeteris
3509 2941 3622 2997 sin-

2040 3029 2299 3102 gulariter
2324 3027 2516 3095 solum,
2545 3030 2638 3085 sed
2676 3045 2786 3100 prae
2809 3037 3024 3085 caetens
3053 3030 3378 3087 familiarius
3422 3047 3588 3087 nutum
3607 3072 3623 3096 ,

2039 3136 2198 3192 quem
2219 3121 2471 3192 specialis
2495 3123 2856 3192 praerogativa
2878 3123 3143 3179 castitatis
3189 3124 3435 3194 ampliori
3486 3125 3623 3180 dile-

2039 3211 2218 3266 ctione
2238 3211 2695 3283 feeeratdignum.
2721 3211 2921 3266 Omnes
2943 3212 3142 3283 quippe
3167 3213 3363 3284 diligit,
3391 3215 3481 3283 qui
3505 3229 3627 3269 om-

2038 3299 2198 3355 nibus
2227 3300 2388 3355 dicit:
2419 3299 2569 3356 Sicut
2598 3299 2780 3354 dilexit
2816 3318 2895 3354 me
2932 3301 3097 3356 Pater
3116 3312 3164 3356 et
3190 3318 3284 3373 ego
3307 3302 3470 3357 dilexi
3497 3320 3582 3358 eos
3604 3321 3629 3368 ς

2039 3399 2243 3444 manete
2275 3391 2333 3444 in
2367 3389 2644 3445 dilectione
2683 3407 2798 3446 mea
2822 3390 3008 3463 (Joan.
3036 3390 3147 3463 xv).
3185 3392 3292 3448 Sed
3341 3393 3486 3449 hunc
3514 3411 3628 3465 pra:

2039 3480 2289 3535 omnibus
2310 3480 2498 3552 diligit,
2533 3481 2623 3551 qui
2654 3481 2804 3551 virgo
2831 3483 3036 3538 eiectus
3069 3484 3136 3537 ah
3158 3483 3311 3554 ipso;
3369 3485 3520 3556 virgo
3571 3486 3626 3540 in

2039 3567 2210 3628 aizvum
2252 3571 2569 3642 permansit.
2623 3572 2869 3628 Tradunt
2908 3589 3142 3644 namque
3171 3575 3441 3643 historiae,
3480 3577 3624 3645 quod

2039 3676 2161 3717 eum
2189 3661 2254 3718 de
2283 3661 2504 3732 nuptiis,
2530 3661 2801 3718 volentem
2831 3664 3064 3730 nubere,
3096 3665 3390 3728 vocaverit,
3419 3673 3474 3720 et
3499 3680 3625 3734 pro-

2039 3762 2241 3822 pterea,
2269 3768 2428 3826 quem
2457 3768 2489 3807 a
2519 3754 2722 3809 carnali
2744 3754 3018 3825 voluptate
3045 3765 3381 3822 retraxerat,
3416 3759 3628 3829 potiore

2041 3843 2125 3898 sui
2158 3844 2360 3910 amoris
2386 3843 2668 3899 dulcedine
2691 3843 2926 3900 donavit.

2097 3923 2216 3999 'Qui
2249 3935 2482 3988 recubuit
2506 3935 2558 3988 in
2583 3952 2725 3990 caena
2752 3953 2908 4006 super
2949 3948 3130 4006 pectas
3170 3941 3307 4007 ejus.
3349 3941 3500 4009 Quod
3527 3957 3628 3996 au-

2043 4034 2152 4080 tem
2182 4025 2475 4093 discipulus
2503 4025 2591 4078 ille
2639 4041 2804 4096 super
2825 4037 3015 4097 pectus
3048 4030 3288 4102 magistri
3333 4034 3583 4100 recubuit
3609 4075 3626 4099 ,

2042 4131 2151 4171 non
2180 4103 2462 4187 praesentis
2494 4115 2829 4172 solummodo
2877 4117 3201 4185 dilectionis,
3233 4122 3326 4176 Sed
3359 4130 3414 4175 et
3461 4122 3629 4179 futuri

2043 4206 2262 4276 signum-
2277 4206 2526 4277 mysterii
2543 4206 2916 4276 tlgumbatur:
2941 4208 3138 4262 etenim
3161 4215 3290 4263 tunc
3312 4207 3422 4277 jzzm
3451 4209 3631 4265 Evan-

2046 4296 2262 4368 geiium,
2289 4296 2432 4367 quod
2460 4297 2602 4352 idem
2647 4297 2940 4368 discipulus
2984 4306 3102 4353 erat
3151 4299 3476 4369 scripturus,
3505 4300 3630 4356 ube-

2047 4391 2170 4443 ris'
2193 4391 2358 4456 atque
2404 4387 2568 4442 altilis
2603 4390 2819 4444 caeteris
2857 4399 3027 4445 sacrm
3072 4388 3366 4459 Scriptura:
3419 4379 3632 4461 paginis

2047 4493 2247 4534 arcana
2277 4479 2471 4533 divinas
2496 4479 2797 4546 maiestatis
2807 4494 2930 4538 esse
2944 4485 3478 4552 comprehensurum’.
3495 4483 3631 4551 Quia

2047 4569 2190 4625 enim
2224 4571 2278 4626 in
2318 4579 2539 4639 pectore
2560 4570 2686 4625 Iesu
2723 4580 2850 4627 sunt
2874 4585 3063 4627 omnes
3090 4575 3326 4628 thesauri
3355 4576 3632 4643 sapientia:

2049 4668 2104 4715 et
2125 4660 2367 4716 scientia:
2395 4659 2718 4726 absconditi,
2741 4663 2937 4716 merito
2979 4677 3140 4732 super
3186 4670 3374 4733 peetus
3407 4663 3522 4732 ejus
3554 4680 3635 4720 re-

2049 4751 2212 4807 cubat
2239 4793 2254 4812 ,
2300 4766 2461 4822 quem
2508 4752 2711 4823 majore
2739 4754 2951 4808 caeteris
3001 4754 3278 4822 sapientia:
3300 4763 3356 4808 et
3394 4754 3633 4810 scientiae

2047 4843 2341 4912 singularis
2373 4855 2598 4898 munere
2617 4843 2806 4899 donat.
2837 4841 3074 4899 Ceteros
3109 4845 3307 4914 quippe
3353 4842 3634 4914 Evangeli-

2048 4943 2164 4990 stas
2188 4935 2454 4999 novimus,
2482 4935 2635 5004 plura
2688 4937 2754 4991 de
2779 4937 3056 4991 miraculis
3083 4936 3269 5006 nostri.
3301 4934 3630 5001 Salvator-is,

2047 5028 2305 5098 pauciora
2333 5027 2400 5082 de
2421 5029 2700 5084 divinitate
2726 5028 2952 5083 locutos.
2975 5026 3211 5083 Joannes
3233 5035 3414 5083 autem
3438 5069 3452 5094 ,
3505 5043 3631 5098 per-

2047 5132 2219 5189 pauca
2246 5118 2312 5172 de
2331 5119 2581 5173 humanis
2604 5118 2847 5174 scribens
2895 5117 3128 5183 actibus,
3154 5119 3335 5188 potius
3373 5133 3434 5174 se
3471 5132 3636 5186 expo-

2050 5209 2244 5264 nendis
2279 5209 2476 5264 divina:
2501 5217 2708 5263 natura:
2737 5208 2932 5263 indidit
2957 5209 3190 5273 arcanis,
3223 5215 3476 5278 patenter
3507 5207 3637 5261 insi-

2050 5314 2225 5355 nuans
2249 5307 2448 5369 quanta
2472 5299 2540 5352 de
2579 5305 2798 5368 pectore
2826 5296 2954 5353 Iesu
3007 5295 3206 5354 fluenta
3245 5297 3500 5353 doctrinm
3526 5309 3636 5349 cae.

2054 5393 2246 5459 lestis,
2295 5408 2415 5463 qua:
2463 5392 2618 5448 nobis
2646 5399 2919 5447 enietaret
2943 5433 2959 5457 ,
3015 5390 3282 5446 hauserit.
3340 5389 3632 5459 Sequitur:

380 5475 510 5545 sv):
542 5475 634 5544 qui
665 5488 792 5532 vero
838 5473 908 5529 ad
948 5473 1219 5531 deteriora
1247 5476 1534 5546 delabitur,
1569 5479 1626 5535 in
1655 5479 1779 5545 isto,
1809 5480 1957 5536 dives
2057 5481 2213 5539 iiunc
2232 5495 2362 5552 ergo
2388 5496 2510 5537 cum
2541 5482 2764 5537 vidisset
2784 5481 2998 5546 Petrus,
3024 5482 3156 5537 dicit
3178 5479 3375 5536 Iesus:
3467 5487 3472 5496 '

381 5569 555 5635 gratia
585 5568 698 5636 Dei,
724 5575 1034 5640 paupertate
1058 5568 1381 5624 tenuabitur.

2135 5572 2371 5635 Domine,
2404 5569 2486 5626 hic
2527 5579 2700 5626 autem
2743 5571 2911 5643 quid?
2947 5571 3081 5639 Quia
3109 5569 3301 5625 beatus
3322 5567 3514 5623 Petrus
3542 5582 3638 5620 au-
