3994 6204
341 243 408 297 l5
1186 237 1704 298 COLLECTIONES
1739 233 1808 300 IN
1845 237 2222 298 EPISTOLAS
2259 237 2346 298 ET
2384 241 2464 299 E‘
2484 241 2777 300 ANGELIA
3532 243 3602 304 46

337 356 514 410 dierat
552 367 650 424 per
693 350 1001 422 passionem
1035 350 1216 406 crucis
1255 365 1316 406 se
1358 351 1779 406 clarilicaturum
1805 365 1927 406 esse
1954 356 2003 416 Α
2029 351 2157 407 dere
2200 367 2306 410 non
2349 361 2583 424 poterat.
2629 355 2742 413 Sed
2781 364 2964 413 tamen
3008 357 3380 427 superioribus
3424 365 3604 421 verbis

340 445 534 507 Deum,
571 439 742 494 voluit
783 440 948 495 etiam
977 440 1044 495 de
1066 439 1234 495 fratre
1256 448 1310 496 et
1330 441 1696 512 condiscipulo
1723 456 1921 512 cogno-

338 547 516 595 scere,
531 545 634 600 qua
659 536 806 584 esset
828 527 943 604 ipse
964 535 1138 585 morte
1158 538 1478 607 perpetuam
1502 530 1828 585 transiturus
1853 529 1922 584 ad

337 625 527 678 vitam.
551 695 554 698 .

409 712 552 766 Dicit
581 711 630 766 ei
661 710 818 765 Iesus
844 724 862 762 :
897 709 960 766 Si
984 728 1102 765 eum
1123 724 1236 767 voto
1261 729 1468 766 manere
1493 715 1654 767 donec
1699 715 1919 777 veniam,

335 803 465 874 quid
502 801 572 856 ad
599 801 687 854 te?
725 799 806 853 Tn
851 815 934 854 me
972 817 1206 871 sequere.
1246 801 1386 866 Non,
1439 801 1633 872 inquit,
1662 819 1785 858 eum
1829 819 1927 873 per

338 896 651 966 passionem
676 893 923 961 martyrii
945 894 1067 948 volo
1083 895 1466 960 consummari,
1482 897 1578 952 sed
1597 899 1798 967 absque
1819 899 1928 953 vio-

342 987 507 1041 lentia
550 986 916 1056 persecutoris
945 1025 958 1050 ,
1002 985 1141 1040 diem
1193 995 1510 1056 exspectare
1549 989 1922 1055 novissimum,

342 1077 560 1146 quando
589 1076 702 1144 ipse
737 1075 996 1139 veniens,
1049 1089 1173 1129 eum
1223 1075 1277 1129 in
1322 1084 1538 1131 aeternae
1577 1078 1928 1134 beatitudinis

345 1168 683 1222 mansionem
710 1165 990 1234 recipiam,
1019 1172 1072 1218 et
1095 1163 1224 1233 quid
1251 1165 1354 1220 hoc
1380 1167 1447 1220 ad
1475 1166 1563 1220 te?
1607 1166 1686 1221 'l‘u
1719 1163 1928 1222 tantum

344 1259 524 1313 crucis
551 1256 850 1327 patibulum
874 1255 1173 1320 subeundo,
1206 1270 1325 1309 mea
1369 1257 1594 1326 vestigia
1639 1257 1792 1326 sequi
1837 1258 1931 1312 de-

343 1352 475 1406 bere
502 1355 792 1404 memento.
826 1345 942 1400 Non
976 1345 1122 1415 quia,
1149 1361 1258 1401 non
1287 1354 1342 1401 ct
1375 1347 1490 1416 ipse
1516 1347 1713 1402 multos
1771 1355 1930 1402 antea

346 1443 560 1496 labores
594 1455 695 1510 pro
722 1437 973 1502 Domino,
997 1451 1392 1508 prcssurasque
1437 1437 1704 1492 malorum
1733 1437 1932 1493 tolera-

347 1533 505 1596 verit,
532 1531 623 1601 qui
643 1539 699 1586 et
733 1529 787 1584 in
816 1528 1042 1584 Actibus
1072 1527 1454 1597 Apostolorum
1479 1569 1494 1594 ,
1541 1543 1667 1584 cum
1723 1530 1934 1586 caeteris

2026 435 2253 498 dicendo
2284 459 2298 496 :
2332 442 2510 498 Etiam
2532 443 2774 512 Domine,
2807 455 2866 500 tu
2889 448 3011 512 scis,
3047 449 3184 504 satis
3209 457 3266 504 et
3289 451 3406 521 ipse
3422 453 3608 510 (ἰοειδ-

2027 533 2186 598 ravit,
2218 532 2476 590 scientem
2513 534 2800 591 Dominum
2844 537 3232 610 interrogasse,
3264 542 3408 612 quod
3437 543 3610 601 inter-

2028 624 2254 694 rogavit.
2281 623 2497 679 Sciebat
2521 626 2683 696 igitur
2706 628 2964 683 Dominus
2984 645 3088 684 non
3115 623 3452 704 solum'quod
3479 635 3606 690 dili-

2029 719 2200 782 geret,
2230 727 2414 767 verum
2437 714 2601 768 etiam
2630 717 2772 785 quod
2799 717 2920 786 plus
2949 717 3052 773 illis
3084 735 3208 775 eum
3234 721 3482 792 diligeret
3507 723 3611 780 Pe-

2029 809 2163 856 trus.
2205 801 2272 855 Et
2302 811 2482 856 tamen
2509 804 2554 858 si
2576 819 2941 875 proponamus
2963 821 3288 878 quaerentes,
3324 814 3448 881 quis
3469 814 3607 869 duo-

2031 905 2150 944 rum
2181 892 2252 946 sit
2279 893 2467 947 melior
2491 901 2694 960 utrum,
2718 897 2809 965 qui
2830 896 2970 967 plus,
3004 907 3098 953 aut
3116 902 3208 970 qui
3236 901 3414 958 minus
3435 903 3610 976 diligit

2029 981 2335 1050 Christum,
2366 987 2488 1055 quis
2524 987 2786 1041 dubitabit
2823 992 3149 1058 respondere
3191 1006 3315 1048 eum
3352 995 3445 1064 qui
3485 981 3610 1066 plus

2032 1073 2220 1144 diligit,
2270 1090 2392 1130 esse
2434 1075 2746 1131 meliorem?
2786 1076 2918 1132 item
2977 1080 3022 1133 si
3068 1095 3433 1150 proponamus
3484 1086 3608 1153 quis

2033 1165 2260 1218 duorum
2287 1165 2358 1218 sit
2386 1166 2576 1221 melior
2599 1176 2780 1221 utrum
2805 1182 2967 1236 quem
2993 1171 3190 1235 minus,
3219 1187 3285 1225 an
3307 1187 3467 1241 quem
3488 1175 3608 1244 plus

2032 1253 2204 1323 diligit
2233 1253 2483 1310 Christus
2503 1296 2517 1322 ,
2548 1272 2706 1320 eum,
2749 1259 2839 1326 qui
2868 1259 2990 1328 plus
3035 1261 3276 1331 diligitur
3308 1279 3338 1317 α
3371 1263 3606 1329 Christo,

2033 1343 2312 1400 meliorem
2361 1345 2549 1414 procul
2594 1347 2761 1402 dubio
2805 1349 3267 1417 respondebimus.
3313 1351 3614 1423 Aggrediar

2033 1433 2200 1504 igitur
2235 1435 2289 1489 in
2318 1434 2434 1504 ejus
2459 1436 2744 1492 manifesta
2785 1439 3187 1506 misericordia,
3231 1438 3384 1508 cujus
3410 1450 3495 1498 est
3519 1458 3616 1501 oc-

2033 1524 2179 1579 culta
2217 1525 2463 1596 iustitia,
2506 1527 2574 1582 de
2601 1527 2859 1582 solvenda
2897 1531 3191 1599 quastione
3230 1539 3337 1586 tam
3367 1533 3612 1604 ingenti,

347 1623 604 1694 apostolis
630 1620 929 1692 ﬂagellatus
962 1619 1253 1684 invenitur,
1282 1619 1496 1692 quando
1525 1620 1670 1673 ibant
1698 1619 1933 1689 ganden-
2038 1628 2138 1684 pro
2167 1615 2377 1670 viribus
2409 1631 2546 1686 quas
2575 1617 2690 1686 ipse
2715 1617 2996 1674 donaverit
3021 1619 3296 1696 disputare
3333 1639 3346 1676 :
3378 1619 3440 1678 Si
3469 1639 3612 1689 eum.

346 1723 424 1768 tes
445 1729 476 1766 a
498 1721 773 1783 conspectu
803 1709 1030 1773 concilii,
1063 1710 1313 1780 quoniam
1343 1709 1488 1780 digni
1513 1708 1675 1763 habiti
1694 1719 1813 1763 sunt
1834 1725 1931 1780 pro
1957 1702 2006 1760 B
2033 1704 2227 1773 inquit,
2252 1705 2367 1760 volo
2387 1723 2617 1773 manere,
2651 1708 2704 1762 id
2725 1716 2831 1774 est,
2861 1709 2941 1765 sic
2960 1726 3084 1765 eum
3109 1720 3426 1782 exspectare
3451 1713 3613 1771 linem

351 1807 561 1860 nomine
586 1803 717 1858 Iesu
743 1802 1112 1857 contumeliam
1143 1803 1253 1873 pati
1295 1801 1434 1874 (Act.
1464 1799 1541 1872 v),
1571 1809 1627 1856 et
1669 1813 1701 1855 a
1751 1801 1936 1856 Domi-

348 1897 498 1950 tiano
520 1894 756 1960 Caesare,
783 1893 837 1948 in
870 1892 1128 1949 ferventis
1153 1891 1257 1947 olei
1283 1891 1482 1947 dolium
1503 1891 1721 1956 missus,
1767 1891 1821 1945 in
1845 1904 1936 1946 ec-

345 1986 654 2040 clesiastica
673 1991 927 2038 narratur
949 1982 1199 2046 historia,
1222 1997 1289 2036 ex
1318 1997 1425 2052 quo
1460 1989 1639 2036 tamen
1672 1980 1851 2036 divina
1876 1994 1936 2034 se

344 2083 665 2146 protegente
689 2076 885 2147 gratia,
911 2082 1023 2129 tam
1046 2075 1280 2129 intactus
1311 2073 1525 2138 exierit,
1556 2086 1721 2142 quam
1759 2071 1939 2125 fuerat

347 2183 378 2220 a
429 2168 782 2236 corruptione
828 2165 1276 2236 concupiscentiae
1327 2165 1564 2220 carnalis
1617 2172 1932 2219 extraneos.

349 2254 463 2312 Nec
497 2257 667 2311 multo
692 2265 834 2326 post,
865 2256 932 2310 ab
957 2256 1145 2310 eodem
1194 2254 1437 2325 principe
1459 2295 1474 2319 ,
1517 2261 1739 2323 propter
1788 2252 1938 2307 insu-

348 2347 652 2418 perabilern
668 2346 1076 2418 evangelizandi
1114 2347 1470 2400 constantiam
1487 2386 1502 2410 ,
1527 2346 1579 2399 in
1607 2344 1826 2400 Patmos
1850 2343 1937 2399 in-

352 2438 527 2492 sulam
550 2436 744 2491 exsilio
776 2436 1064 2507 relegatur.
1099 2435 1203 2492 Ubi
1238 2437 1475 2492 humano
1503 2436 1626 2491 licet
1650 2435 1938 2490 destitutus

352 2527 567 2592 solatio,
600 2527 796 2581 divina:
830 2535 1010 2582 tamen
1045 2526 1273 2582 visionis
1299 2535 1354 2581 et
1375 2527 1712 2581 allocutionis
1739 2525 1940 2580 meruit

353 2616 543 2674 crebra
571 2617 938 2672 consolatione
980 2617 1226 2672 relcvari.
1257 2616 1495 2687 Denique
1543 2616 1740 2671 ibidem
1796 2615 1940 2686 Apo-

354 2707 642 2778 calypsim,
666 2722 830 2776 quam
868 2707 918 2761 ei
953 2707 1212 2762 Dominus
1233 2705 1301 2761 de
1337 2714 1480 2762 statu
1527 2706 1781 2762 Ecclesiae
1801 2720 1941 2775 prae-

353 2799 524 2862 senti,
558 2797 646 2852 vel
681 2795 858 2852 futuro
887 2797 1142 2852 revelavit
1163 2838 1178 2863 ,
1220 2813 1396 2852 manu
1451 2812 1545 2852 sua
1590 2797 1936 2867 conscripsit.

357 2888 519 2944 Unde
546 2896 771 2953 constat,
799 2889 1210 2959 promissionem
1240 2889 1318 2943 sic
1344 2888 1614 2955 manendi,
1639 2888 1810 2943 donec
1845 2903 1942 2944 ve-

358 2982 505 3036 niret
535 2979 812 3047 Dominus,
843 2996 950 3036 non
988 2995 1054 3036 eo
1079 2981 1372 3050 pertinere,
1402 2981 1545 3050 quod
1592 2981 1710 3036 sine
1753 2981 1938 3036 labore

358 3073 675 3128 certaminis
697 3073 938 3128 victurus
963 3073 1016 3128 in
1043 3072 1275 3137 mundo,
1302 3073 1398 3127 sed
1437 3071 1529 3128 illo
1573 3074 1751 3144 potius
1795 3074 1940 3144 quod

358 3164 482 3218 sine
510 3162 690 3217 dolore
711 3163 976 3232 passionis
996 3163 1321 3218 transiturus
1359 3172 1500 3218 esset
1527 3178 1558 3218 e
1587 3164 1806 3219 mundo.
1841 3163 1938 3220 Sic

361 3256 509 3310 enim
536 3256 588 3310 in
613 3251 833 3310 Patrum
861 3255 1056 3310 litteris
1085 3255 1388 3311 invenimds
1407 3296 1423 3321 ,
1465 3271 1588 3310 cum
1625 3255 1786 3327 longo
1815 3271 1945 3311 con-

363 3344 541 3400 fectus
571 3345 740 3410 senio,
757 3347 920 3400 sciret
948 3345 1232 3402 imminere
1252 3345 1393 3402 diem
1428 3360 1675 3402 recessus
1697 3346 1801 3411 sui,
1817 3361 1947 3402 cen-

360 3436 572 3490 vocatis
593 3436 872 3506 discipulis
916 3436 1051 3501 suis,
1090 3444 1213 3506 post
1254 3437 1456 3492 monita
1507 3439 1949 3494 exhortationum

359 3541 429 3581 ac
455 3527 742 3581 missarum
765 3527 1180 3583 celebrationem
1197 3569 1213 3592 ,
1240 3527 1488 3583 ultimum
1519 3529 1600 3584 eis
1637 3530 1755 3584 vale
1781 3528 1908 3584 fecit
1931 3569 1946 3594 ,

363 3616 561 3670 deinde
588 3616 920 3671 descendens
972 3616 1026 3671 in
1079 3615 1361 3672 defossum
1398 3618 1690 3687 sepultum
1717 3633 1828 3673 sua:
1872 3617 1950 3672 Ιοο

364 3722 511 3769 αισι,
541 3706 677 3762 facta
707 3708 950 3762 oratione
1003 3707 1213 3779 positus
1239 3716 1324 3763 est
1351 3709 1418 3763 ad
1445 3716 1627 3778 patres
1663 3723 1812 3774 suos,
1835 3706 1948 3776 jam

365 3797 507 3851 liber
534 3793 565 3851 a
587 3797 774 3854 dolore
797 3799 1008 3865 mortis,
1040 3813 1204 3869 quam
1227 3815 1259 3854 a
1279 3799 1630 3870 corruptione
1651 3800 1836 3855 carnis
1864 3801 1949 3855 in-

365 3889 586 3943 venitur
616 3890 842 3946 alienus.

441 3978 552 4050 (Ex
584 3979 828 4051 August.)
861 3981 994 4036 Illud
1023 3982 1189 4036 etiam
1216 3981 1271 4037 in
1311 3982 1400 4037 his
1421 3981 1628 4037 duobus
1657 3982 1913 4053 apostolis
1937 4024 1952 4048 ,

367 4067 534 4124 Petro
561 4078 614 4124 et
633 4069 865 4138 Joanne,
898 4086 1060 4140 quem
1084 4087 1192 4125 non
1217 4079 1436 4127 moveat
1465 4071 1533 4126 ad
1560 4071 1954 4140 querendum?

368 4160 484 4215 Cur
523 4160 788 4215 Joannem
831 4161 954 4231 plus
995 4161 1245 4217 dilexerit
1283 4162 1580 4227 Dominus,
1612 4177 1734 4217 cum
1779 4161 1955 4230 ipsum

369 4249 660 4304 Dominum
681 4249 800 4319 plus
835 4250 1100 4306 dilexerat
1130 4250 1357 4306 Petrus?
1389 4251 1708 4321 Ubicunque
1730 4250 1873 4304 enim
1897 4265 1958 4303 se

369 4348 761 4395 commemorat
802 4339 1060 4407 Joannes,
1103 4353 1163 4396 ut
1216 4342 1434 4400 nomine
1488 4356 1588 4396 suo
1637 4339 1801 4396 tacito
1842 4340 1955 4410 ipse

370 4432 542 4502 possit
568 4431 810 4501 intelligi,
841 4434 944 4490 hoc
991 4432 1139 4488 addit
1172 4434 1315 4503 quod
1341 4448 1465 4487 eum
1495 4431 1750 4504 diligebat
1771 4429 1950 4486 Jesus.

373 4522 545 4578 Porro
565 4525 708 4593 quod
722 4526 995 4596 apostolus
1019 4525 1213 4581 Petrus
1235 4527 1355 4597 plus
1380 4526 1501 4581 aliis
1528 4525 1782 4581 dilexerit
1799 4524 1956 4580 Chri-

372 4622 519 4668 stum
545 4655 562 4679 ,
603 4624 824 4683 possunt
862 4617 1081 4686 quidem
1123 4617 1442 4672 documenta
1488 4617 1657 4671 multa
1687 4613 1950 4684 proferri;

374 4700 474 4757 sed
501 4712 563 4756 ut
592 4702 750 4773 longe
772 4705 824 4757 in
846 4704 951 4758 alia
983 4720 1090 4760 non
1119 4720 1330 4770 eamus,
1361 4705 1414 4758 in
1449 4705 1615 4774 ipsius
1635 4703 1811 4758 tertiae
1835 4717 1955 4755 ma-

375 4791 741 4847 nifestationis
770 4791 980 4847 Domini
1005 4835 1021 4859 ,
1062 4795 1220 4863 paulo
1249 4794 1528 4864 superiore
1554 4793 1806 4857 lectione,
1837 4806 1958 4860 quas

374 4880 542 4935 istam
571 4881 846 4949 praecedit,
875 4883 1008 4938 satis
1035 4884 1315 4940 evidenter
1341 4893 1584 4954 apparet,
1615 4883 1707 4938 ubi
1732 4883 1965 4937 interro-

375 4985 520 5042 gans
543 4987 670 5026 eum
711 4973 850 5028 dixit
874 4991 888 5028 :
916 4975 1109 5045 Diligis
1149 4993 1232 5030 me
1269 4975 1393 5046 plus
1431 4976 1558 5029 his?
1592 4976 1734 5046 quod
1780 4975 1967 5044 utique

375 5061 609 5126 sciebat,
651 5069 706 5115 et
751 5071 931 5118 tamen
962 5064 1363 5135 interrogabat:
1397 5073 1458 5118 ut
1498 5064 1664 5118 etiam
1688 5078 1820 5128 nos,
1872 5063 1964 5132 qui

384 5151 614 5217 legimus
637 5152 1012 5225 Evangelium,
1048 5171 1288 5211 amorem
1315 5156 1464 5210 Petri
1491 5171 1618 5226 erga
1649 5155 1962 5221 Dominum,

382 5239 512 5294 etin
531 5239 623 5294 illo
657 5241 1046 5312 interrogante,
1083 5252 1139 5299 et
1164 5247 1217 5298 in
1253 5244 1344 5299 illo
1373 5245 1752 5314 respondente,
1779 5258 1968 5299 nosce-

379 5345 588 5386 rcmus.
618 5331 773 5399 Quod
802 5342 985 5390 autem
1030 5336 1086 5390 in
1111 5351 1176 5391 eo
1197 5377 1212 5401 ,
1245 5337 1385 5404 quod
1413 5333 1690 5407 respondit
1715 5334 1909 5390 Petrus
1950 5350 1964 5388 :

309 5408 328 5422 ⁸
368 5421 518 5474 Auro
553 5430 624 5485 te,
669 5438 776 5478 non
817 5425 1042 5492 addidit,
1087 5425 1206 5498 plus
1245 5427 1347 5491 Itis,
1381 5427 1483 5482 hoc
1515 5425 1794 5496 reSpondit
1829 5426 1971 5494 quod

378 5511 454 5566 de
477 5527 538 5567 se
577 5513 694 5581 ipso
719 5515 947 5572 sciebat.
991 5517 1107 5578 Non
1135 5517 1279 5573 enim
1323 5525 1583 5587 quantum
1612 5516 1680 5572 ab
1709 5516 1816 5572 alio
1841 5533 1974 5587 quo-

380 5598 522 5656 libet
566 5601 889 5675 diligeretur
917 5609 1059 5664 scire
1085 5615 1332 5680 poterat,
1375 5608 1466 5679 qui
1509 5622 1604 5664 cor
1630 5607 1852 5664 alterius
1895 5609 1975 5664 vi-

2034 1795 2379 1863 conditionis,
2405 1799 2661 1868 propriae,
2690 1815 2796 1856 non
2829 1799 2990 1857 finem
3019 1792 3224 1859 rutundi.
3260 1805 3412 1874 Quod
3432 1817 3615 1864 autem

2035 1889 2254 1943 subdit:
2283 1889 2460 1943 Donec
2501 1891 2732 1957 veniam,
2774 1907 2880 1946 non
2917 1894 3090 1948 solum
3119 1894 3187 1951 de
3226 1897 3464 1966 generali
3500 1898 3613 1964 illo,

2035 1995 2143 2050 quo
2171 1981 2523 2037 resolvendus
2550 1990 2635 2038 est
2661 1983 2915 2049 mundus,
2942 1984 3037 2039 sed
3062 1986 3228 2040 etiam
3258 1987 3324 2042 de
3352 1988 3475 2056 hoc,
3506 2004 3614 2058 quo

2034 2073 2275 2142 quotidie
2300 2081 2520 2127 sanctos
2553 2087 2681 2128 suos
2704 2073 2927 2128 visitare
2951 2075 3206 2145 dignatur
3238 2077 3471 2132 adventu
3491 2119 3506 2143 ,
3535 2093 3628 2134 ac-

2035 2160 2141 2230 cipi
2171 2169 2367 2240 potest.
2397 2160 2550 2228 Quod
2566 2176 2696 2217 vero
2717 2163 2796 2216 ait
2821 2177 2837 2216 :
2868 2161 3056 2234 Diligis
3079 2180 3159 2218 me
3171 2164 3289 2236 plus
3309 2167 3412 2232 his,
3440 2177 3618 2236 potest

2037 2249 2112 2302 ita
2150 2248 2271 2319 plus
2305 2249 2556 2319 intelligi,
2587 2257 2647 2304 ut
2665 2249 2902 2306 Joannes
2925 2252 3028 2307 hoc
3047 2251 3186 2319 loco,
3212 2254 3303 2324 qui
3330 2255 3619 2326 specialius

2037 2343 2268 2400 dilectus
2291 2352 2398 2410 est,
2422 2359 2454 2399 a
2480 2345 2692 2398 caeteris
2713 2345 2965 2415 excipiet.
2990 2344 3060 2399 At
3079 2360 3229 2412 vero,
3247 2344 3404 2414 juxta
3435 2350 3622 2420 mysti-

2037 2449 2160 2489 curn
2205 2449 2444 2501 sensum,
2472 2434 2527 2489 in
2559 2435 2721 2491 Petro
2749 2435 2977 2492 actualis
3005 2435 3139 2502 vita,
3173 2437 3226 2491 in
3256 2435 3464 2494 Joanne
3486 2454 3620 2494 con-

2038 2524 2346 2595 templativa
2373 2525 2722 2595 significatur.
2754 2527 2812 2582 In
2858 2535 3086 2596 utroque
3128 2542 3368 2598 praesens
3413 2529 3622 2600 pariter

2037 2623 2095 2671 et
2124 2615 2325 2671 futura.
2373 2617 2615 2673 Ecclesia
2661 2627 2872 2684 autem,
2926 2617 3082 2688 cujus
3136 2619 3357 2686 Petrus,
3401 2629 3624 2693 propter

2037 2708 2329 2778 primatum
2355 2710 2690 2778 apostolatus
2714 2711 2936 2781 gerebat
2960 2711 3212 2786 ﬁguram,
3253 2712 3433 2770 claves
3470 2717 3624 2787 regni

2039 2799 2298 2854 eat-lorum
2336 2815 2366 2853 a
2394 2799 2612 2854 Christo
2652 2802 2879 2872 accepit.
2911 2802 2968 2856 ln
2994 2811 3169 2872 petra,
3209 2805 3314 2861 hoc
3336 2812 3439 2872 est,
3473 2817 3626 2878 pote-

2040 2895 2234 2942 statem
2277 2888 2518 2944 solvendi
2557 2889 2864 2961 ligandique
2902 2897 3154 2961 peccata,
3187 2894 3329 2962 quod
3368 2903 3452 2950 est
3476 2896 3621 2951 enim

2039 2993 2139 3049 per
2163 2979 2550 3049 proprietatem
2598 2979 2652 3034 in
2679 2977 2896 3036 Christo
2940 2979 3181 3038 Ecclesia
3199 3022 3215 3048 ,
3245 2983 3350 3039 hoc
3376 2992 3487 3049 est,
3522 2999 3626 3055 per

2043 3069 2490 3138 signiﬁcationem
2533 3069 2729 3132 Petrus
2774 3071 2827 3124 in
2869 3077 3043 3141 petra,
3081 3086 3189 3141 qua
3230 3071 3626 3145 significatione

2048 3157 2373 3229 intelligitur
2393 3158 2642 3215 Christus
2664 3168 2838 3230 petra,
2863 3161 3057 3217 Petrus
3083 3161 3346 3220 Ecclesia.
3375 3164 3502 3222 ﬂare
3529 3165 3630 3239 igi-

2045 3257 2137 3303 tur
2163 3249 2402 3304 Ecclesia
2430 3290 2445 3315 ,
2483 3266 2646 3320 quam
2688 3250 3029 3322 significabat
3070 3251 3284 3319 Petrus,
3334 3271 3498 3325 quam
3535 3258 3629 3313 ditt

2048 3340 2208 3410 deget
2231 3339 2284 3394 in
2315 3339 2493 3403 malis,
2523 3341 2754 3395 amando
2785 3351 2842 3395 et
2865 3342 3141 3411 sequendo
3167 3341 3467 3412 Christum,
3497 3345 3633 3403 libe-

2049 3439 2203 3484 ratur
2249 3446 2281 3484 a
2320 3430 2496 3485 malis.
2549 3429 2718 3502 Magis
2768 3441 2949 3487 autem
2991 3434 3239 3503 sequitur
3266 3435 3542 3493 Christum
3576 3441 3630 3494 in

2047 3523 2161 3586 eis,
2196 3522 2290 3592 qui
2348 3531 2563 3578 certant
2609 3538 2708 3592 pro
2742 3525 2971 3579 veritate
3010 3539 3182 3596 usque
3232 3525 3300 3581 ad
3355 3535 3584 3584 mortem
3609 3572 3626 3596 ,

2048 3614 2246 3692 quibus
2286 3613 2428 3667 idem
2468 3611 2661 3669 Petrus
2689 3615 2766 3668 ait
2798 3631 2811 3668 :
2848 3614 3086 3671 Christus
3127 3632 3222 3688 pro
3258 3619 3406 3680 nobis
3439 3637 3628 3693 passus

2048 3713 2145 3768 est,
2174 3702 2466 3774 relinquam
2502 3702 2648 3758 nobis
2668 3703 2980 3777 exemplum,
3023 3715 3079 3761 ut
3115 3724 3395 3780 sequamur
3416 3711 3628 3783 vestigia

2050 3794 2166 3866 ejus
2209 3795 2262 3868 (1
2309 3794 2555 3868 Petr.n).
2590 3796 2729 3853 Ecce
2770 3806 2991 3868 propter
3014 3801 3157 3870 quod
3194 3802 3243 3856 ei
3273 3802 3476 3859 dictum
3503 3814 3628 3858 est:

2053 3883 2277 3957 Sequere
2298 3904 2396 3941 me.
2430 3888 2526 3943 Est
2551 3888 2656 3942 alia
2680 3887 2786 3942 vita
2817 3889 3156 3952 immortalis,
3183 3907 3304 3962 qua:
3332 3908 3438 3952 non
3469 3895 3629 3952 estin

2055 3977 2232 4043 malis,
2264 3978 2354 4033 ubi
2392 3975 2528 4034 facie
2559 3980 2626 4033 ad
2656 3977 2848 4033 faciem
2885 3979 3209 4044 videbimus,
3239 3983 3382 4054 quod
3410 3983 3500 4038 hic
3535 3998 3628 4052 pe!

2053 4062 2328 4136 speculum
2358 4076 2412 4122 et
2446 4069 2498 4122 in
2526 4068 2812 4139 aenigmate
2839 4069 3052 4123 videtur
3083 4069 3136 4141 (ι
3161 4070 3282 4124 Cor.
3314 4069 3457 4142 xm).
3489 4070 3634 4126 Duas

2055 4158 2239 4228 itaque
2258 4159 2418 4223 vitas,
2447 4158 2550 4212 sibi
2584 4157 2840 4212 divinitus
2863 4159 3182 4227 praedicatas
3209 4167 3266 4216 et
3290 4163 3635 4217 commenda-

2057 4253 2141 4300 tas
2168 4247 2318 4300 novit
2339 4245 2613 4300 Ecclesia.
2639 4246 2878 4312 Quarum
2909 4254 2993 4301 est
3025 4259 3130 4300 una
3155 4247 3209 4302 in
3235 4247 3361 4316 ﬁde,
3385 4249 3554 4316 altera
3579 4252 3636 4308 in

2059 4336 2257 4407 Specie.
2295 4334 2408 4391 Una
2440 4335 2493 4388 in
2520 4335 2976 4406 peregrinatione,
3017 4335 3191 4392 altera
3211 4337 3265 4392 in
3302 4341 3636 4405 aeternitate;

2062 4440 2167 4480 una
2194 4423 2249 4479 in
2274 4423 2482 4491 labore,
2505 4425 2678 4479 altera
2702 4424 2758 4479 in
2783 4426 3006 4495 requie;
3035 4442 3143 4481 una
3169 4427 3223 4482 in
3245 4429 3353 4494 via,
3385 4428 3554 4490 altera
3581 4431 3637 4488 in

2059 4516 2264 4585 patria;
2303 4531 2410 4570 una
2449 4530 2572 4570 cum
2598 4515 2753 4570 hoste
2777 4523 2998 4587 pugnat,
3029 4515 3200 4572 altera
3226 4518 3344 4575 sine
3378 4519 3532 4575 hoste
3555 4538 3642 4577 re-

2059 4613 2205 4676 gnat.
2236 4605 2377 4674 Ergo
2402 4620 2510 4659 una
2536 4605 2679 4660 bona
2707 4612 2809 4672 est,
2849 4605 2943 4660 sed
2969 4604 3149 4661 adhuc
3186 4607 3384 4663 misera
3426 4627 3438 4663 :
3470 4609 3640 4667 altera

2059 4699 2256 4760 melior
2287 4707 2341 4753 et
2366 4699 2546 4754 beata.
2590 4699 2698 4754 Ista
2741 4697 3045 4771 significata
3086 4709 3170 4756 est
3205 4716 3303 4772 per
3341 4703 3640 4772 apostolum

2060 4787 2311 4853 Petrum,
2361 4787 2453 4841 illa
2490 4803 2591 4857 per
2623 4787 2905 4843 Joannem.
2951 4789 3075 4844 [deo
3115 4789 3312 4845 dicitur
3349 4792 3477 4847 huic
3502 4806 3516 4846 :
3545 4791 3644 4848 Se-

2063 4896 2218 4951 quere
2245 4895 2346 4934 me.
2381 4879 2458 4934 De
2485 4879 2575 4934 illo
2601 4887 2781 4934 autem
2814 4899 2827 4934 :
2863 4880 2924 4936 Si
2954 4898 3071 4934 eum
3098 4880 3208 4936 volo
3237 4899 3447 4938 manere
3477 4884 3642 4939 donec

2065 4971 2285 5024 veniam.
2309 4968 2390 5024 Ac
2412 4970 2457 5024 si
2475 4969 2621 5024 dicat
2639 4987 2652 5023 :
2671 4969 2750 5024 Tu
2774 4986 2860 5026 me
2882 4977 3133 5041 sequere,
3164 4987 3262 5043 per
3286 4973 3645 5032 imitationem

2062 5056 2368 5130 perferendi
2399 5058 2714 5127 temporalia
2742 5058 2902 5114 mala.
2927 5060 3021 5115 ille
3043 5068 3279 5127 maneat,
3311 5061 3484 5118 donec
3504 5078 3646 5118 sem-

2067 5153 2275 5222 piterna
2291 5152 2448 5208 venio
2478 5152 2786 5206 redditurus
2803 5153 2964 5207 bona.
2991 5152 3084 5209 Sic
3105 5169 3228 5210 eum
3243 5153 3379 5218 volo
3404 5170 3644 5218 manere,

2066 5242 2122 5296 id
2151 5249 2252 5306 est,
2284 5250 2622 5312 exspectare,
2663 5243 2921 5312 quoniam
2963 5245 3107 5316 quod
3143 5259 3247 5322 per
3271 5258 3397 5302 cum
3442 5245 3648 5314 signiﬁ-

2069 5341 2227 5387 catur
2251 5373 2266 5398 ,
2297 5347 2404 5387 non
2431 5333 2617 5404 utique
2643 5348 2804 5400 nunc,
2831 5334 2927 5390 sed
2971 5350 3093 5393 cum
3128 5335 3338 5392 venerit
3380 5334 3644 5396 Christus,

2073 5421 2402 5493 implebitur.

2147 5512 2250 5566 Hic
2269 5523 2346 5568 est
2369 5513 2680 5584 discipulus,
2707 5515 2796 5586 qui
2819 5515 3172 5571 testimonium
3197 5511 3426 5585 perhibet
3455 5510 3646 5579 deliis,

2076 5617 2124 5661 et
2164 5606 2370 5674 scripsit
2406 5607 2536 5663 Itaac.
2571 5607 2671 5662 llic
2702 5605 2988 5664 manifeste
3022 5605 3211 5662 beatus
3233 5604 3468 5661 Joannes
3497 5618 3651 5662 suam

2363 5827 2394 5840 ο
2465 5821 2623 5836 tu“:
