3998 6198
338 259 403 315 Π

1627 243 1904 306 εΜΑΒΑὒ
1912 242 1977 299 Di
2015 239 2306 300 ABBATIS

3527 233 3597 291 48

337 309 624 441 personam
659 366 906 438 designat
931 379 1000 421 ex
1031 309 1241 430 ofﬁcio,
1274 362 1421 433 quod
1459 343 1747 432 designare
1781 358 1919 412 vitat
1943 366 1996 424 Α
2020 353 2315 424 apostolica
2343 361 2468 422 apte
2491 351 2768 441 convenit,
2795 351 2878 406 vel
2907 351 3142 407 maxime
3172 350 3263 408 ubi
3289 351 3364 406 ait
3390 369 3403 405 :
3432 350 3600 407 Bene-

333 476 404 519 ει
445 456 722 514 vocabulo.
759 453 1043 512 Perhibuit
1079 467 1314 523 namque
1337 449 1701 507 testimonium
1740 447 1919 505 Verbo

336 550 436 606 Dei
463 548 825 620 praedicando,
867 545 1144 619 perhibuit
1174 542 1462 600 scribendo
1479 581 1494 608 ,
1527 539 1800 611 perhibuit
1826 537 1918 592 de-

341 657 450 698 nuo
479 640 741 706 docendo,
774 637 1026 710 perhibet
1042 636 1208 692 etiam
1234 647 1380 690 nunc
1403 629 1706 702 pandendo.
1739 626 1920 698 Siqui-

338 733 461 788 dem
495 745 527 786 a
559 738 801 799 tempore
827 726 1125 784 Dominie'e
1151 723 1450 794 passionis,
1501 717 1919 780 resurrectionis

340 830 397 877 et
427 819 764 876 ascensionis
795 817 850 872 in
877 815 1075 872 emtum
1094 855 1110 876 ,
1142 821 1199 870 et
1224 826 1396 882 usque
1423 810 1492 867 ad
1523 809 1710 864 ultima
1737 806 1919 862 Domi-

342 910 475 966 tiani
502 907 762 980 principis
791 914 1048 974 tempora,
1077 917 1172 974 per
1193 916 1364 956 annos
1390 899 1609 955 circiter
1638 895 1918 966 sexaginta

337 1001 576 1072 quinque
620 999 824 1068 absque
867 994 976 1051 ullo
1022 992 1292 1049 scribendi
1328 989 1652 1045 adminiculo
1693 987 1917 1042 verbum

334 1093 681 1163 praedicabat.
719 1089 793 1144 At
818 1087 908 1142 ubi
936 1101 968 1141 a
1002 1085 1310 1142 Domitiano
1329 1124 1346 1149 ,
1375 1083 1468 1153 qui
1501 1081 1771 1138 secundus
1796 1086 1918 1147 post

336 1180 604 1236 Neronem
642 1177 1072 1234 Christianorum
1098 1167 1416 1245 persecutor
1457 1171 1691 1236 exstitit,
1727 1169 1920 1226 exsilio

339 1273 536 1329 missus
563 1281 666 1336 est,
689 1271 1054 1338 irrumpentes
1076 1267 1128 1322 in
1160 1265 1460 1322 Ecclesium
1481 1262 1736 1326 haeretici,
1762 1260 1917 1330 quasi

340 1362 392 1415 in
423 1360 679 1416 destituta
709 1373 741 1412 a
777 1365 994 1426 pastore
1013 1355 1175 1410 ovilia
1204 1354 1314 1423 lupi
1335 1353 1600 1414 Marcion,
1627 1348 1920 1410 Corinthus

337 1457 394 1504 ct
419 1449 614 1511 Ebion,
641 1446 934 1514 eaaterique
969 1442 1312 1506 Antichristi,
1341 1442 1432 1510 qui
1454 1439 1729 1498 Christum
1752 1437 1919 1492 fuisse

338 1547 465 1594 ante
503 1537 729 1591 Mariam
758 1533 1058 1603 negabant,
1093 1531 1494 1602 simplicitatem
1529 1527 1656 1583 fidei
1688 1539 1919 1595 cvange-

339 1611 456 1685 liea:
495 1641 754 1698 perversa
803 1623 1146 1680 maculavere
1185 1621 1454 1677 doctrina.
1495 1619 1602 1678 Sed
1637 1633 1761 1673 cum
1802 1617 1918 1686 ipse

2020 443 2192 498 dictus
2213 441 2358 497 Deus
2381 442 2470 513 qui
2497 439 2650 512 elegit
2680 457 2804 509 nos,
2831 451 2939 497 etc.

2365 573 2433 629 1N
2473 571 2723 629 NATALI
2755 571 3226 630 INNOCENTUM.

2018 703 2211 758 ιεοτιο
2238 701 2382 742 LIBRI
2409 701 2757 743 APOCALYPSIS
2785 701 3000 742 JOANNIS
3021 700 3277 742 APOSTOIJ
3295 725 3312 753 ν
3337 701 3456 743 CAP.
3489 699 3602 741 Χιν.

2095 819 2114 853 ‹
2160 800 2281 856 Vidi
2329 816 2492 871 supra
2525 808 2765 856 montem
2812 800 2942 856 Sion
2985 815 3182 871 agnum
3228 808 3495 864 stantem,
3548 806 3605 854 et

2024 908 2044 940 ι
2084 905 2207 946 cum
2257 905 2324 945 eo
2349 898 2569 945 centum
2611 889 2970 960 quadraginta
2996 897 3230 958 quatuor
3259 888 3426 958 millia
3449 929 3464 953 ,
3507 887 3606 944 ha-

1989 982 1996 983 "
2023 999 2042 1033 ‹
2086 981 2277 1036 bentes
2299 997 2495 1036 nomen
2527 981 2667 1053 ejus,
2696 988 2752 1035 et
2774 996 2970 1035 nomen
3001 981 3172 1050 patris
3195 978 3314 1049 ejus
3339 980 3603 1050 scriptum

2025 1089 2043 1121 ς
2094 1072 2147 1125 in
2180 1071 2452 1127 frontibus
2476 1073 2609 1137 suis,
2661 1080 2716 1128 et
2740 1071 2921 1126 audivi
2951 1086 3140 1126 vocem
3167 1069 3233 1126 de
3275 1069 3434 1136 cutio,
3486 1078 3605 1123 tan-

2025 1183 2043 1214 ‹
2086 1179 2250 1234 quam
2277 1178 2466 1218 vocem
2507 1179 2771 1233 aquarum
2794 1163 3104 1227 multarum,
3134 1170 3192 1216 et
3214 1173 3468 1230 tanquam
3504 1176 3601 1214 vo—

2025 1270 2042 1302 α
2089 1266 2208 1307 cem
2237 1252 2460 1307 tonitrui
2489 1252 2705 1322 magni,
2734 1260 2788 1306 et
2817 1266 3008 1306 vocem
3041 1265 3204 1320 quam
3227 1249 3427 1313 audivi,
3458 1249 3608 1303 sicut

2024 1363 2042 1397 ι
2086 1343 2509 1400 citharmdorum
2569 1343 3007 1398 citharizantium
3060 1342 3116 1396 in
3177 1341 3404 1396 citharis
3467 1339 3599 1394 suis.

2024 1453 2042 1486 ι
2087 1434 2156 1489 Et
2193 1434 2490 1490 cantabant
2530 1434 2685 1503 quasi
2713 1434 2986 1489 canticum
3021 1448 3220 1488 novum
3249 1441 3377 1486 ante
3413 1432 3596 1486 sedem

2023 1545 2048 1580 ι
2087 1527 2207 1594 Dei,
2232 1537 2287 1584 et
2304 1537 2429 1592 ante
2455 1536 2691 1599 quatuor
2711 1527 2963 1582 animalia
2987 1534 3043 1582 et
3063 1527 3338 1591 seniores;
3369 1532 3424 1580 et
3444 1538 3605 1578 nemo

2024 1637 2042 1670 ι
2082 1628 2298 1690 poterat
2321 1618 2504 1674 dicere
2533 1618 2803 1674 canticum
2827 1657 2846 1682 ,
2875 1617 2980 1672 nisi
3001 1615 3093 1670 illa
3120 1623 3338 1670 centum
3363 1615 3600 1686 quadra-

337 1723 460 1786 post
491 1713 817 1771 occisionem
847 1709 1160 1772 Domitiani,
1186 1709 1530 1780 permittente
1554 1707 1642 1777 pio
1672 1706 1918 1776 principe
1945 1708 1993 1768 B
2026 1725 2046 1758 ι
2086 1708 2234 1779 ginta
2283 1714 2516 1777 quatuor
2561 1705 2726 1762 millia
2746 1747 2763 1772 ,
2803 1707 2900 1777 qui
2943 1706 3114 1776 empti
3148 1715 3275 1762 sunt
3317 1706 3384 1760 de
3433 1713 3602 1760 terra.

338 1805 535 1870 Nerva,
567 1803 769 1858 rediret
787 1801 1082 1872 Ephesum,
1104 1798 1394 1869 compulsis
1413 1799 1481 1853 ab
1503 1797 1752 1852 omnibus
1778 1808 1926 1875 pene.

339 1907 470 1952 tunc
497 1896 641 1951 Asiae
674 1892 966 1963 episcopis,
986 1899 1044 1946 et
1071 1888 1360 1944 multarum
1383 1888 1746 1943 Ecclesiarum
1773 1887 1916 1957 lega-

337 1989 598 2052 tionibus,
631 1987 698 2042 de
726 1993 994 2048 comterna
1021 1981 1200 2038 Patris
1221 1980 1500 2036 divinitate
1529 1988 1584 2036 et
1611 1979 1810 2036 Christi
1839 1978 1917 2032 al-

339 2078 449 2138 tius
489 2075 670 2132 facere
707 2087 1033 2138 sermonem,
1077 2085 1142 2126 co
1183 2071 1430 2142 quodin
1474 2071 1640 2126 trium
1685 2069 1917 2139 aliorum

340 2167 792 2240 evangelistarum
837 2165 1087 2234 scriptis,
1125 2164 1193 2219 de
1229 2163 1567 2218 humanitate
1609 2160 1725 2230 ejus
1767 2159 1917 2216 sufﬁ-

342 2259 546 2314 cienter
582 2256 683 2312 sibi
723 2255 1034 2310 viderentur
1057 2253 1259 2308 habere
1289 2250 1618 2306 testimonia.
1649 2247 1803 2316 Quod
1829 2247 1918 2302 ille

342 2361 406 2404 se
428 2361 536 2402 non
557 2344 708 2400 aliter
738 2343 1005 2398 facturum
1029 2340 1328 2411 respondit,
1351 2340 1456 2394 nisi
1477 2339 1678 2394 indicto
1690 2337 1916 2408 jejunio,

343 2452 532 2494 omnes
573 2436 630 2491 in
665 2449 952 2508 commune
993 2432 1280 2489 Dominum
1317 2440 1690 2503 precarentur,
1731 2439 1789 2486 ut
1821 2431 1920 2498 illa

343 2531 504 2600 digna
531 2528 770 2585 scribere
795 2536 995 2597 posset.
1029 2525 1096 2583 Et
1122 2525 1225 2598 hoc
1254 2524 1329 2580 ita
1356 2530 1590 2594 patrato,
1624 2523 1920 2578 instructus

344 2616 694 2681 revelationc,
723 2633 751 2672 a
779 2613 955 2670 sancti
986 2611 1221 2684 Spiritus
1245 2612 1418 2682 gratia
1459 2611 1775 2685 inebriatus,
1806 2626 1922 2667 om:

347 2723 444 2765 nes
475 2708 852 2764 hzerclicorum
885 2705 1136 2761 tenebras
1165 2702 1439 2773 patefecit,
1480 2711 1535 2758 et
1564 2703 1740 2758 subita
1777 2703 1920 2758 veri-

353 2799 483 2855 tatis
505 2799 626 2854 luce
650 2797 872 2872 dispulit
899 2815 912 2851 :
947 2794 1018 2850 In
1047 2795 1324 2867 principio,
1351 2795 1620 2864 inquiens,
1649 2806 1762 2850 crat
1796 2794 1927 2849 Ver-

349 2889 494 2954 bum,
517 2898 564 2942 et
599 2885 823 2942 Verbum
859 2895 968 2940 erat
993 2884 1133 2956 apud
1172 2882 1360 2950 Deum,
1397 2896 1444 2940 et
1483 2886 1622 2942 Deus
1646 2896 1756 2940 erat
1787 2884 1921 2941 Ver-

2019 1818 2040 1850 i
2087 1795 2153 1852 Ili
2175 1804 2302 1852 sunt
2327 1796 2420 1866 qui
2447 1811 2570 1851 cum
2599 1797 2922 1852 mulieribus
2951 1811 3058 1851 non
3089 1805 3215 1852 sunt
3239 1796 3605 1866 coinquinati,

2020 1907 2040 1941 ‹
2085 1888 2326 1959 virgines
2371 1889 2518 1944 enim
2567 1895 2713 1943 sunt.
2757 1887 2824 1942 Hi
2875 1897 3174 1958 sequuntur
3219 1901 3417 1956 agnum
3465 1903 3605 1958 quo-

2021 1999 2040 2030 ι
2083 1993 2297 2048 cunque
2335 1978 2480 2034 ierit.
2535 1977 2600 2033 lli
2632 1977 2799 2047 empti
2839 1985 2968 2031 sunt
2992 1991 3059 2032 ex
3087 1974 3396 2031 hominibus
3424 1975 3606 2044 primi-

2022 2091 2044 2122 ι
2084 2073 2172 2128 tiae
2195 2071 2306 2126 Deo
2332 2079 2388 2126 et
2409 2087 2572 2142 agno,
2599 2079 2655 2126 et
2684 2069 2738 2125 in
2766 2084 2860 2124 ore
2895 2071 3136 2140 ipsorum
3163 2085 3273 2126 non
3299 2077 3386 2125 est
3416 2069 3606 2124 inven-

2023 2179 2042 2213 ς
2085 2169 2202 2216 tum
2244 2161 2604 2216 mendacium.
2631 2161 2763 2217 Sine
2791 2161 3002 2217 macula
3045 2171 3170 2218 sunt
3192 2170 3317 2219 aute
3353 2162 3605 2218 thronum

2023 2271 2042 2303 ι
2085 2251 2202 2307 Dei.
2247 2270 2266 2306 ι

2039 2343 2046 2346 ’
2101 2344 2218 2400 Vidi
2252 2361 2416 2416 supra
2452 2354 2679 2399 montem
2719 2343 2848 2400 Sion
2890 2361 3084 2415 agnum
3123 2354 3368 2400 stantem.
3417 2343 3610 2415 Agnus

2017 2434 2286 2499 Christus,
2328 2433 2396 2488 de
2423 2448 2530 2502 quo
2558 2431 2796 2487 Joannes
2837 2433 2914 2486 ait
2947 2451 2960 2486 :
2999 2433 3138 2487 Ecce
3179 2451 3348 2503 agnus
3377 2431 3477 2487 Det
3514 2432 3605 2500 qui

2019 2524 2153 2592 tollit
2187 2534 2400 2595 peccata
2439 2523 2642 2577 mundi.
2674 2521 2828 2578 Mons
2867 2521 3018 2586 Sion,
3065 2522 3154 2590 qui
3185 2522 3484 2591 speculatio
3514 2522 3602 2574 in-

2021 2621 2386 2684 terpretatur,
2434 2612 2536 2667 hoc
2589 2611 2709 2666 loco
2761 2611 3001 2666 Ecclesia
3051 2610 3387 2679 intelligitur,
3439 2625 3604 2680 super

2022 2726 2183 2782 quem
2214 2709 2474 2765 Dominus
2500 2707 2658 2763 Jesus
2679 2706 2930 2763 Christus
2957 2714 3101 2762 stare
3127 2706 3466 2776 perhibetur,
3493 2706 3605 2760 vir-

2024 2803 2157 2856 tutis
2182 2809 2238 2856 et
2276 2800 2630 2870 protectionis
2653 2799 2704 2854 ei
2743 2805 3010 2868 praestans
3045 2799 3372 2869 adiutorium
3407 2807 3463 2853 et
3489 2815 3609 2853 mu-

2023 2893 2224 2947 nimen.
2259 2891 2397 2945 Nota
2426 2891 2757 2960 qumbestia
2796 2891 3044 2960 superius
3089 2891 3146 2944 in
3191 2906 3356 2947 arena
3404 2891 3606 2955 maris,

343 2979 485 3034 bum.
533 2975 885 3048 Similemque
911 2975 1078 3030 initiis
1111 2980 1284 3028 totum
1305 2975 1385 3030 sui
1417 2977 1683 3031 sermonis
1703 2991 1922 3030 cursum
1956 3043 1992 3052 _
2023 2997 2197 3052 agnus
2223 2981 2280 3034 in
2323 2988 2506 3035 monte
2544 2979 2676 3035 Sion
2703 2989 2848 3034 stare
2883 2981 3230 3049 perhibetur,
3268 2990 3322 3035 et
3361 2997 3482 3037 cum
3515 2982 3610 3036 illo

342 3070 546 3125 faciens
587 3043 879 3123 Dominum
919 3075 1164 3121 nostrum
1198 3063 1384 3120 Jesum
1427 3065 1721 3132 Christum,
1780 3067 1922 3124 sicut
1947 3043 1992 3106 (ἶ
2023 3043 2240 3126 cantum
2263 3068 2620 3139 quadraginta
2645 3043 3091 3138 quatuor—millia.
3121 3043 3220 3124 llic
3241 3078 3326 3125 cst
3347 3085 3607 3125 numerus

346 3173 534 3214 verum
547 3155 844 3222 hominem,
860 3170 984 3212 vere
996 3169 1063 3211 es
1076 3157 1292 3212 homine
1314 3156 1684 3227 temporaliter
1695 3156 1923 3224 factum,

347 3251 422 3306 ita
451 3248 614 3304 etiam
640 3262 828 3302 verum
853 3247 1022 3302 Deum
1041 3289 1056 3314 ,
1083 3263 1212 3305 vere
1233 3263 1299 3304 ex
1325 3247 1436 3303 Deo
1472 3247 1652 3314 Patre,
1681 3257 1736 3303 et
1763 3258 1923 3304 reter-

345 3339 542 3395 naliter
571 3345 776 3398 natum.
817 3353 944 3394 vere
990 3354 1114 3395 cum
1165 3337 1326 3396 Patre
1379 3347 1436 3393 et
1482 3336 1686 3408 Spiritu
1735 3346 1923 3394 sancto

347 3443 560 3499 semper
599 3428 923 3486 cxistentem
959 3428 1256 3485 clarissima
1284 3428 1586 3486 assertione
1618 3429 1921 3500 perdocuit.

344 3521 459 3577 imo
485 3520 665 3576 omnia
685 3519 880 3575 divina:
900 3521 1144 3576 veritatis
1168 3529 1226 3577 et
1253 3536 1394 3577 verae
1415 3520 1732 3586 divinitatis,
1753 3535 1924 3590 quan-

347 3622 461 3665 tum
499 3609 653 3665 alteri
695 3607 1004 3664 mortalium
1049 3609 1182 3666 nulli
1228 3608 1380 3666 licuit
1411 3623 1614 3665 arcana
1636 3610 1920 3665 reseravit.

349 3699 417 3754 Et
454 3699 555 3753 hoc
579 3695 774 3767 virgini
815 3697 1157 3768 privilegium
1195 3707 1342 3754 recte
1369 3698 1719 3765 servabatur,
1761 3707 1822 3753 ut
1855 3699 1926 3754 ad

348 3787 640 3844 scrutanda
671 3785 830 3842 Verbi
872 3786 1300 3856 incorruptibilis
1343 3797 1702 3852 sacramenta,
1748 3787 1926 3845 ineor-

349 3886 509 3949 rupto
537 3877 652 3948 ipse
678 3891 786 3931 non
824 3875 999 3932 solum
1025 3877 1189 3932 corde
1211 3916 1226 3942 ,
1256 3877 1351 3934 sed
1387 3885 1441 3932 et
1485 3893 1713 3950 corpore
1740 3893 1927 3949 proce-

354 3971 526 4028 deret.
556 3966 635 4023 De
667 3965 823 4037 cujus
847 3967 1114 4024 dictorum
1144 3967 1373 4024 veritate
1391 4009 1407 4034 ,
1437 3969 1580 4040 quod
1614 3969 1686 4025 sit
1721 3970 1925 4026 nemini

351 4059 770 4132 ambigendum,
818 4059 934 4129 ipse
971 4073 1186 4130 quoque
1217 4059 1429 4115 curavit
1475 4059 1781 4127 ostendere,
1833 4060 1924 4132 qui

351 4166 474 4206 cum
517 4149 744 4206 dixisset
787 4166 800 4202 :
845 4146 949 4204 Hic
997 4158 1071 4205 est
1111 4148 1399 4221 discipulus
1444 4150 1534 4223 qui
1572 4151 1926 4205 testimonium

350 4240 582 4309 perhibet
611 4239 674 4295 de
699 4241 780 4295 his
799 4252 823 4307 ,’
857 4248 904 4295 et
931 4241 1140 4312 scripsit
1175 4241 1311 4308 lucc,
1341 4241 1601 4298 continuo
1622 4239 1854 4310 subjecit
1873 4247 1928 4296 et

2019 3158 2200 3228 populi
2228 3157 2345 3222 Dei,
2378 3157 2470 3212 hic
2503 3156 2689 3212 finitus
2715 3173 2974 3213 numerus
3001 3159 3220 3228 ponitur
3244 3174 3343 3228 pro
3369 3159 3602 3225 inﬁnito,

2021 3259 2078 3308 et
2109 3259 2360 3306 sacratus
2393 3249 2588 3305 secreti
2618 3249 3010 3320 significatione
3035 3250 3299 3321 mysterii.
3337 3249 3475 3304 Nam
3497 3259 3608 3306 ter-

2022 3342 2176 3398 nario
2198 3355 2424 3397 numero
2452 3338 2723 3410 triplicato
2738 3338 2800 3393 fit
2815 3339 3164 3404 novenarius,
3188 3347 3244 3394 et
3258 3341 3610 3410 quaternario

2023 3441 2219 3504 quater
2254 3431 2416 3486 ducto
2447 3430 2685 3486 sedecim
2725 3429 2958 3486 faciunt.
2982 3429 3178 3488 Novies
3213 3439 3395 3487 autem
3425 3432 3609 3487 decies

2023 3521 2204 3596 sexies
2231 3526 2479 3585 centum,
2511 3518 2872 3589 quadraginta
2899 3527 3134 3588 quatuor
3163 3519 3472 3590 implentur,
3500 3535 3611 3590 quo

2023 3625 2250 3668 numero
2277 3610 2504 3680 virginei
2538 3610 2806 3666 examinis
2834 3611 3061 3682 mystice
3095 3611 3368 3667 insinuata
3390 3619 3476 3668 est
3495 3611 3609 3682 ple-

2024 3703 2234 3767 nitudo,
2266 3710 2327 3756 ut
2354 3715 2476 3757 cum
2513 3701 2579 3756 de
2606 3701 2727 3759 istis
2757 3710 2869 3756 tam
2899 3703 3116 3772 copiosa
3138 3702 3336 3758 dicitur
3369 3702 3612 3757 multitu-

2026 3799 2112 3864 do,
2137 3799 2204 3854 de
2226 3797 2441 3853 czeteris
2465 3795 2722 3858 Ecclesia:
2760 3797 3023 3852 membris
3047 3812 3156 3852 non
3177 3796 3470 3852 dubitetur.

2097 3887 2362 3942 Habentcs
2383 3901 2569 3940 nomen
2591 3886 2728 3956 ejus,
2744 3895 2791 3940 et
2815 3903 3001 3941 nomen
3020 3888 3209 3957 patris,
3223 3895 3329 3942 etc.
3351 3885 3612 3957 Superius

2026 3981 2172 4037 enim
2220 3979 2431 4036 dixerat
2475 3978 2541 4032 de
2581 3977 2754 4032 bestia
2800 3979 3125 4034 ascendente
3153 3979 3220 4032 de
3258 3986 3426 4042 terra,
3465 3979 3611 4046 quod

2026 4076 2228 4131 faceret
2255 4088 2446 4130 omnes
2475 4072 2726 4142 pusillos,
2743 4081 2800 4127 et
2825 4087 3050 4142 magnos
3078 4073 3292 4137 divites,
3327 4080 3384 4127 et
3406 4085 3608 4141 paupe~

2029 4183 2118 4223 res
2143 4167 2369 4231 liberos,-
2391 4174 2448 4224 ct
2467 4179 2654 4221 servos
2681 4165 2882 4220 habere
2899 4165 3270 4221 characterem
3291 4165 3346 4221 in
3373 4165 3601 4221 dextera

2031 4277 2217 4322 manu,
2264 4269 2321 4315 et
2363 4260 2416 4313 in
2459 4258 2729 4314 frontibus
2765 4259 2898 4312 suis.
2930 4257 3031 4314 I‘iic
3063 4267 3244 4314 autem
3273 4273 3305 4314 e
3337 4259 3616 4313 contrario

351 4331 428 4385 ³η
455 4344 471 4383 ³
502 4329 572 4384 Ε⁸
593 4331 784 4384 “im”
809 4330 1130 4441 (ζυίςΔυξζξιη
1160 4341 1238 4432 εδξ
1264 4332 1620 4388 τεετίηιοηίαηι
1632 4333 1766 4403 εῘυδο
1792 4330 1928 4432 Qui“
1953 4380 2007 4441 Β
2032 4351 2098 4405 de
2123 4348 2301 4404 servis
2328 4347 2448 4412 Dei,
2486 4361 2556 4402 ne
2598 4348 2713 4417 jam
2747 4347 3054 4403 vehementi
3093 4347 3484 4418 persecutionis
3511 4348 3612 4401 im-

352 4435 482 4492 ergo
505 4435 626 4475 cum
653 4419 864 4474 cteteris
893 4418 1138 4476 fidelibus
1164 4421 1384 4486 scimus,
1408 4437 1599 4477 verum
1626 4437 1747 4476 esse
1771 4421 1926 4476 testi-

356 4505 596 4566 monium
623 4507 771 4579 ejus,
803 4525 1054 4566 curemus
1089 4526 1185 4580 per
1212 4514 1422 4578 omnia,
1452 4522 1512 4567 ut
1541 4521 1686 4568 recta
1717 4513 1821 4568 ﬁde
1848 4514 1930 4568 in-

355 4599 642 4672 telligendo
668 4640 684 4666 ,
730 4608 878 4654 recta
905 4600 1218 4672 operatione
1244 4601 1549 4656 exercendo
1573 4617 1694 4670 quae
1721 4600 1926 4669 docuit,

356 4691 422 4744 ad
446 4691 582 4745 dona
620 4689 997 4761 perveniamus
1026 4689 1377 4758 sempiterna,
1411 4705 1532 4760 quae
1563 4690 1815 4760 promisit
1832 4706 1931 4760 per

355 4779 643 4836 Dominum
669 4789 912 4836 nostrum
941 4777 1125 4836 Iesum
1153 4778 1450 4847 Christum,
1481 4782 1572 4852 qui
1596 4781 1732 4837 vivit
1756 4789 1812 4837 et
1839 4798 1928 4838 re-

355 4876 483 4940 gnat
511 4884 633 4924 cum
660 4868 820 4925 Patre
860 4869 914 4924 in
944 4869 1149 4924 unitate
1174 4867 1407 4940 Spiritus
1434 4871 1628 4937 sancti,
1660 4871 1801 4929 Deus
1836 4888 1934 4944 per

355 4959 537 5016 omnia
561 4960 756 5015 saecula
780 4959 1118 5019 saeculorum.
1154 4959 1344 5016 Amen.

983 5104 1273 5147 οοκοοιωη

427 5215 485 5271 In
513 5215 618 5271 hoc
651 5214 879 5272 istarum
916 5215 1145 5272 duarum
1185 5219 1244 5275 fit
1276 5222 1563 5277 concordia
1615 5222 1931 5292 lectionum,

369 5308 497 5378 quia
536 5307 777 5362 humano
804 5306 871 5362 de
898 5305 1122 5363 Joannis
1147 5317 1269 5364 actu
1290 5318 1345 5364 et
1361 5313 1600 5379 nomine,
1624 5322 1680 5368 et
1697 5313 1801 5369 alia
1826 5324 1939 5370 tan-

363 5407 477 5453 tum
504 5396 570 5452 de
605 5395 725 5466 ejus
765 5405 888 5452 actu
920 5396 1126 5453 faciunt
1161 5400 1553 5457 rationabiliter
1584 5406 1934 5473 mentionem,

363 5492 455 5561 qui
485 5491 553 5545 ab
583 5489 730 5544 omni
771 5490 1088 5561 contagione
1132 5490 1569 5559 immaculatum,
1602 5511 1723 5551 cum
1759 5497 1941 5553 Domi-

366 5599 467 5638 nus
500 5583 567 5638 ab
593 5580 816 5638 infantia
840 5579 1132 5640 custodivit
1159 5598 1282 5637 eum
1320 5593 1374 5639 et
1402 5597 1672 5654 sanctum,
1713 5589 1833 5648 ideo
1863 5591 1938 5645 illi

2031 4448 2178 4508 pctu,
2206 4438 2294 4493 vel
2319 4437 2673 4494 succubuisse
2694 4438 2950 4508 aliquem,
2976 4439 3060 4494 vel
3086 4439 3332 4510 periisse,
3364 4438 3613 4496 inﬁmus

2032 4529 2246 4583 animus
2280 4528 2596 4590 aestimaret,
2628 4528 2850 4582 subdit:
2883 4528 3144 4586 Habentes
3187 4545 3372 4583 nomen
3393 4529 3526 4597 ejus,
3559 4538 3608 4582 et

2031 4633 2218 4671 nomen
2245 4617 2411 4687 patris
2452 4615 2566 4685 ejus
2602 4617 2852 4686 scriptum
2894 4617 2950 4669 iu
2993 4616 3247 4684 frontibus
3283 4618 3412 4670 suis.
3453 4616 3610 4683 Quod

2035 4704 2185 4768 dicit,
2213 4719 2431 4769 nomen,
2465 4703 2785 4774 intelligitur
2810 4704 2954 4774 agni,
2981 4711 3035 4759 et
3058 4717 3253 4759 nomen
3276 4707 3446 4776 patris
3468 4705 3607 4776 eius,

2033 4793 2352 4861 intelligitur
2379 4792 2474 4848 Dei
2499 4793 2698 4848 Patris.

2105 4881 2176 4936 Et
2207 4882 2388 4936 audivi
2417 4899 2590 4937 vocent
2624 4883 2688 4936 de
2723 4883 2870 4938 cwlo.
2915 4883 2972 4937 Id
3005 4893 3109 4949 est,
3141 4884 3461 4950 Ecclesium,
3492 4902 3612 4957 quae

2033 4973 2231 5028 caelum
2261 4974 2460 5042 saepius
2500 4973 2555 5028 in
2598 4973 2798 5030 divinis
2833 4975 3146 5030 nominatur
3179 4974 3498 5046 Scripturis.
3537 4978 3615 5034 De

2036 5062 2281 5118 Ecclesia
2308 5063 2454 5118 enim
2483 5064 2744 5132 scriptum
2769 5072 2890 5120 est:
2924 5063 3124 5120 Caelum
3163 5068 3292 5122 mihi
3329 5070 3476 5125 sedes
3512 5081 3609 5126 est.

2038 5151 2106 5226 Et
2139 5151 2206 5207 de
2249 5149 2492 5219 ejusdem
2534 5152 2788 5209 Ecclesia:
2827 5155 3270 5222 praedicatoribus
3307 5161 3610 5231 scriptum:

2038 5238 2166 5295 Cafi
2193 5250 2446 5295 enarrant
2479 5239 2701 5310 gloriam
2743 5241 2861 5295 Dei.
2903 5243 3094 5316 Magna
3134 5263 3237 5302 vos
3279 5259 3613 5317 sanctorum,

2039 5343 2233 5398 magna
2260 5337 2346 5383 est
2371 5328 2586 5384 devotio
2613 5329 2914 5397 charitatis,
2948 5348 3114 5402 quam
3147 5351 3208 5390 se
3236 5338 3300 5393 de
3336 5340 3475 5395 eaalo
3513 5356 3612 5394 au-

2041 5417 2187 5472 disse
2224 5417 2412 5483 refert,
2438 5432 2562 5471 cum
2597 5432 2692 5473 eos
2718 5421 2810 5487 qui
2838 5435 3020 5477 vocem
3063 5425 3368 5492 ediderunt,
3399 5429 3452 5482 in
3483 5428 3614 5484 Sion
3651 5419 3660 5424 ’

2041 5516 2223 5562 monte
2272 5517 2418 5564 stare
2464 5508 2799 5578 przediceret,
2865 5521 2923 5568 ut
2966 5516 3216 5572 ostendat
3266 5533 3327 5573 se
3379 5532 3616 5576 montem

2046 5596 2175 5653 Sion
2216 5615 2322 5655 non
2369 5599 2514 5656 aliud
2547 5616 2709 5670 quam
2757 5603 3056 5662 Ecelesiam
3107 5609 3340 5677 dixisse,
3384 5627 3503 5681 qua:
3549 5616 3616 5670 ad
