  <div class='ocr_page' id='page_1' title='image "/cluster/home/n/w/nwhite01/storage/ocr_20150623/102/hvd.32044052820032/030.png"; bbox 0 0 3994 6204; ppageno 0'>
   <div class='ocr_carea' id='block_1_1' title="bbox 370 444 3637 523">
    <p class='ocr_par' dir='ltr' id='par_1_1' title="bbox 370 444 3637 523">
     <span class='ocr_line' id='line_1_1' title="bbox 370 444 3637 523; baseline -0.008 0"><span class='ocrx_word' id='word_1_1' title='bbox 370 464 440 523; x_wconf 63' lang='grc'><strong>49</strong></span> <span class='ocrx_word' id='word_1_2' title='bbox 1200 451 1718 511; x_wconf 81' lang='lat' dir='ltr'><strong>COLLECTIONES</strong></span> <span class='ocrx_word' id='word_1_3' title='bbox 1756 452 1823 508; x_wconf 80' lang='grc' dir='ltr'><strong>ΙΝ</strong></span> <span class='ocrx_word' id='word_1_4' title='bbox 1861 444 2242 516; x_wconf 79' lang='lat' dir='ltr'><strong>EPISTOLAS</strong></span> <span class='ocrx_word' id='word_1_5' title='bbox 2277 449 2364 507; x_wconf 79' lang='lat' dir='ltr'><strong>ET</strong></span> <span class='ocrx_word' id='word_1_6' title='bbox 2400 447 2814 508; x_wconf 85' lang='lat' dir='ltr'><strong>EVANGELIA.</strong></span> <span class='ocrx_word' id='word_1_7' title='bbox 3198 491 3200 493; x_wconf 50' lang='grc' dir='ltr'><strong>μ</strong></span> <span class='ocrx_word' id='word_1_8' title='bbox 3567 453 3637 509; x_wconf 75' lang='lat' dir='ltr'><strong>so</strong></span> 
     </span>
    </p>
   </div>
   <div class='ocr_carea' id='block_1_2' title="bbox 369 537 3643 640">
    <p class='ocr_par' dir='ltr' id='par_1_2' title="bbox 369 537 3643 640">
     <span class='ocr_line' id='line_1_2' title="bbox 369 537 3643 640; baseline -0.002 -13"><span class='ocrx_word' id='word_1_9' title='bbox 369 567 709 628; x_wconf 81' lang='lat' dir='ltr'><strong>devincenda</strong></span> <span class='ocrx_word' id='word_1_10' title='bbox 741 537 1062 640; x_wconf 30' lang='lat' dir='ltr'><strong>igravamina</strong></span> <span class='ocrx_word' id='word_1_11' title='bbox 1102 580 1478 637; x_wconf 88' lang='lat' dir='ltr'><strong>pressurarum</strong></span> <span class='ocrx_word' id='word_1_12' title='bbox 1501 607 1514 631; x_wconf 93' lang='lat'><strong>,</strong></span> <span class='ocrx_word' id='word_1_13' title='bbox 1560 548 1774 620; x_wconf 85' lang='lat' dir='ltr'><strong>sublimi</strong></span> <span class='ocrx_word' id='word_1_14' title='bbox 1817 579 1948 620; x_wconf 86' lang='lat' dir='ltr'><strong>con-</strong></span> <span class='ocrx_word' id='word_1_15' title='bbox 1976 565 2026 626; x_wconf 80' lang='grc' dir='ltr'><strong>Α</strong></span> <span class='ocrx_word' id='word_1_16' title='bbox 2053 562 2200 634; x_wconf 88' lang='lat' dir='ltr'><strong>ginta</strong></span> <span class='ocrx_word' id='word_1_17' title='bbox 2242 563 2480 634; x_wconf 81' lang='lat' dir='ltr'><strong>quinque</strong></span> <span class='ocrx_word' id='word_1_18' title='bbox 2520 563 2710 631; x_wconf 87' lang='lat' dir='ltr'><strong>millia,</strong></span> <span class='ocrx_word' id='word_1_19' title='bbox 2739 563 2832 635; x_wconf 87' lang='lat' dir='ltr'><strong>qui</strong></span> <span class='ocrx_word' id='word_1_20' title='bbox 2861 563 3027 635; x_wconf 88' lang='lat' dir='ltr'><strong>empti</strong></span> <span class='ocrx_word' id='word_1_21' title='bbox 3054 573 3180 620; x_wconf 79' lang='lat' dir='ltr'><strong>sunt</strong></span> <span class='ocrx_word' id='word_1_22' title='bbox 3205 563 3272 620; x_wconf 91' lang='lat' dir='ltr'><strong>de</strong></span> <span class='ocrx_word' id='word_1_23' title='bbox 3303 571 3466 620; x_wconf 87' lang='lat' dir='ltr'><strong>terra.</strong></span> <span class='ocrx_word' id='word_1_24' title='bbox 3512 564 3643 621; x_wconf 78' lang='lat' dir='ltr'><strong>Sin-</strong></span> 
     </span>
    </p>
   </div>
   <div class='ocr_carea' id='block_1_3' title="bbox 371 657 1951 735">
    <p class='ocr_par' dir='ltr' id='par_1_3' title="bbox 371 657 1951 735">
     <span class='ocr_line' id='line_1_3' title="bbox 371 657 1951 735; baseline -0.006 -15"><span class='ocrx_word' id='word_1_25' title='bbox 371 662 725 735; x_wconf 88' lang='lat' dir='ltr'><strong>templatione</strong></span> <span class='ocrx_word' id='word_1_26' title='bbox 783 670 967 717; x_wconf 89' lang='lat' dir='ltr'><strong>erecta</strong></span> <span class='ocrx_word' id='word_1_27' title='bbox 1030 659 1225 730; x_wconf 88' lang='lat' dir='ltr'><strong>gaudio</strong></span> <span class='ocrx_word' id='word_1_28' title='bbox 1249 701 1264 726; x_wconf 92' lang='lat'><strong>,</strong></span> <span class='ocrx_word' id='word_1_29' title='bbox 1317 659 1461 731; x_wconf 86' lang='lat' dir='ltr'><strong>regis</strong></span> <span class='ocrx_word' id='word_1_30' title='bbox 1512 659 1595 714; x_wconf 90' lang='lat' dir='ltr'><strong>sui</strong></span> <span class='ocrx_word' id='word_1_31' title='bbox 1649 657 1951 715; x_wconf 89' lang='lat' dir='ltr'><strong>certamina</strong></span> 
     </span>
    </p>
   </div>
   <div class='ocr_carea' id='block_1_4' title="bbox 368 748 1951 810">
    <p class='ocr_par' dir='ltr' id='par_1_4' title="bbox 368 748 1951 810">
     <span class='ocr_line' id='line_1_4' title="bbox 368 748 1951 810; baseline -0.006 1"><span class='ocrx_word' id='word_1_32' title='bbox 368 755 528 810; x_wconf 84' lang='lat' dir='ltr'><strong>laude</strong></span> <span class='ocrx_word' id='word_1_33' title='bbox 557 752 718 808; x_wconf 87' lang='lat' dir='ltr'><strong>simul</strong></span> <span class='ocrx_word' id='word_1_34' title='bbox 748 760 803 807; x_wconf 91' lang='lat' dir='ltr'><strong>et</strong></span> <span class='ocrx_word' id='word_1_35' title='bbox 831 751 1136 806; x_wconf 72' lang='lat' dir='ltr'><strong>imitatione</strong></span> <span class='ocrx_word' id='word_1_36' title='bbox 1163 749 1524 806; x_wconf 83' lang='lat' dir='ltr'><strong>concelebrat.</strong></span> <span class='ocrx_word' id='word_1_37' title='bbox 1557 748 1671 805; x_wconf 82' lang='lat' dir='ltr'><strong>Hoc</strong></span> <span class='ocrx_word' id='word_1_38' title='bbox 1699 757 1782 804; x_wconf 91' lang='lat' dir='ltr'><strong>est</strong></span> <span class='ocrx_word' id='word_1_39' title='bbox 1805 749 1951 803; x_wconf 88' lang='lat' dir='ltr'><strong>enim</strong></span> 
     </span>
    </p>
   </div>
   <div class='ocr_carea' id='block_1_5' title="bbox 367 841 1277 916">
    <p class='ocr_par' dir='ltr' id='par_1_5' title="bbox 367 841 1277 916">
     <span class='ocr_line' id='line_1_5' title="bbox 367 841 1277 916; baseline -0.003 -15"><span class='ocrx_word' id='word_1_40' title='bbox 367 847 640 902; x_wconf 72' lang='lat' dir='ltr'><strong>veraciter</strong></span> <span class='ocrx_word' id='word_1_41' title='bbox 666 859 806 916; x_wconf 86' lang='lat' dir='ltr'><strong>agno</strong></span> <span class='ocrx_word' id='word_1_42' title='bbox 835 841 999 898; x_wconf 88' lang='lat' dir='ltr'><strong>stanti</strong></span> <span class='ocrx_word' id='word_1_43' title='bbox 1030 841 1277 912; x_wconf 87' lang='lat' dir='ltr'><strong>psallere.</strong></span> 
     </span>
    </p>
   </div>
   <div class='ocr_carea' id='block_1_6' title="bbox 443 929 1953 1006">
    <p class='ocr_par' dir='ltr' id='par_1_6' title="bbox 443 929 1953 1006">
     <span class='ocr_line' id='line_1_6' title="bbox 443 929 1953 1006; baseline -0.004 -16"><span class='ocrx_word' id='word_1_44' title='bbox 443 936 720 1006; x_wconf 84' lang='lat' dir='ltr'><strong>Tanquam</strong></span> <span class='ocrx_word' id='word_1_45' title='bbox 768 949 945 987; x_wconf 81' lang='lat' dir='ltr'><strong>vocem</strong></span> <span class='ocrx_word' id='word_1_46' title='bbox 985 947 1242 1003; x_wconf 87' lang='lat' dir='ltr'><strong>aquarum</strong></span> <span class='ocrx_word' id='word_1_47' title='bbox 1278 929 1590 996; x_wconf 84' lang='lat' dir='ltr'><strong>multarum,</strong></span> <span class='ocrx_word' id='word_1_48' title='bbox 1621 939 1671 986; x_wconf 88' lang='lat' dir='ltr'><strong>et</strong></span> <span class='ocrx_word' id='word_1_49' title='bbox 1703 939 1953 1002; x_wconf 78' lang='lat' dir='ltr'><strong>tanquam</strong></span> 
     </span>
    </p>
   </div>
   <div class='ocr_carea' id='block_1_7' title="bbox 369 1020 1952 1092">
    <p class='ocr_par' dir='ltr' id='par_1_7' title="bbox 369 1020 1952 1092">
     <span class='ocr_line' id='line_1_7' title="bbox 369 1020 1952 1092; baseline -0.004 -11"><span class='ocrx_word' id='word_1_50' title='bbox 369 1042 543 1082; x_wconf 71' lang='lat' dir='ltr'><strong>vocem</strong></span> <span class='ocrx_word' id='word_1_51' title='bbox 597 1024 819 1077; x_wconf 85' lang='lat' dir='ltr'><strong>tonitrui</strong></span> <span class='ocrx_word' id='word_1_52' title='bbox 865 1023 1064 1092; x_wconf 82' lang='lat' dir='ltr'><strong>magni.</strong></span> <span class='ocrx_word' id='word_1_53' title='bbox 1115 1020 1253 1088; x_wconf 82' lang='lat' dir='ltr'><strong>Quid</strong></span> <span class='ocrx_word' id='word_1_54' title='bbox 1298 1035 1398 1091; x_wconf 89' lang='lat' dir='ltr'><strong>per</strong></span> <span class='ocrx_word' id='word_1_55' title='bbox 1444 1037 1635 1078; x_wconf 85' lang='lat' dir='ltr'><strong>vocem</strong></span> <span class='ocrx_word' id='word_1_56' title='bbox 1690 1037 1952 1092; x_wconf 88' lang='lat' dir='ltr'><strong>aquarum</strong></span> 
     </span>
    </p>
   </div>
   <div class='ocr_carea' id='block_1_8' title="bbox 373 1103 1954 1183">
    <p class='ocr_par' dir='ltr' id='par_1_8' title="bbox 373 1103 1954 1183">
     <span class='ocr_line' id='line_1_8' title="bbox 373 1103 1954 1183; baseline -0.002 -12"><span class='ocrx_word' id='word_1_57' title='bbox 373 1103 690 1178; x_wconf 77' lang='lat' dir='ltr'><strong>multarum,</strong></span> <span class='ocrx_word' id='word_1_58' title='bbox 734 1111 838 1167; x_wconf 83' lang='lat' dir='ltr'><strong>nisi</strong></span> <span class='ocrx_word' id='word_1_59' title='bbox 865 1129 969 1168; x_wconf 84' lang='lat' dir='ltr'><strong>vox</strong></span> <span class='ocrx_word' id='word_1_60' title='bbox 995 1111 1315 1182; x_wconf 80' lang='lat' dir='ltr'><strong>intelligitur</strong></span> <span class='ocrx_word' id='word_1_61' title='bbox 1341 1112 1792 1183; x_wconf 57' lang='lat' dir='ltr'><strong>praedicatorum?</strong></span> <span class='ocrx_word' id='word_1_62' title='bbox 1813 1111 1954 1179; x_wconf 83' lang='lat' dir='ltr'><strong>Quid</strong></span> 
     </span>
    </p>
   </div>
   <div class='ocr_carea' id='block_1_9' title="bbox 372 1189 1954 1276">
    <p class='ocr_par' dir='ltr' id='par_1_9' title="bbox 372 1189 1954 1276">
     <span class='ocr_line' id='line_1_9' title="bbox 372 1189 1954 1276; baseline -0.003 -15"><span class='ocrx_word' id='word_1_63' title='bbox 372 1221 474 1276; x_wconf 89' lang='lat' dir='ltr'><strong>per</strong></span> <span class='ocrx_word' id='word_1_64' title='bbox 508 1220 698 1260; x_wconf 82' lang='lat' dir='ltr'><strong>vocem</strong></span> <span class='ocrx_word' id='word_1_65' title='bbox 736 1203 962 1258; x_wconf 90' lang='lat' dir='ltr'><strong>tonitrui</strong></span> <span class='ocrx_word' id='word_1_66' title='bbox 1005 1189 1206 1274; x_wconf 82' lang='lat' dir='ltr'><strong>magni,</strong></span> <span class='ocrx_word' id='word_1_67' title='bbox 1239 1201 1345 1258; x_wconf 89' lang='lat' dir='ltr'><strong>nisi</strong></span> <span class='ocrx_word' id='word_1_68' title='bbox 1374 1218 1477 1258; x_wconf 83' lang='lat' dir='ltr'><strong>vox</strong></span> <span class='ocrx_word' id='word_1_69' title='bbox 1505 1202 1780 1273; x_wconf 81' lang='lat' dir='ltr'><strong>Evangelii</strong></span> <span class='ocrx_word' id='word_1_70' title='bbox 1809 1202 1954 1258; x_wconf 51' lang='lat' dir='ltr'><strong>dest</strong></span> 
     </span>
    </p>
   </div>
   <div class='ocr_carea' id='block_1_10' title="bbox 371 1292 1953 1366">
    <p class='ocr_par' dir='ltr' id='par_1_10' title="bbox 371 1292 1953 1366">
     <span class='ocr_line' id='line_1_10' title="bbox 371 1292 1953 1366; baseline 0.001 -18"><span class='ocrx_word' id='word_1_71' title='bbox 371 1293 613 1366; x_wconf 83' lang='lat' dir='ltr'><strong>guatur?</strong></span> <span class='ocrx_word' id='word_1_72' title='bbox 684 1292 838 1350; x_wconf 87' lang='lat' dir='ltr'><strong>Unde</strong></span> <span class='ocrx_word' id='word_1_73' title='bbox 889 1302 943 1348; x_wconf 90' lang='lat' dir='ltr'><strong>ct</strong></span> <span class='ocrx_word' id='word_1_74' title='bbox 993 1293 1211 1364; x_wconf 86' lang='lat' dir='ltr'><strong>quidam</strong></span> <span class='ocrx_word' id='word_1_75' title='bbox 1285 1295 1511 1364; x_wconf 87' lang='lat' dir='ltr'><strong>apostoli</strong></span> <span class='ocrx_word' id='word_1_76' title='bbox 1575 1295 1668 1350; x_wconf 79' lang='lat' dir='ltr'><strong>lilii</strong></span> <span class='ocrx_word' id='word_1_77' title='bbox 1730 1295 1953 1350; x_wconf 90' lang='lat' dir='ltr'><strong>tonitrui</strong></span> 
     </span>
    </p>
   </div>
   <div class='ocr_carea' id='block_1_11' title="bbox 371 1383 1952 1455">
    <p class='ocr_par' dir='ltr' id='par_1_11' title="bbox 371 1383 1952 1455">
     <span class='ocr_line' id='line_1_11' title="bbox 371 1383 1952 1455; baseline 0.001 -17"><span class='ocrx_word' id='word_1_78' title='bbox 371 1384 759 1439; x_wconf 80' lang='lat' dir='ltr'><strong>nominantur.</strong></span> <span class='ocrx_word' id='word_1_79' title='bbox 801 1383 1062 1439; x_wconf 85' lang='lat' dir='ltr'><strong>Tonitrua</strong></span> <span class='ocrx_word' id='word_1_80' title='bbox 1109 1384 1253 1438; x_wconf 89' lang='lat' dir='ltr'><strong>enim</strong></span> <span class='ocrx_word' id='word_1_81' title='bbox 1300 1393 1427 1439; x_wconf 88' lang='lat' dir='ltr'><strong>sunt</strong></span> <span class='ocrx_word' id='word_1_82' title='bbox 1477 1384 1806 1455; x_wconf 76' lang='lat' dir='ltr'><strong>Evangelia,</strong></span> <span class='ocrx_word' id='word_1_83' title='bbox 1863 1385 1952 1440; x_wconf 87' lang='lat' dir='ltr'><strong>ubi</strong></span> 
     </span>
    </p>
   </div>
   <div class='ocr_carea' id='block_1_12' title="bbox 373 1460 1956 1546">
    <p class='ocr_par' dir='ltr' id='par_1_12' title="bbox 373 1460 1956 1546">
     <span class='ocr_line' id='line_1_12' title="bbox 373 1460 1956 1546; baseline 0.001 -18"><span class='ocrx_word' id='word_1_84' title='bbox 373 1474 752 1528; x_wconf 81' lang='lat' dir='ltr'><strong>comminando</strong></span> <span class='ocrx_word' id='word_1_85' title='bbox 778 1474 931 1527; x_wconf 91' lang='lat' dir='ltr'><strong>aiunt</strong></span> <span class='ocrx_word' id='word_1_86' title='bbox 957 1491 969 1526; x_wconf 90' lang='lat'><strong>:</strong></span> <span class='ocrx_word' id='word_1_87' title='bbox 1001 1471 1185 1527; x_wconf 80' lang='lat' dir='ltr'><strong>Omnis</strong></span> <span class='ocrx_word' id='word_1_88' title='bbox 1217 1460 1536 1546; x_wconf 55' lang='lat' dir='ltr'><strong>urbemque?</strong></span> <span class='ocrx_word' id='word_1_89' title='bbox 1562 1487 1664 1528; x_wconf 85' lang='lat' dir='ltr'><strong>non</strong></span> <span class='ocrx_word' id='word_1_90' title='bbox 1693 1475 1822 1545; x_wconf 74' lang='lat' dir='ltr'><strong>facit</strong></span> <span class='ocrx_word' id='word_1_91' title='bbox 1845 1475 1956 1545; x_wconf 79' lang='lat' dir='ltr'><strong>fru-</strong></span> 
     </span>
    </p>
   </div>
   <div class='ocr_carea' id='block_1_13' title="bbox 374 1562 1668 1633">
    <p class='ocr_par' dir='ltr' id='par_1_13' title="bbox 374 1562 1668 1633">
     <span class='ocr_line' id='line_1_13' title="bbox 374 1562 1668 1633; baseline 0.001 -17"><span class='ocrx_word' id='word_1_92' title='bbox 374 1574 513 1617; x_wconf 83' lang='lat' dir='ltr'><strong>ctum</strong></span> <span class='ocrx_word' id='word_1_93' title='bbox 542 1563 753 1620; x_wconf 85' lang='lat' dir='ltr'><strong>bonum.</strong></span> <span class='ocrx_word' id='word_1_94' title='bbox 784 1562 1046 1616; x_wconf 77' lang='lat' dir='ltr'><strong>exciditur</strong></span> <span class='ocrx_word' id='word_1_95' title='bbox 1069 1571 1120 1615; x_wconf 87' lang='lat' dir='ltr'><strong>et</strong></span> <span class='ocrx_word' id='word_1_96' title='bbox 1149 1563 1201 1615; x_wconf 86' lang='lat' dir='ltr'><strong>in</strong></span> <span class='ocrx_word' id='word_1_97' title='bbox 1225 1563 1396 1633; x_wconf 84' lang='lat' dir='ltr'><strong>ignem</strong></span> <span class='ocrx_word' id='word_1_98' title='bbox 1424 1563 1668 1617; x_wconf 80' lang='lat' dir='ltr'><strong>mittitur.</strong></span> 
     </span>
    </p>
   </div>
   <div class='ocr_carea' id='block_1_14' title="bbox 443 1651 1954 1724">
    <p class='ocr_par' dir='ltr' id='par_1_14' title="bbox 443 1651 1954 1724">
     <span class='ocr_line' id='line_1_14' title="bbox 443 1651 1954 1724; baseline 0.001 -18"><span class='ocrx_word' id='word_1_99' title='bbox 443 1652 513 1706; x_wconf 86' lang='lat' dir='ltr'><strong>Et</strong></span> <span class='ocrx_word' id='word_1_100' title='bbox 553 1669 726 1707; x_wconf 85' lang='lat' dir='ltr'><strong>vocem</strong></span> <span class='ocrx_word' id='word_1_101' title='bbox 765 1669 920 1724; x_wconf 81' lang='lat' dir='ltr'><strong>quant</strong></span> <span class='ocrx_word' id='word_1_102' title='bbox 961 1651 1159 1716; x_wconf 77' lang='lat' dir='ltr'><strong>audivi,</strong></span> <span class='ocrx_word' id='word_1_103' title='bbox 1191 1653 1325 1705; x_wconf 82' lang='lat' dir='ltr'><strong>sicut</strong></span> <span class='ocrx_word' id='word_1_104' title='bbox 1355 1653 1756 1707; x_wconf 63' lang='lat' dir='ltr'><strong>citharoedorum</strong></span> <span class='ocrx_word' id='word_1_105' title='bbox 1787 1655 1954 1708; x_wconf 74' lang='lat' dir='ltr'><strong>citha-</strong></span> 
     </span>
    </p>
   </div>
   <div class='ocr_carea' id='block_1_15' title="bbox 372 1743 1953 1815">
    <p class='ocr_par' dir='ltr' id='par_1_15' title="bbox 372 1743 1953 1815">
     <span class='ocr_line' id='line_1_15' title="bbox 372 1743 1953 1815; baseline 0.002 -16"><span class='ocrx_word' id='word_1_106' title='bbox 372 1747 654 1799; x_wconf 76' lang='lat' dir='ltr'><strong>rizantium</strong></span> <span class='ocrx_word' id='word_1_107' title='bbox 668 1747 721 1800; x_wconf 82' lang='lat' dir='ltr'><strong>in</strong></span> <span class='ocrx_word' id='word_1_108' title='bbox 744 1745 962 1798; x_wconf 83' lang='lat' dir='ltr'><strong>citharis</strong></span> <span class='ocrx_word' id='word_1_109' title='bbox 984 1744 1114 1798; x_wconf 86' lang='lat' dir='ltr'><strong>suis.</strong></span> <span class='ocrx_word' id='word_1_110' title='bbox 1134 1743 1272 1812; x_wconf 82' lang='lat' dir='ltr'><strong>Quid</strong></span> <span class='ocrx_word' id='word_1_111' title='bbox 1293 1758 1390 1815; x_wconf 88' lang='lat' dir='ltr'><strong>per</strong></span> <span class='ocrx_word' id='word_1_112' title='bbox 1408 1760 1594 1800; x_wconf 88' lang='lat' dir='ltr'><strong>vocem</strong></span> <span class='ocrx_word' id='word_1_113' title='bbox 1621 1746 1953 1802; x_wconf 86' lang='lat' dir='ltr'><strong>citharizan-</strong></span> 
     </span>
    </p>
   </div>
   <div class='ocr_carea' id='block_1_16' title="bbox 371 1835 1952 1907">
    <p class='ocr_par' dir='ltr' id='par_1_16' title="bbox 371 1835 1952 1907">
     <span class='ocr_line' id='line_1_16' title="bbox 371 1835 1952 1907; baseline 0.001 -17"><span class='ocrx_word' id='word_1_114' title='bbox 371 1837 532 1902; x_wconf 88' lang='lat' dir='ltr'><strong>tium,</strong></span> <span class='ocrx_word' id='word_1_115' title='bbox 559 1835 666 1890; x_wconf 84' lang='lat' dir='ltr'><strong>nisi</strong></span> <span class='ocrx_word' id='word_1_116' title='bbox 693 1849 798 1890; x_wconf 77' lang='lat' dir='ltr'><strong>vox</strong></span> <span class='ocrx_word' id='word_1_117' title='bbox 827 1849 1066 1890; x_wconf 86' lang='lat' dir='ltr'><strong>consona</strong></span> <span class='ocrx_word' id='word_1_118' title='bbox 1106 1835 1348 1890; x_wconf 89' lang='lat' dir='ltr'><strong>omnium</strong></span> <span class='ocrx_word' id='word_1_119' title='bbox 1397 1836 1714 1907; x_wconf 83' lang='lat' dir='ltr'><strong>designatur</strong></span> <span class='ocrx_word' id='word_1_120' title='bbox 1751 1839 1952 1906; x_wconf 67' lang='lat' dir='ltr'><strong>prtedi-</strong></span> 
     </span>
    </p>
   </div>
   <div class='ocr_carea' id='block_1_17' title="bbox 2055 653 3637 726">
    <p class='ocr_par' dir='ltr' id='par_1_17' title="bbox 2055 653 3637 726">
     <span class='ocr_line' id='line_1_17' title="bbox 2055 653 3637 726; baseline 0.004 -20"><span class='ocrx_word' id='word_1_121' title='bbox 2055 653 2312 724; x_wconf 88' lang='lat' dir='ltr'><strong>gulariter</strong></span> <span class='ocrx_word' id='word_1_122' title='bbox 2338 655 2624 709; x_wconf 70' lang='lat' dir='ltr'><strong>canticum.</strong></span> <span class='ocrx_word' id='word_1_123' title='bbox 2635 669 2774 726; x_wconf 88' lang='lat' dir='ltr'><strong>agno</strong></span> <span class='ocrx_word' id='word_1_124' title='bbox 2801 665 3048 722; x_wconf 78' lang='lat' dir='ltr'><strong>cantate,</strong></span> <span class='ocrx_word' id='word_1_125' title='bbox 3075 667 3162 712; x_wconf 84' lang='lat' dir='ltr'><strong>est</strong></span> <span class='ocrx_word' id='word_1_126' title='bbox 3187 671 3312 711; x_wconf 91' lang='lat' dir='ltr'><strong>cum</strong></span> <span class='ocrx_word' id='word_1_127' title='bbox 3334 671 3401 711; x_wconf 92' lang='lat' dir='ltr'><strong>eo</strong></span> <span class='ocrx_word' id='word_1_128' title='bbox 3433 657 3489 712; x_wconf 90' lang='lat' dir='ltr'><strong>in</strong></span> <span class='ocrx_word' id='word_1_129' title='bbox 3513 671 3637 726; x_wconf 85' lang='lat' dir='ltr'><strong>per-</strong></span> 
     </span>
    </p>
   </div>
   <div class='ocr_carea' id='block_1_18' title="bbox 2052 743 3641 814">
    <p class='ocr_par' dir='ltr' id='par_1_18' title="bbox 2052 743 3641 814">
     <span class='ocr_line' id='line_1_18' title="bbox 2052 743 3641 814; baseline 0.003 -16"><span class='ocrx_word' id='word_1_130' title='bbox 2052 751 2275 814; x_wconf 88' lang='lat' dir='ltr'><strong>petuum</strong></span> <span class='ocrx_word' id='word_1_131' title='bbox 2299 758 2413 813; x_wconf 68' lang='lat' dir='ltr'><strong>prae</strong></span> <span class='ocrx_word' id='word_1_132' title='bbox 2440 743 2651 799; x_wconf 79' lang='lat' dir='ltr'><strong>cunctis</strong></span> <span class='ocrx_word' id='word_1_133' title='bbox 2682 744 2928 800; x_wconf 82' lang='lat' dir='ltr'><strong>ﬁdelibus</strong></span> <span class='ocrx_word' id='word_1_134' title='bbox 2957 746 3124 801; x_wconf 89' lang='lat' dir='ltr'><strong>etiam</strong></span> <span class='ocrx_word' id='word_1_135' title='bbox 3152 745 3222 802; x_wconf 87' lang='lat' dir='ltr'><strong>de</strong></span> <span class='ocrx_word' id='word_1_136' title='bbox 3243 746 3428 802; x_wconf 86' lang='lat' dir='ltr'><strong>carnis</strong></span> <span class='ocrx_word' id='word_1_137' title='bbox 3456 747 3641 803; x_wconf 78' lang='lat' dir='ltr'><strong>incor-</strong></span> 
     </span>
    </p>
   </div>
   <div class='ocr_carea' id='block_1_19' title="bbox 2055 833 3638 906">
    <p class='ocr_par' dir='ltr' id='par_1_19' title="bbox 2055 833 3638 906">
     <span class='ocr_line' id='line_1_19' title="bbox 2055 833 3638 906; baseline 0.004 -19"><span class='ocrx_word' id='word_1_138' title='bbox 2055 833 2305 903; x_wconf 90' lang='lat' dir='ltr'><strong>ruptione</strong></span> <span class='ocrx_word' id='word_1_139' title='bbox 2351 835 2606 906; x_wconf 87' lang='lat' dir='ltr'><strong>gaudere.</strong></span> <span class='ocrx_word' id='word_1_140' title='bbox 2659 834 2815 902; x_wconf 85' lang='lat' dir='ltr'><strong>Quod</strong></span> <span class='ocrx_word' id='word_1_141' title='bbox 2852 844 3034 891; x_wconf 83' lang='lat' dir='ltr'><strong>tamen</strong></span> <span class='ocrx_word' id='word_1_142' title='bbox 3057 836 3218 892; x_wconf 88' lang='lat' dir='ltr'><strong>electi</strong></span> <span class='ocrx_word' id='word_1_143' title='bbox 3253 839 3439 894; x_wconf 69' lang='lat' dir='ltr'><strong>caeteri</strong></span> <span class='ocrx_word' id='word_1_144' title='bbox 3463 839 3638 895; x_wconf 83' lang='lat' dir='ltr'><strong>canti—</strong></span> 
     </span>
    </p>
   </div>
   <div class='ocr_carea' id='block_1_20' title="bbox 2055 927 3639 1003">
    <p class='ocr_par' dir='ltr' id='par_1_20' title="bbox 2055 927 3639 1003">
     <span class='ocr_line' id='line_1_20' title="bbox 2055 927 3639 1003; baseline 0.005 -24"><span class='ocrx_word' id='word_1_145' title='bbox 2055 939 2178 980; x_wconf 85' lang='lat' dir='ltr'><strong>cum</strong></span> <span class='ocrx_word' id='word_1_146' title='bbox 2209 927 2398 981; x_wconf 91' lang='lat' dir='ltr'><strong>audire</strong></span> <span class='ocrx_word' id='word_1_147' title='bbox 2434 937 2678 997; x_wconf 85' lang='lat' dir='ltr'><strong>possunt,</strong></span> <span class='ocrx_word' id='word_1_148' title='bbox 2711 927 2840 983; x_wconf 89' lang='lat' dir='ltr'><strong>licet</strong></span> <span class='ocrx_word' id='word_1_149' title='bbox 2864 930 3047 985; x_wconf 86' lang='lat' dir='ltr'><strong>dicere</strong></span> <span class='ocrx_word' id='word_1_150' title='bbox 3080 941 3375 1000; x_wconf 85' lang='lat' dir='ltr'><strong>nequeunt,</strong></span> <span class='ocrx_word' id='word_1_151' title='bbox 3411 933 3504 1002; x_wconf 88' lang='lat' dir='ltr'><strong>qui</strong></span> <span class='ocrx_word' id='word_1_152' title='bbox 3540 947 3639 1003; x_wconf 86' lang='lat' dir='ltr'><strong>per</strong></span> 
     </span>
    </p>
   </div>
   <div class='ocr_carea' id='block_1_21' title="bbox 2056 1017 3636 1089">
    <p class='ocr_par' dir='ltr' id='par_1_21' title="bbox 2056 1017 3636 1089">
     <span class='ocr_line' id='line_1_21' title="bbox 2056 1017 3636 1089; baseline 0.004 -18"><span class='ocrx_word' id='word_1_153' title='bbox 2056 1018 2383 1072; x_wconf 88' lang='lat' dir='ltr'><strong>charitatem</strong></span> <span class='ocrx_word' id='word_1_154' title='bbox 2425 1017 2645 1089; x_wconf 90' lang='lat' dir='ltr'><strong>quidem</strong></span> <span class='ocrx_word' id='word_1_155' title='bbox 2672 1033 2739 1074; x_wconf 80' lang='lat' dir='ltr'><strong>ex</strong></span> <span class='ocrx_word' id='word_1_156' title='bbox 2771 1020 2986 1075; x_wconf 88' lang='lat' dir='ltr'><strong>illorum</strong></span> <span class='ocrx_word' id='word_1_157' title='bbox 3010 1021 3329 1080; x_wconf 85' lang='lat' dir='ltr'><strong>celsitudine</strong></span> <span class='ocrx_word' id='word_1_158' title='bbox 3351 1023 3458 1079; x_wconf 71' lang='lat' dir='ltr'><strong>laeti</strong></span> <span class='ocrx_word' id='word_1_159' title='bbox 3488 1031 3636 1087; x_wconf 87' lang='lat' dir='ltr'><strong>sunt,</strong></span> 
     </span>
    </p>
   </div>
   <div class='ocr_carea' id='block_1_22' title="bbox 2055 1108 3330 1184">
    <p class='ocr_par' dir='ltr' id='par_1_22' title="bbox 2055 1108 3330 1184">
     <span class='ocr_line' id='line_1_22' title="bbox 2055 1108 3330 1184; baseline 0.005 -23"><span class='ocrx_word' id='word_1_160' title='bbox 2055 1108 2300 1178; x_wconf 77' lang='lat' dir='ltr'><strong>quamvis</strong></span> <span class='ocrx_word' id='word_1_161' title='bbox 2323 1108 2391 1164; x_wconf 86' lang='lat' dir='ltr'><strong>ad</strong></span> <span class='ocrx_word' id='word_1_162' title='bbox 2420 1123 2609 1164; x_wconf 90' lang='lat' dir='ltr'><strong>eorum</strong></span> <span class='ocrx_word' id='word_1_163' title='bbox 2639 1111 2858 1179; x_wconf 67' lang='lat' dir='ltr'><strong>prtemia</strong></span> <span class='ocrx_word' id='word_1_164' title='bbox 2890 1127 2995 1166; x_wconf 91' lang='lat' dir='ltr'><strong>non</strong></span> <span class='ocrx_word' id='word_1_165' title='bbox 3021 1121 3330 1184; x_wconf 83' lang='lat' dir='ltr'><strong>assurgunt.</strong></span> 
     </span>
    </p>
   </div>
   <div class='ocr_carea' id='block_1_23' title="bbox 2139 1197 3632 1275">
    <p class='ocr_par' dir='ltr' id='par_1_23' title="bbox 2139 1197 3632 1275">
     <span class='ocr_line' id='line_1_23' title="bbox 2139 1197 3632 1275; baseline 0.005 -23"><span class='ocrx_word' id='word_1_166' title='bbox 2139 1197 2371 1271; x_wconf 76' lang='lat' dir='ltr'><strong>Virgines</strong></span> <span class='ocrx_word' id='word_1_167' title='bbox 2387 1202 2525 1256; x_wconf 82' lang='lat' dir='ltr'><strong>enim</strong></span> <span class='ocrx_word' id='word_1_168' title='bbox 2545 1210 2688 1266; x_wconf 81' lang='lat' dir='ltr'><strong>sunt,</strong></span> <span class='ocrx_word' id='word_1_169' title='bbox 2705 1202 2758 1254; x_wconf 85' lang='lat' dir='ltr'><strong>hi</strong></span> <span class='ocrx_word' id='word_1_170' title='bbox 2777 1203 2867 1272; x_wconf 73' lang='lat' dir='ltr'><strong>qui</strong></span> <span class='ocrx_word' id='word_1_171' title='bbox 2889 1212 3178 1273; x_wconf 86' lang='lat' dir='ltr'><strong>sequuntur</strong></span> <span class='ocrx_word' id='word_1_172' title='bbox 3189 1219 3386 1274; x_wconf 81' lang='lat' dir='ltr'><strong>agnum</strong></span> <span class='ocrx_word' id='word_1_173' title='bbox 3403 1218 3632 1275; x_wconf 71' lang='lat' dir='ltr'><strong>quocun-</strong></span> 
     </span>
    </p>
   </div>
   <div class='ocr_carea' id='block_1_24' title="bbox 2053 1289 3637 1363">
    <p class='ocr_par' dir='ltr' id='par_1_24' title="bbox 2053 1289 3637 1363">
     <span class='ocr_line' id='line_1_24' title="bbox 2053 1289 3637 1363; baseline 0.004 -21"><span class='ocrx_word' id='word_1_174' title='bbox 2053 1305 2154 1360; x_wconf 86' lang='lat' dir='ltr'><strong>que</strong></span> <span class='ocrx_word' id='word_1_175' title='bbox 2177 1290 2316 1344; x_wconf 86' lang='lat' dir='ltr'><strong>ierit.</strong></span> <span class='ocrx_word' id='word_1_176' title='bbox 2362 1289 2490 1345; x_wconf 73' lang='lat' dir='ltr'><strong>[huc</strong></span> <span class='ocrx_word' id='word_1_177' title='bbox 2529 1289 2756 1360; x_wconf 85' lang='lat' dir='ltr'><strong>pulchre</strong></span> <span class='ocrx_word' id='word_1_178' title='bbox 2793 1289 2986 1347; x_wconf 89' lang='lat' dir='ltr'><strong>beatus</strong></span> <span class='ocrx_word' id='word_1_179' title='bbox 3017 1291 3366 1362; x_wconf 74' lang='lat' dir='ltr'><strong>Augustinus,</strong></span> <span class='ocrx_word' id='word_1_180' title='bbox 3398 1293 3637 1363; x_wconf 84' lang='lat' dir='ltr'><strong>virgines</strong></span> 
     </span>
    </p>
   </div>
   <div class='ocr_carea' id='block_1_25' title="bbox 2055 1379 3630 1452">
    <p class='ocr_par' dir='ltr' id='par_1_25' title="bbox 2055 1379 3630 1452">
     <span class='ocr_line' id='line_1_25' title="bbox 2055 1379 3630 1452; baseline 0.003 -20"><span class='ocrx_word' id='word_1_181' title='bbox 2055 1379 2415 1445; x_wconf 83' lang='lat' dir='ltr'><strong>admonendo,</strong></span> <span class='ocrx_word' id='word_1_182' title='bbox 2437 1381 2715 1450; x_wconf 82' lang='lat' dir='ltr'><strong>exposuit:</strong></span> <span class='ocrx_word' id='word_1_183' title='bbox 2735 1379 3001 1451; x_wconf 66' lang='lat' dir='ltr'><strong>«Pergite,</strong></span> <span class='ocrx_word' id='word_1_184' title='bbox 3025 1381 3297 1452; x_wconf 83' lang='lat' dir='ltr'><strong>inquiens,</strong></span> <span class='ocrx_word' id='word_1_185' title='bbox 3315 1383 3487 1438; x_wconf 85' lang='lat' dir='ltr'><strong>sancti</strong></span> <span class='ocrx_word' id='word_1_186' title='bbox 3512 1383 3630 1447; x_wconf 90' lang='lat' dir='ltr'><strong>Dei,</strong></span> 
     </span>
    </p>
   </div>
   <div class='ocr_carea' id='block_1_26' title="bbox 2053 1471 3632 1540">
    <p class='ocr_par' dir='ltr' id='par_1_26' title="bbox 2053 1471 3632 1540">
     <span class='ocr_line' id='line_1_26' title="bbox 2053 1471 3632 1540; baseline 0.004 -16"><span class='ocrx_word' id='word_1_187' title='bbox 2053 1471 2208 1539; x_wconf 88' lang='lat' dir='ltr'><strong>pueri</strong></span> <span class='ocrx_word' id='word_1_188' title='bbox 2235 1480 2292 1525; x_wconf 90' lang='lat' dir='ltr'><strong>et</strong></span> <span class='ocrx_word' id='word_1_189' title='bbox 2311 1471 2522 1540; x_wconf 66' lang='lat' dir='ltr'><strong>puellae,</strong></span> <span class='ocrx_word' id='word_1_190' title='bbox 2569 1486 2753 1526; x_wconf 85' lang='lat' dir='ltr'><strong>mares</strong></span> <span class='ocrx_word' id='word_1_191' title='bbox 2801 1486 2866 1527; x_wconf 91' lang='lat' dir='ltr'><strong>ac</strong></span> <span class='ocrx_word' id='word_1_192' title='bbox 2911 1471 3145 1539; x_wconf 66' lang='lat' dir='ltr'><strong>feminae,</strong></span> <span class='ocrx_word' id='word_1_193' title='bbox 3195 1473 3410 1530; x_wconf 65' lang='lat' dir='ltr'><strong>caelibes</strong></span> <span class='ocrx_word' id='word_1_194' title='bbox 3448 1483 3504 1529; x_wconf 85' lang='lat' dir='ltr'><strong>et</strong></span> <span class='ocrx_word' id='word_1_195' title='bbox 3550 1477 3632 1530; x_wconf 87' lang='lat' dir='ltr'><strong>in-</strong></span> 
     </span>
    </p>
   </div>
   <div class='ocr_carea' id='block_1_27' title="bbox 2054 1561 3638 1630">
    <p class='ocr_par' dir='ltr' id='par_1_27' title="bbox 2054 1561 3638 1630">
     <span class='ocr_line' id='line_1_27' title="bbox 2054 1561 3638 1630; baseline 0.006 -18"><span class='ocrx_word' id='word_1_196' title='bbox 2054 1567 2259 1627; x_wconf 82' lang='lat' dir='ltr'><strong>nuptae,</strong></span> <span class='ocrx_word' id='word_1_197' title='bbox 2291 1561 2500 1630; x_wconf 80' lang='lat' dir='ltr'><strong>pergite</strong></span> <span class='ocrx_word' id='word_1_198' title='bbox 2529 1562 2930 1629; x_wconf 86' lang='lat' dir='ltr'><strong>perseverando</strong></span> <span class='ocrx_word' id='word_1_199' title='bbox 2958 1563 3010 1617; x_wconf 92' lang='lat' dir='ltr'><strong>in</strong></span> <span class='ocrx_word' id='word_1_200' title='bbox 3043 1562 3227 1618; x_wconf 84' lang='lat' dir='ltr'><strong>ﬁnem.</strong></span> <span class='ocrx_word' id='word_1_201' title='bbox 3267 1564 3507 1622; x_wconf 88' lang='lat' dir='ltr'><strong>Landate</strong></span> <span class='ocrx_word' id='word_1_202' title='bbox 3532 1566 3638 1622; x_wconf 89' lang='lat' dir='ltr'><strong>Do-</strong></span> 
     </span>
    </p>
   </div>
   <div class='ocr_carea' id='block_1_28' title="bbox 2054 1649 3636 1727">
    <p class='ocr_par' dir='ltr' id='par_1_28' title="bbox 2054 1649 3636 1727">
     <span class='ocr_line' id='line_1_28' title="bbox 2054 1649 3636 1727; baseline 0.007 -25"><span class='ocrx_word' id='word_1_203' title='bbox 2054 1649 2263 1703; x_wconf 74' lang='lat' dir='ltr'><strong>suinum</strong></span> <span class='ocrx_word' id='word_1_204' title='bbox 2329 1650 2557 1715; x_wconf 84' lang='lat' dir='ltr'><strong>dulcius,</strong></span> <span class='ocrx_word' id='word_1_205' title='bbox 2607 1667 2768 1721; x_wconf 86' lang='lat' dir='ltr'><strong>quem</strong></span> <span class='ocrx_word' id='word_1_206' title='bbox 2823 1653 3076 1723; x_wconf 81' lang='lat' dir='ltr'><strong>cogitatis</strong></span> <span class='ocrx_word' id='word_1_207' title='bbox 3121 1655 3361 1711; x_wconf 82' lang='lat' dir='ltr'><strong>uberius.</strong></span> <span class='ocrx_word' id='word_1_208' title='bbox 3411 1654 3636 1727; x_wconf 85' lang='lat' dir='ltr'><strong>Sperate</strong></span> 
     </span>
    </p>
   </div>
   <div class='ocr_carea' id='block_1_29' title="bbox 2051 1741 3635 1814">
    <p class='ocr_par' dir='ltr' id='par_1_29' title="bbox 2051 1741 3635 1814">
     <span class='ocr_line' id='line_1_29' title="bbox 2051 1741 3635 1814; baseline 0.006 -20"><span class='ocrx_word' id='word_1_209' title='bbox 2051 1741 2284 1809; x_wconf 82' lang='lat' dir='ltr'><strong>felicius,</strong></span> <span class='ocrx_word' id='word_1_210' title='bbox 2311 1743 2398 1798; x_wconf 91' lang='lat' dir='ltr'><strong>cui</strong></span> <span class='ocrx_word' id='word_1_211' title='bbox 2426 1743 2644 1799; x_wconf 80' lang='lat' dir='ltr'><strong>servitis</strong></span> <span class='ocrx_word' id='word_1_212' title='bbox 2666 1745 2975 1801; x_wconf 89' lang='lat' dir='ltr'><strong>instantius.</strong></span> <span class='ocrx_word' id='word_1_213' title='bbox 3004 1745 3198 1800; x_wconf 88' lang='lat' dir='ltr'><strong>Amate</strong></span> <span class='ocrx_word' id='word_1_214' title='bbox 3221 1747 3522 1814; x_wconf 83' lang='lat' dir='ltr'><strong>ardentius,</strong></span> <span class='ocrx_word' id='word_1_215' title='bbox 3547 1749 3635 1805; x_wconf 89' lang='lat' dir='ltr'><strong>cui</strong></span> 
     </span>
    </p>
   </div>
   <div class='ocr_carea' id='block_1_30' title="bbox 2053 1831 3637 1900">
    <p class='ocr_par' dir='ltr' id='par_1_30' title="bbox 2053 1831 3637 1900">
     <span class='ocr_line' id='line_1_30' title="bbox 2053 1831 3637 1900; baseline 0.006 -16"><span class='ocrx_word' id='word_1_216' title='bbox 2053 1831 2280 1900; x_wconf 86' lang='lat' dir='ltr'><strong>placetis</strong></span> <span class='ocrx_word' id='word_1_217' title='bbox 2319 1833 2596 1888; x_wconf 86' lang='lat' dir='ltr'><strong>attentius.</strong></span> <span class='ocrx_word' id='word_1_218' title='bbox 2639 1833 2864 1889; x_wconf 90' lang='lat' dir='ltr'><strong>Lumbis</strong></span> <span class='ocrx_word' id='word_1_219' title='bbox 2894 1836 3156 1892; x_wconf 87' lang='lat' dir='ltr'><strong>accinctis</strong></span> <span class='ocrx_word' id='word_1_220' title='bbox 3183 1845 3239 1892; x_wconf 88' lang='lat' dir='ltr'><strong>et</strong></span> <span class='ocrx_word' id='word_1_221' title='bbox 3262 1837 3502 1895; x_wconf 90' lang='lat' dir='ltr'><strong>lucernis</strong></span> <span class='ocrx_word' id='word_1_222' title='bbox 3547 1854 3637 1894; x_wconf 79' lang='lat' dir='ltr'><strong>ar-</strong></span> 
     </span>
    </p>
   </div>
   <div class='ocr_carea' id='block_1_31' title="bbox 371 1919 3634 1997">
    <p class='ocr_par' dir='ltr' id='par_1_31' title="bbox 371 1919 3634 1997">
     <span class='ocr_line' id='line_1_31' title="bbox 371 1919 3634 1997; baseline 0.004 -18"><span class='ocrx_word' id='word_1_223' title='bbox 371 1933 640 1990; x_wconf 86' lang='lat' dir='ltr'><strong>catorum,</strong></span> <span class='ocrx_word' id='word_1_224' title='bbox 691 1932 749 1980; x_wconf 86' lang='lat' dir='ltr'><strong>et</strong></span> <span class='ocrx_word' id='word_1_225' title='bbox 785 1933 890 1980; x_wconf 86' lang='lat' dir='ltr'><strong>una</strong></span> <span class='ocrx_word' id='word_1_226' title='bbox 929 1926 1220 1982; x_wconf 72' lang='lat' dir='ltr'><strong>concordia</strong></span> <span class='ocrx_word' id='word_1_227' title='bbox 1254 1941 1459 1991; x_wconf 85' lang='lat' dir='ltr'><strong>eorum,</strong></span> <span class='ocrx_word' id='word_1_228' title='bbox 1503 1943 1624 1996; x_wconf 63' lang='lat' dir='ltr'><strong>quia</strong></span> <span class='ocrx_word' id='word_1_229' title='bbox 1653 1928 1705 1982; x_wconf 92' lang='lat' dir='ltr'><strong>in</strong></span> <span class='ocrx_word' id='word_1_230' title='bbox 1738 1929 1952 1984; x_wconf 83' lang='lat' dir='ltr'><strong>mundis</strong></span> <span class='ocrx_word' id='word_1_231' title='bbox 1978 1935 2026 1994; x_wconf 80' lang='grc' dir='ltr'><strong><em>Β</em></strong></span> <span class='ocrx_word' id='word_1_232' title='bbox 2055 1919 2305 1976; x_wconf 72' lang='lat' dir='ltr'><strong>dentibus</strong></span> <span class='ocrx_word' id='word_1_233' title='bbox 2353 1929 2668 1992; x_wconf 71' lang='lat' dir='ltr'><strong>exspectate</strong></span> <span class='ocrx_word' id='word_1_234' title='bbox 2720 1924 3050 1992; x_wconf 83' lang='lat' dir='ltr'><strong>Dominum.</strong></span> <span class='ocrx_word' id='word_1_235' title='bbox 3107 1928 3324 1997; x_wconf 83' lang='lat' dir='ltr'><strong>quando</strong></span> <span class='ocrx_word' id='word_1_236' title='bbox 3374 1929 3556 1984; x_wconf 69' lang='lat' dir='ltr'><strong>veniat</strong></span> <span class='ocrx_word' id='word_1_237' title='bbox 3601 1945 3634 1984; x_wconf 79' lang='grc' dir='ltr'>ι</span> 
     </span>
    </p>
   </div>
   <div class='ocr_carea' id='block_1_32' title="bbox 373 2008 3635 2089">
    <p class='ocr_par' dir='ltr' id='par_1_32' title="bbox 373 2008 3635 2089">
     <span class='ocr_line' id='line_1_32' title="bbox 373 2008 3635 2089; baseline 0.003 -20"><span class='ocrx_word' id='word_1_238' title='bbox 373 2014 652 2078; x_wconf 84' lang='lat' dir='ltr'><strong>cordibus,</strong></span> <span class='ocrx_word' id='word_1_239' title='bbox 705 2018 978 2070; x_wconf 88' lang='lat' dir='ltr'><strong>canticum</strong></span> <span class='ocrx_word' id='word_1_240' title='bbox 1017 2025 1277 2085; x_wconf 82' lang='lat' dir='ltr'><strong>personat</strong></span> <span class='ocrx_word' id='word_1_241' title='bbox 1312 2016 1622 2072; x_wconf 75' lang='lat' dir='ltr'><strong>char&#39;itatis.</strong></span> <span class='ocrx_word' id='word_1_242' title='bbox 1663 2018 1954 2074; x_wconf 89' lang='lat' dir='ltr'><strong>Concitha-</strong></span> <span class='ocrx_word' id='word_1_243' title='bbox 2052 2008 2258 2077; x_wconf 75' lang='grc' dir='ltr'><strong>ηυριίίε</strong></span> <span class='ocrx_word' id='word_1_244' title='bbox 2301 2010 2454 2082; x_wconf 68' lang='lat' dir='ltr'><strong>(Luco</strong></span> <span class='ocrx_word' id='word_1_245' title='bbox 2481 2027 2556 2066; x_wconf 72' lang='grc' dir='ltr'>ιιι</span> <span class='ocrx_word' id='word_1_246' title='bbox 2582 2012 2625 2083; x_wconf 81' lang='grc'><strong>)·</strong></span> <span class='ocrx_word' id='word_1_247' title='bbox 2654 2013 2763 2069; x_wconf 78' lang='lat' dir='ltr'><strong>V08</strong></span> <span class='ocrx_word' id='word_1_248' title='bbox 2791 2013 2998 2070; x_wconf 55' lang='lat' dir='ltr'><strong>alienis</strong></span> <span class='ocrx_word' id='word_1_249' title='bbox 3024 2014 3092 2070; x_wconf 66' lang='lat' dir='ltr'><strong>ad</strong></span> <span class='ocrx_word' id='word_1_250' title='bbox 3114 2018 3332 2086; x_wconf 67' lang='lat' dir='ltr'><strong>nuptias</strong></span> <span class='ocrx_word' id='word_1_251' title='bbox 3355 2019 3479 2089; x_wconf 68' lang='lat' dir='ltr'><strong>agni</strong></span> <span class='ocrx_word' id='word_1_252' title='bbox 3503 2033 3635 2076; x_wconf 70' lang='lat' dir='ltr'><strong>ean-</strong></span> 
     </span>
    </p>
   </div>
   <div class='ocr_carea' id='block_1_33' title="bbox 371 2104 1949 2178">
    <p class='ocr_par' dir='ltr' id='par_1_33' title="bbox 371 2104 1949 2178">
     <span class='ocr_line' id='line_1_33' title="bbox 371 2104 1949 2178; baseline 0.004 -21"><span class='ocrx_word' id='word_1_253' title='bbox 371 2104 520 2158; x_wconf 74' lang='lat' dir='ltr'><strong>ristm</strong></span> <span class='ocrx_word' id='word_1_254' title='bbox 542 2105 638 2160; x_wconf 89' lang='lat' dir='ltr'><strong>Dei</strong></span> <span class='ocrx_word' id='word_1_255' title='bbox 667 2119 855 2161; x_wconf 89' lang='lat' dir='ltr'><strong>omnes</strong></span> <span class='ocrx_word' id='word_1_256' title='bbox 878 2106 1056 2161; x_wconf 88' lang='lat' dir='ltr'><strong>sancti</strong></span> <span class='ocrx_word' id='word_1_257' title='bbox 1085 2115 1230 2173; x_wconf 88' lang='lat' dir='ltr'><strong>sunt,</strong></span> <span class='ocrx_word' id='word_1_258' title='bbox 1260 2108 1351 2178; x_wconf 86' lang='lat' dir='ltr'><strong>qui</strong></span> <span class='ocrx_word' id='word_1_259' title='bbox 1377 2124 1586 2162; x_wconf 84' lang='lat' dir='ltr'><strong>carnem</strong></span> <span class='ocrx_word' id='word_1_260' title='bbox 1603 2126 1754 2163; x_wconf 79' lang='lat' dir='ltr'><strong>suam</strong></span> <span class='ocrx_word' id='word_1_261' title='bbox 1775 2110 1949 2164; x_wconf 87' lang='lat' dir='ltr'><strong>cruci-</strong></span> 
     </span>
    </p>
   </div>
   <div class='ocr_carea' id='block_1_34' title="bbox 368 2193 1950 2270">
    <p class='ocr_par' dir='ltr' id='par_1_34' title="bbox 368 2193 1950 2270">
     <span class='ocr_line' id='line_1_34' title="bbox 368 2193 1950 2270; baseline 0.004 -22"><span class='ocrx_word' id='word_1_262' title='bbox 368 2193 584 2264; x_wconf 75' lang='lat' dir='ltr'><strong>ﬁgentes</strong></span> <span class='ocrx_word' id='word_1_263' title='bbox 607 2211 727 2248; x_wconf 79' lang='lat' dir='ltr'><strong>cum</strong></span> <span class='ocrx_word' id='word_1_264' title='bbox 747 2197 888 2250; x_wconf 76' lang='lat' dir='ltr'><strong>uitiis</strong></span> <span class='ocrx_word' id='word_1_265' title='bbox 912 2205 960 2250; x_wconf 90' lang='lat' dir='ltr'><strong>et</strong></span> <span class='ocrx_word' id='word_1_266' title='bbox 983 2198 1414 2268; x_wconf 58' lang='lat' dir='ltr'><strong>concupiscentiis</strong></span> <span class='ocrx_word' id='word_1_267' title='bbox 1439 2197 1585 2270; x_wconf 83' lang='lat' dir='ltr'><strong>(Gal.</strong></span> <span class='ocrx_word' id='word_1_268' title='bbox 1613 2198 1689 2265; x_wconf 87' lang='lat' dir='ltr'><strong>v),</strong></span> <span class='ocrx_word' id='word_1_269' title='bbox 1729 2199 1950 2255; x_wconf 87' lang='lat' dir='ltr'><strong>laudant</strong></span> 
     </span>
    </p>
   </div>
   <div class='ocr_carea' id='block_1_35' title="bbox 367 2287 1946 2363">
    <p class='ocr_par' dir='ltr' id='par_1_35' title="bbox 367 2287 1946 2363">
     <span class='ocr_line' id='line_1_35' title="bbox 367 2287 1946 2363; baseline 0.003 -23"><span class='ocrx_word' id='word_1_270' title='bbox 367 2302 494 2340; x_wconf 88' lang='lat' dir='ltr'><strong>cum</strong></span> <span class='ocrx_word' id='word_1_271' title='bbox 521 2289 579 2341; x_wconf 89' lang='lat' dir='ltr'><strong>in</strong></span> <span class='ocrx_word' id='word_1_272' title='bbox 607 2287 865 2357; x_wconf 85' lang='lat' dir='ltr'><strong>psalterio</strong></span> <span class='ocrx_word' id='word_1_273' title='bbox 889 2297 943 2343; x_wconf 88' lang='lat' dir='ltr'><strong>et</strong></span> <span class='ocrx_word' id='word_1_274' title='bbox 975 2289 1188 2344; x_wconf 89' lang='lat' dir='ltr'><strong>cithara</strong></span> <span class='ocrx_word' id='word_1_275' title='bbox 1221 2305 1236 2344; x_wconf 89' lang='lat'><strong>:</strong></span> <span class='ocrx_word' id='word_1_276' title='bbox 1268 2299 1529 2360; x_wconf 89' lang='lat' dir='ltr'><strong>quantum</strong></span> <span class='ocrx_word' id='word_1_277' title='bbox 1572 2291 1804 2361; x_wconf 89' lang='lat' dir='ltr'><strong>amplius</strong></span> <span class='ocrx_word' id='word_1_278' title='bbox 1845 2291 1946 2363; x_wconf 82' lang='lat' dir='ltr'><strong>illi,</strong></span> 
     </span>
    </p>
   </div>
   <div class='ocr_carea' id='block_1_36' title="bbox 370 2376 1950 2450">
    <p class='ocr_par' dir='ltr' id='par_1_36' title="bbox 370 2376 1950 2450">
     <span class='ocr_line' id='line_1_36' title="bbox 370 2376 1950 2450; baseline 0.004 -20"><span class='ocrx_word' id='word_1_279' title='bbox 370 2377 462 2446; x_wconf 87' lang='lat' dir='ltr'><strong>qui</strong></span> <span class='ocrx_word' id='word_1_280' title='bbox 497 2376 771 2446; x_wconf 79' lang='lat' dir='ltr'><strong>Angelicae</strong></span> <span class='ocrx_word' id='word_1_281' title='bbox 807 2379 1085 2450; x_wconf 87' lang='lat' dir='ltr'><strong>privilegio</strong></span> <span class='ocrx_word' id='word_1_282' title='bbox 1121 2381 1409 2448; x_wconf 87' lang='lat' dir='ltr'><strong>castitatis,</strong></span> <span class='ocrx_word' id='word_1_283' title='bbox 1457 2389 1600 2437; x_wconf 89' lang='lat' dir='ltr'><strong>totos</strong></span> <span class='ocrx_word' id='word_1_284' title='bbox 1642 2397 1701 2438; x_wconf 89' lang='lat' dir='ltr'><strong>se</strong></span> <span class='ocrx_word' id='word_1_285' title='bbox 1743 2381 1950 2436; x_wconf 81' lang='lat' dir='ltr'><strong>faciunt</strong></span> 
     </span>
    </p>
   </div>
   <div class='ocr_carea' id='block_1_37' title="bbox 369 2466 1947 2543">
    <p class='ocr_par' dir='ltr' id='par_1_37' title="bbox 369 2466 1947 2543">
     <span class='ocr_line' id='line_1_37' title="bbox 369 2466 1947 2543; baseline 0.004 -22"><span class='ocrx_word' id='word_1_286' title='bbox 369 2466 602 2522; x_wconf 90' lang='lat' dir='ltr'><strong>Domino</strong></span> <span class='ocrx_word' id='word_1_287' title='bbox 642 2467 1009 2523; x_wconf 86' lang='lat' dir='ltr'><strong>holocaustum</strong></span> <span class='ocrx_word' id='word_1_288' title='bbox 1058 2471 1434 2541; x_wconf 81' lang='lat' dir='ltr'><strong>singulariter,</strong></span> <span class='ocrx_word' id='word_1_289' title='bbox 1483 2473 1814 2543; x_wconf 88' lang='lat' dir='ltr'><strong>abnegantes</strong></span> <span class='ocrx_word' id='word_1_290' title='bbox 1857 2488 1947 2528; x_wconf 49' lang='lat' dir='ltr'><strong>se-</strong></span> 
     </span>
    </p>
   </div>
   <div class='ocr_carea' id='block_1_38' title="bbox 371 2557 1947 2635">
    <p class='ocr_par' dir='ltr' id='par_1_38' title="bbox 371 2557 1947 2635">
     <span class='ocr_line' id='line_1_38' title="bbox 371 2557 1947 2635; baseline 0.006 -26"><span class='ocrx_word' id='word_1_291' title='bbox 371 2557 647 2627; x_wconf 89' lang='lat' dir='ltr'><strong>metipsos,</strong></span> <span class='ocrx_word' id='word_1_292' title='bbox 673 2557 924 2614; x_wconf 85' lang='lat' dir='ltr'><strong>tollentes</strong></span> <span class='ocrx_word' id='word_1_293' title='bbox 953 2575 1170 2616; x_wconf 89' lang='lat' dir='ltr'><strong>crucem</strong></span> <span class='ocrx_word' id='word_1_294' title='bbox 1212 2577 1386 2629; x_wconf 89' lang='lat' dir='ltr'><strong>suam,</strong></span> <span class='ocrx_word' id='word_1_295' title='bbox 1419 2572 1722 2634; x_wconf 87' lang='lat' dir='ltr'><strong>sequuntur</strong></span> <span class='ocrx_word' id='word_1_296' title='bbox 1745 2579 1947 2635; x_wconf 84' lang='lat' dir='ltr'><strong>agnum</strong></span> 
     </span>
    </p>
   </div>
   <div class='ocr_carea' id='block_1_39' title="bbox 363 2651 872 2720">
    <p class='ocr_par' dir='ltr' id='par_1_39' title="bbox 363 2651 872 2720">
     <span class='ocr_line' id='line_1_39' title="bbox 363 2651 872 2720; baseline 0.004 -18"><span class='ocrx_word' id='word_1_297' title='bbox 363 2662 692 2720; x_wconf 83' lang='lat' dir='ltr'><strong>quocunque</strong></span> <span class='ocrx_word' id='word_1_298' title='bbox 725 2651 872 2706; x_wconf 85' lang='lat' dir='ltr'><strong>ierit.</strong></span> 
     </span>
    </p>
   </div>
   <div class='ocr_carea' id='block_1_40' title="bbox 440 2736 1948 2818">
    <p class='ocr_par' dir='ltr' id='par_1_40' title="bbox 440 2736 1948 2818">
     <span class='ocr_line' id='line_1_40' title="bbox 440 2736 1948 2818; baseline 0.009 -28"><span class='ocrx_word' id='word_1_299' title='bbox 440 2736 512 2791; x_wconf 80' lang='lat' dir='ltr'><strong>Et</strong></span> <span class='ocrx_word' id='word_1_300' title='bbox 557 2741 841 2794; x_wconf 78' lang='lat' dir='ltr'><strong>cantabant</strong></span> <span class='ocrx_word' id='word_1_301' title='bbox 891 2747 1044 2813; x_wconf 82' lang='lat' dir='ltr'><strong>quasi</strong></span> <span class='ocrx_word' id='word_1_302' title='bbox 1093 2747 1353 2801; x_wconf 82' lang='lat' dir='ltr'><strong>canticum</strong></span> <span class='ocrx_word' id='word_1_303' title='bbox 1400 2763 1606 2802; x_wconf 78' lang='lat' dir='ltr'><strong>novum.</strong></span> <span class='ocrx_word' id='word_1_304' title='bbox 1657 2747 1798 2815; x_wconf 87' lang='lat' dir='ltr'><strong>Quid</strong></span> <span class='ocrx_word' id='word_1_305' title='bbox 1850 2763 1948 2818; x_wconf 84' lang='lat' dir='ltr'><strong>per</strong></span> 
     </span>
    </p>
   </div>
   <div class='ocr_carea' id='block_1_41' title="bbox 364 2830 1948 2904">
    <p class='ocr_par' dir='ltr' id='par_1_41' title="bbox 364 2830 1948 2904">
     <span class='ocr_line' id='line_1_41' title="bbox 364 2830 1948 2904; baseline 0.006 -21"><span class='ocrx_word' id='word_1_306' title='bbox 364 2830 643 2883; x_wconf 85' lang='lat' dir='ltr'><strong>canticum</strong></span> <span class='ocrx_word' id='word_1_307' title='bbox 672 2847 890 2898; x_wconf 86' lang='lat' dir='ltr'><strong>novum,</strong></span> <span class='ocrx_word' id='word_1_308' title='bbox 921 2835 1023 2888; x_wconf 89' lang='lat' dir='ltr'><strong>nisi</strong></span> <span class='ocrx_word' id='word_1_309' title='bbox 1051 2835 1256 2892; x_wconf 83' lang='lat' dir='ltr'><strong>Novum</strong></span> <span class='ocrx_word' id='word_1_310' title='bbox 1285 2838 1715 2904; x_wconf 85' lang='lat' dir='ltr'><strong>Testamentum,</strong></span> <span class='ocrx_word' id='word_1_311' title='bbox 1741 2847 1795 2894; x_wconf 90' lang='lat' dir='ltr'><strong>et</strong></span> <span class='ocrx_word' id='word_1_312' title='bbox 1818 2853 1948 2894; x_wconf 84' lang='lat' dir='ltr'><strong>con-</strong></span> 
     </span>
    </p>
   </div>
   <div class='ocr_carea' id='block_1_42' title="bbox 366 2917 1944 2993">
    <p class='ocr_par' dir='ltr' id='par_1_42' title="bbox 366 2917 1944 2993">
     <span class='ocr_line' id='line_1_42' title="bbox 366 2917 1944 2993; baseline 0.008 -22"><span class='ocrx_word' id='word_1_313' title='bbox 366 2917 537 2974; x_wconf 73' lang='lat' dir='ltr'><strong>fessio</strong></span> <span class='ocrx_word' id='word_1_314' title='bbox 588 2920 900 2992; x_wconf 80' lang='lat' dir='ltr'><strong>designatur</strong></span> <span class='ocrx_word' id='word_1_315' title='bbox 939 2923 1198 2992; x_wconf 83' lang='lat' dir='ltr'><strong>ﬁdelium;</strong></span> <span class='ocrx_word' id='word_1_316' title='bbox 1240 2927 1293 2982; x_wconf 91' lang='lat' dir='ltr'><strong>id</strong></span> <span class='ocrx_word' id='word_1_317' title='bbox 1316 2935 1420 2993; x_wconf 87' lang='lat' dir='ltr'><strong>est,</strong></span> <span class='ocrx_word' id='word_1_318' title='bbox 1449 2928 1611 2983; x_wconf 86' lang='lat' dir='ltr'><strong>credo</strong></span> <span class='ocrx_word' id='word_1_319' title='bbox 1636 2928 1805 2982; x_wconf 85' lang='lat' dir='ltr'><strong>Deum</strong></span> <span class='ocrx_word' id='word_1_320' title='bbox 1839 2929 1944 2984; x_wconf 88' lang='lat' dir='ltr'><strong>Pa-</strong></span> 
     </span>
    </p>
   </div>
   <div class='ocr_carea' id='block_1_43' title="bbox 367 3006 1940 3081">
    <p class='ocr_par' dir='ltr' id='par_1_43' title="bbox 367 3006 1940 3081">
     <span class='ocr_line' id='line_1_43' title="bbox 367 3006 1940 3081; baseline 0.007 -18"><span class='ocrx_word' id='word_1_321' title='bbox 367 3019 508 3065; x_wconf 88' lang='lat' dir='ltr'><strong>trem</strong></span> <span class='ocrx_word' id='word_1_322' title='bbox 554 3006 1002 3081; x_wconf 74' lang='lat' dir='ltr'><strong>omnipOtentem,</strong></span> <span class='ocrx_word' id='word_1_323' title='bbox 1039 3023 1094 3070; x_wconf 88' lang='lat' dir='ltr'><strong>et</strong></span> <span class='ocrx_word' id='word_1_324' title='bbox 1129 3017 1184 3070; x_wconf 89' lang='lat' dir='ltr'><strong>in</strong></span> <span class='ocrx_word' id='word_1_325' title='bbox 1231 3016 1414 3073; x_wconf 72' lang='lat' dir='ltr'><strong>Jesum</strong></span> <span class='ocrx_word' id='word_1_326' title='bbox 1454 3017 1729 3073; x_wconf 78' lang='lat' dir='ltr'><strong>Christum</strong></span> <span class='ocrx_word' id='word_1_327' title='bbox 1759 3019 1940 3074; x_wconf 88' lang='lat' dir='ltr'><strong>Domi-</strong></span> 
     </span>
    </p>
   </div>
   <div class='ocr_carea' id='block_1_44' title="bbox 361 3105 1940 3178">
    <p class='ocr_par' dir='ltr' id='par_1_44' title="bbox 361 3105 1940 3178">
     <span class='ocr_line' id='line_1_44' title="bbox 361 3105 1940 3178; baseline 0.005 -23"><span class='ocrx_word' id='word_1_328' title='bbox 361 3117 494 3155; x_wconf 79' lang='lat' dir='ltr'><strong>num</strong></span> <span class='ocrx_word' id='word_1_329' title='bbox 541 3112 786 3158; x_wconf 89' lang='lat' dir='ltr'><strong>nostrum</strong></span> <span class='ocrx_word' id='word_1_330' title='bbox 817 3105 1016 3159; x_wconf 86' lang='lat' dir='ltr'><strong>Filium</strong></span> <span class='ocrx_word' id='word_1_331' title='bbox 1044 3107 1183 3177; x_wconf 80' lang='lat' dir='ltr'><strong>ejus,</strong></span> <span class='ocrx_word' id='word_1_332' title='bbox 1214 3116 1268 3162; x_wconf 89' lang='lat' dir='ltr'><strong>et</strong></span> <span class='ocrx_word' id='word_1_333' title='bbox 1294 3109 1347 3162; x_wconf 93' lang='lat' dir='ltr'><strong>in</strong></span> <span class='ocrx_word' id='word_1_334' title='bbox 1379 3108 1638 3178; x_wconf 85' lang='lat' dir='ltr'><strong>Spiritum</strong></span> <span class='ocrx_word' id='word_1_335' title='bbox 1675 3119 1940 3166; x_wconf 77' lang='lat' dir='ltr'><strong>sanctum.</strong></span> 
     </span>
    </p>
   </div>
   <div class='ocr_carea' id='block_1_45' title="bbox 368 3190 1945 3268">
    <p class='ocr_par' dir='ltr' id='par_1_45' title="bbox 368 3190 1945 3268">
     <span class='ocr_line' id='line_1_45' title="bbox 368 3190 1945 3268; baseline 0.008 -24"><span class='ocrx_word' id='word_1_336' title='bbox 368 3190 480 3246; x_wconf 79' lang='lat' dir='ltr'><strong>Hoc</strong></span> <span class='ocrx_word' id='word_1_337' title='bbox 519 3195 664 3246; x_wconf 88' lang='lat' dir='ltr'><strong>enim</strong></span> <span class='ocrx_word' id='word_1_338' title='bbox 711 3196 980 3250; x_wconf 86' lang='lat' dir='ltr'><strong>canticum</strong></span> <span class='ocrx_word' id='word_1_339' title='bbox 1017 3213 1214 3251; x_wconf 90' lang='lat' dir='ltr'><strong>novum</strong></span> <span class='ocrx_word' id='word_1_340' title='bbox 1255 3206 1456 3262; x_wconf 88' lang='lat' dir='ltr'><strong>cantat,</strong></span> <span class='ocrx_word' id='word_1_341' title='bbox 1493 3201 1610 3268; x_wconf 89' lang='lat' dir='ltr'><strong>qui,</strong></span> <span class='ocrx_word' id='word_1_342' title='bbox 1638 3202 1808 3255; x_wconf 89' lang='lat' dir='ltr'><strong>veteri</strong></span> <span class='ocrx_word' id='word_1_343' title='bbox 1847 3202 1945 3257; x_wconf 87' lang='lat' dir='ltr'><strong>ho-</strong></span> 
     </span>
    </p>
   </div>
   <div class='ocr_carea' id='block_1_46' title="bbox 2050 2101 3629 2176">
    <p class='ocr_par' dir='ltr' id='par_1_46' title="bbox 2050 2101 3629 2176">
     <span class='ocr_line' id='line_1_46' title="bbox 2050 2101 3629 2176; baseline 0.009 -23"><span class='ocrx_word' id='word_1_344' title='bbox 2050 2101 2217 2156; x_wconf 89' lang='lat' dir='ltr'><strong>ticum</strong></span> <span class='ocrx_word' id='word_1_345' title='bbox 2257 2117 2477 2168; x_wconf 88' lang='lat' dir='ltr'><strong>novum,</strong></span> <span class='ocrx_word' id='word_1_346' title='bbox 2523 2105 2666 2174; x_wconf 91' lang='lat' dir='ltr'><strong>quod</strong></span> <span class='ocrx_word' id='word_1_347' title='bbox 2711 2106 3001 2163; x_wconf 85' lang='lat' dir='ltr'><strong>cantabitis</strong></span> <span class='ocrx_word' id='word_1_348' title='bbox 3043 2108 3100 2163; x_wconf 90' lang='lat' dir='ltr'><strong>in</strong></span> <span class='ocrx_word' id='word_1_349' title='bbox 3141 2109 3371 2165; x_wconf 83' lang='lat' dir='ltr'><strong>citharis</strong></span> <span class='ocrx_word' id='word_1_350' title='bbox 3408 2111 3629 2176; x_wconf 78' lang='lat' dir='ltr'><strong>vestris,</strong></span> 
     </span>
    </p>
   </div>
   <div class='ocr_carea' id='block_1_47' title="bbox 2049 2192 3624 2266">
    <p class='ocr_par' dir='ltr' id='par_1_47' title="bbox 2049 2192 3624 2266">
     <span class='ocr_line' id='line_1_47' title="bbox 2049 2192 3624 2266; baseline 0.008 -20"><span class='ocrx_word' id='word_1_351' title='bbox 2049 2192 2237 2262; x_wconf 88' lang='lat' dir='ltr'><strong>utique</strong></span> <span class='ocrx_word' id='word_1_352' title='bbox 2263 2193 2391 2258; x_wconf 87' lang='lat' dir='ltr'><strong>tale,</strong></span> <span class='ocrx_word' id='word_1_353' title='bbox 2415 2195 2576 2264; x_wconf 88' lang='lat' dir='ltr'><strong>quale</strong></span> <span class='ocrx_word' id='word_1_354' title='bbox 2593 2211 2755 2250; x_wconf 86' lang='lat' dir='ltr'><strong>nemo</strong></span> <span class='ocrx_word' id='word_1_355' title='bbox 2781 2199 2981 2266; x_wconf 89' lang='lat' dir='ltr'><strong>poterit</strong></span> <span class='ocrx_word' id='word_1_356' title='bbox 3002 2199 3206 2265; x_wconf 87' lang='lat' dir='ltr'><strong>dicere,</strong></span> <span class='ocrx_word' id='word_1_357' title='bbox 3235 2201 3343 2256; x_wconf 91' lang='lat' dir='ltr'><strong>nisi</strong></span> <span class='ocrx_word' id='word_1_358' title='bbox 3376 2215 3492 2257; x_wconf 85' lang='lat' dir='ltr'><strong>vos.</strong></span> <span class='ocrx_word' id='word_1_359' title='bbox 3531 2201 3624 2258; x_wconf 82' lang='lat' dir='ltr'><strong>Sic</strong></span> 
     </span>
    </p>
   </div>
   <div class='ocr_carea' id='block_1_48' title="bbox 2050 2283 3634 2360">
    <p class='ocr_par' dir='ltr' id='par_1_48' title="bbox 2050 2283 3634 2360">
     <span class='ocr_line' id='line_1_48' title="bbox 2050 2283 3634 2360; baseline 0.007 -24"><span class='ocrx_word' id='word_1_360' title='bbox 2050 2283 2195 2336; x_wconf 91' lang='lat' dir='ltr'><strong>enim</strong></span> <span class='ocrx_word' id='word_1_361' title='bbox 2223 2297 2320 2337; x_wconf 85' lang='lat' dir='ltr'><strong>vos</strong></span> <span class='ocrx_word' id='word_1_362' title='bbox 2354 2283 2490 2338; x_wconf 88' lang='lat' dir='ltr'><strong>vidit</strong></span> <span class='ocrx_word' id='word_1_363' title='bbox 2529 2285 2583 2338; x_wconf 91' lang='lat' dir='ltr'><strong>in</strong></span> <span class='ocrx_word' id='word_1_364' title='bbox 2619 2284 2941 2358; x_wconf 79' lang='lat' dir='ltr'><strong>Apocalypsi</strong></span> <span class='ocrx_word' id='word_1_365' title='bbox 2969 2289 3207 2357; x_wconf 86' lang='lat' dir='ltr'><strong>quidam,</strong></span> <span class='ocrx_word' id='word_1_366' title='bbox 3247 2304 3368 2360; x_wconf 81' lang='lat' dir='ltr'><strong>prae</strong></span> <span class='ocrx_word' id='word_1_367' title='bbox 3395 2290 3634 2356; x_wconf 64' lang='lat' dir='ltr'><strong>caneris,</strong></span> 
     </span>
    </p>
   </div>
   <div class='ocr_carea' id='block_1_49' title="bbox 2049 2371 3632 2451">
    <p class='ocr_par' dir='ltr' id='par_1_49' title="bbox 2049 2371 3632 2451">
     <span class='ocr_line' id='line_1_49' title="bbox 2049 2371 3632 2451; baseline 0.007 -25"><span class='ocrx_word' id='word_1_368' title='bbox 2049 2371 2282 2428; x_wconf 87' lang='lat' dir='ltr'><strong>dilectus</strong></span> <span class='ocrx_word' id='word_1_369' title='bbox 2323 2389 2500 2445; x_wconf 85' lang='lat' dir='ltr'><strong>agno,</strong></span> <span class='ocrx_word' id='word_1_370' title='bbox 2554 2375 2646 2445; x_wconf 89' lang='lat' dir='ltr'><strong>qui</strong></span> <span class='ocrx_word' id='word_1_371' title='bbox 2703 2376 3044 2434; x_wconf 77' lang='lat' dir='ltr'><strong>discumbere</strong></span> <span class='ocrx_word' id='word_1_372' title='bbox 3088 2394 3251 2448; x_wconf 84' lang='lat' dir='ltr'><strong>super</strong></span> <span class='ocrx_word' id='word_1_373' title='bbox 3275 2389 3466 2451; x_wconf 87' lang='lat' dir='ltr'><strong>pectus</strong></span> <span class='ocrx_word' id='word_1_374' title='bbox 3511 2379 3632 2448; x_wconf 71' lang='lat' dir='ltr'><strong>eius</strong></span> 
     </span>
    </p>
   </div>
   <div class='ocr_carea' id='block_1_50' title="bbox 2047 2464 3630 2537">
    <p class='ocr_par' dir='ltr' id='par_1_50' title="bbox 2047 2464 3630 2537">
     <span class='ocr_line' id='line_1_50' title="bbox 2047 2464 3630 2537; baseline 0.006 -19"><span class='ocrx_word' id='word_1_375' title='bbox 2047 2464 2240 2520; x_wconf 88' lang='lat' dir='ltr'><strong>solitus</strong></span> <span class='ocrx_word' id='word_1_376' title='bbox 2266 2473 2404 2520; x_wconf 89' lang='lat' dir='ltr'><strong>erat.</strong></span> <span class='ocrx_word' id='word_1_377' title='bbox 2436 2466 2556 2537; x_wconf 85' lang='lat' dir='ltr'><strong>ipse</strong></span> <span class='ocrx_word' id='word_1_378' title='bbox 2581 2483 2678 2522; x_wconf 86' lang='lat' dir='ltr'><strong>vos</strong></span> <span class='ocrx_word' id='word_1_379' title='bbox 2707 2469 2842 2524; x_wconf 84' lang='lat' dir='ltr'><strong>vidit</strong></span> <span class='ocrx_word' id='word_1_380' title='bbox 2871 2471 3164 2527; x_wconf 85' lang='lat' dir='ltr'><strong>duodecies</strong></span> <span class='ocrx_word' id='word_1_381' title='bbox 3182 2472 3426 2529; x_wconf 89' lang='lat' dir='ltr'><strong>duodena</strong></span> <span class='ocrx_word' id='word_1_382' title='bbox 3462 2473 3630 2528; x_wconf 82' lang='lat' dir='ltr'><strong>millia</strong></span> 
     </span>
    </p>
   </div>
   <div class='ocr_carea' id='block_1_51' title="bbox 2047 2556 3627 2633">
    <p class='ocr_par' dir='ltr' id='par_1_51' title="bbox 2047 2556 3627 2633">
     <span class='ocr_line' id='line_1_51' title="bbox 2047 2556 3627 2633; baseline 0.006 -24"><span class='ocrx_word' id='word_1_383' title='bbox 2047 2561 2360 2610; x_wconf 84' lang='lat' dir='ltr'><strong>sanctorum</strong></span> <span class='ocrx_word' id='word_1_384' title='bbox 2400 2556 2862 2625; x_wconf 69' lang='lat' dir='ltr'><strong>citharmdorum,</strong></span> <span class='ocrx_word' id='word_1_385' title='bbox 2918 2561 3137 2618; x_wconf 76' lang='lat' dir='ltr'><strong>illibata:</strong></span> <span class='ocrx_word' id='word_1_386' title='bbox 3188 2562 3522 2633; x_wconf 85' lang='lat' dir='ltr'><strong>virginitatis</strong></span> <span class='ocrx_word' id='word_1_387' title='bbox 3572 2565 3627 2618; x_wconf 89' lang='lat' dir='ltr'><strong>in</strong></span> 
     </span>
    </p>
   </div>
   <div class='ocr_carea' id='block_1_52' title="bbox 2045 2647 3622 2725">
    <p class='ocr_par' dir='ltr' id='par_1_52' title="bbox 2045 2647 3622 2725">
     <span class='ocr_line' id='line_1_52' title="bbox 2045 2647 3622 2725; baseline 0.007 -26"><span class='ocrx_word' id='word_1_388' title='bbox 2045 2658 2316 2716; x_wconf 88' lang='lat' dir='ltr'><strong>corpore,</strong></span> <span class='ocrx_word' id='word_1_389' title='bbox 2366 2647 2638 2704; x_wconf 70' lang='lat' dir='ltr'><strong>inviolatae</strong></span> <span class='ocrx_word' id='word_1_390' title='bbox 2686 2650 2930 2707; x_wconf 85' lang='lat' dir='ltr'><strong>veritatis</strong></span> <span class='ocrx_word' id='word_1_391' title='bbox 2978 2652 3033 2707; x_wconf 89' lang='lat' dir='ltr'><strong>in</strong></span> <span class='ocrx_word' id='word_1_392' title='bbox 3083 2653 3270 2709; x_wconf 84' lang='lat' dir='ltr'><strong>corde.</strong></span> <span class='ocrx_word' id='word_1_393' title='bbox 3320 2652 3622 2725; x_wconf 88' lang='lat' dir='ltr'><strong>Sequimini</strong></span> 
     </span>
    </p>
   </div>
   <div class='ocr_carea' id='block_1_53' title="bbox 2045 2736 3628 2814">
    <p class='ocr_par' dir='ltr' id='par_1_53' title="bbox 2045 2736 3628 2814">
     <span class='ocr_line' id='line_1_53' title="bbox 2045 2736 3628 2814; baseline 0.009 -29"><span class='ocrx_word' id='word_1_394' title='bbox 2045 2746 2264 2803; x_wconf 87' lang='lat' dir='ltr'><strong>agnum,</strong></span> <span class='ocrx_word' id='word_1_395' title='bbox 2312 2736 2439 2806; x_wconf 90' lang='lat' dir='ltr'><strong>quia</strong></span> <span class='ocrx_word' id='word_1_396' title='bbox 2470 2745 2526 2792; x_wconf 89' lang='lat' dir='ltr'><strong>et</strong></span> <span class='ocrx_word' id='word_1_397' title='bbox 2549 2739 2671 2809; x_wconf 88' lang='lat' dir='ltr'><strong>agni</strong></span> <span class='ocrx_word' id='word_1_398' title='bbox 2713 2754 2844 2795; x_wconf 89' lang='lat' dir='ltr'><strong>caro</strong></span> <span class='ocrx_word' id='word_1_399' title='bbox 2874 2742 3064 2812; x_wconf 88' lang='lat' dir='ltr'><strong>utique</strong></span> <span class='ocrx_word' id='word_1_400' title='bbox 3107 2743 3280 2814; x_wconf 86' lang='lat' dir='ltr'><strong>virgo.</strong></span> <span class='ocrx_word' id='word_1_401' title='bbox 3326 2743 3628 2814; x_wconf 83' lang='lat' dir='ltr'><strong>Sequimini</strong></span> 
     </span>
    </p>
   </div>
   <div class='ocr_carea' id='block_1_54' title="bbox 2045 2825 3621 2902">
    <p class='ocr_par' dir='ltr' id='par_1_54' title="bbox 2045 2825 3621 2902">
     <span class='ocr_line' id='line_1_54' title="bbox 2045 2825 3621 2902; baseline 0.008 -24"><span class='ocrx_word' id='word_1_402' title='bbox 2045 2837 2168 2878; x_wconf 88' lang='lat' dir='ltr'><strong>eum</strong></span> <span class='ocrx_word' id='word_1_403' title='bbox 2208 2825 2525 2896; x_wconf 81' lang='lat' dir='ltr'><strong>virginitate</strong></span> <span class='ocrx_word' id='word_1_404' title='bbox 2552 2829 2731 2884; x_wconf 87' lang='lat' dir='ltr'><strong>cordis</strong></span> <span class='ocrx_word' id='word_1_405' title='bbox 2771 2839 2825 2884; x_wconf 88' lang='lat' dir='ltr'><strong>et</strong></span> <span class='ocrx_word' id='word_1_406' title='bbox 2869 2833 3071 2897; x_wconf 87' lang='lat' dir='ltr'><strong>carnis,</strong></span> <span class='ocrx_word' id='word_1_407' title='bbox 3118 2845 3438 2902; x_wconf 80' lang='lat' dir='ltr'><strong>quocunque</strong></span> <span class='ocrx_word' id='word_1_408' title='bbox 3473 2835 3621 2890; x_wconf 75' lang='lat' dir='ltr'><strong>ierit.</strong></span> 
     </span>
    </p>
   </div>
   <div class='ocr_carea' id='block_1_55' title="bbox 2045 2910 3625 2994">
    <p class='ocr_par' dir='ltr' id='par_1_55' title="bbox 2045 2910 3625 2994">
     <span class='ocr_line' id='line_1_55' title="bbox 2045 2910 3625 2994; baseline 0.009 -29"><span class='ocrx_word' id='word_1_409' title='bbox 2045 2910 2186 2979; x_wconf 88' lang='lat' dir='ltr'><strong>Quid</strong></span> <span class='ocrx_word' id='word_1_410' title='bbox 2213 2921 2298 2968; x_wconf 87' lang='lat' dir='ltr'><strong>est</strong></span> <span class='ocrx_word' id='word_1_411' title='bbox 2323 2914 2469 2969; x_wconf 90' lang='lat' dir='ltr'><strong>enim</strong></span> <span class='ocrx_word' id='word_1_412' title='bbox 2494 2917 2668 2988; x_wconf 88' lang='lat' dir='ltr'><strong>sequi,</strong></span> <span class='ocrx_word' id='word_1_413' title='bbox 2702 2919 2806 2973; x_wconf 91' lang='lat' dir='ltr'><strong>nisi</strong></span> <span class='ocrx_word' id='word_1_414' title='bbox 2836 2919 3055 2983; x_wconf 89' lang='lat' dir='ltr'><strong>imitari,</strong></span> <span class='ocrx_word' id='word_1_415' title='bbox 3097 2923 3224 2991; x_wconf 88' lang='lat' dir='ltr'><strong>quia</strong></span> <span class='ocrx_word' id='word_1_416' title='bbox 3259 2921 3501 2978; x_wconf 73' lang='lat' dir='ltr'><strong>Christus</strong></span> <span class='ocrx_word' id='word_1_417' title='bbox 3529 2941 3625 2994; x_wconf 83' lang='lat' dir='ltr'><strong>prs</strong></span> 
     </span>
    </p>
   </div>
   <div class='ocr_carea' id='block_1_56' title="bbox 2045 3002 3627 3082">
    <p class='ocr_par' dir='ltr' id='par_1_56' title="bbox 2045 3002 3627 3082">
     <span class='ocr_line' id='line_1_56' title="bbox 2045 3002 3627 3082; baseline 0.008 -26"><span class='ocrx_word' id='word_1_418' title='bbox 2045 3002 2192 3057; x_wconf 79' lang='lat' dir='ltr'><strong>nobis</strong></span> <span class='ocrx_word' id='word_1_419' title='bbox 2224 3021 2410 3075; x_wconf 87' lang='lat' dir='ltr'><strong>passus</strong></span> <span class='ocrx_word' id='word_1_420' title='bbox 2441 3015 2540 3072; x_wconf 89' lang='lat' dir='ltr'><strong>est,</strong></span> <span class='ocrx_word' id='word_1_421' title='bbox 2579 3005 2877 3079; x_wconf 74' lang='lat' dir='ltr'><strong>relinquam</strong></span> <span class='ocrx_word' id='word_1_422' title='bbox 2920 3007 3068 3065; x_wconf 78' lang='lat' dir='ltr'><strong>nobis</strong></span> <span class='ocrx_word' id='word_1_423' title='bbox 3106 3010 3424 3082; x_wconf 74' lang='lat' dir='ltr'><strong>exemplum,</strong></span> <span class='ocrx_word' id='word_1_424' title='bbox 3455 3023 3512 3067; x_wconf 80' lang='lat' dir='ltr'><strong>ut</strong></span> <span class='ocrx_word' id='word_1_425' title='bbox 3540 3031 3627 3068; x_wconf 84' lang='lat' dir='ltr'><strong>se-</strong></span> 
     </span>
    </p>
   </div>
   <div class='ocr_carea' id='block_1_57' title="bbox 2041 3095 3126 3171">
    <p class='ocr_par' dir='ltr' id='par_1_57' title="bbox 2041 3095 3126 3171">
     <span class='ocr_line' id='line_1_57' title="bbox 2041 3095 3126 3171; baseline 0.007 -25"><span class='ocrx_word' id='word_1_426' title='bbox 2041 3095 2329 3164; x_wconf 86' lang='lat' dir='ltr'><strong>queremini</strong></span> <span class='ocrx_word' id='word_1_427' title='bbox 2365 3098 2592 3168; x_wconf 37' lang='lat' dir='ltr'><strong>vestigia.</strong></span> <span class='ocrx_word' id='word_1_428' title='bbox 2607 3098 2720 3168; x_wconf 85' lang='lat' dir='ltr'><strong>ejus</strong></span> <span class='ocrx_word' id='word_1_429' title='bbox 2739 3119 2758 3150; x_wconf 74' lang='grc' dir='ltr'><strong>ι</strong></span> <span class='ocrx_word' id='word_1_430' title='bbox 2787 3098 2840 3170; x_wconf 93' lang='grc' dir='ltr'><strong>(Ι</strong></span> <span class='ocrx_word' id='word_1_431' title='bbox 2863 3097 3009 3154; x_wconf 89' lang='lat' dir='ltr'><strong>Petr.</strong></span> <span class='ocrx_word' id='word_1_432' title='bbox 3039 3099 3126 3171; x_wconf 89' lang='grc' dir='ltr'><strong>ιι).</strong></span> 
     </span>
    </p>
   </div>
   <div class='ocr_carea' id='block_1_58' title="bbox 2113 3184 3624 3269">
    <p class='ocr_par' dir='ltr' id='par_1_58' title="bbox 2113 3184 3624 3269">
     <span class='ocr_line' id='line_1_58' title="bbox 2113 3184 3624 3269; baseline 0.007 -30"><span class='ocrx_word' id='word_1_433' title='bbox 2113 3184 2186 3239; x_wconf 81' lang='lat' dir='ltr'><strong>Hi</strong></span> <span class='ocrx_word' id='word_1_434' title='bbox 2217 3196 2362 3253; x_wconf 85' lang='lat' dir='ltr'><strong>sunt,</strong></span> <span class='ocrx_word' id='word_1_435' title='bbox 2385 3189 2476 3257; x_wconf 87' lang='lat' dir='ltr'><strong>qui</strong></span> <span class='ocrx_word' id='word_1_436' title='bbox 2515 3204 2634 3243; x_wconf 86' lang='lat' dir='ltr'><strong>cum</strong></span> <span class='ocrx_word' id='word_1_437' title='bbox 2666 3189 2973 3246; x_wconf 78' lang='lat' dir='ltr'><strong>mulieribus</strong></span> <span class='ocrx_word' id='word_1_438' title='bbox 3000 3209 3105 3247; x_wconf 88' lang='lat' dir='ltr'><strong>non</strong></span> <span class='ocrx_word' id='word_1_439' title='bbox 3126 3203 3249 3248; x_wconf 87' lang='lat' dir='ltr'><strong>sunt</strong></span> <span class='ocrx_word' id='word_1_440' title='bbox 3275 3195 3624 3269; x_wconf 81' lang='lat' dir='ltr'><strong>coinquinati,</strong></span> 
     </span>
    </p>
   </div>
   <div class='ocr_carea' id='block_1_59' title="bbox 369 3277 1941 3359">
    <p class='ocr_par' dir='ltr' id='par_1_59' title="bbox 369 3282 1941 3358">
     <span class='ocr_line' id='line_1_59' title="bbox 369 3282 1941 3358; baseline 0.008 -24"><span class='ocrx_word' id='word_1_441' title='bbox 369 3282 512 3337; x_wconf 87' lang='lat' dir='ltr'><strong>mine</strong></span> <span class='ocrx_word' id='word_1_442' title='bbox 536 3284 801 3352; x_wconf 87' lang='lat' dir='ltr'><strong>deposito,</strong></span> <span class='ocrx_word' id='word_1_443' title='bbox 823 3301 921 3354; x_wconf 88' lang='lat' dir='ltr'><strong>per</strong></span> <span class='ocrx_word' id='word_1_444' title='bbox 942 3288 1168 3356; x_wconf 84' lang='lat' dir='ltr'><strong>gratiam</strong></span> <span class='ocrx_word' id='word_1_445' title='bbox 1191 3289 1532 3358; x_wconf 87' lang='lat' dir='ltr'><strong>baptismatis</strong></span> <span class='ocrx_word' id='word_1_446' title='bbox 1557 3290 1844 3346; x_wconf 85' lang='lat' dir='ltr'><strong>innovatur</strong></span> <span class='ocrx_word' id='word_1_447' title='bbox 1867 3291 1941 3347; x_wconf 86' lang='lat' dir='ltr'><strong>fe-</strong></span> 
     </span>
    </p>
   </div>
   <div class='ocr_carea' id='block_1_60' title="bbox 2045 3277 3628 3359">
    <p class='ocr_par' dir='ltr' id='par_1_60' title="bbox 2045 3277 3628 3359">
     <span class='ocr_line' id='line_1_60' title="bbox 2045 3277 3628 3359; baseline 0.008 -27"><span class='ocrx_word' id='word_1_448' title='bbox 2045 3277 2270 3348; x_wconf 83' lang='lat' dir='ltr'><strong>uirgines</strong></span> <span class='ocrx_word' id='word_1_449' title='bbox 2326 3279 2464 3333; x_wconf 87' lang='lat' dir='ltr'><strong>enim</strong></span> <span class='ocrx_word' id='word_1_450' title='bbox 2505 3289 2649 3336; x_wconf 87' lang='lat' dir='ltr'><strong>sunt.</strong></span> <span class='ocrx_word' id='word_1_451' title='bbox 2679 3279 2925 3352; x_wconf 86' lang='lat' dir='ltr'><strong>Virgines</strong></span> <span class='ocrx_word' id='word_1_452' title='bbox 2951 3284 3095 3338; x_wconf 86' lang='lat' dir='ltr'><strong>enim</strong></span> <span class='ocrx_word' id='word_1_453' title='bbox 3145 3285 3276 3342; x_wconf 86' lang='lat' dir='ltr'><strong>dicit</strong></span> <span class='ocrx_word' id='word_1_454' title='bbox 3314 3288 3628 3359; x_wconf 86' lang='lat' dir='ltr'><strong>integritate</strong></span> 
     </span>
    </p>
   </div>
   <div class='ocr_carea' id='block_1_61' title="bbox 364 3374 1942 3450">
    <p class='ocr_par' dir='ltr' id='par_1_61' title="bbox 364 3374 1942 3450">
     <span class='ocr_line' id='line_1_61' title="bbox 364 3374 1942 3450; baseline 0.004 -21"><span class='ocrx_word' id='word_1_455' title='bbox 364 3374 561 3429; x_wconf 87' lang='lat' dir='ltr'><strong>liciter.</strong></span> <span class='ocrx_word' id='word_1_456' title='bbox 596 3375 701 3430; x_wconf 84' lang='lat' dir='ltr'><strong>Iste</strong></span> <span class='ocrx_word' id='word_1_457' title='bbox 723 3386 918 3432; x_wconf 88' lang='lat' dir='ltr'><strong>cantus</strong></span> <span class='ocrx_word' id='word_1_458' title='bbox 946 3379 1036 3447; x_wconf 90' lang='lat' dir='ltr'><strong>qui</strong></span> <span class='ocrx_word' id='word_1_459' title='bbox 1064 3389 1298 3434; x_wconf 89' lang='lat' dir='ltr'><strong>mentem</strong></span> <span class='ocrx_word' id='word_1_460' title='bbox 1325 3381 1674 3450; x_wconf 88' lang='lat' dir='ltr'><strong>purissimam</strong></span> <span class='ocrx_word' id='word_1_461' title='bbox 1699 3382 1942 3438; x_wconf 88' lang='lat' dir='ltr'><strong>consola-</strong></span> 
     </span>
    </p>
   </div>
   <div class='ocr_carea' id='block_1_62' title="bbox 365 3466 1943 3538">
    <p class='ocr_par' dir='ltr' id='par_1_62' title="bbox 365 3466 1943 3538">
     <span class='ocr_line' id='line_1_62' title="bbox 365 3466 1943 3538; baseline 0.008 -21"><span class='ocrx_word' id='word_1_462' title='bbox 365 3474 472 3531; x_wconf 87' lang='lat' dir='ltr'><strong>tur,</strong></span> <span class='ocrx_word' id='word_1_463' title='bbox 499 3466 589 3535; x_wconf 87' lang='lat' dir='ltr'><strong>qni</strong></span> <span class='ocrx_word' id='word_1_464' title='bbox 622 3467 932 3524; x_wconf 87' lang='lat' dir='ltr'><strong>medullitus</strong></span> <span class='ocrx_word' id='word_1_465' title='bbox 956 3469 1274 3538; x_wconf 85' lang='lat' dir='ltr'><strong>delectatur,</strong></span> <span class='ocrx_word' id='word_1_466' title='bbox 1303 3473 1407 3528; x_wconf 89' lang='lat' dir='ltr'><strong>hoc</strong></span> <span class='ocrx_word' id='word_1_467' title='bbox 1431 3487 1602 3528; x_wconf 88' lang='lat' dir='ltr'><strong>novus</strong></span> <span class='ocrx_word' id='word_1_468' title='bbox 1630 3475 1792 3529; x_wconf 85' lang='lat' dir='ltr'><strong>homo</strong></span> <span class='ocrx_word' id='word_1_469' title='bbox 1815 3489 1943 3529; x_wconf 87' lang='lat' dir='ltr'><strong>can-</strong></span> 
     </span>
    </p>
   </div>
   <div class='ocr_carea' id='block_1_63' title="bbox 365 3557 1942 3633">
    <p class='ocr_par' dir='ltr' id='par_1_63' title="bbox 365 3557 1942 3633">
     <span class='ocr_line' id='line_1_63' title="bbox 365 3557 1942 3633; baseline 0.006 -23"><span class='ocrx_word' id='word_1_470' title='bbox 365 3565 482 3611; x_wconf 88' lang='lat' dir='ltr'><strong>tare</strong></span> <span class='ocrx_word' id='word_1_471' title='bbox 521 3557 684 3612; x_wconf 86' lang='lat' dir='ltr'><strong>debet</strong></span> <span class='ocrx_word' id='word_1_472' title='bbox 719 3560 989 3614; x_wconf 87' lang='lat' dir='ltr'><strong>canticum</strong></span> <span class='ocrx_word' id='word_1_473' title='bbox 1022 3575 1219 3615; x_wconf 90' lang='lat' dir='ltr'><strong>novum</strong></span> <span class='ocrx_word' id='word_1_474' title='bbox 1249 3577 1354 3617; x_wconf 89' lang='lat' dir='ltr'><strong>non</strong></span> <span class='ocrx_word' id='word_1_475' title='bbox 1384 3573 1560 3630; x_wconf 87' lang='lat' dir='ltr'><strong>vetus,</strong></span> <span class='ocrx_word' id='word_1_476' title='bbox 1591 3565 1682 3633; x_wconf 88' lang='lat' dir='ltr'><strong>qui</strong></span> <span class='ocrx_word' id='word_1_477' title='bbox 1713 3565 1942 3620; x_wconf 86' lang='lat' dir='ltr'><strong>necdum</strong></span> 
     </span>
    </p>
   </div>
   <div class='ocr_carea' id='block_1_64' title="bbox 363 3644 1940 3726">
    <p class='ocr_par' dir='ltr' id='par_1_64' title="bbox 363 3644 1940 3726">
     <span class='ocr_line' id='line_1_64' title="bbox 363 3644 1940 3726; baseline 0.006 -28"><span class='ocrx_word' id='word_1_478' title='bbox 363 3644 493 3699; x_wconf 69' lang='lat' dir='ltr'><strong>Adm</strong></span> <span class='ocrx_word' id='word_1_479' title='bbox 513 3656 738 3716; x_wconf 83' lang='lat' dir='ltr'><strong>peccata</strong></span> <span class='ocrx_word' id='word_1_480' title='bbox 760 3649 1024 3726; x_wconf 77' lang='lat' dir='ltr'><strong>deposuit.</strong></span> <span class='ocrx_word' id='word_1_481' title='bbox 1049 3649 1232 3704; x_wconf 86' lang='lat' dir='ltr'><strong>Novus</strong></span> <span class='ocrx_word' id='word_1_482' title='bbox 1256 3652 1441 3721; x_wconf 89' lang='lat' dir='ltr'><strong>utique</strong></span> <span class='ocrx_word' id='word_1_483' title='bbox 1459 3661 1656 3708; x_wconf 83' lang='lat' dir='ltr'><strong>cantus</strong></span> <span class='ocrx_word' id='word_1_484' title='bbox 1684 3650 1789 3718; x_wconf 84' lang='lat' dir='ltr'><strong>est,</strong></span> <span class='ocrx_word' id='word_1_485' title='bbox 1813 3654 1940 3724; x_wconf 89' lang='lat' dir='ltr'><strong>quia</strong></span> 
     </span>
    </p>
   </div>
   <div class='ocr_carea' id='block_1_65' title="bbox 365 3739 1724 3808">
    <p class='ocr_par' dir='ltr' id='par_1_65' title="bbox 365 3739 1724 3808">
     <span class='ocr_line' id='line_1_65' title="bbox 365 3739 1724 3808; baseline 0.006 -17"><span class='ocrx_word' id='word_1_486' title='bbox 365 3753 639 3808; x_wconf 85' lang='lat' dir='ltr'><strong>nunquam</strong></span> <span class='ocrx_word' id='word_1_487' title='bbox 664 3739 824 3794; x_wconf 65' lang='grc' dir='ltr'><strong>ιθιεηι</strong></span> <span class='ocrx_word' id='word_1_488' title='bbox 854 3749 1015 3798; x_wconf 86' lang='lat' dir='ltr'><strong>antea</strong></span> <span class='ocrx_word' id='word_1_489' title='bbox 1042 3743 1276 3798; x_wconf 89' lang='lat' dir='ltr'><strong>mundus</strong></span> <span class='ocrx_word' id='word_1_490' title='bbox 1302 3744 1527 3798; x_wconf 87' lang='lat' dir='ltr'><strong>audivit.</strong></span> <span class='ocrx_word' id='word_1_491' title='bbox 1721 3757 1724 3760; x_wconf 79' lang='lat'><strong><em>&#39;</em></strong></span> 
     </span>
    </p>
   </div>
   <div class='ocr_carea' id='block_1_66' title="bbox 437 3828 1942 3903">
    <p class='ocr_par' dir='ltr' id='par_1_66' title="bbox 437 3828 1942 3903">
     <span class='ocr_line' id='line_1_66' title="bbox 437 3828 1942 3903; baseline 0.007 -21"><span class='ocrx_word' id='word_1_492' title='bbox 437 3828 666 3884; x_wconf 73' lang='lat' dir='ltr'><strong>Novum.</strong></span> <span class='ocrx_word' id='word_1_493' title='bbox 705 3831 859 3898; x_wconf 86' lang='lat' dir='ltr'><strong>Quod</strong></span> <span class='ocrx_word' id='word_1_494' title='bbox 887 3833 1033 3888; x_wconf 86' lang='lat' dir='ltr'><strong>nulla</strong></span> <span class='ocrx_word' id='word_1_495' title='bbox 1061 3841 1331 3890; x_wconf 85' lang='lat' dir='ltr'><strong>vetustate</strong></span> <span class='ocrx_word' id='word_1_496' title='bbox 1355 3835 1653 3903; x_wconf 86' lang='lat' dir='ltr'><strong>sordescat,</strong></span> <span class='ocrx_word' id='word_1_497' title='bbox 1681 3835 1774 3891; x_wconf 84' lang='lat' dir='ltr'><strong>sed</strong></span> <span class='ocrx_word' id='word_1_498' title='bbox 1803 3850 1942 3892; x_wconf 87' lang='lat' dir='ltr'><strong>sem-</strong></span> 
     </span>
    </p>
   </div>
   <div class='ocr_carea' id='block_1_67' title="bbox 361 3920 1802 3994">
    <p class='ocr_par' dir='ltr' id='par_1_67' title="bbox 361 3920 1802 3994">
     <span class='ocr_line' id='line_1_67' title="bbox 361 3920 1802 3994; baseline 0.006 -22"><span class='ocrx_word' id='word_1_499' title='bbox 361 3933 461 3989; x_wconf 87' lang='lat' dir='ltr'><strong>per</strong></span> <span class='ocrx_word' id='word_1_500' title='bbox 485 3920 537 3973; x_wconf 91' lang='lat' dir='ltr'><strong>in</strong></span> <span class='ocrx_word' id='word_1_501' title='bbox 563 3921 648 3976; x_wconf 89' lang='lat' dir='ltr'><strong>sui</strong></span> <span class='ocrx_word' id='word_1_502' title='bbox 671 3921 950 3992; x_wconf 86' lang='lat' dir='ltr'><strong>dignitatis</strong></span> <span class='ocrx_word' id='word_1_503' title='bbox 972 3924 1147 3991; x_wconf 81' lang='lat' dir='ltr'><strong>gratia</strong></span> <span class='ocrx_word' id='word_1_504' title='bbox 1175 3933 1499 3994; x_wconf 87' lang='lat' dir='ltr'><strong>perseveret.</strong></span> <span class='ocrx_word' id='word_1_505' title='bbox 1785 3982 1802 3990; x_wconf 86' lang='lat'>_</span> 
     </span>
    </p>
   </div>
   <div class='ocr_carea' id='block_1_68' title="bbox 434 4009 1939 4085">
    <p class='ocr_par' dir='ltr' id='par_1_68' title="bbox 434 4009 1939 4085">
     <span class='ocr_line' id='line_1_68' title="bbox 434 4009 1939 4085; baseline 0.005 -23"><span class='ocrx_word' id='word_1_506' title='bbox 434 4009 568 4064; x_wconf 80' lang='lat' dir='ltr'><strong>Ante</strong></span> <span class='ocrx_word' id='word_1_507' title='bbox 593 4010 786 4064; x_wconf 62' lang='lat' dir='ltr'><strong>«dem.</strong></span> <span class='ocrx_word' id='word_1_508' title='bbox 820 4010 990 4066; x_wconf 89' lang='lat' dir='ltr'><strong>Sedes</strong></span> <span class='ocrx_word' id='word_1_509' title='bbox 1021 4011 1263 4068; x_wconf 88' lang='lat' dir='ltr'><strong>Ecclesia</strong></span> <span class='ocrx_word' id='word_1_510' title='bbox 1292 4025 1377 4068; x_wconf 88' lang='lat' dir='ltr'><strong>est</strong></span> <span class='ocrx_word' id='word_1_511' title='bbox 1396 4013 1653 4084; x_wconf 79' lang='lat' dir='ltr'><strong>perfecta,</strong></span> <span class='ocrx_word' id='word_1_512' title='bbox 1683 4029 1806 4085; x_wconf 75' lang='lat' dir='ltr'><strong>quae</strong></span> <span class='ocrx_word' id='word_1_513' title='bbox 1829 4029 1939 4070; x_wconf 88' lang='lat' dir='ltr'><strong>me-</strong></span> 
     </span>
    </p>
   </div>
   <div class='ocr_carea' id='block_1_69' title="bbox 363 4099 1937 4172">
    <p class='ocr_par' dir='ltr' id='par_1_69' title="bbox 363 4099 1937 4172">
     <span class='ocr_line' id='line_1_69' title="bbox 363 4099 1937 4172; baseline 0.007 -19"><span class='ocrx_word' id='word_1_514' title='bbox 363 4099 475 4155; x_wconf 86' lang='lat' dir='ltr'><strong>ruit</strong></span> <span class='ocrx_word' id='word_1_515' title='bbox 493 4101 692 4157; x_wconf 70' lang='lat' dir='ltr'><strong>caelum</strong></span> <span class='ocrx_word' id='word_1_516' title='bbox 712 4115 854 4168; x_wconf 86' lang='lat' dir='ltr'><strong>esse,</strong></span> <span class='ocrx_word' id='word_1_517' title='bbox 875 4117 942 4158; x_wconf 90' lang='lat' dir='ltr'><strong>eo</strong></span> <span class='ocrx_word' id='word_1_518' title='bbox 967 4103 1110 4172; x_wconf 87' lang='lat' dir='ltr'><strong>quod</strong></span> <span class='ocrx_word' id='word_1_519' title='bbox 1139 4104 1208 4159; x_wconf 88' lang='lat' dir='ltr'><strong>sit</strong></span> <span class='ocrx_word' id='word_1_520' title='bbox 1235 4105 1598 4160; x_wconf 84' lang='lat' dir='ltr'><strong>habitaculum</strong></span> <span class='ocrx_word' id='word_1_521' title='bbox 1625 4105 1740 4161; x_wconf 89' lang='lat' dir='ltr'><strong>Dei.</strong></span> <span class='ocrx_word' id='word_1_522' title='bbox 1769 4105 1937 4164; x_wconf 84' lang='lat' dir='ltr'><strong>Sedes</strong></span> 
     </span>
    </p>
   </div>
   <div class='ocr_carea' id='block_1_70' title="bbox 361 4191 1935 4265">
    <p class='ocr_par' dir='ltr' id='par_1_70' title="bbox 361 4191 1935 4265">
     <span class='ocr_line' id='line_1_70' title="bbox 361 4191 1935 4265; baseline 0.004 -19"><span class='ocrx_word' id='word_1_523' title='bbox 361 4201 491 4246; x_wconf 85' lang='lat' dir='ltr'><strong>sunt</strong></span> <span class='ocrx_word' id='word_1_524' title='bbox 525 4191 826 4248; x_wconf 86' lang='lat' dir='ltr'><strong>Salvatoris</strong></span> <span class='ocrx_word' id='word_1_525' title='bbox 852 4192 1087 4260; x_wconf 89' lang='lat' dir='ltr'><strong>Domini,</strong></span> <span class='ocrx_word' id='word_1_526' title='bbox 1117 4210 1254 4264; x_wconf 86' lang='lat' dir='ltr'><strong>quas</strong></span> <span class='ocrx_word' id='word_1_527' title='bbox 1275 4195 1368 4251; x_wconf 84' lang='lat' dir='ltr'><strong>ille</strong></span> <span class='ocrx_word' id='word_1_528' title='bbox 1391 4211 1488 4249; x_wconf 88' lang='lat' dir='ltr'><strong>sua</strong></span> <span class='ocrx_word' id='word_1_529' title='bbox 1517 4196 1801 4265; x_wconf 82' lang='lat' dir='ltr'><strong>majestate</strong></span> <span class='ocrx_word' id='word_1_530' title='bbox 1821 4195 1935 4264; x_wconf 79' lang='lat' dir='ltr'><strong>jam</strong></span> 
     </span>
    </p>
   </div>
   <div class='ocr_carea' id='block_1_71' title="bbox 359 4284 1935 4357">
    <p class='ocr_par' dir='ltr' id='par_1_71' title="bbox 359 4284 1935 4357">
     <span class='ocr_line' id='line_1_71' title="bbox 359 4284 1935 4357; baseline 0.002 -19"><span class='ocrx_word' id='word_1_531' title='bbox 359 4284 621 4353; x_wconf 84' lang='lat' dir='ltr'><strong>possidet,</strong></span> <span class='ocrx_word' id='word_1_532' title='bbox 663 4285 806 4340; x_wconf 88' lang='lat' dir='ltr'><strong>sicut</strong></span> <span class='ocrx_word' id='word_1_533' title='bbox 829 4285 1026 4356; x_wconf 85' lang='lat' dir='ltr'><strong>legitur</strong></span> <span class='ocrx_word' id='word_1_534' title='bbox 1050 4305 1064 4340; x_wconf 90' lang='lat'><strong>:</strong></span> <span class='ocrx_word' id='word_1_535' title='bbox 1091 4285 1250 4342; x_wconf 86' lang='lat' dir='ltr'><strong>Sedes</strong></span> <span class='ocrx_word' id='word_1_536' title='bbox 1287 4287 1557 4357; x_wconf 74' lang='lat' dir='ltr'><strong>sapientiae</strong></span> <span class='ocrx_word' id='word_1_537' title='bbox 1593 4287 1772 4339; x_wconf 85' lang='lat' dir='ltr'><strong>anima</strong></span> <span class='ocrx_word' id='word_1_538' title='bbox 1798 4286 1935 4356; x_wconf 80' lang='lat' dir='ltr'><strong>justi</strong></span> 
     </span>
    </p>
   </div>
   <div class='ocr_carea' id='block_1_72' title="bbox 360 4374 1534 4446">
    <p class='ocr_par' dir='ltr' id='par_1_72' title="bbox 360 4374 1534 4446">
     <span class='ocr_line' id='line_1_72' title="bbox 360 4374 1534 4446; baseline 0.005 -18"><span class='ocrx_word' id='word_1_539' title='bbox 360 4385 437 4429; x_wconf 82' lang='lat' dir='ltr'><strong>est</strong></span> <span class='ocrx_word' id='word_1_540' title='bbox 465 4374 614 4446; x_wconf 76' lang='lat' dir='ltr'><strong>(sap.</strong></span> <span class='ocrx_word' id='word_1_541' title='bbox 643 4376 766 4446; x_wconf 83' lang='lat' dir='ltr'><strong>vn).</strong></span> <span class='ocrx_word' id='word_1_542' title='bbox 1531 4379 1534 4382; x_wconf 72' lang='lat'><strong><em>&#39;</em></strong></span> 
     </span>
    </p>
   </div>
   <div class='ocr_carea' id='block_1_73' title="bbox 432 4466 1934 4538">
    <p class='ocr_par' dir='ltr' id='par_1_73' title="bbox 432 4466 1934 4538">
     <span class='ocr_line' id='line_1_73' title="bbox 432 4466 1934 4538; baseline 0.003 -19"><span class='ocrx_word' id='word_1_543' title='bbox 432 4466 508 4520; x_wconf 81' lang='lat' dir='ltr'><strong>Et</strong></span> <span class='ocrx_word' id='word_1_544' title='bbox 531 4476 655 4520; x_wconf 87' lang='lat' dir='ltr'><strong>ante</strong></span> <span class='ocrx_word' id='word_1_545' title='bbox 675 4477 904 4538; x_wconf 84' lang='lat' dir='ltr'><strong>quatuor</strong></span> <span class='ocrx_word' id='word_1_546' title='bbox 939 4468 1211 4522; x_wconf 81' lang='lat' dir='ltr'><strong>animalia.</strong></span> <span class='ocrx_word' id='word_1_547' title='bbox 1254 4468 1500 4536; x_wconf 85' lang='lat' dir='ltr'><strong>Quatuor</strong></span> <span class='ocrx_word' id='word_1_548' title='bbox 1535 4469 1681 4524; x_wconf 84' lang='lat' dir='ltr'><strong>enim</strong></span> <span class='ocrx_word' id='word_1_549' title='bbox 1725 4469 1934 4524; x_wconf 82' lang='lat' dir='ltr'><strong>anima-</strong></span> 
     </span>
    </p>
   </div>
   <div class='ocr_carea' id='block_1_74' title="bbox 2046 3367 3624 3447">
    <p class='ocr_par' dir='ltr' id='par_1_74' title="bbox 2046 3367 3624 3447">
     <span class='ocr_line' id='line_1_74' title="bbox 2046 3367 3624 3447; baseline 0.008 -25"><span class='ocrx_word' id='word_1_550' title='bbox 2046 3367 2191 3424; x_wconf 83' lang='lat' dir='ltr'><strong>ﬁdei.</strong></span> <span class='ocrx_word' id='word_1_551' title='bbox 2231 3369 2323 3423; x_wconf 83' lang='lat' dir='ltr'><strong>Sic</strong></span> <span class='ocrx_word' id='word_1_552' title='bbox 2361 3369 2428 3425; x_wconf 91' lang='lat' dir='ltr'><strong>de</strong></span> <span class='ocrx_word' id='word_1_553' title='bbox 2459 3370 2749 3426; x_wconf 87' lang='lat' dir='ltr'><strong>universali</strong></span> <span class='ocrx_word' id='word_1_554' title='bbox 2780 3371 3020 3428; x_wconf 87' lang='lat' dir='ltr'><strong>Ecclesia</strong></span> <span class='ocrx_word' id='word_1_555' title='bbox 3047 3373 3285 3446; x_wconf 89' lang='lat' dir='ltr'><strong>loquitur</strong></span> <span class='ocrx_word' id='word_1_556' title='bbox 3307 3377 3624 3447; x_wconf 85' lang='lat' dir='ltr'><strong>Apostolus,</strong></span> 
     </span>
    </p>
   </div>
   <div class='ocr_carea' id='block_1_75' title="bbox 2045 3459 3624 3535">
    <p class='ocr_par' dir='ltr' id='par_1_75' title="bbox 2045 3459 3624 3535">
     <span class='ocr_line' id='line_1_75' title="bbox 2045 3459 3624 3535; baseline 0.006 -21"><span class='ocrx_word' id='word_1_557' title='bbox 2045 3459 2228 3516; x_wconf 88' lang='lat' dir='ltr'><strong>dicens</strong></span> <span class='ocrx_word' id='word_1_558' title='bbox 2255 3478 2269 3514; x_wconf 89' lang='lat'><strong>:</strong></span> <span class='ocrx_word' id='word_1_559' title='bbox 2299 3460 2566 3530; x_wconf 82' lang='lat' dir='ltr'><strong>Despondi</strong></span> <span class='ocrx_word' id='word_1_560' title='bbox 2600 3480 2685 3518; x_wconf 74' lang='lat' dir='ltr'><strong>vos</strong></span> <span class='ocrx_word' id='word_1_561' title='bbox 2729 3463 2824 3518; x_wconf 84' lang='lat' dir='ltr'><strong>uni</strong></span> <span class='ocrx_word' id='word_1_562' title='bbox 2848 3465 2979 3530; x_wconf 76' lang='lat' dir='ltr'><strong>uiro,</strong></span> <span class='ocrx_word' id='word_1_563' title='bbox 3011 3465 3261 3535; x_wconf 78' lang='lat' dir='ltr'><strong>virginem</strong></span> <span class='ocrx_word' id='word_1_564' title='bbox 3305 3478 3506 3522; x_wconf 86' lang='lat' dir='ltr'><strong>castam</strong></span> <span class='ocrx_word' id='word_1_565' title='bbox 3531 3486 3624 3524; x_wconf 72' lang='lat' dir='ltr'><strong>ex-</strong></span> 
     </span>
    </p>
   </div>
   <div class='ocr_carea' id='block_1_76' title="bbox 2043 3547 3622 3626">
    <p class='ocr_par' dir='ltr' id='par_1_76' title="bbox 2043 3547 3622 3626">
     <span class='ocr_line' id='line_1_76' title="bbox 2043 3547 3622 3626; baseline 0.006 -22"><span class='ocrx_word' id='word_1_566' title='bbox 2043 3550 2219 3605; x_wconf 80' lang='lat' dir='ltr'><strong>hibere</strong></span> <span class='ocrx_word' id='word_1_567' title='bbox 2259 3547 2488 3619; x_wconf 78' lang='lat' dir='ltr'><strong>Christo,</strong></span> <span class='ocrx_word' id='word_1_568' title='bbox 2532 3569 2656 3607; x_wconf 85' lang='lat' dir='ltr'><strong>nam</strong></span> <span class='ocrx_word' id='word_1_569' title='bbox 2686 3561 2740 3608; x_wconf 91' lang='lat' dir='ltr'><strong>et</strong></span> <span class='ocrx_word' id='word_1_570' title='bbox 2768 3552 2906 3608; x_wconf 84' lang='lat' dir='ltr'><strong>hanc</strong></span> <span class='ocrx_word' id='word_1_571' title='bbox 2955 3553 3220 3609; x_wconf 80' lang='lat' dir='ltr'><strong>visionem</strong></span> <span class='ocrx_word' id='word_1_572' title='bbox 3265 3554 3622 3626; x_wconf 86' lang='lat' dir='ltr'><strong>Thichonius,</strong></span> 
     </span>
    </p>
   </div>
   <div class='ocr_carea' id='block_1_77' title="bbox 2021 3639 3624 3712">
    <p class='ocr_par' dir='ltr' id='par_1_77' title="bbox 2021 3639 3624 3712">
     <span class='ocr_line' id='line_1_77' title="bbox 2021 3639 3624 3712; baseline 0.007 -19"><span class='ocrx_word' id='word_1_573' title='bbox 2021 3654 2152 3694; x_wconf 72' lang='lat' dir='ltr'><strong>.non</strong></span> <span class='ocrx_word' id='word_1_574' title='bbox 2192 3639 2260 3695; x_wconf 89' lang='lat' dir='ltr'><strong>de</strong></span> <span class='ocrx_word' id='word_1_575' title='bbox 2297 3639 2596 3712; x_wconf 87' lang='lat' dir='ltr'><strong>virginibus</strong></span> <span class='ocrx_word' id='word_1_576' title='bbox 2636 3640 2943 3710; x_wconf 88' lang='lat' dir='ltr'><strong>specialiter</strong></span> <span class='ocrx_word' id='word_1_577' title='bbox 2991 3651 3222 3709; x_wconf 87' lang='lat' dir='ltr'><strong>tantum,</strong></span> <span class='ocrx_word' id='word_1_578' title='bbox 3279 3647 3373 3700; x_wconf 89' lang='lat' dir='ltr'><strong>sed</strong></span> <span class='ocrx_word' id='word_1_579' title='bbox 3403 3647 3470 3702; x_wconf 88' lang='lat' dir='ltr'><strong>de</strong></span> <span class='ocrx_word' id='word_1_580' title='bbox 3510 3656 3624 3703; x_wconf 87' lang='lat' dir='ltr'><strong>tota</strong></span> 
     </span>
    </p>
   </div>
   <div class='ocr_carea' id='block_1_78' title="bbox 2041 3733 3626 3813">
    <p class='ocr_par' dir='ltr' id='par_1_78' title="bbox 2041 3733 3626 3813">
     <span class='ocr_line' id='line_1_78' title="bbox 2041 3733 3626 3813; baseline 0.008 -25"><span class='ocrx_word' id='word_1_581' title='bbox 2041 3733 2369 3803; x_wconf 84' lang='lat' dir='ltr'><strong>generaliter</strong></span> <span class='ocrx_word' id='word_1_582' title='bbox 2407 3735 2798 3804; x_wconf 86' lang='lat' dir='ltr'><strong>interpretatur</strong></span> <span class='ocrx_word' id='word_1_583' title='bbox 2860 3735 3122 3794; x_wconf 85' lang='lat' dir='ltr'><strong>Ecclesia.</strong></span> <span class='ocrx_word' id='word_1_584' title='bbox 3174 3737 3238 3794; x_wconf 89' lang='lat' dir='ltr'><strong>lli</strong></span> <span class='ocrx_word' id='word_1_585' title='bbox 3281 3742 3448 3813; x_wconf 89' lang='lat' dir='ltr'><strong>empti</strong></span> <span class='ocrx_word' id='word_1_586' title='bbox 3497 3754 3626 3800; x_wconf 87' lang='lat' dir='ltr'><strong>sunt</strong></span> 
     </span>
    </p>
   </div>
   <div class='ocr_carea' id='block_1_79' title="bbox 2039 3824 3625 3906">
    <p class='ocr_par' dir='ltr' id='par_1_79' title="bbox 2039 3824 3625 3906">
     <span class='ocr_line' id='line_1_79' title="bbox 2039 3824 3625 3906; baseline 0.007 -27"><span class='ocrx_word' id='word_1_587' title='bbox 2039 3838 2107 3879; x_wconf 78' lang='lat' dir='ltr'><strong>ex</strong></span> <span class='ocrx_word' id='word_1_588' title='bbox 2135 3824 2446 3881; x_wconf 88' lang='lat' dir='ltr'><strong>hominibus</strong></span> <span class='ocrx_word' id='word_1_589' title='bbox 2483 3826 2734 3897; x_wconf 70' lang='lat' dir='ltr'><strong>primitiae</strong></span> <span class='ocrx_word' id='word_1_590' title='bbox 2762 3827 2874 3885; x_wconf 90' lang='lat' dir='ltr'><strong>Deo</strong></span> <span class='ocrx_word' id='word_1_591' title='bbox 2899 3838 2953 3885; x_wconf 89' lang='lat' dir='ltr'><strong>et</strong></span> <span class='ocrx_word' id='word_1_592' title='bbox 2982 3846 3145 3902; x_wconf 85' lang='lat' dir='ltr'><strong>agno,</strong></span> <span class='ocrx_word' id='word_1_593' title='bbox 3197 3833 3459 3906; x_wconf 90' lang='lat' dir='ltr'><strong>redempti</strong></span> <span class='ocrx_word' id='word_1_594' title='bbox 3498 3851 3625 3904; x_wconf 85' lang='lat' dir='ltr'><strong>pre-</strong></span> 
     </span>
    </p>
   </div>
   <div class='ocr_carea' id='block_1_80' title="bbox 2038 3914 3622 3995">
    <p class='ocr_par' dir='ltr' id='par_1_80' title="bbox 2038 3914 3622 3995">
     <span class='ocr_line' id='line_1_80' title="bbox 2038 3914 3622 3995; baseline 0.006 -25"><span class='ocrx_word' id='word_1_595' title='bbox 2038 3914 2179 3971; x_wconf 90' lang='lat' dir='ltr'><strong>tioso</strong></span> <span class='ocrx_word' id='word_1_596' title='bbox 2205 3918 2468 3988; x_wconf 87' lang='lat' dir='ltr'><strong>sanguine</strong></span> <span class='ocrx_word' id='word_1_597' title='bbox 2493 3915 2715 3985; x_wconf 87' lang='lat' dir='ltr'><strong>Christi,</strong></span> <span class='ocrx_word' id='word_1_598' title='bbox 2747 3927 2809 3974; x_wconf 91' lang='lat' dir='ltr'><strong>ut</strong></span> <span class='ocrx_word' id='word_1_599' title='bbox 2831 3921 3119 3990; x_wconf 82' lang='lat' dir='ltr'><strong>Apostolus</strong></span> <span class='ocrx_word' id='word_1_600' title='bbox 3139 3923 3217 3978; x_wconf 89' lang='lat' dir='ltr'><strong>ait</strong></span> <span class='ocrx_word' id='word_1_601' title='bbox 3241 3938 3256 3976; x_wconf 91' lang='lat'><strong>:</strong></span> <span class='ocrx_word' id='word_1_602' title='bbox 3285 3923 3464 3995; x_wconf 82' lang='lat' dir='ltr'><strong>Empti</strong></span> <span class='ocrx_word' id='word_1_603' title='bbox 3482 3927 3622 3980; x_wconf 85' lang='lat' dir='ltr'><strong>enim</strong></span> 
     </span>
    </p>
   </div>
   <div class='ocr_carea' id='block_1_81' title="bbox 2037 4007 3621 4082">
    <p class='ocr_par' dir='ltr' id='par_1_81' title="bbox 2037 4007 3621 4082">
     <span class='ocr_line' id='line_1_81' title="bbox 2037 4007 3621 4082; baseline 0.006 -22"><span class='ocrx_word' id='word_1_604' title='bbox 2037 4007 2160 4061; x_wconf 82' lang='lat' dir='ltr'><strong>estis</strong></span> <span class='ocrx_word' id='word_1_605' title='bbox 2183 4009 2350 4077; x_wconf 84' lang='lat' dir='ltr'><strong>pretio</strong></span> <span class='ocrx_word' id='word_1_606' title='bbox 2379 4025 2593 4080; x_wconf 85' lang='lat' dir='ltr'><strong>magno,</strong></span> <span class='ocrx_word' id='word_1_607' title='bbox 2621 4009 2912 4080; x_wconf 72' lang='lat' dir='ltr'><strong>glori/irate</strong></span> <span class='ocrx_word' id='word_1_608' title='bbox 2935 4021 2985 4066; x_wconf 85' lang='lat' dir='ltr'><strong>et</strong></span> <span class='ocrx_word' id='word_1_609' title='bbox 3013 4021 3218 4082; x_wconf 84' lang='lat' dir='ltr'><strong>portate</strong></span> <span class='ocrx_word' id='word_1_610' title='bbox 3249 4011 3534 4068; x_wconf 83' lang='lat' dir='ltr'><strong>Dominum</strong></span> <span class='ocrx_word' id='word_1_611' title='bbox 3564 4015 3621 4070; x_wconf 79' lang='lat' dir='ltr'><strong>in</strong></span> 
     </span>
    </p>
   </div>
   <div class='ocr_carea' id='block_1_82' title="bbox 2037 4099 3611 4173">
    <p class='ocr_par' dir='ltr' id='par_1_82' title="bbox 2037 4099 3611 4173">
     <span class='ocr_line' id='line_1_82' title="bbox 2037 4099 3611 4173; baseline 0.003 -21"><span class='ocrx_word' id='word_1_612' title='bbox 2037 4114 2253 4169; x_wconf 83' lang='lat' dir='ltr'><strong>corpore</strong></span> <span class='ocrx_word' id='word_1_613' title='bbox 2291 4109 2457 4155; x_wconf 85' lang='lat' dir='ltr'><strong>vestro</strong></span> <span class='ocrx_word' id='word_1_614' title='bbox 2493 4099 2546 4171; x_wconf 94' lang='grc'><strong>(1</strong></span> <span class='ocrx_word' id='word_1_615' title='bbox 2576 4099 2696 4155; x_wconf 83' lang='lat' dir='ltr'><strong>Cor.</strong></span> <span class='ocrx_word' id='word_1_616' title='bbox 2733 4100 2830 4173; x_wconf 75' lang='lat' dir='ltr'><strong>vr).</strong></span> <span class='ocrx_word' id='word_1_617' title='bbox 2871 4101 2964 4155; x_wconf 68' lang='lat' dir='ltr'><strong>liae</strong></span> <span class='ocrx_word' id='word_1_618' title='bbox 2991 4102 3244 4170; x_wconf 65' lang='lat' dir='ltr'><strong>primitiae</strong></span> <span class='ocrx_word' id='word_1_619' title='bbox 3270 4102 3338 4156; x_wconf 86' lang='lat' dir='ltr'><strong>de</strong></span> <span class='ocrx_word' id='word_1_620' title='bbox 3367 4102 3458 4156; x_wconf 87' lang='lat' dir='ltr'><strong>illo</strong></span> <span class='ocrx_word' id='word_1_621' title='bbox 3483 4118 3611 4156; x_wconf 86' lang='lat' dir='ltr'><strong>san-</strong></span> 
     </span>
    </p>
   </div>
   <div class='ocr_carea' id='block_1_83' title="bbox 2037 4187 3613 4258">
    <p class='ocr_par' dir='ltr' id='par_1_83' title="bbox 2037 4187 3613 4258">
     <span class='ocr_line' id='line_1_83' title="bbox 2037 4187 3613 4258; baseline 0.002 -18"><span class='ocrx_word' id='word_1_622' title='bbox 2037 4193 2126 4240; x_wconf 89' lang='lat' dir='ltr'><strong>cto</strong></span> <span class='ocrx_word' id='word_1_623' title='bbox 2147 4195 2202 4241; x_wconf 89' lang='lat' dir='ltr'><strong>et</strong></span> <span class='ocrx_word' id='word_1_624' title='bbox 2227 4187 2574 4243; x_wconf 83' lang='lat' dir='ltr'><strong>immaculato</strong></span> <span class='ocrx_word' id='word_1_625' title='bbox 2597 4188 2855 4244; x_wconf 68' lang='lat' dir='ltr'><strong>Ecclesia:</strong></span> <span class='ocrx_word' id='word_1_626' title='bbox 2887 4202 3070 4258; x_wconf 84' lang='lat' dir='ltr'><strong>grege,</strong></span> <span class='ocrx_word' id='word_1_627' title='bbox 3109 4189 3260 4256; x_wconf 89' lang='lat' dir='ltr'><strong>quasi</strong></span> <span class='ocrx_word' id='word_1_628' title='bbox 3293 4190 3613 4255; x_wconf 88' lang='lat' dir='ltr'><strong>sanctiores,</strong></span> 
     </span>
    </p>
   </div>
   <div class='ocr_carea' id='block_1_84' title="bbox 2035 4275 3617 4352">
    <p class='ocr_par' dir='ltr' id='par_1_84' title="bbox 2035 4275 3617 4352">
     <span class='ocr_line' id='line_1_84' title="bbox 2035 4275 3617 4352; baseline 0.005 -23"><span class='ocrx_word' id='word_1_629' title='bbox 2035 4275 2348 4346; x_wconf 84' lang='lat' dir='ltr'><strong>prioresque</strong></span> <span class='ocrx_word' id='word_1_630' title='bbox 2369 4278 2577 4342; x_wconf 63' lang='lat' dir='ltr'><strong>hostire,</strong></span> <span class='ocrx_word' id='word_1_631' title='bbox 2607 4292 2706 4348; x_wconf 90' lang='lat' dir='ltr'><strong>pro</strong></span> <span class='ocrx_word' id='word_1_632' title='bbox 2731 4277 3024 4334; x_wconf 85' lang='lat' dir='ltr'><strong>voluntatis</strong></span> <span class='ocrx_word' id='word_1_633' title='bbox 3047 4293 3160 4334; x_wconf 67' lang='lat' dir='ltr'><strong>sua:</strong></span> <span class='ocrx_word' id='word_1_634' title='bbox 3187 4279 3418 4346; x_wconf 86' lang='lat' dir='ltr'><strong>meritis,</strong></span> <span class='ocrx_word' id='word_1_635' title='bbox 3449 4281 3617 4352; x_wconf 85' lang='lat' dir='ltr'><strong>aSpi-</strong></span> 
     </span>
    </p>
   </div>
   <div class='ocr_carea' id='block_1_85' title="bbox 2033 4365 2674 4437">
    <p class='ocr_par' dir='ltr' id='par_1_85' title="bbox 2033 4365 2674 4437">
     <span class='ocr_line' id='line_1_85' title="bbox 2033 4365 2674 4437; baseline 0.003 -18"><span class='ocrx_word' id='word_1_636' title='bbox 2033 4365 2144 4420; x_wconf 83' lang='lat' dir='ltr'><strong>ritu</strong></span> <span class='ocrx_word' id='word_1_637' title='bbox 2169 4373 2356 4420; x_wconf 86' lang='lat' dir='ltr'><strong>sancto</strong></span> <span class='ocrx_word' id='word_1_638' title='bbox 2376 4365 2674 4437; x_wconf 88' lang='lat' dir='ltr'><strong>eliguntur.</strong></span> 
     </span>
    </p>
   </div>
   <div class='ocr_carea' id='block_1_86' title="bbox 2107 4455 3614 4528">
    <p class='ocr_par' dir='ltr' id='par_1_86' title="bbox 2107 4455 3614 4528">
     <span class='ocr_line' id='line_1_86' title="bbox 2107 4455 3614 4528; baseline 0.009 -17"><span class='ocrx_word' id='word_1_639' title='bbox 2107 4455 2176 4511; x_wconf 85' lang='lat' dir='ltr'><strong>Et</strong></span> <span class='ocrx_word' id='word_1_640' title='bbox 2203 4459 2260 4512; x_wconf 87' lang='lat' dir='ltr'><strong>in</strong></span> <span class='ocrx_word' id='word_1_641' title='bbox 2301 4474 2390 4513; x_wconf 88' lang='lat' dir='ltr'><strong>ore</strong></span> <span class='ocrx_word' id='word_1_642' title='bbox 2435 4459 2668 4528; x_wconf 87' lang='lat' dir='ltr'><strong>ipsorum</strong></span> <span class='ocrx_word' id='word_1_643' title='bbox 2712 4476 2816 4515; x_wconf 84' lang='lat' dir='ltr'><strong>non</strong></span> <span class='ocrx_word' id='word_1_644' title='bbox 2855 4470 2929 4516; x_wconf 84' lang='lat' dir='ltr'><strong>est</strong></span> <span class='ocrx_word' id='word_1_645' title='bbox 2969 4462 3240 4518; x_wconf 72' lang='lat' dir='ltr'><strong>inventum</strong></span> <span class='ocrx_word' id='word_1_646' title='bbox 3260 4465 3614 4524; x_wconf 65' lang='lat' dir='ltr'><strong>mendacium.</strong></span> 
     </span>
    </p>
   </div>
   <div class='ocr_carea' id='block_1_87' title="bbox 360 4547 3613 4630">
    <p class='ocr_par' dir='ltr' id='par_1_87' title="bbox 360 4547 3613 4630">
     <span class='ocr_line' id='line_1_87' title="bbox 360 4547 3613 4630; baseline 0.006 -36"><span class='ocrx_word' id='word_1_647' title='bbox 360 4556 431 4611; x_wconf 63' lang='grc' dir='ltr'><strong>ιε,</strong></span> <span class='ocrx_word' id='word_1_648' title='bbox 480 4566 713 4627; x_wconf 54' lang='lat' dir='ltr'><strong>quam“</strong></span> <span class='ocrx_word' id='word_1_649' title='bbox 754 4557 1042 4629; x_wconf 52' lang='lat' dir='ltr'><strong>design“;</strong></span> <span class='ocrx_word' id='word_1_650' title='bbox 1089 4559 1378 4630; x_wconf 62' lang='lat' dir='ltr'><strong>Evangelia</strong></span> <span class='ocrx_word' id='word_1_651' title='bbox 1407 4601 1421 4626; x_wconf 62' lang='grc'><em>,</em></span> <span class='ocrx_word' id='word_1_652' title='bbox 1485 4575 1606 4630; x_wconf 47' lang='lat' dir='ltr'><strong>qua</strong></span> <span class='ocrx_word' id='word_1_653' title='bbox 1653 4561 1760 4616; x_wconf 67' lang='lat' dir='ltr'><strong>alio</strong></span> <span class='ocrx_word' id='word_1_654' title='bbox 1810 4561 1931 4617; x_wconf 74' lang='grc' dir='ltr'><strong>ιοοο</strong></span> <span class='ocrx_word' id='word_1_655' title='bbox 1960 4613 2007 4630; x_wconf 39' lang='grc' dir='ltr'>ἢ</span> <span class='ocrx_word' id='word_1_656' title='bbox 2037 4547 2156 4604; x_wconf 83' lang='lat' dir='ltr'><strong>Non</strong></span> <span class='ocrx_word' id='word_1_657' title='bbox 2201 4549 2374 4604; x_wconf 80' lang='lat' dir='ltr'><strong>dixit:</strong></span> <span class='ocrx_word' id='word_1_658' title='bbox 2403 4548 2516 4604; x_wconf 86' lang='lat' dir='ltr'><strong>Non</strong></span> <span class='ocrx_word' id='word_1_659' title='bbox 2544 4551 2646 4606; x_wconf 81' lang='lat' dir='ltr'><strong>fuit</strong></span> <span class='ocrx_word' id='word_1_660' title='bbox 2673 4551 2725 4606; x_wconf 91' lang='lat' dir='ltr'><strong>in</strong></span> <span class='ocrx_word' id='word_1_661' title='bbox 2752 4567 2848 4607; x_wconf 89' lang='lat' dir='ltr'><strong>ore</strong></span> <span class='ocrx_word' id='word_1_662' title='bbox 2884 4568 3073 4608; x_wconf 81' lang='lat' dir='ltr'><strong>eorum</strong></span> <span class='ocrx_word' id='word_1_663' title='bbox 3115 4556 3480 4621; x_wconf 86' lang='lat' dir='ltr'><strong>mendacium,</strong></span> <span class='ocrx_word' id='word_1_664' title='bbox 3518 4561 3613 4615; x_wconf 85' lang='lat' dir='ltr'><strong>sed</strong></span> 
     </span>
    </p>
   </div>
   <div class='ocr_carea' id='block_1_88' title="bbox 357 4613 1941 4722">
    <p class='ocr_par' dir='ltr' id='par_1_88' title="bbox 357 4613 1933 4722">
     <span class='ocr_line' id='line_1_88' title="bbox 357 4613 1933 4722; baseline 0.004 -22"><span class='ocrx_word' id='word_1_665' title='bbox 357 4613 515 4717; x_wconf 60' lang='lat' dir='ltr'><strong>plend</strong></span> <span class='ocrx_word' id='word_1_666' title='bbox 545 4648 717 4702; x_wconf 90' lang='lat' dir='ltr'><strong>oculis</strong></span> <span class='ocrx_word' id='word_1_667' title='bbox 755 4613 903 4702; x_wconf 47' lang='lat' dir='ltr'><strong>ante”</strong></span> <span class='ocrx_word' id='word_1_668' title='bbox 919 4655 975 4703; x_wconf 87' lang='lat' dir='ltr'><strong>et</strong></span> <span class='ocrx_word' id='word_1_669' title='bbox 1017 4657 1164 4703; x_wconf 91' lang='lat' dir='ltr'><strong>retro</strong></span> <span class='ocrx_word' id='word_1_670' title='bbox 1187 4613 1585 4706; x_wconf 58' lang='lat' dir='ltr'><strong>deuscribuntnr.</strong></span> <span class='ocrx_word' id='word_1_671' title='bbox 1613 4650 1774 4718; x_wconf 82' lang='lat' dir='ltr'><strong>Ante,</strong></span> <span class='ocrx_word' id='word_1_672' title='bbox 1805 4649 1933 4722; x_wconf 86' lang='lat' dir='ltr'><strong>quia</strong></span> 
     </span>
    </p>
   </div>
   <div class='ocr_carea' id='block_1_89' title="bbox 2045 4613 3613 4722">
    <p class='ocr_par' dir='ltr' id='par_1_89' title="bbox 2045 4638 3613 4711">
     <span class='ocr_line' id='line_1_89' title="bbox 2045 4638 3613 4711; baseline 0.008 -19"><span class='ocrx_word' id='word_1_673' title='bbox 2045 4655 2143 4694; x_wconf 89' lang='lat' dir='ltr'><strong>non</strong></span> <span class='ocrx_word' id='word_1_674' title='bbox 2170 4647 2254 4695; x_wconf 85' lang='lat' dir='ltr'><strong>est</strong></span> <span class='ocrx_word' id='word_1_675' title='bbox 2291 4638 2591 4695; x_wconf 85' lang='lat' dir='ltr'><strong>inventum.</strong></span> <span class='ocrx_word' id='word_1_676' title='bbox 2649 4640 2802 4700; x_wconf 86' lang='lat' dir='ltr'><strong>Sicut</strong></span> <span class='ocrx_word' id='word_1_677' title='bbox 2842 4642 3130 4711; x_wconf 81' lang='lat' dir='ltr'><strong>Apostolus</strong></span> <span class='ocrx_word' id='word_1_678' title='bbox 3173 4644 3346 4700; x_wconf 87' lang='lat' dir='ltr'><strong>dicit:</strong></span> <span class='ocrx_word' id='word_1_679' title='bbox 3375 4647 3445 4701; x_wconf 83' lang='lat' dir='ltr'><strong>Et</strong></span> <span class='ocrx_word' id='word_1_680' title='bbox 3501 4649 3613 4704; x_wconf 71' lang='lat' dir='ltr'><strong>laws</strong></span> 
     </span>
    </p>
   </div>
   <div class='ocr_carea' id='block_1_90' title="bbox 357 4735 1207 4808">
    <p class='ocr_par' dir='ltr' id='par_1_90' title="bbox 357 4735 1207 4808">
     <span class='ocr_line' id='line_1_90' title="bbox 357 4735 1207 4808; baseline -0.001 -16"><span class='ocrx_word' id='word_1_681' title='bbox 357 4738 424 4792; x_wconf 87' lang='lat' dir='ltr'><strong>de</strong></span> <span class='ocrx_word' id='word_1_682' title='bbox 449 4736 634 4792; x_wconf 81' lang='lat' dir='ltr'><strong>futuro</strong></span> <span class='ocrx_word' id='word_1_683' title='bbox 653 4735 858 4806; x_wconf 86' lang='lat' dir='ltr'><strong>judicio</strong></span> <span class='ocrx_word' id='word_1_684' title='bbox 886 4737 1207 4808; x_wconf 79' lang='lat' dir='ltr'><strong>praedicant.</strong></span> 
     </span>
    </p>
   </div>
   <div class='ocr_carea' id='block_1_91' title="bbox 428 4825 1932 4894">
    <p class='ocr_par' dir='ltr' id='par_1_91' title="bbox 428 4825 1932 4894">
     <span class='ocr_line' id='line_1_91' title="bbox 428 4825 1932 4894; baseline 0.005 -14"><span class='ocrx_word' id='word_1_685' title='bbox 428 4825 609 4881; x_wconf 81' lang='lat' dir='ltr'><strong>Retro.</strong></span> <span class='ocrx_word' id='word_1_686' title='bbox 653 4827 791 4894; x_wconf 89' lang='lat' dir='ltr'><strong>Quia</strong></span> <span class='ocrx_word' id='word_1_687' title='bbox 834 4828 902 4883; x_wconf 86' lang='lat' dir='ltr'><strong>de</strong></span> <span class='ocrx_word' id='word_1_688' title='bbox 946 4829 1128 4884; x_wconf 81' lang='lat' dir='ltr'><strong>Veteri</strong></span> <span class='ocrx_word' id='word_1_689' title='bbox 1174 4829 1521 4886; x_wconf 86' lang='lat' dir='ltr'><strong>Testamento</strong></span> <span class='ocrx_word' id='word_1_690' title='bbox 1562 4831 1932 4888; x_wconf 85' lang='lat' dir='ltr'><strong>testimonium</strong></span> 
     </span>
    </p>
   </div>
   <div class='ocr_carea' id='block_1_92' title="bbox 354 4916 1289 4993">
    <p class='ocr_par' dir='ltr' id='par_1_92' title="bbox 354 4916 1289 4993">
     <span class='ocr_line' id='line_1_92' title="bbox 354 4916 1289 4993; baseline 0.005 -21"><span class='ocrx_word' id='word_1_691' title='bbox 354 4916 578 4972; x_wconf 88' lang='lat' dir='ltr'><strong>donant.</strong></span> <span class='ocrx_word' id='word_1_692' title='bbox 606 4919 761 4986; x_wconf 89' lang='lat' dir='ltr'><strong>Quod</strong></span> <span class='ocrx_word' id='word_1_693' title='bbox 788 4930 968 4975; x_wconf 89' lang='lat' dir='ltr'><strong>autem</strong></span> <span class='ocrx_word' id='word_1_694' title='bbox 1001 4923 1246 4993; x_wconf 85' lang='lat' dir='ltr'><strong>sequitur</strong></span> <span class='ocrx_word' id='word_1_695' title='bbox 1277 4943 1289 4976; x_wconf 86' lang='lat'><strong>:</strong></span> 
     </span>
    </p>
   </div>
   <div class='ocr_carea' id='block_1_93' title="bbox 423 5006 1927 5084">
    <p class='ocr_par' dir='ltr' id='par_1_93' title="bbox 423 5006 1927 5084">
     <span class='ocr_line' id='line_1_93' title="bbox 423 5006 1927 5084; baseline 0.007 -25"><span class='ocrx_word' id='word_1_696' title='bbox 423 5006 497 5060; x_wconf 84' lang='lat' dir='ltr'><strong>Et</strong></span> <span class='ocrx_word' id='word_1_697' title='bbox 533 5009 783 5065; x_wconf 82' lang='lat' dir='ltr'><strong>seniores.</strong></span> <span class='ocrx_word' id='word_1_698' title='bbox 822 5009 948 5067; x_wconf 85' lang='lat' dir='ltr'><strong>Illos</strong></span> <span class='ocrx_word' id='word_1_699' title='bbox 991 5012 1282 5083; x_wconf 75' lang='lat' dir='ltr'><strong>significat,</strong></span> <span class='ocrx_word' id='word_1_700' title='bbox 1329 5014 1397 5069; x_wconf 89' lang='lat' dir='ltr'><strong>de</strong></span> <span class='ocrx_word' id='word_1_701' title='bbox 1434 5013 1631 5084; x_wconf 88' lang='lat' dir='ltr'><strong>quibus</strong></span> <span class='ocrx_word' id='word_1_702' title='bbox 1675 5014 1927 5084; x_wconf 82' lang='lat' dir='ltr'><strong>superius</strong></span> 
     </span>
    </p>
   </div>
   <div class='ocr_carea' id='block_1_94' title="bbox 352 5097 603 5153">
    <p class='ocr_par' dir='ltr' id='par_1_94' title="bbox 352 5097 603 5153">
     <span class='ocr_line' id='line_1_94' title="bbox 352 5097 603 5153; baseline 0 -1"><span class='ocrx_word' id='word_1_703' title='bbox 352 5097 567 5153; x_wconf 79' lang='lat' dir='ltr'><strong>dixerat</strong></span> <span class='ocrx_word' id='word_1_704' title='bbox 589 5117 603 5152; x_wconf 93' lang='lat'><strong>:</strong></span> 
     </span>
    </p>
   </div>
   <div class='ocr_carea' id='block_1_95' title="bbox 416 5190 1929 5268">
    <p class='ocr_par' dir='ltr' id='par_1_95' title="bbox 416 5190 1929 5268">
     <span class='ocr_line' id='line_1_95' title="bbox 416 5190 1929 5268; baseline 0.006 -25"><span class='ocrx_word' id='word_1_705' title='bbox 416 5190 491 5243; x_wconf 79' lang='lat' dir='ltr'><strong>Et</strong></span> <span class='ocrx_word' id='word_1_706' title='bbox 508 5191 564 5245; x_wconf 80' lang='lat' dir='ltr'><strong>in</strong></span> <span class='ocrx_word' id='word_1_707' title='bbox 584 5192 808 5247; x_wconf 73' lang='lat' dir='ltr'><strong>circuitu</strong></span> <span class='ocrx_word' id='word_1_708' title='bbox 833 5195 972 5249; x_wconf 79' lang='lat' dir='ltr'><strong>sedis</strong></span> <span class='ocrx_word' id='word_1_709' title='bbox 990 5193 1378 5267; x_wconf 72' lang='lat' dir='ltr'><strong>sedilia-uiginti</strong></span> <span class='ocrx_word' id='word_1_710' title='bbox 1397 5207 1624 5268; x_wconf 81' lang='lat' dir='ltr'><strong>quatuor</strong></span> <span class='ocrx_word' id='word_1_711' title='bbox 1647 5197 1838 5265; x_wconf 82' lang='lat' dir='ltr'><strong>millia,</strong></span> <span class='ocrx_word' id='word_1_712' title='bbox 1878 5207 1929 5252; x_wconf 84' lang='lat' dir='ltr'><strong>et</strong></span> 
     </span>
    </p>
   </div>
   <div class='ocr_carea' id='block_1_96' title="bbox 346 5281 1925 5356">
    <p class='ocr_par' dir='ltr' id='par_1_96' title="bbox 346 5281 1925 5356">
     <span class='ocr_line' id='line_1_96' title="bbox 346 5281 1925 5356; baseline 0.007 -24"><span class='ocrx_word' id='word_1_713' title='bbox 346 5295 508 5348; x_wconf 64' lang='lat' dir='ltr'><strong>super</strong></span> <span class='ocrx_word' id='word_1_714' title='bbox 533 5281 747 5337; x_wconf 72' lang='lat' dir='ltr'><strong>thronos</strong></span> <span class='ocrx_word' id='word_1_715' title='bbox 774 5285 957 5354; x_wconf 74' lang='lat' dir='ltr'><strong>viginti</strong></span> <span class='ocrx_word' id='word_1_716' title='bbox 990 5296 1216 5356; x_wconf 80' lang='lat' dir='ltr'><strong>quatuor</strong></span> <span class='ocrx_word' id='word_1_717' title='bbox 1250 5289 1499 5354; x_wconf 80' lang='lat' dir='ltr'><strong>seniores,</strong></span> <span class='ocrx_word' id='word_1_718' title='bbox 1529 5289 1762 5343; x_wconf 83' lang='lat' dir='ltr'><strong>sedentes</strong></span> <span class='ocrx_word' id='word_1_719' title='bbox 1788 5291 1925 5343; x_wconf 81' lang='lat' dir='ltr'><strong>anti-</strong></span> 
     </span>
    </p>
   </div>
   <div class='ocr_carea' id='block_1_97' title="bbox 345 5373 1925 5449">
    <p class='ocr_par' dir='ltr' id='par_1_97' title="bbox 345 5373 1925 5449">
     <span class='ocr_line' id='line_1_97' title="bbox 345 5373 1925 5449; baseline 0.007 -25"><span class='ocrx_word' id='word_1_720' title='bbox 345 5373 418 5424; x_wconf 74' lang='grc' dir='ltr'><strong>αἱ</strong></span> <span class='ocrx_word' id='word_1_721' title='bbox 445 5373 764 5429; x_wconf 74' lang='lat' dir='ltr'><strong>vestimentis</strong></span> <span class='ocrx_word' id='word_1_722' title='bbox 793 5375 947 5431; x_wconf 82' lang='lat' dir='ltr'><strong>albis.</strong></span> <span class='ocrx_word' id='word_1_723' title='bbox 981 5375 1085 5444; x_wconf 88' lang='lat' dir='ltr'><strong>Qui</strong></span> <span class='ocrx_word' id='word_1_724' title='bbox 1117 5379 1227 5432; x_wconf 80' lang='lat' dir='ltr'><strong>sive</strong></span> <span class='ocrx_word' id='word_1_725' title='bbox 1240 5379 1563 5449; x_wconf 87' lang='lat' dir='ltr'><strong>Decalogum</strong></span> <span class='ocrx_word' id='word_1_726' title='bbox 1593 5380 1925 5449; x_wconf 84' lang='lat' dir='ltr'><strong>duplicatum</strong></span> 
     </span>
    </p>
   </div>
   <div class='ocr_carea' id='block_1_98' title="bbox 344 5467 1927 5540">
    <p class='ocr_par' dir='ltr' id='par_1_98' title="bbox 344 5467 1927 5540">
     <span class='ocr_line' id='line_1_98' title="bbox 344 5467 1927 5540; baseline 0.007 -25"><span class='ocrx_word' id='word_1_727' title='bbox 344 5470 405 5516; x_wconf 88' lang='lat' dir='ltr'><strong>et</strong></span> <span class='ocrx_word' id='word_1_728' title='bbox 424 5473 666 5532; x_wconf 85' lang='lat' dir='ltr'><strong>quatuor</strong></span> <span class='ocrx_word' id='word_1_729' title='bbox 685 5467 992 5537; x_wconf 81' lang='lat' dir='ltr'><strong>signiﬁcant</strong></span> <span class='ocrx_word' id='word_1_730' title='bbox 1019 5468 1328 5539; x_wconf 82' lang='lat' dir='ltr'><strong>Evangelia,</strong></span> <span class='ocrx_word' id='word_1_731' title='bbox 1357 5470 1473 5524; x_wconf 88' lang='lat' dir='ltr'><strong>sive</strong></span> <span class='ocrx_word' id='word_1_732' title='bbox 1497 5470 1778 5525; x_wconf 89' lang='lat' dir='ltr'><strong>duodecim</strong></span> <span class='ocrx_word' id='word_1_733' title='bbox 1802 5485 1927 5540; x_wconf 88' lang='lat' dir='ltr'><strong>apo-</strong></span> 
     </span>
    </p>
   </div>
   <div class='ocr_carea' id='block_1_99' title="bbox 341 5551 1926 5627">
    <p class='ocr_par' dir='ltr' id='par_1_99' title="bbox 341 5551 1926 5627">
     <span class='ocr_line' id='line_1_99' title="bbox 341 5551 1926 5627; baseline 0.007 -22"><span class='ocrx_word' id='word_1_734' title='bbox 341 5551 537 5616; x_wconf 83' lang='lat' dir='ltr'><strong>stolos,</strong></span> <span class='ocrx_word' id='word_1_735' title='bbox 566 5561 622 5606; x_wconf 86' lang='lat' dir='ltr'><strong>et</strong></span> <span class='ocrx_word' id='word_1_736' title='bbox 648 5555 930 5611; x_wconf 83' lang='lat' dir='ltr'><strong>duodecim</strong></span> <span class='ocrx_word' id='word_1_737' title='bbox 965 5559 1326 5627; x_wconf 88' lang='lat' dir='ltr'><strong>patriarchas,</strong></span> <span class='ocrx_word' id='word_1_738' title='bbox 1359 5559 1424 5613; x_wconf 82' lang='lat' dir='ltr'><strong>id</strong></span> <span class='ocrx_word' id='word_1_739' title='bbox 1453 5567 1556 5625; x_wconf 89' lang='lat' dir='ltr'><strong>est,</strong></span> <span class='ocrx_word' id='word_1_740' title='bbox 1590 5559 1720 5623; x_wconf 85' lang='lat' dir='ltr'><strong>Noe,</strong></span> <span class='ocrx_word' id='word_1_741' title='bbox 1753 5561 1926 5616; x_wconf 88' lang='lat' dir='ltr'><strong>Abra-</strong></span> 
     </span>
    </p>
   </div>
   <div class='ocr_carea' id='block_1_100' title="bbox 341 5640 1921 5718">
    <p class='ocr_par' dir='ltr' id='par_1_100' title="bbox 341 5640 1921 5718">
     <span class='ocr_line' id='line_1_100' title="bbox 341 5640 1921 5718; baseline 0.008 -24"><span class='ocrx_word' id='word_1_742' title='bbox 341 5640 495 5704; x_wconf 82' lang='lat' dir='ltr'><strong>ham,</strong></span> <span class='ocrx_word' id='word_1_743' title='bbox 543 5640 713 5707; x_wconf 82' lang='lat' dir='ltr'><strong>Isaac,</strong></span> <span class='ocrx_word' id='word_1_744' title='bbox 758 5643 947 5710; x_wconf 70' lang='lat' dir='ltr'><strong>Iacob,</strong></span> <span class='ocrx_word' id='word_1_745' title='bbox 992 5647 1232 5718; x_wconf 76' lang='lat' dir='ltr'><strong>Moysen,</strong></span> <span class='ocrx_word' id='word_1_746' title='bbox 1259 5648 1462 5716; x_wconf 88' lang='lat' dir='ltr'><strong>Aaron,</strong></span> <span class='ocrx_word' id='word_1_747' title='bbox 1492 5647 1677 5713; x_wconf 67' lang='lat' dir='ltr'><strong>Iosue,</strong></span> <span class='ocrx_word' id='word_1_748' title='bbox 1704 5649 1921 5715; x_wconf 87' lang='lat' dir='ltr'><strong>Isaiam,</strong></span> 
     </span>
    </p>
   </div>
   <div class='ocr_carea' id='block_1_101' title="bbox 340 5729 1924 5803">
    <p class='ocr_par' dir='ltr' id='par_1_101' title="bbox 340 5729 1924 5803">
     <span class='ocr_line' id='line_1_101' title="bbox 340 5729 1924 5803; baseline 0.008 -20"><span class='ocrx_word' id='word_1_749' title='bbox 340 5729 682 5786; x_wconf 80' lang='lat' dir='ltr'><strong>Hieremiam</strong></span> <span class='ocrx_word' id='word_1_750' title='bbox 707 5773 726 5798; x_wconf 92' lang='lat'><strong>,</strong></span> <span class='ocrx_word' id='word_1_751' title='bbox 775 5733 1136 5803; x_wconf 80' lang='lat' dir='ltr'><strong>Ezechielem,</strong></span> <span class='ocrx_word' id='word_1_752' title='bbox 1181 5738 1456 5795; x_wconf 91' lang='lat' dir='ltr'><strong>Danielem</strong></span> <span class='ocrx_word' id='word_1_753' title='bbox 1503 5747 1561 5795; x_wconf 91' lang='lat' dir='ltr'><strong>et</strong></span> <span class='ocrx_word' id='word_1_754' title='bbox 1605 5739 1793 5797; x_wconf 89' lang='lat' dir='ltr'><strong>David.</strong></span> <span class='ocrx_word' id='word_1_755' title='bbox 1855 5739 1924 5796; x_wconf 83' lang='lat' dir='ltr'><strong>Et</strong></span> 
     </span>
    </p>
   </div>
   <div class='ocr_carea' id='block_1_102' title="bbox 339 5825 1921 5903">
    <p class='ocr_par' dir='ltr' id='par_1_102' title="bbox 339 5825 1921 5903">
     <span class='ocr_line' id='line_1_102' title="bbox 339 5825 1921 5903; baseline 0.008 -27"><span class='ocrx_word' id='word_1_756' title='bbox 339 5835 506 5878; x_wconf 77' lang='lat' dir='ltr'><strong>neum</strong></span> <span class='ocrx_word' id='word_1_757' title='bbox 549 5831 758 5892; x_wconf 82' lang='lat' dir='ltr'><strong>poterat</strong></span> <span class='ocrx_word' id='word_1_758' title='bbox 796 5825 976 5883; x_wconf 88' lang='lat' dir='ltr'><strong>dicere</strong></span> <span class='ocrx_word' id='word_1_759' title='bbox 1017 5827 1285 5886; x_wconf 87' lang='lat' dir='ltr'><strong>canticum</strong></span> <span class='ocrx_word' id='word_1_760' title='bbox 1314 5829 1416 5888; x_wconf 86' lang='lat' dir='ltr'><strong>nisi</strong></span> <span class='ocrx_word' id='word_1_761' title='bbox 1446 5837 1661 5886; x_wconf 84' lang='lat' dir='ltr'><strong>centum</strong></span> <span class='ocrx_word' id='word_1_762' title='bbox 1689 5830 1921 5903; x_wconf 79' lang='lat' dir='ltr'><strong>quadra-</strong></span> 
     </span>
    </p>
   </div>
   <div class='ocr_carea' id='block_1_103' title="bbox 2033 4729 3615 4806">
    <p class='ocr_par' dir='ltr' id='par_1_103' title="bbox 2033 4729 3615 4806">
     <span class='ocr_line' id='line_1_103' title="bbox 2033 4729 3615 4806; baseline 0.007 -25"><span class='ocrx_word' id='word_1_763' title='bbox 2033 4729 2242 4799; x_wconf 86' lang='lat' dir='ltr'><strong>quidem</strong></span> <span class='ocrx_word' id='word_1_764' title='bbox 2282 4729 2478 4800; x_wconf 81' lang='lat' dir='ltr'><strong>fuistis,</strong></span> <span class='ocrx_word' id='word_1_765' title='bbox 2506 4730 2597 4784; x_wconf 86' lang='lat' dir='ltr'><strong>sed</strong></span> <span class='ocrx_word' id='word_1_766' title='bbox 2641 4731 2806 4785; x_wconf 86' lang='lat' dir='ltr'><strong>abluti</strong></span> <span class='ocrx_word' id='word_1_767' title='bbox 2841 4734 2964 4786; x_wconf 88' lang='lat' dir='ltr'><strong>estis</strong></span> <span class='ocrx_word' id='word_1_768' title='bbox 3003 4733 3052 4805; x_wconf 93' lang='lat' dir='ltr'><strong>(I</strong></span> <span class='ocrx_word' id='word_1_769' title='bbox 3079 4733 3199 4787; x_wconf 86' lang='lat' dir='ltr'><strong>Cor.</strong></span> <span class='ocrx_word' id='word_1_770' title='bbox 3226 4735 3325 4806; x_wconf 75' lang='lat' dir='ltr'><strong>vn).</strong></span> <span class='ocrx_word' id='word_1_771' title='bbox 3365 4736 3468 4791; x_wconf 88' lang='lat' dir='ltr'><strong>Et:</strong></span> <span class='ocrx_word' id='word_1_772' title='bbox 3499 4736 3615 4792; x_wconf 85' lang='lat' dir='ltr'><strong>Ini.-</strong></span> 
     </span>
    </p>
   </div>
   <div class='ocr_carea' id='block_1_104' title="bbox 2032 4821 3614 4894">
    <p class='ocr_par' dir='ltr' id='par_1_104' title="bbox 2032 4821 3614 4894">
     <span class='ocr_line' id='line_1_104' title="bbox 2032 4821 3614 4894; baseline 0.005 -20"><span class='ocrx_word' id='word_1_773' title='bbox 2032 4822 2203 4892; x_wconf 79' lang='lat' dir='ltr'><strong>quitas</strong></span> <span class='ocrx_word' id='word_1_774' title='bbox 2237 4821 2424 4892; x_wconf 83' lang='lat' dir='ltr'><strong>injusti</strong></span> <span class='ocrx_word' id='word_1_775' title='bbox 2451 4838 2554 4876; x_wconf 85' lang='lat' dir='ltr'><strong>non</strong></span> <span class='ocrx_word' id='word_1_776' title='bbox 2581 4821 2781 4876; x_wconf 73' lang='lat' dir='ltr'><strong>nocebit</strong></span> <span class='ocrx_word' id='word_1_777' title='bbox 2826 4823 2896 4888; x_wconf 85' lang='lat' dir='ltr'><strong>ei,</strong></span> <span class='ocrx_word' id='word_1_778' title='bbox 2933 4841 3039 4894; x_wconf 90' lang='lat' dir='ltr'><strong>qua</strong></span> <span class='ocrx_word' id='word_1_779' title='bbox 3073 4825 3160 4880; x_wconf 68' lang='lat' dir='ltr'><strong>die</strong></span> <span class='ocrx_word' id='word_1_780' title='bbox 3192 4842 3468 4881; x_wconf 82' lang='lat' dir='ltr'><strong>conversus</strong></span> <span class='ocrx_word' id='word_1_781' title='bbox 3497 4827 3614 4893; x_wconf 79' lang='lat' dir='ltr'><strong>fue-</strong></span> 
     </span>
    </p>
   </div>
   <div class='ocr_carea' id='block_1_105' title="bbox 2033 4911 3613 4984">
    <p class='ocr_par' dir='ltr' id='par_1_105' title="bbox 2033 4911 3613 4984">
     <span class='ocr_line' id='line_1_105' title="bbox 2033 4911 3613 4984; baseline 0.006 -20"><span class='ocrx_word' id='word_1_782' title='bbox 2033 4912 2100 4964; x_wconf 86' lang='lat' dir='ltr'><strong>rit</strong></span> <span class='ocrx_word' id='word_1_783' title='bbox 2129 4911 2192 4964; x_wconf 84' lang='lat' dir='ltr'><strong>ab</strong></span> <span class='ocrx_word' id='word_1_784' title='bbox 2222 4911 2501 4982; x_wconf 85' lang='lat' dir='ltr'><strong>iniquitate</strong></span> <span class='ocrx_word' id='word_1_785' title='bbox 2533 4928 2656 4977; x_wconf 87' lang='lat' dir='ltr'><strong>sua,</strong></span> <span class='ocrx_word' id='word_1_786' title='bbox 2705 4921 2760 4966; x_wconf 89' lang='lat' dir='ltr'><strong>et</strong></span> <span class='ocrx_word' id='word_1_787' title='bbox 2793 4913 2996 4982; x_wconf 87' lang='lat' dir='ltr'><strong>poterit</strong></span> <span class='ocrx_word' id='word_1_788' title='bbox 3022 4927 3142 4970; x_wconf 86' lang='lat' dir='ltr'><strong>esse</strong></span> <span class='ocrx_word' id='word_1_789' title='bbox 3167 4914 3342 4984; x_wconf 82' lang='lat' dir='ltr'><strong>virgo,</strong></span> <span class='ocrx_word' id='word_1_790' title='bbox 3373 4926 3428 4972; x_wconf 90' lang='lat' dir='ltr'><strong>et</strong></span> <span class='ocrx_word' id='word_1_791' title='bbox 3457 4917 3613 4973; x_wconf 89' lang='lat' dir='ltr'><strong>dolus</strong></span> 
     </span>
    </p>
   </div>
   <div class='ocr_carea' id='block_1_106' title="bbox 2032 4999 3612 5076">
    <p class='ocr_par' dir='ltr' id='par_1_106' title="bbox 2032 4999 3612 5076">
     <span class='ocr_line' id='line_1_106' title="bbox 2032 4999 3612 5076; baseline 0.009 -23"><span class='ocrx_word' id='word_1_792' title='bbox 2032 4999 2085 5066; x_wconf 85' lang='lat' dir='ltr'><strong>in</strong></span> <span class='ocrx_word' id='word_1_793' title='bbox 2107 5015 2202 5055; x_wconf 91' lang='lat' dir='ltr'><strong>ore</strong></span> <span class='ocrx_word' id='word_1_794' title='bbox 2229 4999 2347 5068; x_wconf 84' lang='lat' dir='ltr'><strong>ejus</strong></span> <span class='ocrx_word' id='word_1_795' title='bbox 2386 5016 2505 5056; x_wconf 76' lang='lat' dir='ltr'><strong>non</strong></span> <span class='ocrx_word' id='word_1_796' title='bbox 2541 5003 2790 5057; x_wconf 84' lang='lat' dir='ltr'><strong>inveniri.</strong></span> <span class='ocrx_word' id='word_1_797' title='bbox 2825 5005 3072 5076; x_wconf 86' lang='lat' dir='ltr'><strong>Virgines</strong></span> <span class='ocrx_word' id='word_1_798' title='bbox 3096 5007 3240 5064; x_wconf 90' lang='lat' dir='ltr'><strong>enim</strong></span> <span class='ocrx_word' id='word_1_799' title='bbox 3269 5018 3452 5065; x_wconf 87' lang='lat' dir='ltr'><strong>castos</strong></span> <span class='ocrx_word' id='word_1_800' title='bbox 3479 5011 3612 5067; x_wconf 87' lang='lat' dir='ltr'><strong>dicit</strong></span> 
     </span>
    </p>
   </div>
   <div class='ocr_carea' id='block_1_107' title="bbox 2031 5093 3617 5164">
    <p class='ocr_par' dir='ltr' id='par_1_107' title="bbox 2031 5093 3617 5164">
     <span class='ocr_line' id='line_1_107' title="bbox 2031 5093 3617 5164; baseline 0.006 -17"><span class='ocrx_word' id='word_1_801' title='bbox 2031 5102 2089 5147; x_wconf 88' lang='lat' dir='ltr'><strong>et</strong></span> <span class='ocrx_word' id='word_1_802' title='bbox 2121 5093 2364 5164; x_wconf 89' lang='lat' dir='ltr'><strong>pudicos.</strong></span> <span class='ocrx_word' id='word_1_803' title='bbox 2411 5093 2540 5150; x_wconf 89' lang='lat' dir='ltr'><strong>Sine</strong></span> <span class='ocrx_word' id='word_1_804' title='bbox 2589 5094 2796 5150; x_wconf 89' lang='lat' dir='ltr'><strong>macula</strong></span> <span class='ocrx_word' id='word_1_805' title='bbox 2846 5105 2972 5151; x_wconf 89' lang='lat' dir='ltr'><strong>sunt</strong></span> <span class='ocrx_word' id='word_1_806' title='bbox 3017 5105 3142 5154; x_wconf 85' lang='lat' dir='ltr'><strong>ante</strong></span> <span class='ocrx_word' id='word_1_807' title='bbox 3187 5100 3440 5156; x_wconf 72' lang='lat' dir='ltr'><strong>thronum</strong></span> <span class='ocrx_word' id='word_1_808' title='bbox 3489 5101 3617 5157; x_wconf 78' lang='lat' dir='ltr'><strong>Dei.</strong></span> 
     </span>
    </p>
   </div>
   <div class='ocr_carea' id='block_1_108' title="bbox 2031 5183 3608 5258">
    <p class='ocr_par' dir='ltr' id='par_1_108' title="bbox 2031 5183 3608 5258">
     <span class='ocr_line' id='line_1_108' title="bbox 2031 5183 3608 5258; baseline 0.006 -20"><span class='ocrx_word' id='word_1_809' title='bbox 2031 5183 2162 5240; x_wconf 91' lang='lat' dir='ltr'><strong>Sine</strong></span> <span class='ocrx_word' id='word_1_810' title='bbox 2214 5185 2463 5250; x_wconf 67' lang='lat' dir='ltr'><strong>macula,</strong></span> <span class='ocrx_word' id='word_1_811' title='bbox 2505 5186 2610 5241; x_wconf 85' lang='lat' dir='ltr'><strong>hoc</strong></span> <span class='ocrx_word' id='word_1_812' title='bbox 2657 5193 2762 5252; x_wconf 85' lang='lat' dir='ltr'><strong>est,</strong></span> <span class='ocrx_word' id='word_1_813' title='bbox 2813 5186 2932 5242; x_wconf 89' lang='lat' dir='ltr'><strong>sine</strong></span> <span class='ocrx_word' id='word_1_814' title='bbox 2965 5198 3203 5258; x_wconf 65' lang='lat' dir='ltr'><strong>pecme</strong></span> <span class='ocrx_word' id='word_1_815' title='bbox 3260 5191 3412 5248; x_wconf 86' lang='lat' dir='ltr'><strong>Tunc</strong></span> <span class='ocrx_word' id='word_1_816' title='bbox 3462 5193 3608 5248; x_wconf 85' lang='lat' dir='ltr'><strong>enim</strong></span> 
     </span>
    </p>
   </div>
   <div class='ocr_carea' id='block_1_109' title="bbox 2023 5273 3607 5346">
    <p class='ocr_par' dir='ltr' id='par_1_109' title="bbox 2023 5273 3607 5346">
     <span class='ocr_line' id='line_1_109' title="bbox 2023 5273 3607 5346; baseline 0.005 -18"><span class='ocrx_word' id='word_1_817' title='bbox 2023 5273 2153 5343; x_wconf 80' lang='lat' dir='ltr'><strong>iusti</strong></span> <span class='ocrx_word' id='word_1_818' title='bbox 2189 5275 2531 5332; x_wconf 82' lang='lat' dir='ltr'><strong>immaculati.</strong></span> <span class='ocrx_word' id='word_1_819' title='bbox 2570 5285 2719 5340; x_wconf 86' lang='lat' dir='ltr'><strong>sunt,</strong></span> <span class='ocrx_word' id='word_1_820' title='bbox 2765 5277 2982 5346; x_wconf 87' lang='lat' dir='ltr'><strong>quando</strong></span> <span class='ocrx_word' id='word_1_821' title='bbox 3012 5279 3360 5344; x_wconf 72' lang='lat' dir='ltr'><strong>indulgentia:</strong></span> <span class='ocrx_word' id='word_1_822' title='bbox 3386 5297 3607 5338; x_wconf 72' lang='lat' dir='ltr'><strong>mera</strong></span> 
     </span>
    </p>
   </div>
   <div class='ocr_carea' id='block_1_110' title="bbox 2027 5362 3606 5448">
    <p class='ocr_par' dir='ltr' id='par_1_110' title="bbox 2027 5362 3606 5448">
     <span class='ocr_line' id='line_1_110' title="bbox 2027 5362 3606 5448; baseline 0.003 -27"><span class='ocrx_word' id='word_1_823' title='bbox 2027 5374 2458 5434; x_wconf 81' lang='lat' dir='ltr'><strong>consequuntur,</strong></span> <span class='ocrx_word' id='word_1_824' title='bbox 2485 5365 2625 5420; x_wconf 89' lang='lat' dir='ltr'><strong>sicut</strong></span> <span class='ocrx_word' id='word_1_825' title='bbox 2650 5362 2921 5435; x_wconf 78' lang='lat' dir='ltr'><strong>Propheta</strong></span> <span class='ocrx_word' id='word_1_826' title='bbox 2948 5368 3115 5424; x_wconf 89' lang='lat' dir='ltr'><strong>dicit:</strong></span> <span class='ocrx_word' id='word_1_827' title='bbox 3144 5369 3376 5448; x_wconf 63' lang='lat' dir='ltr'><strong>Lanatus-</strong></span> <span class='ocrx_word' id='word_1_828' title='bbox 3406 5387 3507 5436; x_wconf 83' lang='lat' dir='ltr'><strong>nte,</strong></span> <span class='ocrx_word' id='word_1_829' title='bbox 3555 5382 3606 5425; x_wconf 77' lang='grc' dir='ltr'><strong><em>ρι</em></strong></span> 
     </span>
    </p>
   </div>
   <div class='ocr_carea' id='block_1_111' title="bbox 2025 5458 3606 5534">
    <p class='ocr_par' dir='ltr' id='par_1_111' title="bbox 2025 5458 3606 5534">
     <span class='ocr_line' id='line_1_111' title="bbox 2025 5458 3606 5534; baseline 0.002 -20"><span class='ocrx_word' id='word_1_830' title='bbox 2025 5474 2182 5530; x_wconf 84' lang='lat' dir='ltr'><strong>super</strong></span> <span class='ocrx_word' id='word_1_831' title='bbox 2228 5459 2396 5514; x_wconf 82' lang='lat' dir='ltr'><strong>niuem</strong></span> <span class='ocrx_word' id='word_1_832' title='bbox 2443 5459 2729 5514; x_wconf 78' lang='lat' dir='ltr'><strong>dealbabor</strong></span> <span class='ocrx_word' id='word_1_833' title='bbox 2775 5458 2948 5534; x_wconf 86' lang='lat' dir='ltr'><strong>(Psal.</strong></span> <span class='ocrx_word' id='word_1_834' title='bbox 2993 5463 3091 5533; x_wconf 58' lang='lat'><strong>1.).</strong></span> <span class='ocrx_word' id='word_1_835' title='bbox 3134 5464 3285 5520; x_wconf 81' lang='lat' dir='ltr'><strong>Beati</strong></span> <span class='ocrx_word' id='word_1_836' title='bbox 3328 5481 3469 5534; x_wconf 86' lang='lat' dir='ltr'><strong>crgo-</strong></span> <span class='ocrx_word' id='word_1_837' title='bbox 3503 5465 3606 5520; x_wconf 74' lang='lat' dir='ltr'><strong>im.-</strong></span> 
     </span>
    </p>
   </div>
   <div class='ocr_carea' id='block_1_112' title="bbox 2025 5548 3602 5618">
    <p class='ocr_par' dir='ltr' id='par_1_112' title="bbox 2025 5548 3602 5618">
     <span class='ocr_line' id='line_1_112' title="bbox 2025 5548 3602 5618; baseline 0.003 -14"><span class='ocrx_word' id='word_1_838' title='bbox 2025 5549 2318 5614; x_wconf 86' lang='lat' dir='ltr'><strong>maculati,</strong></span> <span class='ocrx_word' id='word_1_839' title='bbox 2378 5548 2472 5618; x_wconf 88' lang='lat' dir='ltr'><strong>qui</strong></span> <span class='ocrx_word' id='word_1_840' title='bbox 2527 5548 2584 5604; x_wconf 91' lang='lat' dir='ltr'><strong>in</strong></span> <span class='ocrx_word' id='word_1_841' title='bbox 2639 5549 2808 5604; x_wconf 85' lang='lat' dir='ltr'><strong>vitam</strong></span> <span class='ocrx_word' id='word_1_842' title='bbox 2860 5558 3133 5608; x_wconf 60' lang='lat' dir='ltr'><strong>attentam.</strong></span> <span class='ocrx_word' id='word_1_843' title='bbox 3183 5560 3462 5610; x_wconf 72' lang='lat' dir='ltr'><strong>merentur</strong></span> <span class='ocrx_word' id='word_1_844' title='bbox 3513 5553 3602 5609; x_wconf 78' lang='lat' dir='ltr'><strong>in-</strong></span> 
     </span>
    </p>
   </div>
   <div class='ocr_carea' id='block_1_113' title="bbox 2027 5645 2193 5694">
    <p class='ocr_par' dir='ltr' id='par_1_113' title="bbox 2027 5645 2193 5694">
     <span class='ocr_line' id='line_1_113' title="bbox 2027 5645 2193 5694; baseline -0.006 0"><span class='ocrx_word' id='word_1_845' title='bbox 2027 5645 2193 5694; x_wconf 77' lang='lat' dir='ltr'><strong>trare.</strong></span> 
     </span>
    </p>
   </div>
   <div class='ocr_carea' id='block_1_114' title="bbox 2357 5742 3282 5794">
    <p class='ocr_par' dir='ltr' id='par_1_114' title="bbox 2357 5742 3282 5794">
     <span class='ocr_line' id='line_1_114' title="bbox 2357 5742 3282 5794; baseline 0.005 -12"><span class='ocrx_word' id='word_1_846' title='bbox 2357 5742 2694 5785; x_wconf 68' lang='lat' dir='ltr'><strong>svsncsuuu</strong></span> <span class='ocrx_word' id='word_1_847' title='bbox 2734 5743 3014 5794; x_wconf 70' lang='lat' dir='ltr'><strong>narrum,</strong></span> <span class='ocrx_word' id='word_1_848' title='bbox 3054 5743 3185 5783; x_wconf 65' lang='lat' dir='ltr'><strong>car.</strong></span> <span class='ocrx_word' id='word_1_849' title='bbox 3218 5745 3282 5786; x_wconf 81' lang='lat' dir='ltr'><strong>tr.</strong></span> 
     </span>
    </p>
   </div>
   <div class='ocr_carea' id='block_1_115' title="bbox 2099 5833 3596 5908">
    <p class='ocr_par' dir='ltr' id='par_1_115' title="bbox 2099 5833 3596 5908">
     <span class='ocr_line' id='line_1_115' title="bbox 2099 5833 3596 5908; baseline 0.009 -22"><span class='ocrx_word' id='word_1_850' title='bbox 2099 5851 2122 5886; x_wconf 73' lang='grc' dir='ltr'>ι</span> <span class='ocrx_word' id='word_1_851' title='bbox 2151 5833 2288 5890; x_wconf 84' lang='lat' dir='ltr'><strong>Ecce</strong></span> <span class='ocrx_word' id='word_1_852' title='bbox 2321 5833 2543 5904; x_wconf 81' lang='lat' dir='ltr'><strong>angelus</strong></span> <span class='ocrx_word' id='word_1_853' title='bbox 2575 5833 2782 5890; x_wconf 87' lang='lat' dir='ltr'><strong>Domini</strong></span> <span class='ocrx_word' id='word_1_854' title='bbox 2802 5834 3049 5904; x_wconf 84' lang='lat' dir='ltr'><strong>apparuit</strong></span> <span class='ocrx_word' id='word_1_855' title='bbox 3068 5835 3124 5892; x_wconf 92' lang='lat' dir='ltr'><strong>in</strong></span> <span class='ocrx_word' id='word_1_856' title='bbox 3143 5838 3350 5895; x_wconf 87' lang='lat' dir='ltr'><strong>somnis</strong></span> <span class='ocrx_word' id='word_1_857' title='bbox 3369 5836 3596 5908; x_wconf 71' lang='lat' dir='ltr'><strong>Ioseph,</strong></span> 
     </span>
    </p>
   </div>
  </div>
