3994 6204
355 386 415 442 σι
1655 384 1918 443 SMARAC

2041 386 2332 446 ABBATIS
3536 399 3606 455 5?.

357 520 380 552 s
409 501 636 557 dicens:
667 498 844 571 Surge
881 507 936 555 et
978 500 1163 570 accipe
1189 514 1414 571 puerum
1440 509 1495 556 et
1525 507 1755 558 matrem
1784 497 1920 570 ejus,
1952 505 2004 566 Α
2027 503 2238 559 minim:
2261 504 2670 574 incarnationis,
2717 515 2775 563 et
2812 507 3073 566 Ecclesia:
3111 509 3455 580 societatem,
3513 529 3612 585 per

355 615 378 648 ι
407 605 460 650 et
486 594 610 666 fuge
639 595 694 649 in
725 593 1042 665 Egyptum,
1070 602 1132 648 et
1155 601 1273 648 esto
1303 592 1376 648 ibi
1400 607 1571 662 usque
1595 593 1722 649 dum
1752 593 1932 649 dicam

356 707 377 738 ί
409 687 544 753 tibi;
588 686 828 741 futurum
861 685 1136 750 cstenim,
1181 691 1242 738 ut
1287 683 1527 740 Herodes
1564 692 1772 754 quaerat
1801 699 1932 754 puc-

359 801 379 832 ι
411 796 528 834 rum
565 780 630 832 ad
657 777 990 850 perdendum
1025 791 1170 831 eum.
1227 774 1328 841 Qui
1359 791 1692 847 consurgens
1722 777 1932 846 accepit

360 892 379 925 ι
409 885 638 942 puerum
689 877 745 925 et
795 877 1023 924 matrem
1078 867 1197 936 eius
1244 876 1446 934 nocte,
1497 877 1552 928 et
1600 869 1828 926 secessit
1874 869 1929 922 in

357 981 377 1014 ε
407 961 704 1034 Ᾰιίςγριυιιι
727 1001 742 1028 ,
789 969 848 1015 et
885 969 1006 1014 erat
1035 960 1108 1015 ibi
1137 971 1308 1030 usque
1334 961 1401 1017 ad
1425 960 1631 1017 obitum
1679 960 1926 1026 Herodis,

357 1073 375 1105 ι
405 1063 465 1108 ιιι
499 1053 885 1122 adimpleretur
933 1052 1079 1121 quod
1121 1052 1323 1106 dictum
1373 1059 1458 1107 est
1496 1067 1528 1106 a
1567 1052 1796 1108 Domino
1833 1066 1931 1121 per

355 1162 376 1194 ‹
406 1143 748 1214 prophetam,
800 1143 1108 1197 dicentem:
1140 1142 1220 1196 Ex
1261 1141 1499 1212 Egypto
1540 1142 1729 1197 vocavi
1759 1141 1928 1196 ﬁlium

357 1251 377 1284 ι
405 1237 606 1288 meum.
651 1231 806 1286 Tunc
847 1229 1089 1287 Herodes
1126 1232 1317 1288 videns
1343 1233 1488 1302 Quod
1515 1232 1706 1290 illusus
1726 1240 1873 1287 esset
1896 1246 1928 1285 a

356 1340 374 1372 ι
404 1320 601 1391 magis,
624 1320 798 1376 iratus
838 1331 918 1375 est
961 1321 1136 1377 valde.
1175 1321 1243 1377 Et
1274 1322 1496 1379 mittens
1517 1321 1716 1378 occidit
1737 1336 1928 1376 omnes

356 1432 374 1464 σ
405 1419 624 1482 pueros,
657 1413 746 1481 qui
768 1421 926 1466 erant
949 1413 1002 1467 in
1031 1413 1331 1478 Bethleem,
1359 1423 1416 1470 et
1446 1415 1500 1468 in
1526 1415 1778 1469 auibus
1802 1414 1927 1467 lini-

359 1523 377 1554 ι
408 1505 508 1558 bus
555 1503 666 1569 eis,
716 1519 747 1558 a
792 1503 999 1558 bimatu
1045 1511 1101 1558 et
1143 1503 1306 1570 infra,
1349 1505 1648 1560 secundum
1693 1513 1926 1574 tempus,

356 1613 374 1643 ι
405 1594 548 1664 quod
591 1593 926 1663 exquisierat
955 1608 988 1646 a
1017 1595 1211 1665 magis.
1260 1594 1412 1650 Tunc
1462 1593 1811 1663 adimpletum
1846 1601 1929 1650 est

355 1701 372 1733 ι
401 1683 547 1752 quod
569 1683 772 1738 dictum
799 1692 882 1739 est
912 1695 1010 1754 per
1041 1683 1371 1740 Hieremiam
1395 1687 1715 1756 prophetam
1743 1685 1927 1740 dicen-

357 1791 374 1822 ο
407 1782 517 1827 tem
543 1791 556 1828 :
589 1773 706 1828 Vox
737 1773 791 1827 in
820 1772 992 1828 Rama
1023 1773 1207 1829 audita
1251 1782 1354 1838 est,
1407 1774 1646 1843 ploratus
1675 1783 1732 1828 et
1755 1774 1927 1828 ulula-

2032 596 2285 653 doctores
2305 606 2524 654 sanctos
2544 599 2796 670 gentibus
2824 601 3113 656 committi.
3573 669 3580 674 ,

2102 687 2210 756 Qui
2237 706 2554 761 consurgens
2589 693 2787 762 accepit
2807 709 3026 763 puerum
3047 701 3097 746 et
3124 702 3342 749 matrem
3366 704 3536 763 nocte,
3561 706 3610 752 et

2030 780 2241 833 recessit
2277 782 2333 834 in
2382 781 2692 853 Egyptum.
2747 783 3014 856 Egyptus
3039 785 3280 840 tenebrae
3311 793 3366 840 et
3405 800 3613 844 meror

2029 869 2435 939 interpretatur.
2468 873 2609 945 Ergo
2634 873 2770 944 fugit
2794 873 2991 945 Ioseph
3022 891 3145 931 cum
3167 875 3336 930 Maria
3368 886 3424 932 et
3442 892 3610 947 puero

2029 956 2084 1012 in
2113 957 2428 1030 Egyptum,
2459 963 2730 1034 signiﬁcat
2747 965 2998 1020 doctores
3036 981 3159 1022 cum
3187 967 3304 1039 lege
3333 976 3389 1022 et
3432 969 3608 1025 nomi-

2029 1049 2116 1104 nis
2136 1049 2343 1106 Christi
2363 1055 2769 1123 przedicatione,
2799 1057 2867 1111 ad
2890 1065 3100 1128 gentes,
3123 1073 3243 1129 qua:
3281 1059 3339 1115 in
3369 1059 3612 1120 tenebris

2027 1147 2085 1192 et
2105 1139 2158 1194 in
2185 1149 2344 1197 nocte
2371 1141 2703 1200 inﬁdelitatis
2731 1155 2907 1212 erant,
2942 1149 3285 1205 transituros.

2098 1226 2169 1282 Et
2195 1239 2306 1282 erat
2327 1230 2399 1284 ibi
2426 1248 2590 1303 usque
2620 1234 2690 1288 ad
2723 1235 2920 1290 obitum
2949 1235 3193 1294 Herodis.
3244 1239 3397 1308 Quod
3434 1243 3606 1302 dicit:

2026 1317 2095 1372 Et
2119 1327 2240 1374 erat
2269 1320 2342 1375 ibi
2379 1337 2552 1391 usque
2590 1323 2659 1379 ad
2682 1325 2889 1379 obitum
2937 1325 3182 1392 Herodis,
3231 1329 3606 1400 quadriennio,

2026 1416 2088 1461 ut
2107 1409 2328 1477 quidam
2359 1420 2571 1480 putant,
2625 1421 2866 1485 tempore
2893 1427 3201 1487 supputato,
3242 1422 3380 1486 sive,
3415 1433 3476 1477 ut
3514 1425 3606 1482 alii

2026 1500 2233 1566 volunt,
2264 1501 2472 1558 duobus
2496 1512 2703 1558 tantum
2733 1507 2909 1572 annis,
2954 1507 3160 1564 indicat
3197 1509 3424 1581 ﬁgurate
3448 1514 3606 1569 ﬁdem

2026 1589 2226 1645 Christi
2254 1592 2308 1646 in
2336 1594 2591 1663 gentibus
2635 1610 2968 1662 mansuram,
3017 1597 3190 1656 donec
3217 1602 3492 1670 plenitudo
3515 1621 3608 1660 ea-

2024 1701 2145 1741 rum
2171 1688 2426 1755 introeat,
2457 1699 2507 1744 et
2539 1691 2618 1746 sic
2643 1694 2820 1748 omnis
2846 1694 3010 1750 Israel
3035 1695 3216 1752 salvus
3249 1697 3358 1753 ﬁat.
3411 1698 3604 1754 Obitus

2025 1781 2223 1850 quippe
2288 1781 2520 1840 Herodis
2582 1786 2871 1842 terminum
2920 1788 3236 1845 intentionis
3289 1791 3602 1859 malitiosae,

351 1883 370 1918 ι
403 1872 489 1919 tus
531 1863 756 1928 multus,
799 1863 1006 1918 Rachel
1047 1863 1267 1933 plorans
1311 1865 1452 1920 ﬁlios
1497 1881 1642 1931 suos,
1672 1873 1730 1920 et
1751 1866 1926 1921 noluit
1953 1856 1999 1914 Β
2027 1886 2131 1938 qua
2164 1888 2306 1927 nunc
2329 1882 2520 1929 contra
2546 1875 2842 1932 Ecclesium
2867 1879 3050 1935 Iudaea
3073 1881 3246 1945 δεινὴ,
3273 1882 3532 1942 insinuat.

351 1974 372 2008 ε
403 1955 694 2018 consolari,
721 1956 850 2024 quia
874 1963 982 2010 non
1009 1963 1155 2011 sum.
1184 1955 1446 2011 Defuncto
1470 1964 1650 2012 autem
1678 1957 1921 2012 Herode:

347 2068 372 2100 .s
399 2063 528 2105 ecce
575 2049 797 2119 angelus
840 2049 1056 2105 Domini
1103 2049 1355 2119 apparuit
1392 2049 1446 2103 in
1473 2049 1682 2104 somnis
1724 2048 1923 2118 Ioseph

351 2156 370 2190 ι
400 2139 456 2193 in
501 2137 762 2210 Egypto,
811 2136 1236 2210 dicens:Surge
1285 2147 1342 2194 et
1385 2139 1566 2207 accipe
1599 2150 1827 2206 puerum
1868 2146 1925 2192 et

349 2247 370 2282 ι
398 2237 628 2284 matrem
659 2227 798 2298 ejus.
825 2237 882 2284 et
905 2230 1042 2284 “vade
1083 2230 1138 2284 in
1190 2238 1394 2284 terram
1440 2229 1626 2284 lsrael.
1673 2228 1920 2284 Defuncti

343 2339 368 2373 η
397 2328 525 2380 sunt
571 2320 752 2385 enim,
813 2321 904 2390 qui
951 2321 1267 2390 quaerebant
1321 2321 1557 2375 animam
1603 2321 1777 2391 pueri.
1817 2320 1921 2388 Qui

349 2429 369 2462 ι
398 2426 754 2482 consurgens,
797 2411 1006 2482 accepit
1050 2425 1279 2481 puerum
1323 2420 1380 2467 et
1425 2419 1656 2466 matrem
1688 2410 1834 2479 ejus,
1866 2420 1922 2468 et

349 2521 369 2552 ι
397 2501 546 2556 venit
569 2501 627 2555 in
665 2508 869 2558 terram
914 2501 1098 2557 lsrael.
1142 2501 1383 2557 Audiens
1412 2510 1616 2567 autem,
1647 2503 1792 2572 quod
1817 2502 1920 2556 Ar-

348 2609 366 2640 ι
396 2589 618 2646 chelaus
661 2599 913 2660 regnaret
943 2591 996 2645 in
1025 2588 1207 2646 Iudaea
1238 2605 1337 2661 pro
1375 2589 1586 2646 Herode
1617 2599 1774 2661 patre
1796 2607 1917 2657 suo,

349 2697 369 2730 ι
399 2679 582 2734 timuit
615 2678 710 2734 illo
736 2680 836 2734 ire.
877 2679 945 2734 Et
979 2680 1287 2736 admonitus
1318 2680 1374 2735 in
1423 2681 1647 2746 somnis,
1696 2683 1920 2738 secessit

349 2789 370 2821 ‹
395 2769 450 2824 in
478 2777 662 2840 partes
685 2768 941 2825 Gslilaxe.
975 2770 1042 2826 Et
1065 2771 1290 2826 veniens
1325 2771 1586 2827 habitavit
1615 2771 1669 2827 in
1698 2772 1916 2828 civitate

347 2879 366 2911 α
396 2875 518 2932 qua:
542 2869 770 2916 vocatur
796 2858 1086 2928 Nazareth,
1134 2869 1194 2916 ut
1235 2862 1622 2932 adi‘mpleretur
1648 2864 1791 2932 quod
1835 2863 1917 2917 dl-

347 2971 370 3002 ι
395 2959 545 3007 ctum
568 2959 651 3007 est
675 2965 774 3022 per
796 2951 1126 3020 Prophetas:
1154 2951 1411 3022 quoniam
1440 2951 1734 3006 Nazarmus
1758 2963 1916 3006 voca-

346 3065 369 3092 ‹
393 3042 559 3095 bitur.
591 3059 611 3093 ›

2099 1957 2168 2013 Ut
2193 1961 2568 2033 adimpleretur
2613 1967 2751 2036 quod
2779 1967 2976 2021 dictum
3031 1979 3108 2022 est
3153 1987 3186 2022 a
3223 1969 3463 2035 Domino,
3515 1987 3609 2041 per

2026 2045 2343 2120 Propltetam
2358 2053 2648 2110 dicentem:
2681 2056 2797 2112 Hoc
2824 2057 3056 2114 dicimus
3081 2060 3134 2114 in
3165 2058 3305 2116 Osca
3345 2064 3604 2132 propheta

2023 2153 2143 2195 esse
2173 2142 2434 2212 scriptum
2479 2143 2626 2216 (Ose.
2650 2147 2751 2221 ιιι).
2781 2147 3075 2204 Possumus
3104 2159 3285 2207 autem
3330 2151 3449 2208 loco
3502 2153 3606 2209 isto

2023 2232 2388 2286 testimonium
2415 2235 2658 2303 proferre
2685 2253 2753 2292 ex
2775 2237 3057 2306 Numeris,
3089 2241 3305 2298 dicente
3341 2243 3557 2298 Balaam
3585 2262 3600 2299 :

2022 2321 2163 2378 Deus
2191 2339 2260 2378 ex
2287 2323 2522 2396 [Egypto
2550 2329 2762 2382 vocavit
2784 2345 2930 2384 eum.
2959 2331 3142 2388 Gloria
3179 2333 3296 2402 ejus
3315 2335 3457 2390 sicut
3477 2335 3600 2389 uni-

2022 2417 2205 2472 cornis
2234 2417 2424 2488 (Num.
2458 2419 2640 2491 niti).

2090 2507 2177 2562 Ea:
2203 2507 2436 2579 Ai'gypto
2455 2512 2632 2565 uocaui
2651 2511 2824 2580 ﬁlium
2856 2529 3050 2568 meum.
3083 2514 3237 2580 Quod
3270 2517 3470 2570 iterum
3509 2517 3602 2572 Ic-

2019 2615 2111 2654 sus
2165 2609 2390 2654 vocatur
2436 2617 2500 2656 ex
2556 2601 2809 2674 Aigypto,
2849 2605 3120 2675 signiﬁcat
3162 2605 3380 2662 Iudaeos
3409 2607 3461 2662 in
3495 2607 3603 2662 ﬁne

2017 2690 2205 2745 mundi
2226 2691 2552 2758 credituros,
2570 2693 2724 2763 juxta
2751 2694 2881 2748 illud
2914 2713 2926 2748 :
2960 2693 3091 2749 Cum
3120 2697 3392 2750 intraverit
3423 2696 3596 2767 pleni-

2015 2779 2144 2833 tudo
2170 2783 2423 2851 gentium,
2447 2791 2558 2837 tum
2592 2785 2760 2838 omnis
2791 2783 2962 2840 Israel
2983 2785 3162 2840 salvus
3176 2786 3265 2854 ﬁet
3291 2785 3472 2853 (Rom.
3495 2787 3596 2861 XI).

2015 2871 2199 2928 Potest
2225 2881 2410 2930 tamen
2437 2884 2495 2930 et
2520 2877 2817 2931 secundum
2842 2878 3153 2948 allegoriam
3197 2877 3443 2948 intelligi.
3497 2879 3600 2946 Qui

2012 2971 2200 3032 postea
2228 2979 2389 3032 quam
2418 2967 2567 3020 venit
2590 2965 2658 3019 ad
2687 2965 2979 3036 Egyptum
3006 2969 3190 3022 mundi
3227 2967 3403 3039 hujus,
3437 2969 3604 3024 dedu-

2015 3051 2095 3105 xit
2115 3067 2238 3106 eum
2265 3051 2428 3108 Pater
2453 3062 2510 3108 et
2537 3055 2836 3124 adsumpsit
2873 3057 2941 3110 ad
2969 3057 3346 3126 semetipsum,
3368 3066 3429 3111 ut
3457 3058 3600 3112 viain

406 3150 543 3205 Ecce
568 3147 783 3220 angelus
813 3147 1024 3204 Domini
1069 3148 1312 3219 apparuit
1362 3149 1417 3202 in
1464 3149 1662 3203 somnis
1713 3147 1909 3220 Ioseph
1940 3191 1984 3220 η
2017 3140 2219 3198 faceret
2262 3144 2348 3199 his
2401 3145 2492 3214 qui
2529 3145 2597 3201 de
2622 3145 2860 3217 Egypto
2903 3149 3089 3202 mundi
3131 3146 3292 3218 hujus
3323 3149 3601 3204 ascensuri

336 3244 516 3298 dicens
561 3257 581 3296 .°
633 3241 801 3312 Surge
841 3249 890 3296 et
941 3241 1117 3312 accipe
1153 3256 1372 3311 puerum
1413 3249 1462 3296 et
1511 3248 1729 3294 matrem
1774 3243 1909 3312 eju‘s.

337 3332 452 3388 Non
480 3335 611 3390 dicit
637 3342 788 3388 tuum
822 3346 1072 3404 puerum,
1119 3346 1293 3400 neque
1339 3332 1600 3396 mulieris,
1649 3333 1742 3386 sed
1791 3348 1914 3403 spe-

336 3432 461 3487 ciali
509 3431 792 3504 privilegio
851 3428 1017 3485 solius
1063 3427 1216 3498 pueri
1268 3432 1464 3483 nomen
1507 3427 1744 3497 ponitur.
1810 3425 1911 3482 Se-

335 3523 524 3592 quitur
556 3539 572 3576 :

407 3611 479 3666 Et
507 3620 727 3665 matrem
754 3610 890 3678 eius.
921 3601 1039 3664 Non
1069 3609 1213 3664 enim
1242 3608 1393 3675 dicit,
1438 3607 1623 3678 accipe
1662 3621 1909 3674 uxorem,

332 3703 450 3756 sive
474 3699 758 3770 coniugem
810 3709 978 3765 tuam,
1007 3697 1101 3754 sed
1129 3706 1349 3752 matrem
1386 3698 1521 3767 eius,
1573 3711 1737 3752 verus
1765 3698 1911 3752 enim

334 3793 500 3849 Pater
520 3790 638 3860 ejus
666 3791 720 3845 in
745 3790 900 3846 caelis
919 3797 1019 3845 est.
1060 3788 1196 3856 Quia
1242 3788 1481 3859 Babylon
1529 3795 1692 3856 atque
1743 3786 1913 3858 Egy-

333 3889 460 3954 ptus
486 3887 598 3954 pra:
653 3881 903 3937 omnibus
941 3880 1105 3936 terris
1162 3879 1445 3951 principiis
1484 3879 1736 3943 ostendit,
1783 3879 1910 3949 quia

333 3980 620 4044 utramque
655 3972 1041 4028 emendaturus
1068 3978 1232 4037 esset,
1277 3978 1330 4027 et
1379 3971 1500 4042 igne
1554 3969 1734 4039 potius
1789 3969 1911 4024 ﬁdet

334 4080 724 4131 succensums,
784 4063 1080 4119 addiscitur
1133 4077 1347 4132 quoque
1380 4103 1395 4127 ,
1456 4061 1601 4132 quod
1662 4061 1729 4116 ab
1777 4059 1908 4130 ipsis

335 4158 457 4212 vitae
510 4157 698 4219 initiis,
737 4154 805 4210 ad
862 4154 1189 4210 tentationes
1237 4149 1436 4208 debeas
1471 4159 1634 4223 atque
1683 4151 1911 4206 insidias

333 4248 644 4318 praeparari.
672 4245 813 4300 Nam
840 4247 1026 4301 statim
1061 4252 1122 4300 ut
1145 4252 1298 4300 ortus
1324 4251 1409 4300 est
1446 4251 1632 4299 contra
1663 4259 1786 4299 eum
1829 4251 1911 4314 ty-

333 4353 538 4392 rannus
591 4336 743 4400 furit,
787 4343 842 4389 et
889 4337 944 4390 in
995 4335 1288 4406 Egyptum
1335 4334 1492 4405 fugit,
1531 4344 1588 4390 et
1636 4341 1811 4389 mater
1855 4325 1910 4386 in

334 4426 549 4480 noxiam
608 4423 967 4479 barbarorum
1021 4425 1294 4494 regionem
1346 4424 1578 4492 fugatur,
1625 4434 1749 4476 nam
1804 4433 1910 4474 non

333 4511 797 4582 dicitur:Accipe
823 4511 1106 4582 conjugcm
1157 4520 1320 4574 tuam,
1385 4513 1476 4565 sed
1519 4520 1737 4565 matrem
1771 4511 1904 4580 ejus,
1931 4534 1984 4594 D

332 4605 458 4674 quia
483 4602 731 4658 absoluto
758 4617 858 4673 per
887 4602 1102 4673 signum
1126 4609 1305 4672 partu,
1327 4603 1504 4657 omnis
1544 4601 1762 4672 explosa
1812 4616 1904 4656 su-

332 4693 502 4763 spicio
527 4699 632 4748 est.

402 4784 471 4839 Et
498 4784 618 4856 fuge
643 4784 699 4838 in
737 4783 1050 4854 Egyptum,
1079 4791 1128 4836 et
1163 4788 1270 4836 esto
1298 4781 1370 4835 ibi
1396 4798 1558 4853 usque
1587 4781 1710 4834 dum
1731 4781 1906 4836 dicam

333 4875 460 4939 tibi;
487 4875 725 4945 futurum
743 4881 819 4928 est
843 4873 982 4928 enim
1007 4882 1065 4926 ut
1098 4871 1332 4926 Herodes
1351 4881 1552 4942 quierat
1580 4887 1797 4942 puerum
1838 4872 1906 4925 ad

332 4964 653 5035 perdendum
679 4979 816 5019 wm.
865 4963 1158 5020 Possumus
1186 4976 1399 5033 quoque
1426 4962 1608 5016 odium
1660 4960 1906 5027 Herodis,

333 5071 443 5125 quo
459 5056 686 5126 perdere
705 5055 876 5110 voluit
893 5053 1098 5119 Iesum,
1129 5067 1289 5124 super
1302 5054 1768 5123 persecutionihus
1789 5067 1911 5123 qum

334 5144 699 5215 apostolorum
727 5152 852 5200 sunt
907 5144 1236 5214 temporibus
1281 5143 1434 5196 facta
1461 5143 1513 5197 in
1541 5140 1744 5209 Iudaea,
1791 5159 1912 5214 spe—

336 5238 551 5295 cialiter
572 5237 851 5307 accipere;
877 5236 1093 5307 quando
1115 5235 1474 5291 invalescente
1493 5235 1712 5300 invidia,
1725 5237 1915 5305 pandi-

337 5339 552 5387 catores
564 5339 689 5385 sunt
713 5331 864 5385 verbi
888 5344 1027 5400 pene
1038 5342 1227 5383 omnes
1239 5329 1448 5399 expulsi
1463 5330 1841 5399 deprovincia,
1857 5337 1915 5385 et

335 5426 390 5479 in
415 5423 668 5495 gentibus
682 5421 1047 5494 praedicaturi,
1072 5430 1196 5477 sunt
1224 5423 1382 5492 longe
1413 5423 1624 5493 lateque
1657 5425 1908 5494 dispersi.

337 5515 537 5586 Sicque
557 5513 757 5569 [actim
799 5520 906 5577 est,
933 5519 992 5565 ut
1017 5512 1312 5583 gentilitas,
1342 5528 1461 5582 qua:
1485 5527 1582 5584 per
1618 5509 1913 5585 Egyptum

337 5603 695 5674 ﬁgurabatur,
716 5603 952 5674 peccatis
997 5610 1123 5656 ante
1153 5602 1456 5667 tenebrosa,
1522 5601 1701 5657 lumen
1759 5602 1908 5658 verbi

339 5697 627 5765 acciperet.
661 5695 782 5752 Hoc
817 5703 901 5752 est
926 5694 1072 5751 enim
1096 5707 1321 5764 puerum
1365 5691 1553 5748 Iesum
1591 5702 1646 5746 et
1683 5701 1910 5748 matrem

341 5787 459 5854 (sius
505 5801 602 5857 per
624 5785 820 5859 Ioseph
852 5789 904 5844 in
933 5786 1222 5858 Egyptum
1261 5784 1564 5855 transferri,
1592 5783 1752 5841 ﬁdem
1807 5788 1909 5843 Do—

2015 3243 2174 3288 orant
2212 3233 2280 3288 ad
2303 3235 2609 3290 Dominum.

2087 3325 2233 3381 Tunc
2262 3327 2496 3383 Herodes
2541 3330 2719 3386 videns
2769 3331 2910 3403 quod
2951 3331 3141 3387 illusus
3165 3343 3297 3387 esset
3323 3351 3355 3386 a
3386 3332 3560 3402 Magis
3586 3375 3597 3396 ,

2010 3417 2180 3473 iratus
2219 3420 2371 3474 valde
2395 3432 2487 3476 est.
2529 3421 2681 3490 Quod
2709 3424 2840 3479 dicit
2892 3442 2906 3478 :
2963 3424 3110 3480 Tum:
3162 3424 3422 3489 Herodes,
3477 3441 3601 3480 eor:-

2006 3509 2276 3580 jungitur,
2324 3511 2414 3566 ubi
2443 3513 2573 3568 dicit
2616 3514 2761 3582 quod
2801 3512 2949 3584 Magi
2977 3531 3072 3584 per
3115 3513 3276 3569 aliam
3305 3515 3437 3568 uiam
3477 3523 3597 3568 sunt

2013 3600 2220 3654 reversi.
2253 3599 2434 3656 Iratus
2477 3612 2572 3666 est,
2603 3610 2856 3657 manente
2880 3602 3090 3658 scilicet
3131 3603 3387 3673 prtedicta
3419 3603 3598 3658 turba-

2013 3688 2177 3744 tione.
2204 3690 2437 3746 Additur
2475 3691 2649 3758 valde,
2676 3708 2743 3748 eo
2767 3693 2912 3762 quod
2937 3708 2968 3748 a
2991 3693 3160 3764 Magis
3187 3693 3376 3748 illusus
3397 3694 3484 3748 sit.

2083 3778 2153 3835 Et
2181 3782 2386 3838 mittens
2416 3783 2604 3837 occidit
2627 3801 2804 3838 omnes
2829 3799 3038 3855 pueros.
3059 3785 3118 3839 ln
3147 3793 3321 3840 morte
3343 3784 3598 3838 innocen-

2012 3880 2145 3936 tum,
2181 3873 2418 3941 pretiosa
2461 3874 2702 3928 omnium
2742 3873 2944 3930 Christi
2973 3883 3275 3944 martyrum
3310 3883 3396 3929 est
3444 3889 3594 3928 mors

2011 3961 2309 4030 designata.
2337 3960 2492 4028 Quod
2517 3961 2661 4016 enim
2682 3962 2893 4031 parvuli
2927 3963 3094 4017 occisi
3130 3970 3278 4027 sunt,
3319 3962 3596 4032 signiﬁcat

2008 4065 2105 4121 per
2131 4050 2449 4106 humilltatis
2483 4051 2760 4117 meritum,
2784 4051 2848 4106 ad
2879 4053 3123 4122 martyrii
3165 4053 3589 4122 perveniendum

2008 4141 2254 4212 gloriam.
2279 4140 2346 4195 Et
2367 4142 2493 4212 quia
2514 4143 2616 4198 nisi
2633 4158 2927 4200 conversus
2949 4145 3111 4201 fuerit
3133 4147 3276 4216 quis,
3294 4154 3349 4202 et
3362 4145 3592 4204 eli‘ectus

2009 4234 2080 4291 sit
2118 4241 2177 4288 ut
2199 4233 2474 4304 parvulus,
2499 4247 2606 4288 non
2643 4243 2820 4304 potest
2849 4236 3086 4291 animam
3132 4237 3264 4292 dare
3295 4252 3395 4307 pro
3429 4236 3591 4292 Chri-

2010 4334 2114 4380 sto.
2143 4325 2244 4392 Qui
2268 4333 2426 4380 erant
2466 4325 2520 4379 in
2575 4325 2875 4392 Bethleem,
2906 4335 2962 4382 et
3009 4328 3062 4382 in
3107 4329 3360 4385 omnibus
3391 4329 3589 4386 ﬁnibus

2009 4413 2146 4483 ejus.
2170 4413 2323 4481 Quod
2377 4423 2556 4470 autem
2593 4417 2648 4471 in
2691 4417 2964 4474 Bethleem
3021 4427 3078 4474 et
3113 4421 3365 4475 omnibus
3392 4419 3588 4475 ﬁnibus

2009 4504 2126 4574 ejus
2149 4505 2313 4560 occisi
2337 4513 2484 4569 sunt,
2511 4507 2749 4562 ostendit
2776 4523 2881 4563 non
2910 4508 3082 4564 solum
3109 4510 3164 4563 in
3198 4507 3398 4571 Iudaea,
3443 4511 3588 4566 unde

2012 4596 2268 4652 Ecclesia“:
2303 4597 2470 4667 coepit
2494 4599 2678 4669 origo,
2729 4601 2825 4655 sed
2877 4609 2932 4656 et
2982 4600 3037 4654 in
3067 4600 3320 4654 omnibus
3342 4598 3586 4668 eiusdem

2014 4688 2288 4755 Ecclesia,
2333 4705 2653 4759 quacunque
2681 4705 2780 4760 per
2823 4691 3007 4746 orbem
3051 4688 3244 4744 dill’usa
3268 4697 3372 4754 est,
3405 4703 3589 4759 ρει-ξιιμ

2013 4781 2282 4836 cntionem
2309 4781 2616 4837 suavituram
2649 4782 3004 4851 perﬁdorum,
3035 4790 3091 4836 et
3129 4781 3341 4851 piorum
3369 4783 3586 4851 patien~

2014 4873 2142 4926 tiam
2189 4875 2572 4928 coronandam.
2636 4901 2639 4906 λ

2084 4960 2129 5013 Α
2155 4960 2352 5014 bimatu
2377 4970 2428 5016 et
2455 4962 2598 5031 infra
2623 4961 2910 5016 secundum
2937 4969 3139 5032 tempus
3170 4962 3308 5033 quod
3333 4963 3590 5034 exquisie-

2015 5060 2096 5105 rat
2127 5069 2159 5104 a
2190 5050 2381 5122 Magis.
2406 5052 2461 5107 ld
2482 5060 2588 5118 est,
2620 5068 2650 5106 a
2672 5067 2840 5122 puero
2861 5053 3086 5108 duorum
3114 5069 3376 5111 annorum
3419 5068 3594 5125 usque

2016 5144 2084 5200 ad
2109 5157 2333 5214 puerum
2367 5145 2526 5198 unius
2566 5143 2763 5200 noctis.
2819 5141 3124 5200 Secundum
3152 5158 3451 5216 anagogen,
3493 5148 3586 5217 qui

2015 5235 2180 5289 occisi
2216 5242 2362 5300 sunt,
2393 5234 2636 5290 doctrina
2661 5242 2716 5288 et
2737 5236 3054 5303 operatione
3075 5237 3346 5305 perfectos
3363 5239 3586 5294 indicat.

2017 5324 2120 5391 Qui
2145 5339 2274 5379 vero
2297 5323 2436 5378 infra
2465 5321 2738 5392 simplices
2762 5323 2843 5378 vel
2875 5325 3088 5394 idiotas,
3121 5327 3244 5382 ﬁdei
3263 5335 3446 5382 tamen
3477 5343 3587 5384 non

2018 5415 2156 5472 ﬁcta:
2202 5415 2509 5472 constantia
2553 5414 2723 5471 lortes
2761 5431 2916 5487 aeque
2956 5418 3257 5474 denuntiat.
3309 5418 3461 5485 Quod
3510 5419 3588 5474 illi

2013 5505 2230 5574 quidem
2273 5505 2442 5560 occisi
2461 5513 2610 5571 sunt,
2637 5505 2735 5562 sed
2755 5505 3027 5574 Christus,
3085 5509 3177 5579 qui
3222 5509 3583 5578 quaerebatur,

2011 5597 2198 5654 vivens
2242 5597 2433 5663 evasit,
2464 5597 2701 5653 insinuat
2743 5612 2971 5672 corpora
3027 5600 3245 5669 quidem
3285 5609 3589 5670 martyrum

2011 5694 2079 5748 ab
2102 5692 2282 5762 impiis
2313 5701 2472 5761 "posse
2489 5691 2704 5762 perimi,
2735 5693 2832 5747 sed
2859 5691 3160 5757 Christum,
3197 5706 3297 5760 pro
3335 5705 3444 5760 quo
3466 5706 3564 5761 per
3585 5720 3588 5724 -
3607 5703 3626 5736 ι

2010 5785 2215 5841 secutio
2246 5790 2357 5839 tota
2376 5784 2549 5851 sevit,
2581 5782 2884 5839 nullatenus
2908 5783 2987 5839 eis
3021 5782 3104 5839 vel
3131 5782 3460 5850 Viventibus,
3501 5785 3588 5840 vel
