3994 6204
400 429 474 502 '53
1225 443 1744 502 COLLECTIONES
1778 440 1848 498 IN
1887 440 2267 504 smsrous
2305 445 2393 504 ET
2435 448 2846 508 EVANGELIA.
3578 467 3648 524 ει

389 555 590 613 occisis
618 568 778 627 posse
824 553 1046 622 auferri,
1075 555 1172 612 sed
1199 571 1294 614 eos
1325 558 1591 614 veraciter
1629 558 1964 615 coniectarit:
1996 555 2047 616 Α
2141 557 2398 630 Defuncto
2452 571 2627 618 autem
2657 561 2886 619 Herode.
2927 565 3120 623 Obitus
3167 567 3365 641 quippe
3394 570 3646 642 Herodis,

389 648 528 715 Quia
560 649 669 702 sive
707 648 942 712 vivimus,
998 647 1226 703 Domino
1276 649 1515 716 vivimus,
1540 649 1646 704 sive
1694 649 1971 714 morimur,

391 739 621 794 Domino
652 739 912 794 morimur
936 736 1122 812 (Rom.
1151 739 1291 810 xw).

465 829 612 884 Tunc
644 827 985 900 adimpletum
1030 837 1106 883 est
1155 829 1295 901 quod
1323 830 1518 884 dictum
1557 839 1633 884 est
1660 847 1753 901 per
1783 829 1972 884 Hiere-

387 927 553 980 miam
586 921 895 993 prophetam
923 960 940 986 ,
977 920 1252 976 dicentem.
1288 921 1387 978 llic
1417 921 1719 978 Hieremias
1774 923 1974 978 veteris

385 1013 708 1072 recordatus
753 1010 1015 1076 historiae,
1063 1026 1188 1066 cum
1233 1019 1454 1082 propter
1498 1027 1725 1068 uxorem
1772 1012 1974 1068 Levitis

382 1104 731 1162 fornicationi
749 1110 1016 1168 coactam,
1045 1117 1110 1157 ac
1139 1117 1240 1174 per
1260 1105 1364 1159 hoc
1387 1111 1683 1170 mortuam,
1715 1111 1770 1158 et
1805 1119 1835 1158 a
1859 1096 1982 1158 mai

387 1196 571 1251 ritoin
600 1194 886 1249 duodecim
939 1201 1145 1263 partes,
1195 1193 1482 1250 duodecim
1524 1195 1696 1251 tribus
1719 1195 1970 1260 divisam,

383 1289 568 1344 omnis
614 1287 778 1342 lsrael
837 1300 1192 1358 consurgens,
1227 1295 1398 1343 totam
1453 1289 1653 1343 tribum
1689 1289 1970 1355 deleverit,

383 1385 689 1432 trecentum
737 1384 948 1431 tantum
986 1376 1118 1431 viris
1158 1379 1580 1444 remanentibus,
1628 1379 1876 1449 ploratus
1915 1387 1971 1434 et

383 1467 642 1531 ululatus,
674 1467 1069 1522 remanentium
1095 1467 1304 1523 scilicet
1326 1477 1384 1523 et
1410 1467 1838 1525 interfectorum.

467 1555 582 1610 Vox
607 1559 662 1612 in
695 1556 864 1610 Rama
900 1557 1083 1610 audita
1115 1566 1210 1623 est,
1240 1566 1345 1613 etc.
1375 1558 1531 1625 Quod
1559 1567 1741 1614 autem
1768 1559 1969 1615 dicitur

383 1649 442 1703 in
483 1648 672 1712 Rama,
730 1664 836 1704 non
895 1655 1144 1718 putemus
1173 1665 1375 1705 nomen
1402 1647 1505 1706 loci
1553 1666 1695 1715 esse,
1749 1651 1841 1721 qui
1884 1660 1969 1708 est

377 1740 532 1809 iuxta
555 1739 762 1804 Gabaa,
801 1741 898 1794 sed
929 1739 1098 1794 Rama
1126 1741 1400 1796 excelsum
1446 1742 1854 1813 interpretatur,
1907 1752 1970 1800 ut

380 1839 457 1884 stt
480 1843 690 1896 sensus,
729 1832 845 1885 Vox
874 1831 932 1885 in
979 1832 1196 1887 excelso
1223 1834 1406 1890 audita
1432 1843 1537 1901 est,
1571 1835 1625 1890 id
1651 1842 1758 1901 est,
1807 1836 1966 1913 longe

2075 652 2367 707 terminum
2407 653 2722 711 intentionis
2765 656 3066 725 malitiosis,
3115 674 3221 732 qua
3274 677 3419 719 nunc
3463 675 3652 722 contra

2073 741 2370 798 Ecclesium
2390 742 2570 800 Iudaea
2589 747 2770 813 ’smvit,
2792 747 3052 803 insinuat.

2143 834 2280 889 Ecce
2315 839 2558 907 apparuit
2588 840 2802 909 angelus
2841 841 3055 896 Domini
3077 843 3131 897 in
3159 845 3354 899 somnis
3381 845 3568 918 losplt,
3599 849 3654 903 in

2073 923 2305 995 ﬁgypto
2333 928 2512 981 dicens
2541 941 2560 979 :
2589 927 2760 1000 Surge
2786 939 2833 984 et
2881 932 3057 1001 accipe
3083 949 3306 1003 puerum
3356 945 3406 988 et
3430 947 3651 991 matrem

2071 1013 2210 1083 ejus,
2236 1024 2283 1068 et
2303 1015 2433 1070 vade
2459 1017 2514 1070 in
2539 1027 2733 1072 terram
2761 1019 2950 1074 Israel.
2977 1021 3035 1074 In
3054 1021 3280 1088 somnis,
3311 1022 3414 1079 hoc
3438 1035 3654 1096 semper

2071 1105 2358 1176 signiﬁcat,
2392 1108 2516 1178 quia
2539 1111 2770 1166 mortuis
2797 1113 2999 1166 mundo
3041 1113 3217 1184 angeli
3247 1123 3373 1168 sunt
3409 1130 3649 1184 praesen-

2075 1205 2176 1250 tes.
2213 1195 2366 1263 Quod
2397 1207 2578 1253 autem
2623 1197 2876 1256 defuncto
2897 1201 3128 1267 Herode,
3162 1203 3303 1258 redit
3353 1203 3409 1258 in
3449 1213 3651 1260 terram

2071 1285 2233 1342 lsrael
2255 1286 2434 1353 Jesus,
2468 1289 2626 1344 ﬁnem
2673 1291 2853 1348 szeculi
2880 1291 3178 1356 denuntiat,
3217 1294 3432 1361 quando
3464 1293 3648 1350 Enoch

2069 1384 2127 1432 et
2155 1377 2308 1431 Helia
2333 1378 2773 1447 prmdicantilms,
2793 1378 2963 1439 Judaei
2993 1379 3169 1449 sapite
3199 1381 3472 1438 moderatu
3513 1382 3652 1436 invi-

2065 1465 2174 1521 diae
2195 1466 2434 1531 ﬂamma,
2469 1467 2628 1522 ﬁdem
2654 1469 2901 1524 veritatis
2925 1469 3212 1538 accipient.
3242 1470 3311 1526 Et
3340 1471 3497 1535 bene,
3523 1487 3650 1534 cum

2067 1554 2308 1610 Judazam
2363 1556 2586 1621 deserit,
2621 1558 2806 1628 fugere
2834 1572 2890 1613 et
2939 1559 3043 1614 hoc
3095 1558 3151 1614 in
3202 1567 3362 1614 nocte
3404 1561 3647 1622 dicitur:

2067 1659 2191 1704 cum
2218 1661 2345 1704 vero
2372 1648 2688 1716 revertitur,
2716 1649 2861 1705 nulla
2884 1664 2993 1707 non
3029 1649 3203 1710 solum
3233 1648 3398 1721 fugat,
3428 1652 3524 1710 sed
3545 1667 3650 1710 nec

2067 1738 2245 1793 noctis
2289 1739 2351 1793 ﬁt
2390 1741 2614 1803 mentio,
2639 1741 2782 1809 quia
2805 1741 3084 1806 nimirum,
3109 1757 3247 1812 quos
3273 1753 3370 1803 aut
3394 1751 3648 1813 peccato-

2065 1844 2190 1883 rum
2237 1832 2475 1887 tenebris
2519 1832 2651 1888 olim
2675 1843 3053 1900 perseuttores
3083 1834 3324 1904 reliquit.
3352 1836 3525 1906 ipsos
3575 1837 3648 1904 Ob

381 1920 597 1990 lateque
667 1921 928 1990 dispersa.
987 1921 1126 1988 Quid
1191 1923 1335 1978 enim
1385 1926 1554 1980 Rama
1599 1926 1838 1996 pertinet
1895 1903 1962 1981 ad
1991 1903 2039 1965 Β
2066 1919 2240 1975 lucem
2272 1920 2398 1976 ﬁdei
2425 1922 2643 1977 tandem
2667 1937 2727 1979 se
2753 1931 3058 1992 querentes
3083 1903 3290 1986 revisit.

382 2009 626 2065 Rachel?
649 2010 852 2065 Rachel
897 2019 1074 2066 mater
1097 2011 1201 2067 fuit
1228 2011 1544 2082 Beniamin,
1575 2030 1737 2086 quam
1770 2015 1966 2071 delim-

378 2109 525 2156 ctam
557 2103 817 2172 sepeliere
855 2104 910 2157 in
936 2103 1313 2174 hippodromo,
1344 2106 1542 2175 quiest
1567 2107 1721 2177 juxta
1749 2107 1959 2162 Bethel.

375 2192 516 2259 Quia
565 2193 729 2264 igitur
752 2200 807 2248 et
847 2194 1155 2266 sepulcrum
1182 2196 1415 2251 vicinum
1445 2205 1596 2263 erat,
1642 2205 1696 2253 et
1737 2211 1962 2268 campus

377 2283 479 2352 ipsi
509 2283 788 2354 Beniamin
815 2291 962 2340 sorte
1005 2286 1360 2357 contingerat,
1416 2287 1584 2341 Rama
1628 2302 1842 2357 quoque
1892 2287 1960 2342 ad

379 2373 624 2427 eamdem
655 2375 960 2444 pertinebat
984 2375 1202 2440 tribum,
1231 2383 1286 2431 et
1331 2392 1361 2430 a
1415 2377 1774 2446 principibus,
1805 2385 1862 2432 et
1891 2378 1960 2433 ab

381 2461 495 2531 ipso
522 2461 919 2519 interfectionis
942 2463 1081 2530 loco,
1111 2474 1509 2535 consequenter
1532 2481 1646 2532 eos,
1673 2467 1764 2536 qui
1789 2467 1958 2522 occisi

381 2561 526 2618 sunt,
558 2553 697 2608 ﬁlios
723 2553 842 2623 eius
860 2556 1091 2610 vocavit.
1139 2555 1471 2625 Spiritaliter
1502 2571 1606 2610 vox
1661 2556 1716 2610 in
1765 2556 1954 2623 Rama,

385 2642 437 2696 id
466 2651 552 2698 est
600 2644 653 2698 in
681 2645 920 2711 excelso,
951 2655 1007 2701 et
1033 2645 1277 2716 ploratus
1333 2655 1391 2702 et
1438 2647 1674 2703 ululatus
1732 2647 1955 2716 multus,

377 2730 666 2787 manifeste
700 2733 984 2789 denuntiat
1010 2735 1213 2791 luctum
1257 2745 1460 2791 sanctae
1485 2735 1763 2802 Ecclesiae,
1811 2737 1957 2806 quod

373 2819 441 2874 de
469 2819 671 2888 iniusta
693 2825 1059 2879 membrorum
1087 2839 1309 2881 suorum
1335 2841 1470 2881 nece
1507 2827 1695 2897 gemit,
1725 2841 1856 2893 non,
1895 2834 1957 2882 ut

2134 2010 2382 2082 Defuncti
2413 2012 2550 2070 enim
2571 2021 2716 2078 sunt,
2748 2013 2837 2083 qui
2879 2013 3180 2084 quaerebant
3215 2014 3444 2068 animam
3473 2015 3642 2085 pueri.

2063 2101 2164 2172 (Ex
2187 2100 2430 2174 Hieron.)
2462 2102 2537 2156 Ex
2568 2103 2672 2158 hoc
2689 2103 2810 2158 loco
2835 2103 3196 2174 mtelligimus,
3214 2120 3319 2160 non
3340 2105 3513 2160 solum
3539 2105 3644 2161 lle—

2061 2191 2270 2256 rodcm,
2303 2193 2396 2246 sed
2425 2199 2480 2246 et
2525 2195 2852 2258 sacerdotes,
2902 2201 2960 2247 et
3007 2194 3233 2260 scribas,
3285 2209 3352 2250 eo
3404 2204 3646 2267 tempore

2059 2294 2246 2333 necem
2279 2279 2494 2334 Domini
2525 2279 2692 2336 fuisse
2728 2280 3036 2335 meditatos.

2132 2366 2236 2432 Qui
2260 2385 2496 2438 surgens,
2539 2370 2734 2438 accepit
2754 2385 2974 2440 puerum
3013 2378 3061 2426 et
3089 2379 3313 2428 matrem
3357 2372 3496 2443 eius,
3533 2382 3641 2435 etc.

2057 2457 2176 2514 Non
2207 2459 2382 2514 dixit:
2425 2459 2650 2528 Accepit
2681 2458 2848 2518 ﬁlium
2900 2475 3057 2514 suum
3103 2468 3159 2516 ct
3192 2475 3418 2520 uxorem
3467 2477 3641 2526 suam,

2055 2549 2153 2610 sed
2199 2564 2418 2619 puerum
2473 2557 2521 2606 et
2570 2557 2791 2604 matrem
2836 2549 2976 2618 ejus,
3023 2549 3182 2618 quasi
3218 2550 3495 2616 nutritius,
3534 2565 3642 2606 non

2053 2639 2306 2694 maritus.

2125 2730 2357 2786 Audiens
2378 2739 2571 2796 autem,
2594 2730 2734 2802 quod
2755 2728 3042 2786 Archelaus
3068 2737 3305 2800 regnaret
3329 2729 3383 2784 in
3403 2727 3444 2782 ,1
3449 2729 3598 2784 adma
3621 2770 3637 2797 ,

2053 2835 2149 2890 pro
2201 2817 2408 2874 Herode
2460 2828 2610 2891 patre
2655 2836 2778 2885 suo,
2818 2820 2992 2879 timuit
3029 2819 3156 2874 illuc
3188 2820 3283 2875 ire.
3312 2819 3637 2886 Archelaus,

373 2911 563 2967 hostes
591 2915 852 2983 garriunt,
901 2915 957 2968 in
995 2929 1226 2970 vacuum
1275 2914 1487 2980 cedere,
1524 2915 1619 2971 sed
1669 2931 1840 2986 usque
1885 2917 1956 2971 ad
2049 2923 2352 2980 agnoscens
2378 2909 2464 2966 Ῑθο
2489 2911 2899 2976 interpretatur.
2950 2909 3193 2966 Ηθτοάεε
3248 2910 3495 2980 inuidus
3520 2912 3636 2968 Sive

371 3001 567 3056 solium
605 3005 822 3072 superni
854 3005 1146 3060 ascendere
1163 3003 1382 3072 iudicis,
1406 3013 1462 3060 et
1480 3005 1622 3060 sicut
1647 3013 1954 3076 protomar-

371 3093 509 3162 tyris
534 3091 691 3158 Abel,
722 3095 796 3148 ita
831 3095 996 3150 etiam
1019 3095 1343 3166 sanguinem
1377 3103 1697 3152 ceterorum
1741 3105 1949 3169 marty-

368 3195 491 3236 rum
511 3181 749 3238 clamare
773 3185 841 3237 ad
861 3183 1167 3239 Dominum.

2053 3001 2208 3071 pellis
2247 3001 2419 3074 gloria
2467 3000 2701 3072 (Ioseph.
2740 3001 2832 3058 lib.
2871 3001 3132 3072 Antiquit.
3165 3017 3310 3066 xvu,
3344 3019 3464 3074 cap.
3523 3001 3638 3073 l0),

2054 3093 2418 3158 licrodesille,
2441 3093 2532 3162 qui
2563 3108 2687 3148 cum
2727 3092 2900 3150 Pilato
2940 3100 3130 3162 postea
3151 3092 3446 3154 amicitiam
3489 3092 3639 3158 fecit,

2053 3183 2214 3254 huius
2233 3185 2463 3241 Herodis
2484 3185 2662 3248 ﬁlius,
2703 3193 2789 3241 est
2823 3183 2993 3243 frater
3040 3184 3314 3249 Archelai,
3367 3199 3530 3254 quem
3585 3193 3642 3239 et

445 3270 645 3326 Rachel
687 3271 901 3343 plorans
928 3272 1068 3342 ﬁlios
1106 3289 1250 3328 suos.
1299 3272 1379 3330 De
1410 3273 1611 3330 Rachel
1659 3281 1822 3331 natus
1865 3282 1952 3331 est
1975 3246 2020 3309 θ
2051 3246 2228 3347 ipsum
2254 3275 2500 3334 Tiberius
2523 3246 2706 3333 Caesar
2725 3277 3065 3349 Lugdunum,
3087 3294 3209 3348 quas
3235 3246 3532 3339 Galliarum
3552 3287 3640 3333 ess

372 3361 671 3433 Beniamin,
699 3364 753 3420 in
783 3363 937 3434 cuius
963 3366 1105 3422 tribu
1131 3380 1278 3422 nunc
1303 3373 1388 3422 est
1415 3365 1714 3422 Bethleem.
1741 3365 1952 3434 Quaeri—

373 3465 462 3510 tur
481 3469 616 3527 ergo
631 3459 903 3526 quomodo
915 3456 1120 3513 Rachel
1142 3457 1280 3514 ﬁlios
1295 3457 1466 3524 ludas,
1485 3458 1538 3514 id
1555 3458 1952 3524 est,Bethleem

369 3546 526 3616 quasi
573 3561 702 3603 suos
748 3548 941 3618 ploret.
1003 3549 1468 3620 Respondebimus
1513 3551 1769 3617 breviter,
1821 3551 1948 3620 quia

369 3637 580 3706 sepulta
607 3639 681 3692 sit
701 3636 857 3706 iusta
887 3639 1163 3695 Bethleem
1189 3640 1248 3694 in
1268 3640 1528 3710 Ephrata,
1552 3647 1608 3695 et
1626 3655 1695 3696 ex
1745 3649 1951 3697 mterno

371 3727 672 3797 corpuswli
729 3729 961 3799 hospitio
1001 3730 1195 3785 matris
1243 3745 1442 3785 nomen
1481 3730 1771 3800 acceperit.
1821 3729 1951 3787 Sive

365 3819 625 3886 quoniam
653 3817 807 3874 Judm
833 3827 890 3874 et
911 3818 1191 3888 Beniamin
1215 3820 1335 3880 duae
1353 3820 1530 3874 tribus
1549 3818 1749 3888 iuncta:
1768 3829 1947 3888 erant,

2052 3369 2270 3433 civitas,
2299 3369 2578 3441 relegavit,
2600 3369 2938 3441 fratremque
2968 3368 3086 3439 eius
3107 3369 3396 3435 Herodem,
3423 3383 3639 3426 succes-

2049 3472 2233 3516 sorem
2255 3461 2407 3532 regni
2439 3460 2584 3517 fecit.

2123 3549 2234 3622 (Ea:
2253 3549 2446 3621 Beda.)
2475 3549 2628 3618 Quod
2649 3552 2777 3606 dum
2805 3561 2933 3608 nato
2959 3552 3196 3617 ilerode,
3217 3549 3420 3623 Ioseph
3441 3553 3638 3608 timore

2049 3639 2302 3695 Archelai
2333 3641 2386 3695 in
2419 3640 2660 3696 Judaeam
2691 3642 2771 3696 ire
2799 3642 3120 3710 formidans,
3141 3643 3332 3714 angelo
3357 3652 3635 3711 monente,

2049 3729 2104 3784 in
2131 3727 2401 3786 Nazareth
2428 3730 2666 3787 Galilaza:
2692 3734 2944 3799 secessit,
2971 3733 3164 3788 ultima
3209 3735 3494 3804 praesentis
3533 3734 3639 3792 Ec-

2049 3817 2230 3875 clesia:
2270 3829 2512 3892 tempora
2558 3821 2828 3893 designat,
2859 3825 3074 3893 quando
3107 3839 3206 3895 pre
3231 3839 3318 3890 ea,
3350 3841 3470 3896 qua
3489 3841 3636 3884 nunc

371 3916 427 3959 et
455 3905 696 3962 Herodes
733 3917 1086 3978 prmoeperat,
1130 3923 1240 3963 non
1266 3907 1438 3963 solum
1481 3908 1536 3963 in
1567 3909 1838 3965 Bethleem
1867 3909 1949 3964 in-
2043 3919 2130 3966 est
2173 3913 2372 3969 mentis
2409 3913 2554 3982 illius
2578 3915 2844 3981 caecitate,
2895 3915 3236 3973 Christianos
3279 3917 3334 3973 in
3371 3927 3634 3987 quantum

371 3993 540 4050 terﬁci
563 4010 780 4066 pueros,
811 3995 905 4051 sed
931 3995 1066 4051 etin
1101 3996 1353 4058 omnibus
1381 3995 1527 4052 circa
1572 3995 1768 4052 ﬁnibus
1804 3997 1942 4068 eius,

369 4099 465 4156 per
481 4087 824 4144 occasionem
852 4087 1142 4154 Bethlwm,
1183 4087 1531 4158 intelligimus
1557 4087 1757 4143 multos
1779 4089 1946 4148 etiam

369 4176 436 4230 de
463 4176 742 4247 Beniamin
771 4176 940 4232 fuisse
959 4193 1151 4236 caesos.
1181 4177 1509 4248 Figuraliter
1532 4185 1712 4233 autem
1740 4177 1944 4234 Rachel

367 4282 492 4335 quae
513 4269 652 4334 ovis,
681 4278 778 4324 ant
796 4270 990 4326 videns
1017 4269 1230 4324 Domini
1258 4270 1479 4334 dicitur,
1505 4268 1803 4324 Ecclesiam
1844 4268 1944 4324 de-

370 4367 662 4425 monstrat,
717 4359 874 4431 cuius
911 4365 1024 4415 tota
1079 4361 1329 4425 intentio,
1361 4368 1421 4414 ut
1449 4359 1632 4414 videre
1661 4358 1946 4414 Dominum

368 4458 660 4513 mereatur,
685 4450 946 4522 invigilat,
971 4459 1027 4504 et
1050 4451 1167 4520 ipsa
1191 4457 1276 4505 est
1307 4449 1425 4506 ovis
1445 4448 1760 4514 centesima,
1784 4463 1946 4519 qnam

368 4546 554 4606 pastor
573 4538 768 4606 bonus,
792 4540 998 4596 relictis
1047 4540 1100 4594 in
1127 4540 1267 4596 coelo
1287 4539 1579 4610 nonaginta
1613 4554 1803 4594 novem
1825 4540 1942 4595 ovi-

365 4628 488 4692 bus,
525 4629 889 4700 angelicarum
910 4630 1194 4696 virtutum,
1232 4630 1366 4684 abiit
1391 4643 1634 4699 qumrere
1677 4629 1732 4683 in
1774 4636 1942 4695 terra,

367 4719 749 4790 intentamque
798 4722 911 4777 suis
951 4721 1214 4792 imposuit
1251 4720 1512 4787 humeris,
1545 4728 1601 4776 et
1625 4720 1711 4776 sic
1761 4734 1947 4790 repor-

368 4809 503 4862 tavit
522 4808 591 4863 ad
627 4822 864 4879 gregem.

441 4898 506 4952 Et
531 4900 697 4954 noluit
721 4901 1007 4967 consolari,
1034 4901 1163 4972 quia
1202 4916 1308 4956 non
1341 4908 1482 4954 sunt.
1527 4898 1709 4954 Plorat
1762 4907 1943 4956 autem

363 4987 505 5044 ﬁlios
525 5004 675 5056 suos,
701 5000 758 5046 et
784 5007 890 5047 non
917 4992 1123 5062 recepit
1163 4991 1602 5046 consolationem.
1633 4988 1939 5046 Secundum

349 5079 777 5149 intelligentiam
803 5082 1094 5152 duplicem,
1127 5083 1242 5138 sive
1281 5082 1424 5152 quod
1448 5096 1543 5137 eos
1579 5081 1636 5137 in
1680 5089 1942 5138 aeternum

363 5176 611 5225 moratos
637 5170 954 5237 animaret,
973 5171 1095 5229 sive
1122 5169 1268 5240 quod
1305 5169 1572 5228 consolari
1601 5185 1662 5226 se
1684 5170 1850 5228 nollet
1874 5171 1944 5227 de

360 5258 471 5324 his,
525 5275 664 5330 quos
719 5262 887 5317 sciret
921 5277 1047 5319 esse
1093 5262 1350 5318 victuros.
1386 5262 1711 5332 Spiritaliter
1739 5262 1941 5320 Rachel

361 5351 634 5423 signiﬁcat
677 5353 978 5412 Ecclesium
1012 5369 1134 5424 quae
1169 5353 1349 5424 plorat
1371 5362 1684 5409 sanctorum
1725 5354 1793 5408 de
1837 5355 1942 5410 hoc

361 5441 563 5498 seculo
588 5443 940 5510 ablationem,
980 5444 1080 5500 sed
1107 5459 1214 5500 non
1243 5445 1319 5499 ita
1357 5445 1496 5501 velle
1535 5443 1828 5507 consolari,
1878 5451 1940 5500 ut

361 5530 459 5599 qui
487 5532 743 5588 secubitu
769 5542 948 5591 morte
988 5533 1256 5599 vicerunt,
1286 5547 1476 5588 rursus
1494 5531 1563 5587 ad
1609 5532 1792 5587 saculi
1815 5547 1938 5588 cer-

355 5620 574 5676 tamina
585 5636 775 5678 secmn
800 5622 1078 5680 toleranda
1106 5621 1351 5679 redeant.
1383 5621 1519 5688 Quia
1549 5621 1804 5678 nimirum
1831 5636 1938 5678 non

361 5716 496 5766 sunt
519 5709 660 5766 ultra
685 5713 977 5770 revocandi
995 5713 1051 5769 in
1077 5713 1360 5779 mundum,
1383 5712 1450 5769 de
1467 5711 1625 5782 cuius
1659 5712 1936 5779 arumnis,

363 5799 534 5857 εεωει
555 5812 844 5859 evaserunt
867 5803 1158 5860 coronandi
1186 5805 1251 5859 ad
1288 5800 1582 5860 Christum.

2047 4002 2192 4058 valet
2213 4005 2465 4076 persequi
2511 4021 2619 4061 non
2664 4005 2897 4071 desistit,
2927 4005 3024 4061 sed
3067 4006 3247 4062 acrior
3288 4007 3341 4060 in
3372 4007 3454 4062 eis
3477 4007 3640 4063 Anti-

2046 4093 2240 4150 christi
2282 4096 2588 4165 persecutio
2634 4096 2936 4165 consurgit.
2969 4095 3105 4150 Pars
3149 4096 3313 4166 igitur
3346 4094 3544 4150 Indue
3575 4097 3630 4154 in

2045 4199 2151 4253 ipsa
2197 4186 2460 4255 regnabat
2505 4183 2826 4248 Archelaus,
2877 4184 2970 4251 qui
3021 4185 3414 4251 interpretatur
3461 4199 3630 4253 agne-

2041 4285 2204 4327 scens
2236 4272 2342 4336 leo,
2369 4272 2440 4326 de
2476 4287 2585 4341 quo
2625 4271 2916 4341 Apostolus
2939 4271 3056 4324 ait:
3090 4271 3436 4327 Adversarius
3463 4283 3632 4328 vester

2045 4362 2228 4414 circuit
2265 4377 2504 4432 querens
2549 4377 2704 4431 quem
2748 4361 2975 4427 devoret,
3027 4359 3262 4430 perﬁdos
3305 4361 3629 4420 Antichristi

2043 4464 2306 4520 sequaces
2330 4450 2587 4506 ostendit.

2117 4539 2187 4594 Et
2211 4539 2510 4598 admonitus
2537 4541 2592 4596 in
2620 4542 2818 4600 somnis
2843 4543 3054 4597 secessit
3083 4543 3138 4596 in
3165 4553 3344 4613 partes
3368 4542 3630 4613 Catillum,

2047 4641 2096 4686 et
2119 4632 2324 4688 veniens
2352 4632 2601 4688 habitavit
2624 4632 2680 4687 in
2702 4632 2911 4688 civitate
2933 4649 3051 4703 qua:
3074 4642 3287 4691 vocatur
3325 4634 3622 4694 Natural/1.

2046 4721 2316 4778 Nazareth
2343 4721 2595 4785 Galilaue.
2619 4737 2730 4792 quo
2760 4722 3018 4781 Dominus
3039 4723 3383 4791 transfertur,
3410 4735 3633 4795 partem

2044 4812 2219 4882 gentis
2248 4812 2510 4884 eiusdem,
2538 4828 2660 4883 qua:
2683 4822 2812 4868 tunc
2839 4814 3099 4884 temporis
3127 4815 3287 4870 ﬁdem
3313 4813 3515 4872 Christi
3545 4825 3632 4873 est

2038 4913 2361 4974 susceptura
2408 4904 2672 4974 designat.
2725 4904 2876 4960 Unde
2907 4905 3050 4962 bene
3091 4903 3318 4962 Galliam
3369 4907 3624 4962 transmi-

2043 4995 2219 5064 gratio
2243 4993 2406 5050 l'acta.
2456 4993 2725 5052 Nazareth
2755 5009 2907 5059 vero,
2935 4992 3036 5052 nos
3069 5003 3166 5049 aut
3191 4995 3482 5064 virgultum
3505 4994 3625 5064 eius

2045 5083 2448 5152 interpretatur.
2493 5080 2631 5148 Quis
2673 5081 2927 5140 nimirum
2967 5090 3157 5139 sancta
3210 5083 3471 5150 Ecclesia,
3511 5081 3624 5154 quo

2045 5171 2354 5228 ardentiore
2395 5169 2680 5234 desiderio,
2731 5171 2800 5228 ab
2846 5171 2934 5226 bis
2963 5173 3059 5241 qui
3097 5173 3156 5228 in
3202 5173 3364 5240 terris
3391 5173 3530 5230 vidit
3551 5175 3620 5230 ad

2039 5259 2282 5316 caelestia
2313 5259 2668 5330 promerenda
2709 5260 3084 5330 transmigrat,
3123 5276 3191 5317 eo
3233 5261 3440 5332 maiore
3464 5262 3622 5332 spiri-

2045 5353 2271 5407 tualium
2293 5351 2533 5412 abundat
2561 5351 2694 5412 ﬂore
2721 5366 2787 5414 ac
2813 5354 3058 5424 germine
3085 5355 3371 5416 virtutum.

2119 5441 2187 5498 Ut
2229 5442 2609 5514 “impleretur
2648 5443 2787 5514 quod
2823 5445 3020 5503 dictum
3061 5454 3137 5502 est
3164 5462 3257 5516 per
3295 5443 3574 5515 prophetas
3595 5455 3618 5496 :

2039 5530 2308 5597 Quoniam
2346 5530 2638 5588 Nummus
2649 5531 2934 5592 vocabitur.
2964 5533 3064 5605 (Ex
3089 5533 3338 5604 Hieron.)
3355 5532 3418 5588 Si
3441 5531 3614 5588 litum

2043 5620 2112 5677 de
2137 5620 2434 5690 Scripturis
2455 5623 2726 5690 posuisset
2751 5624 3080 5692 exemplum,
3101 5636 3378 5691 nunquam
3405 5621 3612 5679 diceret

2041 5725 2142 5782 per
2165 5711 2463 5781 prophetas,
2491 5711 2587 5768 sed
2613 5712 2946 5782 simpliciter,
2969 5726 3068 5783 per
3093 5713 3414 5782 prophetam.
3451 5711 3613 5772 Nunc

2044 5810 2224 5857 autem
2267 5800 2545 5870 pluraliter
2572 5801 2862 5872 prophetas
2887 5815 3105 5866 vocans,
3147 5802 3386 5863 ostendit
3408 5819 3467 5860 se
3495 5818 3607 5861 non
