3998 6198
350 416 420 478 53
1633 415 1986 476 SMARAGDI
2022 416 2314 475 ABBATIS
2379 441 2382 444 ’
3005 447 3009 453 ε
3542 423 3611 475 ἔιὶ

352 533 516 589 verba
559 531 628 590 de
664 531 951 603 scripturis
993 531 1312 602 sumpsisse,
1337 531 1434 587 sed
1479 545 1720 587 sensum.
1754 530 1932 586 *Naza—
1959 531 2020 592 Δ·
2104 530 2178 585 Et
2196 529 2478 586 δίκαιαι-ἔα
2505 532 2786 589 desideria.
2840 533 3113 590 Saeculare
3145 543 3251 599 est,
3289 549 3450 593 omne
3479 538 3622 596 desi-

351 639 494 679 nens
536 624 681 678 enim
732 631 954 679 sanctus
985 622 1395 692 interpretatur.
1441 621 1702 677 Sanctum
1749 629 1930 676 autem

349 712 637 768 Dominum
681 713 921 766 futurum
962 709 1142 767 omnis
1193 709 1472 780 Scriptura
1519 716 1930 768 commemorat.

347 803 643 859 Possumus
673 809 730 857 et
758 802 914 857 aliter
941 801 1144 866 dicere,
1171 801 1314 870 quod
1359 801 1523 856 etiam
1567 799 1774 855 eisdem
1814 813 1935 853 vcr-

349 894 457 960 bis,
477 893 634 964 juxta
676 891 1000 948 Hebraicam
1041 891 1347 956 veritatem,
1374 899 1431 946 et
1464 888 1620 958 juxta
1647 889 1842 960 lingua:
1866 889 1933 942 il-

350 984 457 1038 lius
483 983 684 1058 ἰδίωμα,
708 985 764 1039 in
779 983 918 1038 Isaia
941 982 1202 1051 scriptum
1227 989 1311 1036 est
1332 1000 1345 1035 :
1370 990 1462 1040 um
1487 991 1632 1046 mn:
1653 991 1783 1038 utan
1812 987 1936 1038 κιιη

348 1083 489 1136 τηεν
513 1083 754 1134 νιν-ιω
778 1082 927 1130 nam.
959 1071 1118 1126 Exiet
1159 1072 1308 1142 virga
1350 1072 1417 1127 de
1466 1070 1648 1126 radice
1673 1067 1850 1134 Jesse,
1883 1075 1938 1122 et

350 1164 640 1220 Naaarmus
665 1164 732 1219 de
756 1163 940 1219 radice
960 1162 1076 1232 ejus
1097 1163 1424 1218 conscendet
1444 1163 1563 1218 sive
1586 1166 1814 1216 crescet.

987 1289 1284 1328 CONCOIDIA

423 1366 651 1421 lstarum
691 1365 920 1418 duarum
951 1361 1093 1416 litin
1121 1363 1225 1417 hoc
1266 1359 1576 1430 gratissima
1621 1357 1934 1421 lectionum,

351 1455 478 1526 quia
523 1453 760 1510 Joannes
804 1454 941 1508 vidit
995 1454 1049 1507 in
1100 1452 1240 1508 caelo
1292 1449 1564 1522 primitias
1607 1456 1770 1503 terra:
1814 1461 1940 1502 cum

353 1561 512 1616 agno.
555 1544 632 1598 De
665 1543 862 1613 quibus
890 1543 1000 1596 ait:
1038 1540 1192 1608 Quod
1221 1542 1340 1595 sine
1382 1536 1692 1602 mendacio,
1724 1543 1780 1591 et
1821 1534 1942 1590 sine

353 1634 570 1691 macula
613 1641 672 1688 et
698 1631 935 1704 virgines
982 1639 1128 1686 sunt.
1173 1629 1312 1684 Nam
1348 1636 1406 1685 et
1445 1627 1658 1699 parvuli
1702 1626 1796 1696 qui
1840 1637 1942 1694 pre

355 1723 586 1779 Domino
609 1723 777 1779 occisi
804 1731 954 1786 sunt,
978 1728 1035 1776 et
1059 1719 1318 1790 primitiae
1344 1726 1508 1775 terra:
1525 1723 1674 1783 sunt,
1695 1714 1820 1785 quia
1840 1727 1941 1783 pro

356 1821 584 1876 Domino
629 1818 787 1888 primi
817 1824 1136 1873 meruerunt
1180 1815 1388 1885 palmas
1425 1811 1691 1883 martyrii,
1711 1873 1713 1875 1
1732 1818 1789 1866 et
1832 1808 1942 1863 vin-

354 1913 530 1984 gines,
552 1917 607 1966 et
628 1910 746 1965 sine
771 1905 1054 1963 mendacio
1073 1912 1131 1961 et
1162 1905 1280 1960 sine
1307 1901 1515 1958 macula
1540 1906 1693 1956 sunt.

587 2045 655 2101 [Ν
684 2043 959 2102 OCTAVA
985 2037 1422 2098 NATIVITATIS
1458 2036 1714 2094 DOMINI.

357 2172 552 2214 2.80110
595 2169 866 2212 121⁵18τοιὸ
904 2169 1064 2210 ΒΕΔΠ
1112 2167 1269 2207 PAULI
1310 2163 1584 2213 APOSTOLI,
1638 2163 1702 2202 AD
1742 2160 1932 2212 τιτυιι,

1048 2261 1168 2300 CAP.
1196 2258 1259 2300 11.

436 2376 456 2412 ι
489 2358 753 2430 Apparuit
793 2357 966 2427 gratia
995 2355 1093 2412 Dei
1121 2362 1177 2411 et
1219 2352 1521 2409 Salvatoris
1561 2350 1735 2407 nostri
1762 2349 1939 2405 omni-

357 2471 379 2506 ‹
419 2453 525 2508 bus
546 2450 874 2515 hominibus,
902 2449 1156 2506 erudiens
1177 2462 1295 2511 nos,
1323 2453 1383 2500 ut
1401 2446 1732 2514 abnegantes
1749 2441 1939 2511 impie—

362 2560 379 2592 ι
421 2548 587 2595 tatem
632 2548 688 2595 et
709 2538 989 2594 saecularia
1012 2536 1298 2600 desideria,
1331 2534 1531 2596 sobrie,
1573 2531 1718 2602 iuste
1759 2538 1814 2586 et
1849 2529 1938 2600 pic

363 2652 380 2682 ι
417 2633 661 2686 vivamus
689 2629 744 2685 in
774 2629 878 2684 hoc
903 2627 1122 2693 saeculo,
1142 2632 1518 2694 exspectantes
1538 2625 1746 2678 beatam
1786 2633 1937 2690 spem

363 2744 380 2770 ε
420 2709 486 2778 et.
502 2723 790 2778 adventum
812 2720 996 2792 gloriae
1023 2721 1204 2790 magni
1232 2719 1325 2774 Dei
1361 2725 1414 2773 et
1442 2716 1739 2772 Salvatoris
1763 2713 1938 2769 nostri

362 2831 381 2862 ‹
415 2811 541 2869 Jesu
577 2811 803 2876 Christi,
843 2810 934 2879 qui
969 2808 1115 2864 dedit
1152 2807 1496 2876 semetipsum
1537 2819 1636 2876 pro
1659 2803 1834 2867 nobis,
1877 2807 1941 2855 ut

363 2920 384 2953 ι
417 2915 514 2959 nos
539 2903 849 2958 redimeret
893 2900 962 2955 ab
1006 2899 1153 2962 omni
1200 2898 1502 2967 iniquitate,
1553 2903 1608 2951 et
1653 2893 1938 2948 mandaret

364 3009 382 3042 4
418 2991 520 3047 sibi
557 2990 811 3062 populum
861 2988 1266 3059 acceptabilem,
1311 2993 1634 3042 sectatorem
1672 2985 1934 3038 bonorum

364 3102 385 3136 s
417 3097 659 3152 operum.
695 3079 816 3134 Haec
838 3079 1057 3148 loquere
1084 3084 1140 3133 et
1163 3077 1506 3131 exhortare.»

428 3172 686 3242 Apparuit
721 3170 891 3241 gratia
920 3169 1020 3223 Dei
1047 3165 1334 3223 Saluatoris
1369 3167 1534 3221 nostri
1562 3164 1802 3220 omnibus
1834 3163 1934 3217 ho-

357 3263 605 3318 minibus.
652 3260 751 3316 llic
776 3259 1006 3332 gratiam
1040 3257 1323 3328 Evangelii
1349 3257 1499 3322 dicit,
1531 3257 1598 3312 de
1621 3270 1726 3324 qua
1755 3255 1810 3310 in
1835 3254 1937 3310 Za-

360 3352 546 3407 rharia
566 3351 826 3422 legimus:
853 3349 1163 3421 Excquaoit
1188 3349 1414 3420 gratiam
1434 3348 1617 3418 gratiis
1632 3344 1817 3418 (Zacb.
1837 3344 1932 3417 tv):

359 3442 427 3497 Et
455 3440 690 3496 Joannes
718 3440 830 3494 ait:
870 3436 982 3493 Nos
1010 3454 1186 3492 omnes
1219 3438 1283 3492 de
1323 3435 1647 3508 plenitudine
1686 3435 1802 3506 ejus
1845 3452 1937 3489 ae-

357 3533 612 3604 cepimus,
633 3531 858 3602 gratians
876 3545 971 3600 pro
991 3528 1166 3600 gratia
1189 3525 1371 3599 (Joan.
1402 3525 1468 3598 ι),
1488 3525 1540 3580 id
1567 3534 1671 3591 est,
1696 3540 1794 3595 pro
1814 3539 1938 3596 gra-

361 3623 436 3678 tia
462 3622 620 3693 legis,
648 3621 876 3692 gratiam
901 3617 1182 3688 Evangelii
1209 3632 1226 3672 :
1249 3617 1500 3672 omnibus
1526 3615 1856 3680 hominibus,
1881 3614 1936 3669 id

359 3720 467 3777 est,
508 3711 706 3780 quibus
747 3709 1014 3779 apparuit.
1040 3709 1160 3778 ipse
1202 3709 1348 3762 enim
1388 3714 1476 3762 est
1504 3705 1598 3760 lux
1639 3720 1790 3771 vera,
1817 3720 1938 3775 qua:

359 3801 629 3858 illuminat
650 3814 864 3855 omnem
896 3798 1167 3853 hominem
1202 3798 1501 3852 venientem
1535 3797 1590 3852 in
1615 3796 1762 3851 hunc
1785 3810 1940 3852 mun-

359 3896 512 3960 dum,
540 3895 643 3951 hoc
678 3903 783 3960 est,
809 3895 900 3963 qui
937 3893 1289 3948 illuminatur.
1339 3893 1590 3963 lpse,cst,
1617 3893 1710 3963 qui
1753 3907 1940 3949 omnes

360 3985 608 4041 homines
629 3985 743 4039 vult
775 3984 954 4040 salvos
992 3982 1130 4049 fieri,
1163 3990 1218 4036 et
1241 3983 1310 4038 ad
1337 3982 1666 4052 agnitionem
1697 3981 1940 4037 veritatis

358 4073 660 4145 pervenire.
687 4073 806 4143 Ipse
829 4080 932 4138 est,
951 4073 1044 4142 qui
1067 4072 1338 4142 Apostolis
1359 4071 1472 4126 suis
1493 4072 1570 4125 ait
1593 4090 1607 4124 :
1639 4071 1744 4134 Ite,
1761 4072 1942 4126 docete

361 4181 538 4220 omnes
578 4174 772 4236 gentes,
811 4163 1134 4234 baptisantes
1161 4179 1248 4217 eos
1281 4175 1301 4213 .°
1337 4163 1426 4234 qui
1454 4160 1732 4216 crediderit
1759 4172 1805 4216 et
1847 4161 1942 4216 ba-

359 4255 588 4325 ptizatus
635 4254 815 4324 fuerit,
862 4251 1036 4307 salvus
1083 4253 1202 4306 erit.
1255 4252 1399 4308 Ecce
1443 4252 1718 4322 quomodo
1765 4251 1942 4322 gratia

362 4343 648 4398 salvatoris
669 4344 766 4398 Dei
791 4342 1044 4398 omnibus
1069 4343 1316 4413 apparuit
1351 4342 1681 4398 hominibus.

433 4436 696 4490 Erudiens
743 4451 858 4489 nos.
908 4435 1010 4504 (Ex
1051 4433 1229 4507 Cass.)
1286 4435 1516 4490 Erudire
1549 4435 1696 4490 enim
1745 4435 1943 4489 docere

363 4533 470 4593 est,
513 4539 640 4578 nam
682 4531 738 4578 et
769 4524 945 4593 ipsum
991 4537 1188 4577 nomen
1235 4524 1505 4591 signiﬁcat
1551 4525 1940 4593 apprehensum

364 4618 665 4692 scientiam.
724 4616 893 4671 Rudis
944 4616 1090 4670 enim
1145 4616 1345 4670 dicitur
1391 4631 1579 4671 novus.
1637 4618 1892 4673 Eruditus
1920 4660 1936 4684 ,

364 4711 521 4781 quasi
547 4725 579 4764 a
607 4724 729 4764 rure
770 4707 1031 4773 sublatus,
1063 4708 1166 4762 hoc
1193 4715 1296 4773 est,
1343 4709 1412 4764 ab
1450 4709 1755 4778 ignorantia
1798 4711 1940 4767 divi-
1965 4691 1985 4717 \

366 4817 478 4867 sus,
511 4809 567 4856 et
591 4801 645 4854 in
673 4799 930 4855 doctrina:
963 4798 1160 4853 ﬁnibus
1189 4799 1502 4856 collocatus.

435 4889 544 4961 (Ea:
571 4889 818 4952 Hieron.)
845 4888 980 4943 Nam
1017 4897 1075 4944 et
1117 4889 1187 4942 ad
1225 4888 1580 4958 Hierusalem,
1609 4906 1708 4963 per
1746 4891 1936 4950 Hiere-

363 4981 528 5036 miam
558 4980 818 5035 Dominus
858 4980 940 5036 sic
975 4978 1147 5036 dicit:
1199 4979 1426 5036 Erudire
1469 4981 1822 5050 Hierusalem,
1875 5001 1940 5042 ne

363 5071 500 5140 forte
544 5071 753 5125 recedat
799 5071 978 5125 anima
1017 5087 1133 5126 mea
1153 5089 1186 5126 α
1231 5080 1282 5127 te
1325 5071 1495 5144 (Hier.
1539 5074 1636 5146 vi).
1680 5074 1940 5132 Eruditur

363 5161 722 5228 Hierusalem,
748 5169 810 5216 ut
837 5163 1160 5235 corrigatur,
1189 5172 1244 5220 et
1270 5180 1378 5220 non
1399 5167 1616 5222 recedat
1633 5167 1813 5220 anima
1841 5167 1938 5224 Dei

363 5255 434 5309 ah
462 5269 546 5316 ea,
588 5260 646 5308 et
672 5252 946 5323 redigatur
984 5254 1036 5308 in
1064 5254 1425 5322 solitudinem,
1466 5256 1562 5311 sed
1599 5257 1780 5326 potius
1807 5273 1937 5313 eru-

364 5345 474 5399 dita
505 5343 704 5398 habeat
728 5356 944 5413 seraper
964 5343 1251 5398 Dominum
1275 5344 1654 5402 habitatorem.

435 5431 505 5486 Ut
531 5433 846 5502 abnegantes
886 5432 1224 5502 impietatem.
1273 5431 1373 5488 llic
1415 5434 1744 5503 impietatem
1793 5435 1939 5492 illam

364 5525 514 5590 dicit,
543 5539 706 5595 quam
747 5521 1040 5578 Zacharias
1064 5536 1229 5592 super
1249 5523 1564 5593 amphoram
1589 5525 1674 5580 vel
1704 5541 1940 5582 massam

365 5615 554 5670 sedere
579 5615 716 5670 vidit
743 5613 1070 5686 plumbeam,
1114 5628 1279 5684 quam
1317 5615 1426 5671 alio
1462 5616 1680 5672 nomine
1721 5617 1944 5674 idolola-

364 5701 522 5756 triam
571 5717 858 5772 possumus
900 5701 1171 5774 appellare
1215 5710 1272 5758 et
1327 5705 1659 5776 negationem
1717 5706 1943 5773 Christi,

365 5789 538 5846 Graeci
565 5801 759 5848 vocant
794 5799 885 5855 τὴν
911 5793 1169 5851 deﬂua».

2033 618 2244 674 derium
2284 620 2523 686 carnale,
2563 629 2620 678 et
2644 623 2823 678 omnis
2867 623 3091 678 ambitio
3137 621 3431 679 saecularis.
3464 624 3619 683 Desi-

2033 711 2184 767 deria
2212 715 2412 783 turpia,
2436 714 2685 770 voluntas
2717 715 2800 770 vel
2835 715 3106 784 cupiditas
3133 717 3398 787 corporis,
3437 721 3620 774 omnia

2032 799 2302 858 desideria
2335 814 2462 859 sunt
2492 805 2757 870 carnalia,
2782 821 2813 860 a
2846 807 3044 876 quibus
3088 822 3188 862 nos
3211 809 3465 868 omnibus
3497 809 3622 866 abso

2035 894 2210 950 tinere
2277 895 2472 952 Petrus
2513 897 2786 962 obsecrat,
2829 899 3051 955 dicens:
3093 897 3318 954 Obsecro
3370 918 3462 956 vos
3504 911 3624 958 tan-

2034 1001 2192 1054 quam
2221 985 2452 1040 advenas
2490 997 2540 1041 et
2576 990 2896 1059 peregrinos,
2931 990 3192 1046 abstinere
3234 1009 3324 1047 eos
3361 1010 3395 1048 a
3423 1011 3620 1050 carna-

2035 1077 2174 1132 libus
2225 1078 2500 1136 desideriis
2529 1122 2546 1147 ,
2607 1099 2726 1152 quae
2786 1083 3015 1138 militant
3077 1085 3330 1142 adversus
3387 1088 3621 1144 animans

2013 1161 2068 1234 (1
2098 1166 2244 1222 Petr.
2273 1167 2356 1240 ιι).
2399 1169 2480 1225 Ac
2502 1171 2548 1225 si
2573 1171 2818 1228 diceret:
2848 1172 3098 1230 Carnalia
3140 1176 3413 1234 desideria
3455 1179 3624 1236 nolite

2040 1256 2369 1324 desiderare,
2416 1259 2511 1314 sed
2561 1259 2824 1327 caelestia,
2878 1270 2936 1317 et
2982 1272 3186 1320 aeterna
3233 1269 3620 1338 conwpiscite,

2038 1344 2164 1415 quia
2195 1345 2375 1402 carnis
2400 1347 2667 1403 desideria
2709 1351 2971 1407 adversus
3003 1355 3474 1412 conversationem
3499 1373 3625 1413 san-

2039 1442 2206 1501 ctam,
2234 1445 2292 1491 et
2313 1445 2504 1492 contra
2531 1439 2969 1510 suammetipsam
3001 1442 3237 1498 militant
3257 1445 3494 1501 animam

2111 1524 2318 1582 Sobria.
2367 1526 2558 1584 Sobrie
2598 1528 2752 1596 dicit,
2800 1531 2905 1586 hoc
2947 1541 3056 1599 est,
3099 1543 3281 1601 ante,
3323 1537 3622 1607 sapienter,

2039 1617 2404 1684 considerate,
2431 1627 2488 1672 et
2515 1626 2831 1690 temperate,
2880 1637 3091 1693 ponens
3113 1633 3242 1681 ante
3278 1626 3467 1682 oculos
3493 1627 3626 1684 illud

2037 1710 2184 1780 quod
2235 1709 2501 1768 Dominus
2541 1713 2658 1770 ait:
2715 1713 2981 1770 Attendite
3026 1733 3091 1771 ne
3131 1727 3416 1790 graventur
3462 1720 3626 1776 corda

2039 1809 2210 1856 uestra
2231 1803 2290 1857 in
2322 1803 2564 1875 crapula,
2603 1813 2655 1860 et
2697 1805 2969 1873 ebrietate,
2999 1815 3048 1862 et
3077 1807 3219 1862 curis
3263 1807 3424 1876 huius
3458 1825 3627 1865 secn-

1963 1879 2012 1938 Β
2039 1889 2078 1944 li
2102 1890 2285 1962 (Luca
2313 1895 2454 1965 xxI).

2107 1981 2178 2037 Et
2204 1983 2368 2052 juste.
2398 1983 2572 2052 Juste,
2599 1985 2654 2041 id
2677 1994 2778 2052 est,
2817 1995 2965 2044 recte
2989 1997 3045 2044 et
3065 1989 3464 2060 aequanimiter,
3496 1991 3626 2046 hinc

2034 2071 2181 2126 enim
2225 2071 2462 2130 Joannes
2501 2077 2614 2130 ait:
2660 2076 2846 2144 Scitis,
2889 2080 3014 2149 quia
3060 2078 3205 2135 Deus
3228 2080 3409 2150 justus
3448 2090 3546 2147 est,
3572 2091 3624 2136 et

2036 2163 2205 2217 omnis
2232 2166 2324 2234 qui
2353 2165 2482 2234 facit
2502 2167 2799 2236 justitiam,
2839 2185 2906 2223 ex
2944 2169 3057 2240 ipso
3085 2178 3241 2225 natus
3273 2179 3348 2225 est
3377 2169 3428 2241 (Ι
3459 2170 3621 2224 Joan.

2035 2252 2144 2325 ιιι).
2177 2253 2331 2309 Dicta
2372 2263 2554 2312 autem
2593 2255 2826 2326 iustitia,
2875 2260 3032 2328 quasi
3058 2257 3200 2327 juris
3246 2269 3438 2326 status,
3467 2261 3625 2331 cujus

2035 2351 2222 2412 partes
2249 2353 2394 2412 sunt,
2427 2347 2619 2402 timere
2643 2348 2834 2413 Deum,
2873 2365 3136 2406 venerare
3161 2352 3502 2423 religionem,
3524 2352 3624 2407 ha-

2034 2435 2166 2491 bere
2189 2435 2579 2493 humanitatem
2600 2448 2657 2494 et
2679 2440 2959 2509 pietatem,
2981 2442 3124 2496 unde
3146 2443 3390 2512 sequitur
3415 2461 3436 2502 :

2107 2528 2176 2584 Et
2199 2531 2282 2600 pie
2318 2530 2551 2586 vivamus
2575 2533 2630 2584 in
2671 2532 2768 2585 hoc
2800 2532 3018 2586 seculo.
3043 2531 3259 2587 Iustitia
3283 2533 3425 2588 enim
3449 2547 3516 2587 ne
3541 2532 3626 2587 in»

2039 2629 2336 2689 temperata
2365 2621 2458 2685 sit,
2501 2622 2677 2691 pietas
2721 2623 3063 2693 adjungenda
3103 2631 3210 2678 est.
3254 2623 3435 2676 Pietas
3471 2622 3620 2676 enim

2016 2727 2163 2782 -pars
2191 2721 2276 2767 est
2309 2711 2558 2780 iustitiae,
2610 2727 2729 2782 qua:
2771 2713 3010 2783 proprie,
3041 2721 3101 2766 ut
3149 2713 3223 2767 ait
3266 2711 3622 2782 Augustinus,

2034 2802 2130 2858 Dei
2162 2802 2704 2873 cultusintelligitur.
2728 2802 2946 2858 Justitia
2967 2803 3114 2858 enim
3156 2813 3260 2870 est,
3288 2804 3513 2872 aequitas
3537 2802 3624 2858 vel

2035 2894 2326 2960 rectitude,
2357 2907 2476 2964 qua:
2504 2893 2794 2964 unicuique
2827 2908 2924 2949 sua
2950 2893 3158 2948 tribuit.

2106 2981 2542 3054 Exspectantibus
2589 2985 2791 3039 beatam
2820 3002 2982 3055 spem.
3016 2983 3118 3058 (Ex
3153 2985 3331 3055 Cass.)
3363 2984 3501 3054 Spes
3539 2995 3628 3042 est

2033 3073 2304 3128 bonorum
2345 3074 2682 3143 exspectatio
2716 3073 3039 3139 futurorum,
3081 3091 3202 3145 qua:
3231 3076 3487 3144 exprimit
3528 3075 3630 3129 liu-

2037 3164 2284 3219 militatis
2311 3163 2587 3232 allectum,
2624 3171 2680 3221 et
2725 3165 2922 3220 sed-Ila:
2971 3166 3249 3220 servitutis
3277 3165 3620 3234 obsequium.

2041 3255 2180 3326 Spes
2206 3263 2386 3311 autem
2415 3255 2610 3331 Graece
2650 3255 2850 3312 dicitur
2888 3257 3048 3322 artic,
3075 3263 3125 3311 et
3153 3264 3236 3311 est
3263 3255 3446 3325 opinio
3484 3253 3629 3310 futu-

2037 3360 2245 3401 rorum.
2312 3346 2380 3401 Et
2431 3346 2768 3402 contrarium
2824 3347 3151 3418 desperatio,
3206 3347 3422 3418 quando
3470 3357 3626 3403 extra

2036 3452 2254 3494 omnem
2279 3451 2429 3509 spem
2471 3439 2634 3494 homo
2659 3445 2764 3504 est,
2814 3438 2903 3494 cui
2943 3437 3093 3494 nulla
3129 3446 3214 3494 est
3244 3438 3626 3510 progrediendi

2037 3528 2292 3594 facultas,
2338 3529 2465 3600 quia
2511 3529 2640 3586 dum
2667 3530 2898 3600 quisque
2934 3539 3220 3599 peccatum
3261 3537 3429 3594 amat,
3478 3527 3628 3582 futu-

2038 3638 2157 3678 ram
2186 3621 2414 3694 gloriam
2457 3637 2565 3677 non
2613 3630 2819 3692 sperat.
2859 3622 2954 3676 llle
2985 3622 3134 3676 enim
3186 3619 3508 3676 ﬁducialiter
3533 3634 3628 3676 cx-

2039 3720 2270 3783 spectat,
2319 3712 2412 3782 qui
2455 3709 2573 3780 ejus
2626 3713 2881 3768 mandata
2925 3710 3161 3767 ﬁdeliter
3213 3717 3414 3766 servat.
3462 3709 3627 3764 Beata

2038 3804 2184 3859 enim
2234 3813 2382 3860 recte
2438 3804 2638 3859 dicitur
2681 3819 2829 3874 spes,
2881 3803 2972 3860 ubi
3011 3802 3110 3858 lilii
3153 3802 3251 3859 Dei
3298 3803 3631 3859 merebimur

2037 3909 2181 3961 esse,
2229 3905 2285 3949 et
2326 3896 2591 3955 hmredes.
2638 3895 2884 3951 hmredbs
2913 3895 3130 3965 quidem
3165 3895 3281 3959 Dei,
3319 3894 3632 3956 cohaeredes

2039 3993 2222 4039 autem
2240 3983 2466 4038 Christi.
2496 3983 2598 4039 Ubi
2619 3999 2743 4038 cum
2764 3985 3096 4052 apparuerit,
3113 3984 3320 4038 similes
3337 3983 3388 4037 ei
3400 3983 3626 4045 erimus,

2037 4074 2294 4146 quoniam
2322 4072 2630 4128 videbimus
2649 4087 2774 4128 eum
2819 4073 2982 4128 sicuti
3006 4081 3111 4128 est.
3147 4072 3248 4129 Ubi
3272 4081 3497 4142 peccata
3524 4087 3627 4127 no-

2037 4166 2123 4222 bis
2147 4165 2435 4227 donantur,
2461 4172 2516 4218 et
2539 4163 2650 4217 vita
2677 4171 2880 4218 mterna
2916 4162 3283 4234 praestabitur.
3315 4162 3416 4219 Ubi
3439 4163 3626 4235 splen-

2039 4255 2226 4310 dorem
2267 4253 2398 4310 solis
2434 4263 2491 4309 et
2523 4255 2858 4310 consortium
2897 4255 3264 4312 obtinebimus
3287 4255 3624 4327 angelorum.

2111 4347 2182 4402 Et
2218 4347 2496 4400 adventum
2523 4345 2708 4417 gloria:
2750 4347 2928 4418 magni
2955 4347 3090 4402 .Dei.
3135 4344 3444 4405 Notandum
3475 4348 3622 4418 quod

2041 4437 2098 4492 in
2127 4437 2230 4490 hac
2247 4436 2397 4490 brevi
2428 4436 2664 4505 Epistola
2695 4437 2981 4492 Dmninum
3009 4436 3194 4493 Jesum
3223 4437 3309 4494 bis
3334 4437 3626 4494 Dominum

1967 4564 2021 4622 Β
2046 4524 2297 4622 appellet.
2323 4524 2618 4622 Nametlin
2667 4525 2909 4595 Epistola
2935 4526 3286 4622 adllebrzeos
3314 4528 3459 4583 idem
3483 4528 3630 4597 Apo-

2045 4614 2215 4670 stolus
2242 4615 2356 4668 ait:
2389 4614 2470 4667 Ad
2499 4614 2669 4683 ﬁliam
2713 4626 2928 4670 autem:
2959 4614 3199 4670 Thronns
3245 4625 3368 4671 tuus
3395 4617 3538 4672 Deus
3571 4618 3628 4672 in

2043 4699 2297 4762 suculam
2339 4707 2540 4761 surculi.
2591 4706 2679 4772 Et,
2711 4708 2864 4761 anxit
2909 4715 2960 4760 te
2992 4705 3136 4762 Deus
3177 4706 3314 4763 Deus
3343 4717 3464 4764 tuus
3511 4709 3627 4765 oleo

2042 4797 2408 4853 exsultationis
2437 4797 2625 4869 (Hebr.
2655 4799 2717 4870 ι).
2749 4799 2818 4853 Et
2840 4797 3074 4855 Joannes
3121 4800 3235 4854 ait:
3262 4799 3332 4856 In
3369 4802 3626 4872 principio

2041 4899 2156 4943 erat
2205 4887 2452 4954 Verbum,
2477 4898 2528 4943 et
2578 4887 2799 4943 Verbum
2843 4897 2959 4943 erat
2994 4888 3137 4959 apud
3178 4888 3371 4955 Deum,
3398 4900 3449 4944 et
3483 4890 3626 4946 Deus

2041 4989 2156 5034 erat
2199 4978 2418 5034 Verbum
2445 4979 2626 5053 (Joan.
2655 4979 2719 5051 ι),
2765 4989 2822 5036 et
2847 4980 2952 5036 alia
2987 4980 3218 5051 plurima
3265 4981 3334 5036 de
3357 4981 3463 5036 hoc
3499 4995 3627 5037 san-

2041 5070 2287 5126 ctissimo
2324 5072 2542 5127 nomine
2583 5071 2826 5127 invenies
2871 5071 3198 5126 testimonia.
3243 5070 3409 5141 Cujus
3449 5080 3504 5128 et
3529 5072 3625 5126 ad-

2041 5170 2265 5215 ventum
2313 5161 2496 5231 gtoriae
2543 5170 2940 5232 exspectamus,
2983 5164 3279 5220 secundum
3309 5164 3626 5234 promissio-

2043 5267 2167 5308 nem
2193 5253 2510 5323 angelicam,
2537 5255 2766 5310 dicentis
2785 5255 2854 5310 ad
2881 5255 3212 5326 discipulos:
3255 5256 3368 5311 Viri
3389 5254 3620 5320 Galilei,

2042 5343 2168 5414 quid
2197 5343 2281 5397 hic
2301 5345 2454 5397 statis
2492 5343 2799 5413 aspicientes
2826 5352 2882 5399 in
2914 5344 3124 5412 celum,
3159 5347 3238 5401 sie
3263 5345 3400 5400 enim
3437 5346 3622 5410 ueniet,

2040 5433 2479 5505 quemadmodum
2507 5433 2708 5488 vidistis
2736 5451 2855 5488 eum
2874 5446 3083 5491 euntem
3103 5439 3162 5492 in
3187 5435 3372 5492 calum
3399 5435 3536 5508 (Act.
3555 5435 3618 5505 ι).

2111 5524 2222 5594 (Ea:
2246 5523 2421 5595 Orig.)
2465 5523 2571 5580 Sed
2596 5525 2652 5579 in
2693 5525 2781 5581 illa
2810 5525 2978 5598 gloria
3017 5535 3384 5598 exspectatur,
3423 5527 3492 5582 de
3515 5539 3625 5596 qua

2043 5615 2158 5684 ipse
2204 5614 2456 5668 Salvator
2489 5613 2606 5668 ait:
2662 5613 2795 5670 Cum
2837 5617 3032 5672 venerit
3083 5615 3258 5670 Filius
3297 5615 3522 5671 hominis
3564 5614 3626 5671 in

2043 5705 2211 5774 gloria
2243 5703 2422 5758 Patris
2457 5713 2506 5758 et
2551 5715 2852 5760 sanctorum
2878 5705 3184 5778 angelorum
3230 5705 3441 5777 (Matth.
3467 5702 3619 5776 xxv).

2051 5795 2164 5852 Non
2189 5795 2331 5865 quod
2354 5795 2447 5850 Dei
2465 5803 2521 5850 et
2541 5797 2857 5867 angelorum
2877 5811 3041 5851 unam
3066 5794 3292 5866 gloriam
3314 5809 3434 5852 esse
3453 5794 3596 5850 dicat
3613 5829 3631 5858 ,
