3994 6204
307 444 374 501 57
1122 443 1638 501 COLLECTIONES
1675 442 1742 499 IN
1783 442 2159 501 EPISTOLAS
2197 445 2285 502 ΕΤ
2325 445 2737 503 EV’ANGELIA.
3497 453 3566 509 58

308 556 406 618 sed
440 555 571 627 quia
607 562 755 610 tanta
780 553 890 608 erit
931 553 1039 610 illic
1065 553 1234 626 gloria
1272 555 1474 621 Patris,
1505 556 1557 610 in
1585 571 1692 625 qua
1719 553 1890 609 Filius
1917 559 1969 618 Α
1999 572 2024 606 ιλ
2056 570 2251 610 nomen
2279 555 2517 612 Simeon.
2540 557 2608 612 Et
2635 558 2796 612 homo
2826 556 2929 612 iste
2959 557 3142 626 justus
3171 567 3227 615 et
3259 561 3567 629 timoratus,

309 645 547 706 hominis
571 645 642 700 ad
682 643 948 715 judicium
996 655 1254 700 venturus
1279 654 1380 712 est,
1425 660 1544 715 quae
1579 661 1609 699 a
1641 645 1771 701 solis
1798 661 1895 699 an-

309 737 445 812 gelis
472 736 593 807 capi
637 735 830 806 possit,
859 734 944 790 vel
970 735 1036 788 ab
1064 734 1169 790 illis
1195 736 1422 802 sanctis,
1448 739 1514 790 de
1535 735 1733 804 quibus
1757 734 1894 790 dici-

307 839 436 885 tur:
483 828 626 894 Quia
671 834 823 880 erunt
857 827 992 880 sicut
1031 827 1205 897 angeli
1244 827 1362 881 Dei.
1397 828 1474 882 De
1515 827 1620 882 hoc
1659 826 1896 881 adventu

306 921 495 992 gloriae
516 919 612 974 Dei
641 925 694 972 et
715 917 910 972 Petrus
929 918 1203 988 apostolus
1221 919 1298 972 ait
1319 933 1335 972 :
1364 918 1675 972 Inveniatur
1697 918 1752 971 in
1773 916 1895 971 lau-

306 1013 428 1066 dem
452 1021 504 1066 et
516 1009 744 1082 gloriam
759 1019 809 1063 et
833 1009 1194 1064 reuelationem
1218 1009 1346 1064 Jesu
1368 1009 1566 1064 Christi
1587 1009 1642 1081 (1
1664 1008 1808 1064 Petr.
1831 1009 1892 1079 ι).

306 1101 366 1156 in
391 1101 573 1166 laude,
597 1099 813 1170 quando
837 1098 1082 1154 dicturus
1109 1107 1192 1153 est
1217 1116 1230 1152 :
1271 1097 1471 1165 Venite,
1502 1098 1758 1153 benedicti
1788 1094 1896 1152 Pa.

307 1194 408 1246 tris
434 1193 560 1256 mei,
585 1189 834 1261 percipite
871 1203 1103 1258 regnum.
1133 1188 1193 1242 In
1220 1187 1409 1259 gloria,
1437 1190 1580 1277 quia.
1601 1197 1740 1274 tunc“
1762 1187 1896 1257 justi

306 1281 593 1354 fulgebunt
614 1289 676 1337 ut
699 1280 781 1336 sol
814 1281 868 1335 in
896 1281 1228 1337 revelatione
1250 1281 1377 1338 Jesu
1402 1267 1626 1349 Christi,
1665 1267 1769 1338 hoc
1789 1289 1893 1350 est,

308 1374 365 1429 in
390 1373 573 1428 futuro
593 1370 816 1442 judicio.

382 1465 452 1520 Et
503 1463 798 1520 Saluatoris
846 1465 1010 1519 nostri
1049 1462 1179 1519 Iesu
1237 1465 1454 1521 Christi.
1499 1466 1656 1522 Iesus
1695 1483 1893 1523 nomen

307 1554 591 1625 proprium
617 1562 704 1608 est
738 1552 858 1608 Filii
896 1553 1016 1620 Dei,
1062 1556 1358 1610 secundum
1402 1571 1645 1623 carnem,
1694 1567 1756 1613 ut
1782 1557 1894 1613 Ga-

307 1641 449 1698 briel
495 1643 721 1716 angelus
762 1645 937 1702 beate
976 1645 1161 1701 Maria
1194 1647 1309 1702 ait:
1359 1647 1430 1702 Et
1467 1648 1674 1703 vocabis
1707 1665 1896 1705 nomen

307 1735 430 1806 ejus
466 1734 651 1790 Iesum
679 1734 832 1806 (Luc.
859 1735 923 1810 ι),
967 1739 1110 1808 quod
1138 1738 1332 1794 Latine
1380 1737 1631 1796 Salvator
1672 1739 1894 1806 dicitur,

306 1840 380 1883 eo
437 1826 586 1896 quod
631 1825 839 1882 salvum
888 1827 1022 1884 facit
1059 1829 1316 1899 populum
1367 1845 1525 1886 suum
1573 1845 1605 1885 a
1654 1830 1892 1902 peccatis

1999 671 2018 700 ι
2055 655 2376 719 exspectans
2419 647 2846 703 consolationem
2871 647 3066 714 Israel,
3097 658 3151 703 et
3181 649 3417 720 Spiritus
3443 666 3570 706 san-

2001 755 2018 788 ι
2057 744 2176 791 ctus
2205 743 2322 791 erat
2351 737 2404 791 in
2434 751 2519 792 eo.
2554 737 2621 791 Et
2649 751 2965 807 responsum
2993 748 3278 809 acceperat
3300 755 3330 795 a
3361 739 3567 812 Spiritu

2001 845 2019 880 ι
2056 836 2264 892 saneto,
2292 841 2398 881 non
2425 828 2668 882 visurum
2690 842 2748 882 se
2776 835 3024 895 mortem,
3052 831 3156 885 nisi
3184 832 3334 902 prius
3361 832 3570 888 videret

2000 937 2019 971 ι
2056 918 2328 974 Christum
2358 919 2592 983 Domini,
2632 928 2686 973 et
2715 920 2862 974 venit
2889 921 2945 974 in
2979 922 3172 990 spiritu
3202 924 3253 979 in
3285 925 3565 996 templum.

1999 1027 2024 1062 ι
2056 1009 2124 1065 Et
2150 1024 2273 1064 cum
2302 1009 2622 1064 inducerent
2652 1023 2876 1078 puerum
2903 1009 3087 1066 Jesum
3132 1023 3386 1082 parentes
3424 1015 3566 1087 ejus,

2001 1117 2020 1151 ι
2058 1106 2119 1152 ut
2139 1097 2382 1153 facerent
2405 1098 2698 1154 secundum
2721 1100 3164 1156 consuetudinem
3192 1101 3326 1174 legis
3347 1119 3446 1174 pro
3466 1117 3567 1160 eo:

2002 1206 2020 1240 ι
2055 1188 2122 1243 Et
2166 1188 2281 1258 ipse
2321 1188 2530 1258 accepit
2573 1203 2697 1242 eum
2741 1189 2796 1242 in
2837 1188 2993 1243 ulnas
3028 1205 3175 1256 suas,
3205 1199 3260 1246 et
3288 1192 3570 1248 benedixit

2001 1297 2021 1330 ι
2055 1294 2202 1345 eum,
2229 1287 2286 1335 et
2312 1280 2450 1335 dixit
2486 1299 2499 1333 :
2537 1279 2691 1335 Nunc
2732 1281 2960 1337 dimittis
3005 1297 3220 1338 servum
3250 1291 3424 1349 tuum,
3462 1285 3570 1342 Do-

2000 1390 2020 1424 ‹
2056 1373 2218 1436 mine,
2256 1373 2551 1427 secundum
2592 1373 2813 1427 verbum
2855 1381 3006 1427 tuum
3037 1373 3092 1428 in
3125 1389 3277 1443 pace.
3320 1374 3457 1442 Quia
3486 1377 3569 1431 vi-

2000 1480 2019 1513 ι
2054 1463 2251 1516 derunt
2294 1462 2435 1517 oculi
2491 1463 2601 1518 mei
2647 1463 2884 1517 salutare
2940 1470 3112 1517 tuum.
3159 1462 3312 1530 Quod
3359 1467 3566 1535 parasti

1999 1570 2019 1606 ι
2053 1562 2182 1609 ante
2242 1553 2436 1608 faciem
2509 1554 2750 1608 omnium
2811 1553 3150 1624 populorum.
3218 1555 3426 1611 Lumen
3498 1557 3568 1611 ad

1998 1661 2019 1698 ι
2054 1643 2438 1700 revelationem
2464 1644 2704 1714 gentium
2721 1683 2738 1711 ,
2763 1653 2820 1700 et
2863 1643 3091 1714 gloriam
3135 1643 3309 1716 plebis
3353 1655 3458 1701 tum
3489 1646 3570 1703 ls-

1999 1752 2023 1788 ι
2056 1735 2189 1792 rael.
2204 1754 2224 1789 ι

2064 1828 2355 1901 Postquam
2379 1827 2726 1884 consummati
2763 1835 2886 1882 sunt
2913 1826 3023 1882 dies
3052 1835 3188 1893 octo,
3216 1835 3275 1881 ut
3298 1827 3573 1883 circumci-

307 1931 521 1974 eorum.
549 1917 798 1974 Christus
815 1919 884 1974 ab
901 1920 1155 1976 unctione
1180 1936 1374 1977 nomen
1400 1923 1629 1992 accepit,
1653 1900 1889 1978 chrisma
1917 1900 1965 1960 Β
1992 1900 2215 1975 daretur
2261 1936 2409 1990 puer.
2454 1919 2556 1990 (Ex
2602 1917 2877 1988 Ambros.)
2925 1918 3340 1974 Circumciditur
3387 1918 3572 1989 itaque

306 2010 453 2062 enim
502 2008 719 2068 unctio,
761 2007 1012 2064 Christus
1063 2019 1257 2066 unctus
1308 2012 1526 2068 dicitur.
1579 2011 1684 2068 Sed
1733 2013 1893 2083 spiri-

308 2095 548 2159 tualiter,
597 2095 684 2149 cui
729 2094 1012 2152 Psalmista
1055 2113 1071 2151 :
1116 2096 1401 2169 Propterea
1447 2103 1599 2156 unxit
1640 2111 1690 2156 te
1731 2101 1890 2168 Deus,

307 2185 453 2240 Deus
473 2195 615 2248 tuus,
647 2183 763 2240 oleo
784 2185 1147 2242 exsultationis
1183 2186 1355 2259 (Psal.
1382 2191 1551 2263 xuv).

380 2272 488 2338 Qui
541 2273 686 2326 dedit
730 2276 1064 2345 semetipsum
1115 2293 1209 2346 pro
1248 2277 1415 2332 nobis.
1465 2279 1617 2334 Sicut
1665 2287 1722 2335 et
1764 2277 1894 2335 alibi

314 2363 456 2419 idem
484 2365 776 2435 Apostolus
801 2366 972 2422 dicit:
1023 2367 1299 2424 Ambulate
1341 2371 1397 2424 in
1425 2371 1720 2438 dilectione,
1757 2375 1895 2428 sicut

313 2461 363 2505 et
407 2450 648 2508 Christus
694 2454 878 2511 dilexit
918 2473 1034 2522 nos,
1079 2467 1129 2512 et
1168 2460 1384 2514 tradidit
1430 2463 1755 2533 semetipsum
1797 2481 1892 2536 pro

314 2543 460 2597 nobis
483 2543 699 2615 (Ephes.
730 2545 808 2617 v).

385 2632 454 2687 Ut
491 2653 586 2690 nos
615 2637 888 2694 redimeret
917 2641 983 2694 ab
1012 2643 1153 2695 omni
1188 2643 1482 2712 iniquitate,
1512 2652 1561 2697 et
1585 2645 1884 2710 mandaret,

313 2735 418 2780 etc.
473 2726 576 2797 (Ex
614 2719 791 2799 Cass.)
839 2729 1086 2786 Redemit
1119 2747 1218 2788 nos
1250 2742 1305 2788 et
1347 2733 1598 2788 liberavit
1642 2735 1710 2790 ab
1746 2736 1894 2790 omni

311 2817 536 2872 vinculo
563 2819 885 2889 iniquitatis,
933 2839 1041 2892 quo
1073 2826 1269 2895 captivi
1315 2827 1651 2893 tenebamur,
1693 2837 1747 2882 et
1776 2826 1897 2880 inti-

312 2909 581 2974 tlelitatis,
607 2921 662 2965 et
685 2915 961 2969 mandavit
987 2931 1087 2986 per
1112 2918 1460 2986 baptismum,
1485 2918 1576 2974 ubi
1613 2919 1693 2973 sic
1713 2919 1895 2972 omnia

307 3000 596 3072 originalis
626 3003 843 3071 delicta,
871 3016 927 3061 et
967 3015 1274 3077 perpetrata
1314 3011 1603 3066 commissa
1633 3009 1896 3064 mundan-

307 3095 420 3153 tur,
465 3099 736 3158 quatenus
784 3095 838 3148 iu
879 3095 1034 3152 nobis
1079 3097 1212 3151 nihil
1259 3114 1538 3155 remanere
1581 3101 1752 3172 possit
1794 3101 1934 3155 im-'

313 3181 601 3237 mundum.

386 3273 716 3331 Sectatorem
765 3279 1017 3334 bonorum
1049 3296 1284 3351 Operam.
1312 3281 1394 3338 Ad
1421 3298 1584 3352 quam
1615 3282 1893 3342 'sectatio-

313 3379 440 3421 nem
469 3366 736 3424 bonorum
779 3387 1020 3442 operum,
1067 3375 1209 3430 idem
1239 3392 1339 3432 nos
1371 3375 1660 3449 Apostolus
1697 3379 1892 3434 admo-

313 3465 426 3520 net,
455 3458 646 3514 dicens
673 3479 686 3514 :
713 3461 1090 3531 Eshortamur,
1121 3481 1185 3519 ne
1209 3466 1266 3520 in
1292 3483 1514 3521 vacuum
1539 3468 1765 3539 gratiam
1792 3468 1894 3524 Dei

315 3551 603 3620 recipiatis,
631 3560 690 3604 ut
738 3569 843 3606 non
879 3554 1198 3624 vituperetur
1231 3557 1572 3610 ministerium
1621 3569 1855 3612 nostrum
1875 3597 1890 3626 ,

314 3642 408 3695 sed
437 3644 494 3696 in
523 3644 766 3698 omnibus
792 3644 1130 3702 exhibeamus
1170 3665 1262 3703 nos
1297 3650 1430 3704 sicut
1463 3651 1563 3704 Dei
1602 3652 1890 3720 ministros,

315 3734 372 3785 in
399 3732 567 3788 multa
595 3735 874 3805 patientia,
917 3739 974 3791 in
1005 3739 1451 3807 tribulationibus,
1484 3743 1540 3797 in
1577 3745 1893 3808 necessitati:

319 3823 434 3887 bus,
470 3825 526 3878 in
551 3827 830 3895 angustiis,
858 3826 915 3881 in
943 3826 1132 3899 plagis,
1168 3830 1222 3883 in
1253 3831 1568 3897 carceribus,
1595 3832 1650 3887 in
1679 3834 1894 3887 seditio-

317 3913 490 3978 nibus,
518 3915 576 3968 in
613 3913 900 3984 laboribus,
942 3919 997 3971 in
1031 3918 1240 3989 vigiliis,
1287 3920 1343 3975 in
1378 3921 1623 3991 jejuniis,
1651 3925 1706 3978 in
1735 3925 1894 3986 casti-

316 4011 440 4065 tate,
462 4004 519 4057 in
547 4004 788 4072 scientia,
814 4006 870 4060 in
895 4006 1312 4078 longanimitate,
1337 4012 1392 4066 in
1414 4014 1691 4080 suavitate,
1714 4015 1767 4068 in
1779 4001 1896 4085 Spi—

317 4092 420 4144 ritu
441 4105 650 4160 sancto,
675 4096 732 4149 in
763 4096 1021 4150 charitate
1055 4114 1159 4154 non
1185 4100 1338 4168 ficta,
1357 4101 1415 4155 in
1446 4103 1602 4156 verbo
1635 4105 1887 4170 ueritatis,

314 4183 370 4236 in
403 4185 598 4239 virtute
626 4184 748 4252 Dei,
774 4202 867 4256 per
898 4204 1050 4242 arma
1073 4189 1320 4260 iustitia,
1349 4209 1382 4244 a
1403 4189 1602 4246 dextris
1627 4203 1675 4248 et
1703 4210 1735 4249 a
1761 4197 1893 4250 sini-

312 4277 437 4329 stris
469 4275 556 4346 (II
596 4274 719 4331 Cor.
745 4276 869 4351 vt),
907 4286 963 4334 et
1004 4287 1203 4336 caetera
1237 4281 1434 4336 similia
1487 4283 1630 4338 unde
1666 4291 1722 4338 et
1766 4292 1890 4354 apte

313 4367 564 4434 sequitur
589 4380 616 4420 :-

383 4456 518 4512 Hcc
546 4457 759 4529 loquere
792 4468 842 4515 et
883 4462 1181 4517 exhortare.
1223 4462 1303 4518 Ac
1350 4463 1396 4519 si
1425 4463 1631 4520 diceret
1659 4481 1678 4540 ε,
1700 4463 1893 4520 Omnis

1990 2026 2145 2083 puer.
2174 2009 2306 2076 Quis
2330 2016 2414 2064 est
2446 2009 2536 2063 ille
2560 2023 2713 2078 puer,
2747 2009 2850 2064 nisi
2878 2007 2968 2063 ille
2995 2010 3062 2064 de
3087 2023 3194 2080 quo
3218 2009 3420 2063 dictum
3449 2016 3567 2063 est:

1995 2096 2141 2158 Puer
2163 2113 2318 2157 natus
2341 2111 2417 2156 est
2442 2101 2610 2165 nobis,
2639 2100 2782 2169 ﬁlius
2807 2098 2963 2153 datus
2989 2108 3063 2153 est
3094 2099 3238 2152 nobis
3263 2097 3447 2170 (Isaiae
3467 2097 3572 2168 Ix)?

1996 2196 2194 2253 Factus
2234 2205 2312 2251 est
2337 2197 2474 2250 enim
2505 2193 2600 2249 sub
2631 2193 2758 2263 lege,
2787 2201 2842 2246 ut
2884 2209 2993 2258 eos,
3020 2193 3108 2263 qui
3141 2192 3236 2245 sub
3264 2191 3373 2263 lege
3399 2201 3568 2256 erant,

1993 2286 2325 2355 lucrifaceret
2351 2283 2494 2356 (Gal.
2521 2282 2618 2354 tv).
2641 2282 2806 2337 Vides
2850 2294 3064 2334 omnem
3093 2279 3227 2350 legis
3253 2280 3456 2335 veteris
3485 2293 3572 2335 se-

1993 2375 2131 2429 riem
2156 2373 2322 2428 fuisse
2343 2381 2527 2442 typum
2553 2368 2767 2424 futuras.
2792 2367 2909 2423 Non
2937 2368 3124 2438 utique
3152 2367 3354 2423 frustra
3377 2376 3573 2423 octava

1995 2464 2082 2520 die
2109 2462 2294 2533 jussus
2332 2468 2416 2516 est
2462 2459 2638 2515 infans
2682 2457 3027 2523 circumcidi,
3071 2457 3176 2512 nisi
3221 2457 3348 2526 quia
3395 2465 3571 2527 petra,

1994 2571 2101 2626 qua
2148 2551 2619 2616 circumeidimur,
2667 2549 2914 2604 Christus
2950 2555 3088 2602 erat.
3134 2547 3378 2603 Cultellis
3423 2548 3567 2602 enim

1993 2644 2224 2716 petrinis
2259 2641 2611 2697 circumcisus
2639 2647 2724 2695 est
2765 2638 3014 2710 pepulus,
3041 2646 3195 2707 petra
3225 2645 3405 2693 autem
3451 2645 3574 2693 erat

1995 2737 2260 2792 Christus.
2277 2733 2461 2801 Quare
2484 2740 2664 2786 autem
2689 2740 2882 2788 octavo
2900 2729 3023 2785 die?
3050 2730 3176 2799 quia
3206 2730 3264 2783 in
3287 2730 3575 2784 hebdomao

1996 2828 2153 2883 dibus
2179 2825 2320 2880 idem
2363 2825 2597 2894 primus,
2627 2824 2720 2891 qui
2755 2832 2809 2878 et
2833 2830 3078 2877 octavus.
3104 2820 3395 2891 Completis
3425 2822 3571 2874 enim

1995 2929 2203 2990 septem
2233 2919 2420 2973 diebus
2451 2915 2659 2970 reditur
2683 2915 2751 2968 ad
2786 2915 3043 2984 primum,
3074 2912 3260 2966 finitus
3287 2911 3571 2980 septimus,

1995 3014 2254 3070 Dominus
2279 3009 2541 3080 sepultus.
2576 3007 2800 3062 Reditus
2833 3005 2900 3059 ad
2928 3005 3166 3074 primum
3204 3003 3462 3058 Dominus
3487 3017 3573 3056 re.

1996 3106 2307 3167 suscitatus,
2335 3099 2550 3156 Domini
2586 3084 2914 3153 resurrectio
2941 3095 3192 3166 promisit
3223 3093 3375 3148 nobis
3414 3095 3575 3146 :eter-

1997 3209 2124 3251 num
2163 3195 2326 3255 diem,
2354 3204 2408 3247 et
2437 3190 2774 3246 consecravit
2821 3189 2975 3242 nobis
3019 3185 3358 3243 Dominicum
3405 3183 3570 3246 diem,

1994 3287 2087 3358 qui
2133 3291 2361 3340 vocatur
2415 3282 2756 3345 Dominieus,
2809 3279 2926 3348 ipse
2977 3278 3192 3332 videtur
3237 3274 3455 3346 proprie
3505 3271 3574 3326 ad

1995 3377 2278 3434 Dominum
2328 3372 2628 3446 pertinere,
2678 3370 2803 3440 quia
2841 3382 2906 3424 eo
2955 3367 3041 3423 die
3079 3366 3338 3421 Dominus
3381 3378 3568 3418 resur-

1991 3467 2154 3523 rexit.

2064 3557 2174 3629 (Ea:
2215 3554 2407 3626 Beda.)
2438 3552 2689 3623 Suscepit
2738 3550 2902 3622 igitur
2941 3546 3413 3603 circumcisionem
3453 3542 3571 3614 lege

1993 3649 2268 3704 decretam
2309 3645 2363 3700 in
2394 3657 2576 3708 carne,
2605 3641 2696 3712 qui
2742 3641 2948 3710 absque
2987 3637 3136 3693 omni
3180 3649 3406 3706 prorsus
3449 3633 3572 3688 labe

1990 3737 2300 3811 pollutionis
2328 3735 2577 3806 apparuit
2603 3734 2659 3788 in
2686 3746 2871 3796 carne,
2906 3737 2962 3786 et
2999 3727 3093 3800 qui
3137 3742 3192 3782 tn
3220 3724 3572 3781 similitudine

1991 3831 2171 3889 carnis
2202 3830 2432 3901 peccati,
2457 3841 2564 3882 non
2597 3833 2776 3880 autem
2806 3825 2862 3879 in
2892 3837 3056 3880 carne
3083 3819 3293 3892 peccati
3329 3817 3569 3882 advenit,

1992 3924 2288 3982 remedium
2333 3937 2440 3994 quo
2463 3935 2590 3977 caro
2632 3918 2844 3992 peccati
2890 3919 3246 3972 consueverat
3278 3909 3566 3974 mandari,

1991 4033 2098 4074 non
2126 4018 2353 4089 respuit,
2378 4016 2515 4071 sicut
2537 4013 2701 4068 etiam
2720 4011 2863 4065 unda
2891 4007 3256 4078 baptismatis,
3282 4019 3388 4074 qua
3414 4015 3570 4056 novre

1993 4110 2180 4181 gratia:
2225 4106 2451 4179 populos
2492 4119 2524 4158 a
2572 4110 2923 4173 peccatorum
2959 4098 3121 4154 sorde
3161 4094 3334 4149 lavari
3377 4091 3566 4146 voluit.

1988 4200 2108 4269 ipse
2132 4213 2236 4253 non
2263 4194 2619 4258 necessitatis,
2645 4191 2740 4247 sed
2764 4187 2993 4257 exempli
3019 4200 3179 4241 causa
3205 4183 3398 4248 subiit;
3426 4182 3570 4236 seire

1990 4291 2190 4345 etenim
2233 4287 2393 4342 debet
2433 4290 2613 4337 vestra
2647 4277 2994 4341 fraternitas,
3027 4275 3154 4346 quia
3187 4273 3330 4328 idem
3373 4269 3566 4327 saluti-

1990 4377 2118 4432 ferae
2143 4373 2435 4430 curationis
2461 4369 2716 4426 auxilium
2746 4365 3082 4422 circumcisis
3112 4365 3166 4420 in
3210 4363 3346 4432 lege,
3377 4369 3567 4418 contra

1990 4467 2268 4539 originalis
2305 4461 2514 4535 peccati
2538 4459 2731 4515 vulnus
2759 4457 2970 4528 agebat,
3000 4457 3144 4528 quod
3175 4469 3320 4510 nunc
3357 4453 3568 4525 baptis-

314 4555 438 4604 tuus
481 4565 694 4635 sermo,
738 4551 795 4607 iu
839 4553 944 4610 hac
989 4556 1369 4612 exhortatione
1419 4557 1679 4612 consistat
1725 4566 1889 4629 atque
1913 4579 1966 4640 D
1992 4576 2112 4616 mus
2140 4572 2300 4630 agere
2328 4554 2578 4611 revelata:
2618 4551 2807 4624 gratiae
2832 4558 3085 4640 tempore
3126 4546 3426 4640 consuevit.
3458 4545 3568 4601 Ex-

311 4631 647 4708 perseveret.

714 4793 1050 4834 EVANGELIUI
1086 4794 1257 4846 ιυωε,
1288 4793 1406 4835 CAP.
1437 4793 1473 4833 ll

386 4926 408 4959 ι
444 4910 743 4981 Postquam
785 4913 1144 4968 consummati
1191 4920 1320 4968 sunt
1361 4912 1479 4967 dies
1521 4918 1646 4968 octo
1684 4919 1746 4967 ut
1782 4910 1890 4967 cir-

311 5018 336 5053 s
371 5003 776 5059 eumcideretur
793 5019 952 5075 puer,
968 5014 1221 5061 vocatum
1243 5013 1330 5060 est
1353 5021 1549 5061 nomen
1569 5003 1688 5074 ejus
1707 5005 1886 5071 Jesus,

313 5109 336 5143 α
376 5093 524 5162 quod
557 5101 809 5151 vocatum
855 5104 938 5150 est
966 5096 1037 5151 sb
1080 5095 1272 5167 angelo
1297 5095 1612 5166 priusquam
1642 5098 1697 5152 in
1731 5105 1888 5154 utero

313 5203 335 5235 ι
373 5186 772 5256 condperetur.
801 5187 871 5242 Et
894 5195 1179 5258 postquam
1220 5189 1425 5258 impleti
1455 5198 1582 5244 sunt
1621 5190 1737 5245 dies
1762 5205 1891 5260 pur-

313 5293 335 5325 ι
376 5275 614 5344 gatioais
631 5275 814 5332 Marias
831 5279 1125 5335 secundum
1146 5278 1319 5347 legem
1335 5278 1527 5350 Moysi,
1550 5279 1790 5334 tulerunt
1807 5276 1892 5335 Je-

313 5381 335 5414 s
373 5378 500 5418 sum
519 5364 576 5418 in
597 5363 955 5432 Hierusalem,
973 5376 1036 5421 ut
1053 5369 1308 5423 sisterent
1326 5383 1451 5422 eum
1475 5368 1722 5433 Domino,
1745 5369 1887 5423 sicut

311 5471 333 5503 ι
375 5454 640 5524 scriptum
659 5465 748 5510 est
767 5456 822 5511 in
845 5456 968 5525 lege
991 5457 1236 5512 Domini:
1255 5459 1389 5526 Quia
1407 5473 1566 5514 omne
1587 5457 1884 5513 masculum

307 5562 332 5595 s
371 5545 699 5612 adaperiens
731 5547 978 5613 vulvam,
1007 5559 1254 5604 sanctum
1299 5549 1528 5605 Domino
1567 5547 1883 5603 vocabitur:

310 5655 334 5685 s
373 5636 443 5689 Et
490 5647 547 5692 ut
585 5638 781 5694 darent
823 5640 1062 5696 hostiam
1086 5641 1379 5696 secundum
1407 5641 1550 5711 quod
1577 5641 1777 5696 dictum
1803 5648 1888 5694 est

307 5750 330 5781 ς
376 5730 429 5784 in
461 5730 582 5800 lege
616 5733 851 5799 Domini,
879 5747 978 5804 par
1001 5743 1288 5798 turturum,
1318 5743 1412 5788 aut
1437 5733 1569 5788 duos
1595 5732 1769 5803 pullos
1793 5746 1886 5788 co-

314 5842 333 5866 ι
375 5823 704 5882 inn-barum.
735 5826 802 5881 Et
825 5841 954 5883 ecce
991 5830 1150 5884 homo
1174 5836 1291 5883 erat
1323 5828 1377 5882 in
1409 5827 1764 5892 Hierusalem,
1798 5826 1883 5881 cui

1991 4660 2148 4722 cepto
2174 4649 2314 4720 quod
2356 4645 2504 4718 regni
2545 4643 2782 4700 celestis
2822 4639 3045 4709 ianuam
3091 4640 3318 4696 necdum
3362 4639 3568 4695 intrare

1952 4728 1962 4738 ’
1989 4748 2260 4813 poterant,
2291 4738 2461 4794 donec
2494 4734 2784 4790 adveniens
2810 4729 3242 4787 benedictionem
3273 4728 3429 4783 daret
3469 4727 3564 4798 qui

1992 4833 2162 4901 legem
2196 4826 2360 4892 dedit,
2387 4831 2449 4879 ut
2475 4823 2645 4878 videri
2689 4828 2873 4892 posset
2897 4820 3041 4873 Deus
3064 4818 3287 4872 deorum
3317 4817 3370 4870 in
3406 4815 3563 4872 Sion.

1989 4921 2220 4977 Tantum
2248 4917 2303 4971 in
2331 4915 2454 4970 sinu
2483 4912 2734 4976 Abrahae,
2763 4918 2882 4978 post
2909 4915 3161 4972 mortem,
3187 4907 3342 4962 beata
3380 4905 3567 4974 requie

1989 5007 2271 5072 consolati,
2294 5016 2542 5075 supernae
2563 4999 2714 5072 pacis
2755 4999 3080 5069 ingressum,
3109 5011 3206 5067 spe
3232 4995 3435 5059 felices,
3466 5009 3562 5049 ex-

1986 5097 2318 5170 spectabant.
2363 5093 2466 5160 Qui
2518 5092 2663 5146 enim
2693 5103 2837 5144 nunc
2877 5101 2975 5157 per
3011 5084 3358 5155 Evangelium
3405 5099 3563 5139 suum

1988 5189 2302 5246 terribiliter
2329 5201 2394 5242 ac
2435 5183 2726 5240 salubriter
2750 5180 2948 5235 clamat
2983 5195 2997 5231 :
3031 5176 3151 5231 Nisi
3192 5178 3310 5248 quis
3351 5187 3565 5231 renatus

1987 5280 2144 5348 fuerit
2174 5293 2240 5331 ea:
2267 5291 2406 5345 aqua
2431 5283 2478 5328 et
2511 5270 2710 5342 Spiritu
2751 5277 2952 5332 sancto,
2982 5283 3088 5320 non
3132 5274 3298 5336 potest
3344 5266 3564 5320 introire

1991 5367 2048 5420 in
2077 5380 2294 5435 regnum
2321 5363 2419 5417 Dei
2447 5361 2629 5432 (Joan.
2657 5357 2765 5429 ιιι),
2797 5357 2913 5427 ipse
2945 5365 3056 5410 tum
3088 5369 3184 5426 per
3208 5355 3384 5426 legem
3408 5369 3559 5410 suam
3661 5383 3668 5391 -

1992 5457 2299 5512 clamabat:
2340 5451 2611 5506 Masculus
2639 5451 2793 5521 cujus
2821 5453 3064 5523 prteputii
3103 5467 3227 5505 caro
3254 5450 3562 5505 circumcisa

1992 5565 2096 5603 non
2128 5547 2309 5618 fuerit,
2335 5544 2522 5615 peribit
2548 5545 2726 5597 anima
2749 5541 2845 5596 illa
2871 5543 2936 5596 de
2960 5542 3151 5613 populo
3175 5558 3291 5604 suo,
3318 5540 3442 5610 quia
3468 5555 3566 5608 pa-

1991 5650 2131 5696 ctum
2170 5654 2341 5693 meum
2367 5637 2576 5690 irritum
2609 5635 2729 5704 fecit
2763 5635 2959 5707 (Exod.
2995 5649 3124 5696 xm;
3158 5631 3319 5684 Lavit.
3342 5629 3476 5701 xu),
3507 5630 3566 5689 id.

1990 5739 2093 5795 est,
2136 5729 2261 5801 quia
2291 5734 2505 5799 pactum
2531 5725 2676 5792 vitae,
2709 5724 2761 5780 in
2790 5723 3042 5795 paradiso
3074 5719 3383 5776 hominibus
3415 5735 3446 5774 a
3475 5733 3565 5776 me

1993 5824 2196 5889 datum,
2223 5821 2392 5876 Adam
2409 5817 3227 5892 prmvaricanteuransgrcssum
3240 5821 3352 5884 est,
3377 5813 3432 5870 in
3453 5825 3564 5888 quo
