3998 6198
399 408 470 467 59
1696 403 1978 460 SMARAG
1987 403 2052 460 Dl
2090 402 2379 462 ABBA'l‘lS
3601 408 3671 464 60

401 540 598 582 omnes
633 529 1022 596 peccaverunt,
1048 521 1249 592 peribit
1285 519 1351 576 de
1380 527 1524 576 coetu
1560 527 1871 576 sanctorum
1891 560 1907 588 ,
1933 519 1982 574 si
2007 519 2060 580 A
2082 531 2190 576 tur.
2215 521 2370 589 Quod
2399 523 2554 590 dicit,
2581 521 2746 580 Omne
2775 526 3069 584 masculum
3094 526 3402 596 adaperiam
3443 524 3668 602 solemn,

401 631 516 674 non
540 615 593 671 ei
618 613 784 670 fuerit
811 613 1051 668 remedio
1077 611 1303 666 salutari
1331 611 1673 667 subventum.

489 707 739 763 Vocatum
768 717 845 762 est
875 720 1063 758 nomen
1107 703 1245 774 ejus,
1275 701 1459 768 Iesus,
1498 710 1608 759 etc.
1645 702 1751 774 (Ex
1795 699 1987 770 Beda.)

405 799 466 852 ιιι
508 801 634 864 hoc,
675 796 818 868 quod
863 796 919 850 in
948 794 1037 849 die
1065 794 1494 850 circumcisionis
1534 808 1650 848 suae
1693 807 1892 848 nomen
1931 800 1993 846 ut

408 890 566 946 Jesus
600 897 908 953 vocaretur,
937 889 1166 956 accepit,
1195 887 1264 942 ad
1303 886 1658 942 imitationem
1683 885 1987 956 priscorum

409 979 558 1045 fecit,
593 980 733 1034 sicut
755 978 1027 1031 Abraham
1051 975 1384 1045 patriarcha,
1407 974 1498 1043 qui
1528 974 1736 1043 primus
1761 973 1992 1027 circum-

411 1070 633 1126 eisionis
673 1074 1074 1124 sacramentum
1119 1074 1174 1122 et
1210 1065 1587 1136 promissionis
1619 1063 1992 1120 testimonium

412 1159 640 1227 accepit,
664 1167 721 1212 et
748 1157 938 1213 eodem
959 1158 1045 1213 die
1071 1156 1543 1225 ampliﬁcationem
1571 1154 1806 1210 nominis
1833 1151 1992 1208 simul

412 1266 535 1306 cum
576 1266 674 1306 sua
701 1251 931 1321 conjuge
959 1250 1278 1320 promeruit,
1303 1254 1366 1302 ut
1391 1248 1482 1316 qui
1509 1257 1734 1301 eatenus
1766 1245 1990 1310 Abram,

413 1340 468 1396 id
491 1348 592 1402 est,
621 1349 777 1410 pater
801 1341 1071 1406 excelsus,
1095 1340 1288 1394 deinde
1313 1338 1612 1403 Abraham,
1641 1337 1692 1392 id
1714 1345 1818 1403 est,
1841 1343 1995 1407 pater

411 1432 703 1486 multarum
730 1432 970 1500 gentium
999 1439 1302 1485 vocan-tur.

482 1524 593 1590 (Es
639 1522 884 1594 Hieron.)
931 1522 1117 1580 Sedet
1144 1523 1301 1578 Sarai
1331 1539 1467 1579 uxor
1512 1531 1634 1587 tua,
1680 1521 1855 1592 inquit
1883 1521 1993 1576 Do,-

417 1614 599 1669 minus
631 1615 702 1668 ad
731 1613 1026 1678 Abraham,
1060 1629 1165 1668 non
1201 1613 1482 1670 vocabitur
1510 1613 1686 1678 Sarai,
1713 1614 1805 1668 sed
1835 1611 1991 1672 Sara.

413 1703 612 1757 Errant
641 1704 731 1773 qui
758 1711 950 1773 putant
974 1703 1208 1772 primum
1242 1702 1432 1758 Saram
1459 1719 1556 1772 per
1582 1719 1746 1758 unum
1769 1702 1820 1758 R
1855 1702 1993 1758 seri.-

410 1802 564 1862 ptum
610 1794 884 1860 fuisse,et
925 1803 1116 1864 postea
1163 1794 1391 1849 alterum
1433 1794 1482 1848 Β
1524 1794 1796 1858 additum,
1833 1791 1990 1848 Sarai

2091 620 2148 668 et
2173 613 2408 669 hominis
2431 622 2486 669 et
2508 615 2720 688 pecoris
2751 616 3172 688 primogenitum
3205 613 3672 685 signiticet,quod

2089 710 2377 774 utrumque
2416 716 2665 760 sanctum
2692 706 2918 764 Domino
2959 709 3163 773 vocari,
3210 718 3375 778 atque
3415 708 3542 764 ideo
3579 724 3670 764 sa-

2090 793 2326 850 cerdotis
2361 810 2497 857 esse,
2526 805 2852 866 pra-ceptum
2894 807 3000 854 est.
3029 798 3106 852 Ita
3151 797 3444 860 duntaxat,
3487 805 3552 850 ut
3575 813 3674 867 pro

2089 881 2326 938 hominis
2369 885 2734 954 primogenita
2780 885 3018 954 pretium
3060 885 3361 954 acciperet.
3410 891 3467 940 et
3511 899 3676 941 omne

2090 972 2289 1026 animal
2341 975 2677 1030 immundum
2729 977 2921 1032 redimi
2969 974 3207 1041 faceret,
3250 973 3423 1043 cujus,
3469 975 3672 1044 inquit,

2092 1063 2391 1134 redemptio
2430 1065 2536 1120 erit
2565 1075 2690 1135 post
2732 1082 2899 1120 unum
2949 1081 3221 1132 mensem,
3267 1065 3418 1121 siclis
3466 1067 3676 1136 argenti

2093 1155 2359 1230 quinque;
2401 1156 2492 1210 ubi
2521 1157 2671 1214 salvo
2701 1158 2983 1214 subtiliore
3017 1167 3252 1214 tractatu
3279 1159 3523 1213 breviter
3547 1158 3678 1214 inti-

2093 1245 2370 1311 mandum,
2414 1247 2561 1318 quod
2607 1247 2696 1304 illa
2738 1249 2922 1303 omnia
2963 1249 3342 1320 primogenita,
3386 1248 3472 1304 vel
3505 1248 3680 1320 ﬁgura

2092 1333 2294 1390 fuerint
2341 1337 2474 1406 ejus,
2524 1339 2616 1408 qui
2664 1355 2787 1394 cum
2834 1341 3144 1410 unigenitus
3178 1350 3324 1402 esset
3368 1342 3464 1397 Dei
3501 1341 3675 1404 Filius

2092 1417 2481 1500 primogenitus
2525 1430 2642 1486 ﬁeri
2684 1431 2933 1501 dignatus
2973 1440 3059 1488 est
3099 1433 3277 1488 omnis
3305 1441 3592 1499 creatum,
3621 1443 3681 1489 et

2092 1532 2222 1573 vene
2249 1525 2302 1572 et
2335 1520 2681 1590 singulariter
2703 1531 2922 1578 sanctus
2961 1522 3207 1588 Domino,
3235 1524 3366 1592 quia
3395 1533 3680 1593 peccatum

2093 1624 2201 1676 non
2244 1608 2406 1676 fecit,
2451 1626 2554 1666 nec
2580 1611 2838 1666 inventus
2879 1619 2962 1668 est
2989 1613 3146 1669 colus
3191 1613 3245 1668 in
3269 1629 3368 1669 ore
3408 1612 3546 1683 ejus,
3592 1616 3682 1674 vel

2094 1708 2241 1754 certe
2282 1711 2482 1756 nostrae
2519 1701 2684 1758 fuerit
2727 1705 3031 1764 devoLionis
3062 1707 3346 1772 indicium,
3372 1708 3470 1777 qui
3503 1709 3683 1766 )muia

2093 1788 2248 1846 boote
2271 1793 2498 1850 actionis
2529 1793 2702 1859 initia,
2729 1811 2850 1865 quae
2875 1798 3030 1866 quasi
3053 1797 3221 1854 corde
3247 1797 3540 1869 gignimus,
3573 1798 3683 1854 Do.

410 1857 646 1953 primum
671 1857 860 1940 voca-ta
891 1857 978 1940 est
1007 1901 1107 1954 per
1135 1893 1154 1932 7
1178 1899 1218 1942 ’π
1245 1895 1316 1944 ω.
1348 1884 1571 1940 Sublato
1595 1900 1724 1954 ergo
1747 1857 1788 1948 θ,
1818 1883 1870 1938 id
1902 1891 1990 1938 est
2019 1857 2066 1916 Β
2096 1881 2225 1934 mini
2253 1883 2442 1952 gratiae
2471 1857 2764 1953 deputare;
2796 1857 2940 1942 male
2982 1896 3166 1946 autem
3213 1857 3366 1958 gesta
3415 1889 3686 1948 redimere

411 1974 431 2027 i
454 1975 740 2040 elemento,
763 1975 947 2029 addita
972 1984 1058 2029 est
1082 1987 1121 2034 rt
1147 1975 1346 2039 littera,
1377 1990 1497 2045 quae
1524 1989 1622 2044 per
1640 1973 1686 2030 Α
1708 1975 1924 2042 legitur,
1939 1983 1994 2030 et

411 2077 602 2122 vocata
639 2075 723 2122 est
754 2076 918 2132 ante,
965 2067 1157 2122 Saraa.
1189 2067 1364 2123 Causa
1411 2074 1597 2122 autem
1645 2066 1721 2120 ita
1759 2067 1994 2124 nominis

413 2157 716 2223 immutati,
749 2157 864 2212 inme
904 2165 1009 2224 est,
1041 2157 1184 2228 quod
1227 2165 1388 2211 antea
1431 2156 1714 2212 dicebatur
1754 2156 1994 2225 princeps

412 2262 560 2313 utea,
607 2248 766 2302 unius
791 2247 998 2303 scilicet
1030 2248 1402 2303 tantummodo
1430 2247 1622 2301 domus
1663 2243 1995 2298 materfami-

413 2335 535 2403 tias,
559 2346 746 2407 postea
765 2352 895 2394 vero
921 2338 1118 2394 dicitur
1139 2336 1386 2392 absolute
1407 2336 1670 2407 princeps,
1694 2335 1748 2390 id
1775 2341 1878 2399 est,
1901 2331 1996 2408 ἄρ·

417 2449 616 2500 χωσα.

485 2519 556 2572 Et
585 2529 863 2591 postquam
901 2519 1097 2590 intpleti
1121 2529 1240 2574 sunt
1264 2519 1375 2574 dies
1400 2519 1725 2590 purgationis
1750 2518 1888 2587 ejus,
1916 2533 1998 2570 se-

415 2609 644 2664 cundum
677 2609 838 2680 legem
872 2610 1042 2681 Moysi
1071 2611 1300 2665 tulerunt
1345 2609 1495 2664 illum
1538 2611 1594 2664 in
1636 2607 1993 2672 Hierusalem,

415 2708 473 2753 ut
498 2701 739 2755 sisterent
768 2701 917 2755 illum
945 2701 1186 2755 Domino.
1213 2701 1316 2772 (Es
1345 2699 1531 2772 Deda.)
1562 2700 1850 2756 Decretum
1878 2699 1999 2769 qui-

415 2788 540 2844 dem
590 2790 726 2861 legis
769 2802 888 2846 erat
913 2791 1200 2861 parvulum
1226 2798 1352 2861 post
1398 2790 1732 2845 tricesimum
1776 2790 1998 2845 tertium

417 2879 847 2936 circumcisionis
869 2881 1010 2936 diem
1031 2882 1102 2936 ad
1125 2881 1386 2952 templum
1411 2881 1625 2936 Domini
1654 2879 1876 2946 deferri,
1905 2881 1996 2935 da-

419 2969 574 3039 rique
599 2969 832 3026 hostiam
865 2986 964 3042 pro
991 2986 1055 3027 eo
1078 2986 1093 3025 :
1125 2971 1545 3042 primogenitum
1575 2979 1754 3026 autem
1780 2987 1998 3026 mascu—

417 3057 530 3114 lum
559 3067 808 3115 sanctum
853 3059 1080 3114 Domino
1110 3060 1225 3116 ﬁeri
1244 3101 1262 3125 ,
1296 3061 1544 3131 mystice,
1573 3060 1715 3115 sicut
1742 3060 1998 3126 diximus,

417 3149 720 3217 insinuans,
751 3151 1020 3206 neminem
1064 3152 1170 3208 nisi
1197 3153 1579 3210 circumcisum
1612 3154 1781 3220 vitiis,
1814 3155 1999 3210 Domi-

418 3239 558 3293 nicis
615 3238 834 3308 dignum
889 3254 1011 3296 esse
1060 3243 1476 3311 conspectibus;
1531 3244 1805 3300 neminem
1824 3285 1840 3310 ,
1892 3245 1997 3302 nisi

418 3329 764 3386 mortalitatis
809 3330 1036 3388 nexibus
1077 3332 1416 3399 absolutum,
1463 3349 1711 3404 supernae
1752 3335 1992 3390 civitatis

421 3419 617 3492 gaudia
644 3419 882 3490 perfecte
910 3437 1068 3493 posse
1097 3423 1298 3480 subire.
1329 3426 1527 3481 Verum
1558 3427 1605 3482 si
1650 3427 1786 3499 legis
1829 3427 2000 3499 ipsius

419 3508 586 3566 verba
618 3509 934 3581 diligentius
967 3513 1288 3583 inspexeris,
1311 3513 1554 3585 profecto
1583 3517 1846 3588 reperies,
1871 3519 2000 3588 quia

419 3619 532 3660 non
558 3604 730 3660 solum
759 3606 1020 3662 Dominus
1045 3607 1380 3676 incarnatus,
1421 3617 1684 3678 quantum
1725 3625 1757 3665 a
1791 3610 2000 3681 peccati

419 3697 765 3768 contagione,
805 3706 1017 3752 tantum
1047 3714 1079 3754 a
1118 3700 1426 3756 conditione
1451 3702 1587 3772 legis
1631 3701 1795 3759 fuerit
1840 3704 1998 3771 liber,

420 3800 588 3856 quam
630 3786 700 3841 ob
728 3786 831 3842 hoc
851 3788 1030 3857 imagis
1055 3789 1332 3859 suscipere
1360 3790 1612 3863 dignatus
1638 3799 1752 3858 est,
1796 3801 1858 3848 ut
1880 3808 2001 3849 eam

423 3887 702 3946 sanctam,
743 3878 981 3948 justam,
1017 3896 1083 3936 ac
1110 3882 1307 3936 l‘onam
1337 3896 1458 3938 esse
1485 3885 1775 3954 probaret,
1803 3895 1860 3940 et
1902 3901 2002 3942 nos

423 3970 494 4025 ab
538 3969 656 4043 ejus
699 3971 960 4027 servitute
998 3987 1066 4028 ac
1097 3981 1298 4028 timore
1332 3971 1456 4030 fidei
1497 3975 1670 4047 gratia
1713 3976 2002 4044 liberaret,

423 4061 522 4118 sed
544 4062 708 4118 etiam
731 4062 848 4132 ipsa
874 4063 972 4118 Dei
998 4063 1258 4135 genitrix,
1287 4064 1428 4119 sicut
1457 4066 1526 4120 ab
1551 4066 1884 4122 admixtione
1925 4068 2006 4122 vi-

425 4152 538 4220 rili,
561 4153 640 4208 sic
662 4161 718 4208 et
737 4168 769 4207 a
798 4152 955 4224 legali
979 4155 1051 4208 sit
1068 4152 1191 4222 jure
1214 4154 1491 4210 immunis.
1517 4155 1662 4210 Dicit
1687 4155 1834 4211 enim
1859 4155 2006 4228 Moy-

424 4255 513 4306 ses
542 4258 557 4298 :
597 4241 794 4297 Mulier
825 4244 870 4296 si
897 4251 1134 4314 suscepto
1175 4245 1373 4299 semine
1399 4246 1650 4315 pepererit
1688 4246 2004 4314 masculum,

425 4333 702 4391 immunda
723 4335 825 4388 erit
867 4344 1060 4405 septem
1093 4335 1300 4402 diebus,
1325 4337 1485 4406 juxta
1509 4337 1622 4393 dies
1661 4339 2007 4409 separationis

428 4435 732 4490 menstruae,
751 4437 802 4479 et
820 4427 906 4480 die
925 4435 1102 4481 octauo
1122 4429 1527 4482 circumcidetur
1548 4428 1864 4498 infantulus.
1881 4428 2008 4500 Ipsa

427 4529 546 4566 vero
592 4513 810 4582 triginta
850 4515 1016 4568 tribus
1060 4514 1240 4569 diebus
1281 4517 1505 4570 manebit
1539 4519 1596 4571 in
1635 4519 1889 4588 sanguine
1910 4535 2008 4588 pu-

429 4603 740 4672 riﬁcationis
783 4620 894 4659 sua:
937 4602 1124 4675 (Leuit.
1172 4603 1305 4676 xu).
1352 4605 1487 4660 Nota
1534 4620 1686 4676 ergo,
1716 4607 1860 4676 quod
1895 4623 2000 4663 non

428 4692 606 4751 omnis
634 4692 828 4747 mulier
855 4693 1094 4763 pariens,
1123 4692 1217 4747 sed
1242 4708 1306 4748 ea
1348 4708 1468 4761 qum
1513 4705 1764 4764 suscepto
1799 4697 2006 4753 semina

429 4784 734 4856 pepererit,
766 4785 1078 4855 designatur
1125 4784 1436 4850 immunda,
1475 4784 1694 4855 rituque
1727 4786 1861 4858 legis
1909 4789 2006 4843 do.

405 4871 586 4932 'cetur
637 4891 760 4932 esse
821 4877 1156 4942 mundanda,
1200 4877 1268 4932 ad
1311 4877 1713 4934 distinctionem
1755 4880 2006 4936 videlicet

433 4967 601 5034 illius,
641 4982 761 5038 qua:
789 4968 939 5037 virgo
966 4968 1240 5036 concepit,
1277 4977 1333 5024 et
1359 4969 1569 5038 peperit
1596 4967 1783 5024 tilium.
1817 4971 1886 5024 Et
1910 4986 2006 5026 vo-

433 5061 578 5116 cavit
619 5074 813 5116 nomen
843 5059 961 5128 ejus
1008 5043 1240 5125 5uum,
1275 5061 1419 5129 quod
1459 5068 1544 5115 est
1591 5061 2006 5132 interpretatum

434 5150 714 5208 nobiscum
759 5151 921 5206 Deus.
967 5149 1085 5204 Non
1119 5166 1248 5220 ergo
1304 5151 1446 5208 filius
1479 5153 1571 5221 qui
1615 5168 1741 5208 cum
1787 5154 2007 5210 homine

433 5244 579 5302 Deus
599 5252 706 5311 est,
747 5259 856 5298 non
884 5251 1075 5308 mater,
1117 5258 1238 5314 quae
1282 5241 1486 5313 Spiritu
1524 5257 1720 5300 sancto
1747 5253 2007 5315 operante

432 5337 664 5410 peperit,
704 5336 939 5392 victimis
979 5337 1302 5402 hostiarum,
1327 5337 1524 5406 quibus
1551 5347 1891 5409 purgaretnr,
1923 5339 2006 5394 in-

436 5427 670 5500 digebat,
696 5426 790 5481 sed
819 5435 882 5480 ut
911 5439 1008 5480 nos
1030 5441 1061 5480 a
1090 5425 1224 5496 legis
1248 5425 1463 5481 vinculo
1489 5427 1841 5493 solveremur,
1867 5429 2008 5484 sicut

436 5518 698 5572 Dommus
724 5513 992 5578 Christus,
1017 5513 1092 5569 ita
1117 5521 1176 5568 et
1211 5514 1370 5570 beata
1413 5530 1629 5586 semper
1655 5516 1806 5588 virgo
1842 5517 2008 5573 Maria

437 5606 544 5676 legi
565 5616 652 5662 est
679 5613 870 5676 sponte
896 5605 1157 5676 subjecta.

509 5696 658 5751 Sicut
679 5698 929 5767 seri;er
955 5705 1030 5752 cst
1049 5697 1110 5752 in
1133 5694 1243 5766 lege
1272 5695 1524 5753 Domini:
1555 5697 1695 5764 Quia
1720 5715 1870 5754 omne
1895 5717 2009 5754 ma-

439 5787 972 5861 sculumadaperiens
1006 5788 1229 5856 vulvam,
1267 5797 1504 5845 sanctum
1543 5789 1766 5846 Domino
1803 5791 2008 5846 vocabi-

2092 1969 2408 2038 dcbeamus,
2436 1973 2626 2043 dignos
2651 1975 2909 2032 videlicet
2956 1977 3289 2046 poenitentiae
3319 1975 3545 2042 fructus,
3581 1993 3685 2047 pro

2091 2057 2318 2128 singulis
2345 2061 2586 2132 quinque
2629 2066 2876 2134 corporis
2920 2066 3004 2120 vel
3045 2067 3242 2122 animm
3275 2068 3526 2124 sensibus
3552 2067 3686 2124 olle-

2093 2157 2292 2203 rentes.
2325 2149 2512 2218 Itaque
2542 2155 2686 2222 quod
2730 2156 2806 2210 ait
2849 2173 2863 2210 :
2898 2155 3222 2226 Adaperiens
3267 2155 3506 2222 vulvam,
3547 2172 3686 2212 con-

2093 2246 2261 2293 suetae
2287 2240 2585 2298 nativitatis
2617 2259 2765 2300 more
2793 2245 3050 2316 loquitur,
3084 2263 3194 2303 non
3233 2248 3376 2316 quod
3410 2247 3676 2304 Dominus

2093 2335 2278 2384 noster
2303 2330 2447 2384 Sacri
2471 2333 2677 2388 ventris
2705 2334 3016 2404 hOSpitium,
3045 2337 3188 2407 quod
3219 2338 3497 2408 ingressus
3551 2353 3684 2394 sati-

2093 2418 2373 2484 ctiﬁcarit,
2400 2435 2650 2491 egressus
2683 2424 3048 2495 devirgiuasse
3077 2428 3380 2485 credendus
3407 2428 3500 2491 sit,
3527 2427 3686 2497 juxta

2096 2509 2401 2574 haereticos,
2431 2513 2523 2580 qui
2567 2512 2755 2568 dicunt
2779 2515 2994 2568 beatam
3044 2514 3269 2576 Mariam
3297 2517 3561 2585 virginem
3589 2532 3687 2572 us-

2095 2615 2201 2669 que
2227 2601 2294 2656 ad
2317 2611 2550 2671 partum,
2577 2619 2684 2657 non
2713 2603 2978 2674 virginem
3014 2619 3138 2659 esse
3164 2614 3288 2675 post
3321 2615 3560 2676 partum,
3587 2608 3689 2662 sed

2089 2689 2247 2763 juxta
2283 2691 2445 2746 [idem
2480 2693 2828 2760 catholicam,
2856 2694 3042 2750 clauso
3076 2695 3303 2765 virginis
3331 2702 3505 2760 utero,
3531 2697 3691 2763 quasi

2098 2796 2328 2852 sponsus
2371 2797 2471 2837 suo
2521 2785 2788 2852 processit
2827 2784 2894 2840 de
2935 2786 3194 2852 thalamo,
3233 2787 3301 2844 de
3325 2802 3435 2856 quo
3465 2788 3691 2856 pulchre

2099 2870 2372 2944 Propheta
2407 2892 2421 2928 :
2461 2873 2531 2928 Et
2577 2877 2824 2930 conuertit
2867 2893 2970 2942 me,
3013 2877 3208 2946 inquit,
3241 2878 3312 2932 ad
3355 2879 3491 2932 aiam
3521 2889 3691 2949 porta:

2100 2965 2394 3017 sanctuarii
2421 2965 2716 3031 exterioris,
2741 2983 2857 3037 qum
2887 2967 3190 3038 respiciebat
3221 2969 3290 3022 ad
3319 2969 3574 3024 orientem
3592 3010 3614 3036 ,
3639 2980 3692 3028 et

2055 3085 2057 3087 ι
2101 3063 2213 3108 erat
2261 3054 2476 3120 clausa,
2505 3065 2555 3110 et
2601 3056 2736 3110 dixit
2767 3056 3024 3112 Dominus
3061 3058 3132 3112 ad
3176 3075 3258 3113 me
3297 3073 3316 3111 :
3359 3056 3530 3114 Porta
3575 3061 3691 3116 Itan:
3752 3040 3758 3045 l

2103 3145 2287 3202 clausa
2333 3148 2454 3213 erit,
2485 3163 2590 3202 non
2623 3149 2909 3218 aperietur,
2956 3159 3005 3203 et
3048 3149 3126 3204 vir
3168 3167 3275 3204 non
3318 3159 3553 3206 transeat
3595 3168 3694 3222 per

2101 3254 2237 3293 eam.
2269 3237 2531 3304 Quoniam
2553 3237 2812 3307 Dominus
2840 3239 2978 3295 Deus
2999 3239 3169 3296 Israel
3199 3242 3463 3311 ingressus
3485 3251 3564 3296 est
3592 3259 3692 3312 per

2099 3344 2250 3394 eam,
2295 3330 2492 3400 eritque
2539 3329 2756 3395 clausa;
2785 3331 3084 3402 principum
3127 3332 3366 3403 princeps
3405 3333 3462 3387 in
3487 3348 3554 3388 ea
3599 3349 3689 3388 se-

2097 3417 2272 3486 debit,
2309 3429 2365 3474 ut
2412 3420 2648 3475 comedat
2693 3437 2882 3490 panem
2923 3437 3106 3476 coram
3163 3421 3388 3480 Domino
3453 3422 3687 3495 (Ezech.

2100 3509 2269 3580 xuv).
2314 3508 2574 3576 Quamvis
2623 3511 2797 3580 possit
2854 3512 3022 3568 etiam
3079 3513 3309 3583 mystice
3371 3513 3682 3584 designari,

2100 3601 2310 3657 nullum
2347 3609 2549 3672 printer
2586 3602 2874 3672 Dominum
2920 3602 3178 3660 Ecclesia:
3217 3603 3446 3676 virginis
3472 3615 3692 3662 uterum

2101 3706 2199 3764 per
2243 3678 2441 3760 aquam
2478 3699 2533 3748 et
2577 3691 2840 3763 Spiritum
2885 3700 3135 3748 sanctum
3179 3694 3248 3748 ad
3290 3695 3692 3765 regenerandcs

2102 3782 2213 3837 Deo
2259 3781 2400 3838 filios
2442 3797 2604 3854 posse
2649 3796 2934 3849 reserare,
2982 3782 3212 3856 ideoque
3269 3783 3414 3839 hunc
3465 3798 3690 3840 mascu-

2102 3871 2246 3938 lum,
2278 3872 2690 3948 incomparabili
2730 3872 2996 3945 dignitate
3037 3872 3271 3931 Domino
3297 3883 3549 3935 sanctum
3595 3890 3694 3932 vo-

2105 3975 2242 4018 cari.

2174 4069 2245 4125 Et
2278 4080 2336 4125 ut
2363 4071 2552 4126 darent
2593 4072 2844 4138 hostiam,
2881 4071 3170 4126 secundum
3214 4072 3358 4142 quod
3385 4071 3584 4126 dictum
3613 4085 3696 4129 est

2100 4162 2161 4218 in
2182 4161 2291 4234 lege
2312 4161 2549 4228 Domini,
2571 4179 2674 4234 par
2702 4171 2991 4227 turturum,
3017 4170 3115 4216 aut
3135 4161 3272 4216 duos
3296 4160 3470 4233 pullos
3490 4162 3698 4218 colum-

2105 4255 2315 4311 barum.
2355 4254 2459 4328 (Ex
2492 4255 2681 4326 Beda.)
2707 4253 2921 4310 Dictum
2961 4261 3048 4309 est
3089 4253 3146 4308 in
3186 4251 3326 4322 lege,
3370 4261 3432 4308 ut
3472 4269 3573 4325 pro
3603 4255 3694 4309 in-

2107 4347 2276 4413 fante,
2309 4347 2353 4402 si
2389 4346 2663 4403 masculus
2688 4347 2780 4411 sit,
2803 4354 2866 4400 ut
2889 4346 3133 4416 praedixi,
3177 4347 3611 4415 quadragesimo,
3641 4346 3693 4400 si

2107 4435 2307 4491 femina
2349 4438 2679 4508 octogesimo
2722 4437 2811 4492 die
2847 4435 3168 4502 nativitatis,
3210 4451 3383 4508 agnus
3413 4435 3695 4506 agnicalus

2031 4530 2084 4590 D
2110 4526 2488 4584 immaculatus
2511 4528 2568 4582 in
2607 4527 3002 4590 holocaustum,
3047 4536 3104 4582 et
3129 4535 3333 4591 turtur,
3373 4527 3488 4582 sive
3515 4527 3695 4595 pullus

2111 4619 2450 4675 columbinus
2497 4617 2788 4674 offerretur
2832 4634 2931 4688 pro
2980 4625 3202 4687 peccato
3229 4635 3242 4670 :
3272 4616 3334 4671 Si
3369 4627 3546 4671 autem
3585 4635 3691 4674 non

2109 4712 2392 4776 invenerit,
2439 4711 2643 4780 inquit,
2686 4726 2875 4762 manus
2918 4709 3052 4778 ejus,
3101 4723 3195 4761 nec
3231 4708 3462 4778 potuerit
3503 4708 3694 4776 o/ferre

2111 4810 2503 4872 agnum,sumet
2532 4799 2664 4853 duos
2693 4797 3035 4863 turtures,vel
3057 4798 3188 4852 duos
3214 4797 3386 4868 pullos
3411 4796 3687 4862 columba,

2108 4909 2273 4948 unum
2297 4895 2353 4947 in
2377 4892 2762 4956 holocaustum,
2787 4900 2838 4945 et
2869 4889 3090 4944 alterum
3115 4905 3211 4961 pro
3235 4899 3465 4959 peccato.
3507 4888 3694 4942 Domi-

2111 4998 2216 5040 nus
2241 4997 2370 5052 ergo
2397 4980 2557 5036 Jesus
2578 4979 2828 5036 Christus
2851 4993 2975 5034 uim
3003 4978 3156 5034 dives
3181 4987 3349 5042 esset,
3382 4992 3588 5047 panper
3605 4975 3692 5030 fa-

2111 5082 2232 5130 ctus
2273 5087 2372 5143 pro
2417 5071 2606 5138 nobis,
2654 5085 2948 5141 pauperem
3001 5084 3106 5140 prio
3144 5083 3204 5124 se
3245 5069 3482 5123 hostium
3523 5067 3692 5128 voluit

2109 5164 2252 5228 dari,
2273 5171 2342 5217 ut
2365 5161 2637 5225 videlicet,
2673 5174 2778 5216 una
2807 5174 2902 5214 sua
2929 5166 3248 5229 paupertate
3275 5174 3374 5214 nos
3409 5159 3608 5214 divites
3633 5158 3690 5212 in

2110 5253 2219 5308 tide
2249 5260 2308 5308 et
2339 5251 2453 5306 illic
2496 5249 2700 5306 faceret
2719 5249 2966 5305 heredes
2989 5250 3168 5321 regni,
3203 5249 3355 5319 quod
3382 5249 3692 5318 repromisit

2113 5341 2256 5399 Deus
2296 5342 2641 5413 diligentibus
2679 5357 2756 5399 se.
2800 5343 3078 5399 neraliter
3107 5349 3321 5406 autem,
3359 5341 3484 5395 sive
3529 5339 3688 5393 fortia

2114 5429 2236 5497 quis
2273 5442 2458 5496 opera,
2484 5441 2580 5481 seu
2607 5427 2876 5483 creaverit
2910 5427 3160 5490 inﬁrma,
3199 5441 3323 5496 quae
3360 5424 3586 5480 masculi
3627 5437 3692 5476 ac

2114 5519 2330 5576 femine
2352 5518 2612 5575 vocabulo
2641 5519 3064 5592 distinguuntur,
3092 5528 3154 5574 ut
3178 5520 3295 5574 haec
3320 5518 3558 5589 legitime
3586 5517 3691 5570 Do-

2115 5608 2263 5664 mino
2303 5608 2520 5664 valeant
2563 5611 2893 5678 consecrari,
2933 5625 3090 5667 ovem
3135 5625 3358 5666 necesse
3401 5617 3486 5664 est
3529 5609 3690 5662 inno-

2115 5700 2327 5768 centiae,
2354 5709 2412 5758 et
2434 5709 2698 5758 turturem
2725 5704 2945 5774 pariter,
2968 5704 3087 5759 sive
3107 5703 3414 5758 columbam
3437 5716 3691 5771 compun-

2117 5789 2310 5846 ctionis
2344 5789 2564 5858 offerat,
2606 5791 2732 5861 quia
2781 5791 2926 5847 enim
2969 5791 3216 5847 volucres
3253 5792 3340 5847 ha:
3385 5806 3486 5860 pro
3521 5798 3686 5846 cantu
