3994 6204
271 446 338 502 δι
1135 440 1659 502 ωιιεβτιοιηεε
1697 439 1767 497 ΙΝ
1806 439 1871 497 ΕΙ

1983 438 2184 502 ['OLAS
2222 445 2311 504 ET
2350 448 2759 530 EVANGELLA.
3480 454 3549 507 ne

265 557 504 631 gemitus
541 555 763 621 habent,
809 565 920 612 nun
964 555 1236 612 immerito
1273 554 1542 629 lacryrnas
1570 555 1856 612 humilium
1881 558 1935 617 Α
1953 575 2073 612 eum
2100 561 2154 614 in
2179 559 2334 616 ulnas
2357 579 2501 616 suas.
2528 563 2756 635 Tropice
2776 563 2972 634 accipit
2993 563 3216 620 Simeon
3245 564 3548 631 Christum,

265 650 572 720 designant.
605 649 674 704 Et
704 648 843 704 bene
871 648 1030 712 duos,
1058 663 1226 704 unum
1263 663 1366 719 pro
1397 657 1644 719 peccato,
1691 655 1748 703 et
1786 647 1866 702 al-

267 747 450 795 terum
480 737 538 792 in
568 736 969 793 holocaustum.
999 737 1386 793 Holocaustum
1413 751 1650 808 namqe
1689 745 1864 793 totum

269 827 556 884 incensum
601 826 826 881 dicitur.
869 825 1005 891 Quia
1053 825 1308 884 nimirum
1349 826 1458 881 duo
1497 833 1628 880 sunt
1666 839 1862 896 genera

270 916 730 987 compunctionis,
762 916 929 971 Deum
953 927 1202 985 uanique
1241 917 1430 972 sitiens
1471 918 1672 980 anima,
1713 918 1866 987 prius

268 1007 470 1062 timore
512 1005 919 1074 compungitur,
961 1012 1084 1074 post
1130 1016 1334 1058 amore.
1379 1003 1485 1070 Qui
1539 1021 1671 1076 ergo
1714 1006 1866 1077 prius

270 1097 469 1162 llendo,
498 1112 570 1152 ne
614 1096 909 1151 duceretur
949 1095 1018 1150 ad
1065 1095 1409 1165 supplicium,
1456 1103 1724 1151 turturem
1765 1112 1866 1167 pro

269 1197 500 1261 peccato
545 1187 830 1252 oden-abst,
857 1187 924 1242 de
949 1186 1122 1242 altero
1153 1186 1284 1241 facit
1309 1187 1708 1252 holocaustum,
1739 1203 1864 1244 cum

270 1277 619 1349 postmodum
662 1275 792 1331 ﬂere
818 1275 1164 1330 amarissime
1203 1276 1414 1346 incipit,
1445 1278 1572 1346 quia
1619 1275 1866 1332 differtur

273 1386 305 1423 a
333 1370 520 1439 re‘gno.
550 1367 664 1422 Hoc
691 1380 824 1422 sane
850 1365 993 1422 inter
1021 1374 1264 1422 turtures
1289 1375 1346 1422 et
1369 1367 1648 1424 columbas
1674 1368 1861 1436 distat,

274 1459 420 1529 quod
447 1457 700 1513 columba
743 1472 866 1526 quin
907 1456 1169 1527 gregatim
1212 1458 1561 1523 conversari,
1599 1457 1784 1514 volare
1809 1466 1866 1514 et

272 1564 492 1620 gemere
535 1547 911 1612 consueverit,
953 1547 1145 1602 activa:
1189 1548 1316 1602 vitae
1361 1547 1722 1618 frequentiam
1767 1550 1862 1605 de-

275 1649 562 1707 monstrat,
609 1640 680 1696 de
721 1655 828 1709 qua
859 1640 1057 1694 dicitur
1089 1657 1103 1694 :
1135 1639 1498 1695 Multitudinis
1529 1651 1708 1695 autem
1754 1658 1868 1696 cre-

275 1735 514 1790 dentium
537 1742 654 1788 erat
681 1750 773 1790 cor
797 1749 960 1788 unum
993 1741 1041 1786 et
1071 1733 1250 1786 anima
1279 1749 1387 1788 una
1419 1732 1561 1804 (Act.
1588 1734 1665 1803 ιν)
1696 1750 1714 1800 ;~
1753 1741 1866 1788 tur-

1965 655 2252 704 veteranus
2301 647 2583 717 infantem,
2616 661 2676 706 ut
2711 653 2906 709 doceat
2949 670 3047 710 nos
3076 671 3276 712 exuere
3309 664 3555 713 veterem

1964 737 2262 805 hominem,
2289 741 2381 810 qui
2407 743 2774 813 corrumpitur
2796 759 2919 798 cum
2950 745 3161 801 actibus
3195 746 3332 816 ejus,
3368 755 3426 801 et
3463 762 3556 802 re-

1964 837 2190 886 novatus
2219 833 2412 902 spiritu
2444 836 2642 890 mentis
2677 845 2894 901 nostrae,
2939 837 3166 892 induere
3193 853 3317 892 eum
3346 839 3437 908 qui
3467 854 3555 892 se-

1965 919 2200 975 cundum
2230 921 2520 978 Dominum
2563 936 2776 981 creatus
2805 934 2888 982 est
2942 926 2995 980 in
3021 925 3230 994 iustitia
3271 935 3324 981 et
3352 927 3556 982 sancti-

1963 1015 2090 1064 tate
2115 1017 2171 1065 et
2198 1014 2444 1069 veritate.
2479 1014 2690 1084 Accipit
2721 1016 2905 1071 senior
2951 1015 3214 1072 infantem
3247 1015 3548 1080 Chrismm,

1963 1109 2025 1181 ut
2051 1103 2317 1170 insinuet,
2347 1105 2450 1161 hoc
2477 1106 2766 1173 saeculum,
2814 1109 2967 1177 quasi
3011 1109 3164 1162 senio
3189 1106 3300 1175 jam
3344 1116 3397 1163 et
3435 1108 3554 1161 lon-

1963 1199 2110 1260 θωνα
2159 1201 2320 1249 aetate
2375 1195 2670 1261 defessum,
2719 1196 2786 1250 ad
2839 1198 3224 1264 innocentiam,
3259 1207 3334 1264 et,
3363 1207 3428 1253 ut
3479 1199 3554 1254 ita

1965 1283 2217 1351 dixerim,
2242 1285 2526 1341 infantiam
2545 1287 2866 1344 Christiana:
2889 1290 3318 1345 conversationis
3349 1291 3554 1346 reditu-

1964 1381 2118 1436 rum,
2157 1381 2214 1427 et
2261 1375 2401 1430 sicut
2441 1378 2634 1446 aquilae
2665 1376 3008 1446 juventutem
3053 1379 3196 1434 illius
3231 1395 3353 1434 csse
3389 1395 3552 1435 reno-

1960 1462 2220 1516 vandam.

2032 1550 2106 1604 Et
2134 1552 2394 1607 benedixit
2421 1555 2725 1624 Dominum,
2751 1566 2802 1610 et
2827 1555 2961 1611 dixit
2984 1570 3003 1609 :
3034 1553 3190 1611 Nunc
3215 1556 3434 1611 dimittis
3457 1573 3561 1611 ser-

1964 1653 2081 1696 rum
2110 1648 2277 1707 tuum,
2313 1642 2551 1706 Domine,
2595 1646 2881 1700 secundum
2909 1647 3120 1701 verbum
3149 1657 3298 1700 tuum
3323 1647 3390 1700 in
3407 1663 3557 1716 pace.

1964 1727 2244 1798 lmpletum
2272 1740 2360 1787 est
2387 1735 2714 1790 desiderium
2764 1737 2930 1803 senis,
2955 1735 3149 1791 mundi
3185 1737 3354 1807 ipsius
3398 1751 3558 1791 senc-

278 1835 368 1882 tur
391 1840 545 1890 vero,
571 1823 664 1893 qui
695 1823 1080 1894 singularitate
1100 1824 1308 1892 gaudet.
1321 1823 1474 1888 adeo,
1511 1831 1574 1878 ut
1602 1825 1647 1879 si
1679 1825 1870 1894 conju-
1967 1827 2114 1875 clule
2129 1830 2420 1893 vergente,
2456 1827 2570 1896 ipse
2614 1827 2682 1882 ad
2712 1843 2899 1883 senem
2933 1828 3209 1883 hominem
3257 1828 3437 1892 venit,
3467 1827 3560 1897 qui

278 1932 398 1987 gem
427 1930 564 1972 casu
611 1913 930 1983 perdiderit,
962 1913 1110 1968 solus
1135 1913 1333 1968 exinde
1373 1924 1712 1983 permaneat,
1740 1929 1862 1985 spe-
1889 1901 1942 1961 B‘
1966 1912 2222 1967 mundum
2255 1927 2493 1970 veterem
2525 1918 2749 1973 invenit.
2794 1919 2992 1972 Audiat
3017 1918 3248 1972 nmndus
3286 1936 3298 1972 :
3327 1918 3558 1973 Caritate

281 2006 530 2062 culativze
554 2005 680 2058 vitae
706 2003 939 2058 culmina
967 2005 1283 2069 denuntiat,
1324 2006 1451 2074 quia
1491 2014 1546 2060 et
1573 2021 1867 2076 paucorum

281 2103 366 2148 est
388 2093 496 2148 ista
522 2093 718 2157 virtus,
741 2100 796 2148 et
819 2092 904 2146 his
921 2092 1268 2160 singulariter
1287 2094 1567 2148 attributa.
1591 2092 1720 2148 Item
1743 2108 1867 2148 cum

285 2184 496 2240 intrans
529 2183 861 2249 cubiculum,
883 2183 1068 2238 clauso
1091 2183 1256 2248 ostio,
1287 2198 1387 2238 oro
1415 2183 1630 2238 Patrem
1657 2186 1711 2238 in
1747 2184 1869 2239 abs-

282 2276 519 2337 condito,
567 2282 836 2330 turturem
879 2273 1087 2328 offero.’
1125 2273 1195 2329 At
1239 2290 1362 2329 cum
1403 2273 1643 2342 ejusdem
1687 2275 1870 2344 operis-

284 2380 572 2436 compares-
597 2364 1112 2434 quaero,.canendo~
1137 2380 1261 2419 cum
1305 2365 1574 2434 Propheta
1610 2383 1622 2418 :
1667 2363 1862 2429 Venite,

284 2457 564 2512 adoremus
599 2467 650 2510 et
691 2457 1028 2527 procidamus
1077 2467 1200 2511 ante
1248 2457 1435 2521 Deum,
1483 2457 1745 2527 ploremus
1785 2475 1869 2512 co-

285 2564 396 2602 ram
431 2547 681 2613 Domino,
715 2548 808 2618 qui
844 2547 965 2618 fecit
1009 2563 1124 2612 nos,
1150 2546 1427 2602 columbas
1469 2546 1538 2600 ad
1577 2547 1750 2601 altare
1776 2547 1867 2601 de-

286 2647 462 2708 porto.

353 2729 424 2783 Et
465 2745 584 2782 ecce
619 2734 771 2784 homo
805 2731 862 2782 in
903 2728 1258 2794 Hierusalem,
1286 2730 1372 2784 cui
1402 2746 1588 2784 nomen
1630 2727 1862 2785 Simeon.

284 2817 402 2874 Non
433 2819 616 2874 solum
640 2819 706 2874 ab
731 2819 935 2890 angelis
973 2828 1030 2875 et
1058 2821 1356 2889 prophetis,
1401 2821 1496 2874 sed
1525 2819 1689 2874 etiam
1720 2834 1751 2873 a
1780 2834 1868 2874 se-

286 2913 556 2978 nioribus,
584 2921 637 2967 et
661 2913 881 2982 reliquis
905 2912 1089 2981 justis,
1121 2914 1401 2985 generatio
1423 2912 1635 2967 Domini
1659 2912 1868 2982 accepit

285 3000 676 3056 testimonium.
701 3000 890 3058 Omnis
917 3011 1052 3057 actas
1081 3011 1136 3058 et
1170 3011 1398 3072 uterque
1438 3016 1602 3057 sexus
1647 3011 1869 3057 evento-

284 3107 403 3146 rum
431 3091 693 3146 mrracula
723 3091 882 3147 fidem
921 3100 1190 3157 astruunt,
1220 3093 1373 3164 virgo
1399 3100 1641 3163 generat,
1670 3089 1868 3146 sterilis

285 3181 462 3251 parit,
492 3192 678 3236 mutus
717 3182 973 3253 loquitur,
1018 3183 1296 3239 Elizabeth
1333 3184 1642 3253 prophetat,
1677 3196 1867 3253 magus

1969 1998 2199 2055 Domino
2242 2005 2511 2059 canticum
2556 2023 2788 2074 novum,
2831 2016 3049 2063 cantate
3104 2008 3336 2062 Domino
3376 2010 3558 2063 omnis

1969 2097 2133 2144 terra.
2162 2089 2502 2150 Dcstiluatur
2528 2104 2702 2162 vetus,
2732 2098 2946 2152 novitas
2974 2105 3181 2167 surgat.

2039 2178 2178 2244 Quia
2212 2183 2453 2237 viderunt
2485 2186 2625 2239 oculi
2669 2189 2771 2241 mei
2815 2188 3050 2242 salutare
3079 2197 3248 2252 tuum,
3294 2189 3434 2258 quod
3464 2205 3558 2258 pa-

1968 2271 2100 2323 rasti
2128 2279 2253 2324 ante
2281 2269 2470 2340 faciem
2497 2277 2730 2330 omnium
2758 2277 3094 2347 populorum.
3119 2277 3266 2332 Beati
3296 2279 3438 2333 oculi
3464 2273 3556 2346 qui

1965 2359 2152 2415 vident
2181 2377 2304 2431 quae
2329 2362 2550 2419 Simeon
2579 2366 2747 2433 vidit;
2779 2367 2923 2420 beati
2947 2368 3039 2437 qui
3082 2381 3192 2421 non
3221 2367 3476 2422 viderunt
3503 2373 3560 2421 et

1966 2450 2330 2507 crediderunt.
2360 2453 2492 2509 illud
2521 2456 2719 2525 ipsum,
2751 2456 2944 2526 inquit,
2972 2459 3116 2527 quod
3146 2457 3399 2512 omnibus
3430 2472 3554 2527 pro-

1963 2540 2251 2606 pemodum
2282 2543 2535 2612 gentibus
2561 2545 2770 2615 populis
2807 2557 2863 2600 et
2892 2545 3090 2618 linguis
3119 2554 3298 2600 mente
3335 2561 3402 2601 ac
3446 2547 3553 2600 fide

1964 2631 2406 2701 conspiciendum
2447 2637 2671 2704 parasti,
2715 2651 2812 2706 spe
2864 2651 2929 2692 ac
2972 2637 3260 2691 dilectione
3301 2650 3555 2705 qua-ren-

1965 2717 2093 2780 dum
2119 2723 2432 2789 praevidisti,
2461 2725 2576 2793 ipse
2597 2725 2688 2780 diu
2717 2725 3101 2790 desideratum,
3129 2741 3274 2781 nunc
3293 2734 3349 2780 et
3371 2726 3558 2780 carnis

1964 2815 2020 2862 et
2044 2810 2226 2865 cordis
2248 2813 2419 2868 oculis
2445 2823 2593 2868 tuum
2619 2816 2861 2872 salutare
2887 2816 3246 2886 contemplor.

2034 2901 2233 2958 Lumen
2251 2905 2320 2958 ad
2341 2905 2705 2962 reuelationem
2720 2911 2947 2978 gentium
2964 2918 3012 2962 et
3032 2908 3254 2979 gloriam
3271 2905 3436 2977 plebis
3451 2915 3558 2960 tute

1964 2989 2154 3048 Israel.
2186 2994 2392 3051 Lumen
2433 2998 2652 3067 quidem
2701 3000 2918 3068 utrique
2968 2997 3168 3069 populo
3207 2997 3446 3052 salutare
3476 2996 3558 3051 di-

1965 3085 2063 3150 cit,
2091 3087 2146 3141 id
2174 3097 2279 3154 est,
2302 3088 2552 3146 Christus
2577 3107 2607 3145 a
2637 3092 2748 3147 Deo
2772 3091 2936 3147 Patre
2961 3098 3215 3162 paratur,
3241 3089 3334 3158 qui
3367 3095 3555 3141 tamen

1967 3176 2194 3245 gloriam
2235 3183 2408 3252 magis
2448 3182 2643 3248 Israel,
2691 3183 2776 3238 cui
2825 3183 2917 3238 diu
2957 3189 3229 3254 speratur,
3261 3186 3317 3235 et
3349 3194 3416 3234 ex
3448 3192 3556 3246 quo

289 3273 499 3337 adorat,
525 3282 681 3328 utero
701 3243 886 3329 clauso
905 3275 1158 3338 exsultat,
1177 3243 1666 3339 vidua-conﬁtetur,
1687 3243 1868 3342 justus
1897 3243 1942 3307 Ο
1971 3243 2389 3340 prmnuntiatur,
2440 3275 2675 3331 advenit.
2717 3243 3144 3332 Gentium-vero
3188 3273 3391 3330 dicitur
3431 3285 3557 3326 esse

287 3373 584 3436 exspectat.

355 3457 425 3510 Et
453 3458 611 3512 homo
640 3458 736 3512 iste
753 3458 934 3528 justus
967 3466 1015 3512 et
1055 3458 1332 3512 timoratus
1357 3465 1662 3527 exspectans
1689 3470 1874 3510 conso-

261 3546 539 3602 iationem
586 3547 789 3616 Israel,
816 3558 868 3603 et
899 3548 1132 3620 Spiritus
1172 3557 1385 3603 sanctus
1413 3556 1525 3602 erat
1556 3547 1610 3601 in
1639 3563 1719 3602 eo.
1769 3544 1869 3617 (Ex

289 3637 478 3710 Beda.)
501 3638 652 3696 Bene
672 3639 854 3708 justus
877 3649 934 3695 et
961 3640 1244 3696 timoratus
1265 3639 1482 3705 dicitur,
1505 3639 1634 3709 quia
1659 3637 1872 3694 diliicile

287 3729 493 3799 iustitia
519 3733 640 3788 sine
666 3733 860 3788 timore
879 3733 1197 3788 custoditur.
1213 3731 1364 3785 Bene
1384 3729 1588 3799 justus,
1611 3730 1740 3800 quia
1764 3744 1872 3784 non

292 3835 466 3884 suam,
495 3822 590 3876 sed
627 3822 808 3891 populi
848 3823 1078 3892 gratiam
1108 3822 1452 3892 requirebat,
1498 3821 1722 3890 cupiens
1757 3820 1874 3889 ipse

291 3927 518 3980 corpore
577 3912 808 3968 vinculis
857 3911 1166 3983 fragilitatis
1227 3911 1472 3975 absolvi,
1519 3911 1614 3966 sed
1676 3924 1870 3980 exspe-

292 4012 446 4058 ctans
485 4004 674 4060 videre
713 4005 1061 4074 promissum.
1094 4002 1313 4060 Sciebat
1344 4003 1524 4068 enim,
1551 4003 1679 4073 quia
1728 4001 1873 4058 beati

292 4097 462 4161 oculi,
500 4098 596 4168 qui
633 4097 908 4165 viderent,
946 4097 1043 4154 sed
1088 4097 1261 4153 donec
1310 4096 1523 4152 veniret
1569 4094 1659 4152 ille
1717 4094 1872 4152 nole-

293 4187 384 4242 bat
420 4188 526 4241 ire.

365 4275 433 4330 Et
463 4289 770 4346 responsant
796 4285 1066 4348 acceperat
1085 4293 1124 4330 -α
1161 4275 1365 4346 Spiritu
1393 4283 1574 4330 sancto
1603 4289 1706 4327 non
1733 4273 1876 4327 visu-

294 4382 408 4419 rum
435 4383 494 4420 se
524 4375 743 4420 mortem
774 4367 876 4420 nisi
914 4366 1062 4436 prius
1099 4363 1295 4420 videret
1341 4363 1609 4417 Christum
1638 4360 1866 4416 Domini.

293 4454 428 4512 Vide
456 4455 761 4512 locutiones
787 4455 1211 4526 Scripturarum.
1239 4454 1466 4510 Mortem
1493 4453 1676 4508 videre
1703 4451 1870 4519 dixit;

296 4549 572 4618 quomodo
597 4549 808 4614 vident,
836 4548 1101 4618 quibusve
1137 4546 1332 4612 oculis,
1359 4559 1480 4615 quae
1504 4542 1768 4599 veniendo
1797 4543 1874 4612 ip-

297 4655 385 4697 sos
425 4641 618 4697 oculos
639 4640 876 4696 claudit?
903 4640 1000 4695 sed
1027 4638 1212 4694 videre
1240 4644 1494 4702 mortem,
1535 4634 1772 4704 experiri
1801 4633 1875 4689 si-

297 4733 538 4804 gnificat.
561 4731 700 4786 Nam
722 4740 777 4786 et
797 4746 897 4786 nos
917 4728 1387 4785 conversationem
1414 4726 1662 4782 habendo
1689 4725 1741 4779 iu
1769 4739 1880 4779 coe-

299 4823 424 4878 lesti
465 4822 800 4878 Hierusalem
821 4861 836 4886 ,
879 4819 1065 4888 templi
1120 4817 1333 4872 Domini
1383 4816 1570 4870 limina
1623 4813 1881 4882 frequen-

304 4915 488 4978 tando,
521 4914 626 4968 hoc
665 4921 767 4975 est,
796 4913 885 4982 pia
907 4919 1242 4973 sanctorum,
1283 4907 1339 4961 in
1367 4907 1564 4976 quibus
1591 4904 1880 4968 inhabitat,

304 5005 552 5076 exempla
579 5004 840 5060 sectaudo
862 5044 879 5069 ,
925 5001 1257 5058 merebimur
1297 4999 1524 5054 verbum
1571 4996 1784 5052 Domini
1828 4996 1884 5049 in

300 5098 555 5153 manibus
574 5098 842 5167 accipere,
866 5103 922 5151 et
949 5095 1075 5150 fidei
1101 5090 1492 5160 charitatisque
1513 5087 1750 5144 brachiis
1767 5100 1884 5141 am-

302 5186 484 5256 plecti.

371 5277 444 5331 Et
471 5279 608 5332 venit
636 5278 694 5330 in
720 5277 908 5348 spin'tu
938 5277 996 5329 in
1037 5273 1306 5345 templum.
1349 5256 1532 5338 Quod‘
1550 5277 1732 5324 autem
1759 5268 1840 5322 ait
1865 5284 1880 5322 :

315 5364 464 5420 Venit
491 5368 549 5422 in
583 5367 796 5438 spiritu,
823 5365 1093 5438 signiﬁcat
1120 5379 1263 5429 cum,
1297 5364 1483 5418 eadem
1515 5362 1687 5432 gratia
1715 5358 1886 5430 Spirio

307 5465 400 5510 tua
444 5471 552 5526 qua
577 5457 707 5511 olim
731 5464 1015 5510 venturum
1041 5460 1504 5524 praecognoverat,
1527 5460 1586 5508 et
1602 5450 1715 5520 jam
1742 5467 1885 5508 nunc

309 5545 646 5610 vadentem,
669 5545 893 5615 jaque
919 5560 952 5600 a
991 5557 1052 5598 se
1092 5542 1383 5598 videndum
1415 5542 1732 5613 cognovisse
1762 5539 1882 5596 Sal-

308 5643 572 5690 νιιοιαη.

377 5730 449 5784 Et
474 5748 597 5784 cum
626 5731 930 5786 traducerent
953 5743 1172 5803 puerum
1193 5729 1374 5783 Iesum
1401 5736 1640 5799 parentes
1668 5727 1805 5797 ejus,
1824 5734 1886 5779 ut

312 5827 541 5893 [urerent
563 5825 853 5881 secundum
878 5823 1303 5880 consuetudinem
1324 5820 1472 5892 legis,
1487 5829 1537 5875 et
1567 5819 1674 5893 ipse
1685 5821 1887 5892 accepit

1972 3362 2251 3430 revelatio,
2282 3379 2510 3434 quarum
2543 3367 2741 3421 mentis
2787 3367 2970 3422 oculos
3010 3365 3276 3436 profunda
3299 3363 3414 3433 jam
3442 3377 3549 3416 ca:-

1972 3451 2136 3508 citate
2179 3453 2463 3519 dimersos,
2503 3471 2682 3526 neque
2722 3455 2828 3510 ulla
2860 3471 2956 3526 spe
2983 3456 3248 3510 adventus
3287 3450 3555 3506 Dominici

1971 3551 2204 3608 erectos,
2233 3545 2350 3614 ipse
2394 3546 2616 3602 visitare
2660 3547 2887 3618 pariter,
2933 3547 3174 3601 revelare
3229 3555 3391 3613 atque
3439 3542 3558 3596 illu-

1973 3639 2148 3687 strare
2173 3633 2427 3705 dignatus
2448 3643 2552 3690 est.
2576 3637 2642 3692 Et
2669 3637 2807 3692 bene
2837 3635 3096 3691 revelatio
3120 3633 3359 3705 gentium
3387 3629 3558 3686 Israe-

1971 3719 2039 3775 lis
2082 3721 2265 3791 gloriae
2294 3724 2601 3793 perfertur,
2643 3727 2770 3796 quia
2819 3741 2940 3781 cum
2991 3724 3269 3796 plenitudo
3313 3723 3556 3796 gentium

1973 3811 2261 3881 introierit,
2288 3829 2431 3871 nunc
2454 3817 2630 3872 omnis
2655 3816 2821 3873 Israel
2845 3817 3026 3873 salvus
3049 3817 3159 3871 fiet.

2606 3945 2922 3985 CONCORDIA.

2041 4015 2101 4071 ln
2144 4016 2249 4072 hoc
2275 4019 2503 4075 istarum
2532 4021 2756 4075 duarum
2803 4019 2862 4073 fit
2910 4017 3195 4074 concordia
3235 4015 3554 4076 lectionum,

1973 4105 2100 4174 quia
2122 4106 2293 4160 amba:
2312 4107 2380 4162 de
2402 4108 2742 4178 apparitione
2767 4107 3001 4172 Domini,
3025 4122 3144 4175 qua:
3166 4105 3399 4174 primum
3416 4101 3558 4157 facta

1972 4203 2058 4251 est
2089 4195 2331 4268 loquitur
2354 4199 2408 4251 in
2440 4201 2659 4270 templo.

2148 4325 2476 4383 DOMINICA
2533 4326 2707 4386 POST
2762 4323 3091 4380 NATALEM
3117 4322 3377 4378 DOMINI.

2229 4453 2485 4496 uersuum
2507 4451 2668 4494 rsum
2698 4454 2765 4494 an
2795 4449 3057 4502 GALATAS,
3081 4447 3205 4492 ω».
3229 4451 3305 4490 iv.

2053 4570 2071 4604 ι
2107 4549 2321 4619 Quanto
2348 4557 2593 4622 tempore
2614 4551 2792 4608 hte‘res
2812 4549 3072 4621 parvulus
3094 4556 3196 4612 est,
3224 4547 3357 4603 nihil
3383 4545 3562 4604 differt

1986 4659 2006 4693 ι
2046 4656 2077 4696 a
2111 4657 2269 4698 servo
2291 4637 2417 4707 suo,
2446 4657 2568 4698 cum
2599 4641 2668 4696 sit
2707 4640 2960 4696 dominus
3002 4639 3268 4702 omnium,
3315 4636 3410 4691 sed
3455 4637 3556 4691 sub

1988 4750 2007 4784 ‹
2045 4735 2312 4790 tutoribus
2360 4737 2415 4789 et
2462 4733 2738 4788 actoribus
2781 4741 2897 4797 est,
2926 4746 3098 4800 usque
3125 4729 3194 4784 ad
3238 4727 3564 4798 praefinitum

1989 4841 2008 4875 ι
2047 4834 2256 4895 tempus
2285 4839 2316 4878 a
2345 4831 2519 4894 patre.
2560 4820 2640 4877 Ita
2665 4830 2721 4876 et
2749 4836 2848 4876 nos
2877 4833 2999 4875 cum
3044 4833 3286 4874 essemus
3330 4815 3584 4903 parvulik

1991 4918 2149 4972 (sub
2178 4915 2463 4971 elementis
2505 4914 2691 4969 mundi
2737 4927 2955 4968 eramus
3009 4910 3324 4966 servientes.
3364 4909 3434 4962 At
3472 4908 3561 4962 ubi

1992 5027 2011 5060 ι
2041 5008 2197 5062 venit
2217 5007 2496 5076 plenitudo
2525 5005 2805 5074 temporis,
2835 5003 2982 5057 misit
3014 5000 3155 5054 Deus
3179 4998 3376 5053 Filium
3408 5011 3565 5051 suum

1990 5111 2009 5146 ι
2045 5104 2234 5150 natum
2259 5109 2326 5149 ex
2350 5091 2594 5158 muliere,
2622 5092 2824 5146 factum
2852 5091 2955 5144 sub
2977 5089 3116 5158 lege,
3143 5093 3204 5140 ut
3227 5101 3323 5139 eos
3350 5084 3441 5153 qui
3465 5083 3568 5138 sub

1991 5203 2010 5237 ι
2048 5186 2168 5254 iege
2214 5191 2374 5239 erant
2452 5181 2773 5246 redimeret,
2821 5187 2883 5233 ut
2929 5177 3272 5248 adoptionem
3327 5173 3568 5227 filiorum

1992 5293 2011 5328 ι
2049 5277 2144 5330 Dei
2187 5275 2568 5344 reciperemus.
2596 5270 2860 5338 Quoniam
2904 5277 3088 5324 autem
3130 5266 3263 5322 estis
3297 5265 3398 5319 ﬁlii
3431 5262 3566 5328 Dei,

1993 5385 2010 5418 ς
2049 5367 2196 5422 misit
2230 5363 2373 5420 Deus
2406 5362 2669 5433 Spiritum
2700 5360 2823 5416 Filii
2861 5359 2944 5415 sui
2967 5359 3022 5413 in
3053 5357 3217 5414 corda
3245 5362 3427 5411 vestra
3441 5352 3564 5407 scla~

1997 5471 2015 5510 ι
2051 5463 2286 5511 mantem
2313 5473 2328 5511 :
2354 5454 2527 5520 Abba,
2553 5462 2726 5525 pater.
2763 5451 2948 5523 Itaque
2970 5450 3083 5520 jam
3113 5461 3221 5504 non
3247 5453 3332 5501 est
3351 5456 3564 5505 servus,

1998 5566 2017 5598 ε
2052 5546 2147 5602 sed
2178 5545 2342 5610 illius,
2374 5544 2518 5614 quod
2544 5545 2590 5600 si
2617 5543 2758 5599 li’lius
2788 5553 2843 5599 ct
2868 5543 3040 5598 haeres
3068 5555 3164 5610 per
3189 5537 3377 5591 Deum.
3399 5553 3423 5584 ι

2065 5637 2274 5705 Quanto
2313 5622 2540 5709 tempore
2568 5636 2732 5690 hwres
2759 5632 3012 5706 parvulus
3040 5640 3136 5694 est,
3165 5624 3295 5681 nihil
3325 5624 3500 5691 ἀῦσαι-1
3535 5639 3570 5676 a

1993 5745 2160 5794 servo,
2201 5743 2318 5781 cum
2347 5727 2414 5780 sit
2442 5725 2685 5780 dominus
2715 5723 2964 5785 omnium,
2992 5719 3082 5772 sed
3109 5715 3204 5769 sub
3233 5711 3494 5768 tutoribus
3521 5722 3570 5766 et

1996 5818 2258 5875 actoribus
2288 5827 2393 5886 est,
2425 5831 2589 5889 usque
2616 5813 2684 5868 ad
2716 5810 3036 5883 preﬁnitum
3079 5816 3280 5874 tempus
3319 5819 3354 5858 α
3395 5813 3566 5874 patre.
