  <div class='ocr_page' id='page_1' title='image "/cluster/home/n/w/nwhite01/storage/ocr_20150623/102/hvd.32044052820032/037.png"; bbox 0 0 3998 6198; ppageno 0'>
   <div class='ocr_carea' id='block_1_1' title="bbox 403 419 3669 487">
    <p class='ocr_par' dir='ltr' id='par_1_1' title="bbox 403 419 3669 487">
     <span class='ocr_line' id='line_1_1' title="bbox 403 419 3669 487; baseline 0.005 -15"><span class='ocrx_word' id='word_1_1' title='bbox 403 429 476 485; x_wconf 68' lang='lat' dir='ltr'><strong>c3</strong></span> <span class='ocrx_word' id='word_1_2' title='bbox 1685 419 2044 480; x_wconf 66' lang='lat' dir='ltr'><strong>smmum</strong></span> <span class='ocrx_word' id='word_1_3' title='bbox 2082 419 2373 479; x_wconf 81' lang='lat' dir='ltr'><strong>ABBATIS</strong></span> <span class='ocrx_word' id='word_1_4' title='bbox 3598 430 3669 487; x_wconf 77' lang='lat' dir='ltr'><strong>et</strong></span> 
     </span>
    </p>
   </div>
   <div class='ocr_carea' id='block_1_2' title="bbox 406 531 3672 613">
    <p class='ocr_par' dir='ltr' id='par_1_2' title="bbox 406 531 3672 613">
     <span class='ocr_line' id='line_1_2' title="bbox 406 531 3672 613; baseline 0.001 -18"><span class='ocrx_word' id='word_1_5' title='bbox 406 539 714 597; x_wconf 83' lang='lat' dir='ltr'><strong>Secundum</strong></span> <span class='ocrx_word' id='word_1_6' title='bbox 769 545 1045 610; x_wconf 85' lang='lat' dir='ltr'><strong>acceptam</strong></span> <span class='ocrx_word' id='word_1_7' title='bbox 1090 535 1550 608; x_wconf 83' lang='lat' dir='ltr'><strong>comparationem</strong></span> <span class='ocrx_word' id='word_1_8' title='bbox 1599 533 1984 604; x_wconf 78' lang='lat' dir='ltr'><strong>disputationis</strong></span> <span class='ocrx_word' id='word_1_9' title='bbox 2009 535 2268 600; x_wconf 79' lang='lat' dir='ltr'><strong>Anates,</strong></span> <span class='ocrx_word' id='word_1_10' title='bbox 2309 533 2406 590; x_wconf 88' lang='lat' dir='ltr'><strong>sed</strong></span> <span class='ocrx_word' id='word_1_11' title='bbox 2447 531 2644 590; x_wconf 87' lang='lat' dir='ltr'><strong>factus.</strong></span> <span class='ocrx_word' id='word_1_12' title='bbox 2678 534 2949 604; x_wconf 87' lang='lat' dir='ltr'><strong>Secunda,</strong></span> <span class='ocrx_word' id='word_1_13' title='bbox 2996 535 3065 593; x_wconf 89' lang='lat' dir='ltr'><strong>de</strong></span> <span class='ocrx_word' id='word_1_14' title='bbox 3089 537 3266 595; x_wconf 78' lang='lat' dir='ltr'><strong>latere</strong></span> <span class='ocrx_word' id='word_1_15' title='bbox 3307 538 3429 596; x_wconf 79' lang='lat' dir='ltr'><strong>viri.</strong></span> <span class='ocrx_word' id='word_1_16' title='bbox 3461 541 3672 613; x_wconf 82' lang='lat' dir='ltr'><strong>Tertia,</strong></span> 
     </span>
    </p>
   </div>
   <div class='ocr_carea' id='block_1_3' title="bbox 402 621 1988 702">
    <p class='ocr_par' dir='ltr' id='par_1_3' title="bbox 402 621 1988 702">
     <span class='ocr_line' id='line_1_3' title="bbox 402 621 1988 702; baseline -0.006 -15"><span class='ocrx_word' id='word_1_17' title='bbox 402 630 654 702; x_wconf 78' lang='lat' dir='ltr'><strong>producit</strong></span> <span class='ocrx_word' id='word_1_18' title='bbox 687 629 979 699; x_wconf 91' lang='lat' dir='ltr'><strong>eloquium.</strong></span> <span class='ocrx_word' id='word_1_19' title='bbox 1007 625 1108 681; x_wconf 88' lang='lat' dir='ltr'><strong>llic</strong></span> <span class='ocrx_word' id='word_1_20' title='bbox 1136 640 1356 682; x_wconf 87' lang='lat' dir='ltr'><strong>servum</strong></span> <span class='ocrx_word' id='word_1_21' title='bbox 1385 633 1542 680; x_wconf 87' lang='lat' dir='ltr'><strong>vocat</strong></span> <span class='ocrx_word' id='word_1_22' title='bbox 1581 621 1865 679; x_wconf 69' lang='lat' dir='ltr'><strong>Iudaicum</strong></span> <span class='ocrx_word' id='word_1_23' title='bbox 1892 636 1988 692; x_wconf 81' lang='lat' dir='ltr'><strong>po—</strong></span> 
     </span>
    </p>
   </div>
   <div class='ocr_carea' id='block_1_4' title="bbox 404 714 1992 795">
    <p class='ocr_par' dir='ltr' id='par_1_4' title="bbox 404 714 1992 795">
     <span class='ocr_line' id='line_1_4' title="bbox 404 714 1992 795; baseline -0.008 -16"><span class='ocrx_word' id='word_1_24' title='bbox 404 724 612 795; x_wconf 86' lang='lat' dir='ltr'><strong>pulum,</strong></span> <span class='ocrx_word' id='word_1_25' title='bbox 639 721 730 792; x_wconf 86' lang='lat' dir='ltr'><strong>qui</strong></span> <span class='ocrx_word' id='word_1_26' title='bbox 761 721 894 792; x_wconf 88' lang='lat' dir='ltr'><strong>legis</strong></span> <span class='ocrx_word' id='word_1_27' title='bbox 922 719 1116 778; x_wconf 66' lang='lat' dir='ltr'><strong>littera:</strong></span> <span class='ocrx_word' id='word_1_28' title='bbox 1138 719 1242 778; x_wconf 46' lang='lat' dir='ltr'><strong>sub,</strong></span> <span class='ocrx_word' id='word_1_29' title='bbox 1267 717 1473 772; x_wconf 84' lang='lat' dir='ltr'><strong>carnali</strong></span> <span class='ocrx_word' id='word_1_30' title='bbox 1503 714 1850 772; x_wconf 75' lang='lat' dir='ltr'><strong>observantia</strong></span> <span class='ocrx_word' id='word_1_31' title='bbox 1881 728 1992 768; x_wconf 87' lang='lat' dir='ltr'><strong>ser-</strong></span> 
     </span>
    </p>
   </div>
   <div class='ocr_carea' id='block_1_5' title="bbox 403 805 1992 881">
    <p class='ocr_par' dir='ltr' id='par_1_5' title="bbox 403 805 1992 881">
     <span class='ocr_line' id='line_1_5' title="bbox 403 805 1992 881; baseline -0.006 -14"><span class='ocrx_word' id='word_1_32' title='bbox 403 814 603 879; x_wconf 77' lang='lat' dir='ltr'><strong>viebat,</strong></span> <span class='ocrx_word' id='word_1_33' title='bbox 640 813 694 867; x_wconf 93' lang='lat' dir='ltr'><strong>in</strong></span> <span class='ocrx_word' id='word_1_34' title='bbox 737 811 842 867; x_wconf 81' lang='lat' dir='ltr'><strong>ﬁde</strong></span> <span class='ocrx_word' id='word_1_35' title='bbox 869 809 1148 881; x_wconf 82' lang='lat' dir='ltr'><strong>parvulus,</strong></span> <span class='ocrx_word' id='word_1_36' title='bbox 1173 817 1230 865; x_wconf 91' lang='lat' dir='ltr'><strong>et</strong></span> <span class='ocrx_word' id='word_1_37' title='bbox 1264 825 1296 864; x_wconf 87' lang='lat' dir='ltr'><strong>a</strong></span> <span class='ocrx_word' id='word_1_38' title='bbox 1326 823 1491 866; x_wconf 89' lang='lat' dir='ltr'><strong>sensu</strong></span> <span class='ocrx_word' id='word_1_39' title='bbox 1529 807 1791 863; x_wconf 65' lang='lat' dir='ltr'><strong>doctrinae</strong></span> <span class='ocrx_word' id='word_1_40' title='bbox 1831 805 1992 875; x_wconf 85' lang='lat' dir='ltr'><strong>spiri-</strong></span> 
     </span>
    </p>
   </div>
   <div class='ocr_carea' id='block_1_6' title="bbox 405 896 1994 969">
    <p class='ocr_par' dir='ltr' id='par_1_6' title="bbox 405 896 1994 969">
     <span class='ocr_line' id='line_1_6' title="bbox 405 896 1994 969; baseline -0.004 -10"><span class='ocrx_word' id='word_1_41' title='bbox 405 904 568 960; x_wconf 84' lang='lat' dir='ltr'><strong>tualis</strong></span> <span class='ocrx_word' id='word_1_42' title='bbox 594 902 831 967; x_wconf 88' lang='lat' dir='ltr'><strong>alienus,</strong></span> <span class='ocrx_word' id='word_1_43' title='bbox 861 916 986 956; x_wconf 90' lang='lat' dir='ltr'><strong>eum</strong></span> <span class='ocrx_word' id='word_1_44' title='bbox 1017 900 1276 955; x_wconf 76' lang='lat' dir='ltr'><strong>Dominus</strong></span> <span class='ocrx_word' id='word_1_45' title='bbox 1303 899 1502 955; x_wconf 74' lang='lat' dir='ltr'><strong>divina:</strong></span> <span class='ocrx_word' id='word_1_46' title='bbox 1542 896 1836 969; x_wconf 69' lang='lat' dir='ltr'><strong>agnitionis</strong></span> <span class='ocrx_word' id='word_1_47' title='bbox 1875 896 1994 952; x_wconf 78' lang='lat' dir='ltr'><strong>tlte-</strong></span> 
     </span>
    </p>
   </div>
   <div class='ocr_carea' id='block_1_7' title="bbox 402 987 1990 1062">
    <p class='ocr_par' dir='ltr' id='par_1_7' title="bbox 402 987 1990 1062">
     <span class='ocr_line' id='line_1_7' title="bbox 402 987 1990 1062; baseline -0.007 -13"><span class='ocrx_word' id='word_1_48' title='bbox 402 1009 594 1050; x_wconf 87' lang='lat' dir='ltr'><strong>sauros</strong></span> <span class='ocrx_word' id='word_1_49' title='bbox 617 1000 782 1062; x_wconf 87' lang='lat' dir='ltr'><strong>atque</strong></span> <span class='ocrx_word' id='word_1_50' title='bbox 825 990 1043 1045; x_wconf 80' lang='lat' dir='ltr'><strong>divitias</strong></span> <span class='ocrx_word' id='word_1_51' title='bbox 1073 989 1347 1061; x_wconf 75' lang='lat' dir='ltr'><strong>gentibus,</strong></span> <span class='ocrx_word' id='word_1_52' title='bbox 1388 987 1642 1044; x_wconf 73' lang='lat' dir='ltr'><strong>sanitati</strong></span> <span class='ocrx_word' id='word_1_53' title='bbox 1686 987 1990 1042; x_wconf 65' lang='lat' dir='ltr'><strong>daemonum</strong></span> 
     </span>
    </p>
   </div>
   <div class='ocr_carea' id='block_1_8' title="bbox 403 1074 1995 1152">
    <p class='ocr_par' dir='ltr' id='par_1_8' title="bbox 403 1074 1995 1152">
     <span class='ocr_line' id='line_1_8' title="bbox 403 1074 1995 1152; baseline -0.008 -14"><span class='ocrx_word' id='word_1_54' title='bbox 403 1081 826 1152; x_wconf 87' lang='lat' dir='ltr'><strong>subjacentibus,</strong></span> <span class='ocrx_word' id='word_1_55' title='bbox 868 1077 1206 1134; x_wconf 80' lang='lat' dir='ltr'><strong>contulisset.</strong></span> <span class='ocrx_word' id='word_1_56' title='bbox 1250 1077 1493 1136; x_wconf 83' lang='lat' dir='ltr'><strong>Gentiles</strong></span> <span class='ocrx_word' id='word_1_57' title='bbox 1540 1076 1717 1139; x_wconf 91' lang='lat' dir='ltr'><strong>enim,</strong></span> <span class='ocrx_word' id='word_1_58' title='bbox 1754 1074 1846 1144; x_wconf 89' lang='lat' dir='ltr'><strong>qui</strong></span> <span class='ocrx_word' id='word_1_59' title='bbox 1895 1088 1995 1128; x_wconf 86' lang='lat' dir='ltr'><strong>na-</strong></span> 
     </span>
    </p>
   </div>
   <div class='ocr_carea' id='block_1_9' title="bbox 404 1163 1996 1236">
    <p class='ocr_par' dir='ltr' id='par_1_9' title="bbox 404 1163 1996 1236">
     <span class='ocr_line' id='line_1_9' title="bbox 404 1163 1996 1236; baseline -0.008 -6"><span class='ocrx_word' id='word_1_60' title='bbox 404 1184 528 1230; x_wconf 85' lang='lat' dir='ltr'><strong>tura</strong></span> <span class='ocrx_word' id='word_1_61' title='bbox 558 1169 917 1234; x_wconf 82' lang='lat' dir='ltr'><strong>substantiam</strong></span> <span class='ocrx_word' id='word_1_62' title='bbox 955 1167 1289 1223; x_wconf 87' lang='lat' dir='ltr'><strong>inﬁdelitatis</strong></span> <span class='ocrx_word' id='word_1_63' title='bbox 1319 1173 1800 1236; x_wconf 87' lang='lat' dir='ltr'><strong>consumpserant,</strong></span> <span class='ocrx_word' id='word_1_64' title='bbox 1837 1163 1996 1235; x_wconf 88' lang='lat' dir='ltr'><strong>egeni</strong></span> 
     </span>
    </p>
   </div>
   <div class='ocr_carea' id='block_1_10' title="bbox 403 1258 1991 1332">
    <p class='ocr_par' dir='ltr' id='par_1_10' title="bbox 403 1258 1991 1332">
     <span class='ocr_line' id='line_1_10' title="bbox 403 1258 1991 1332; baseline -0.003 -15"><span class='ocrx_word' id='word_1_65' title='bbox 403 1271 460 1317; x_wconf 91' lang='lat' dir='ltr'><strong>et</strong></span> <span class='ocrx_word' id='word_1_66' title='bbox 508 1276 772 1332; x_wconf 85' lang='lat' dir='ltr'><strong>pauperes</strong></span> <span class='ocrx_word' id='word_1_67' title='bbox 813 1267 989 1315; x_wconf 87' lang='lat' dir='ltr'><strong>erant.</strong></span> <span class='ocrx_word' id='word_1_68' title='bbox 1035 1258 1136 1328; x_wconf 82' lang='lat' dir='ltr'><strong>Hic</strong></span> <span class='ocrx_word' id='word_1_69' title='bbox 1179 1266 1360 1314; x_wconf 90' lang='lat' dir='ltr'><strong>autem</strong></span> <span class='ocrx_word' id='word_1_70' title='bbox 1405 1259 1679 1328; x_wconf 88' lang='lat' dir='ltr'><strong>principes</strong></span> <span class='ocrx_word' id='word_1_71' title='bbox 1707 1263 1764 1312; x_wconf 91' lang='lat' dir='ltr'><strong>et</strong></span> <span class='ocrx_word' id='word_1_72' title='bbox 1805 1270 1991 1312; x_wconf 82' lang='lat' dir='ltr'><strong>sacer-</strong></span> 
     </span>
    </p>
   </div>
   <div class='ocr_carea' id='block_1_11' title="bbox 404 1346 1996 1420">
    <p class='ocr_par' dir='ltr' id='par_1_11' title="bbox 404 1346 1996 1420">
     <span class='ocr_line' id='line_1_11' title="bbox 404 1346 1996 1420; baseline -0.003 -14"><span class='ocrx_word' id='word_1_73' title='bbox 404 1351 576 1415; x_wconf 87' lang='lat' dir='ltr'><strong>dotes,</strong></span> <span class='ocrx_word' id='word_1_74' title='bbox 616 1358 822 1406; x_wconf 84' lang='lat' dir='ltr'><strong>tutores</strong></span> <span class='ocrx_word' id='word_1_75' title='bbox 839 1357 897 1405; x_wconf 90' lang='lat' dir='ltr'><strong>et</strong></span> <span class='ocrx_word' id='word_1_76' title='bbox 937 1358 1148 1404; x_wconf 84' lang='lat' dir='ltr'><strong>actores</strong></span> <span class='ocrx_word' id='word_1_77' title='bbox 1167 1349 1435 1420; x_wconf 87' lang='lat' dir='ltr'><strong>appellat,</strong></span> <span class='ocrx_word' id='word_1_78' title='bbox 1468 1349 1559 1418; x_wconf 90' lang='lat' dir='ltr'><strong>qui</strong></span> <span class='ocrx_word' id='word_1_79' title='bbox 1601 1363 1765 1418; x_wconf 84' lang='lat' dir='ltr'><strong>super</strong></span> <span class='ocrx_word' id='word_1_80' title='bbox 1784 1346 1996 1417; x_wconf 83' lang='lat' dir='ltr'><strong>plebem</strong></span> 
     </span>
    </p>
   </div>
   <div class='ocr_carea' id='block_1_12' title="bbox 405 1435 1991 1503">
    <p class='ocr_par' dir='ltr' id='par_1_12' title="bbox 405 1435 1991 1503">
     <span class='ocr_line' id='line_1_12' title="bbox 405 1435 1991 1503; baseline -0.004 -7"><span class='ocrx_word' id='word_1_81' title='bbox 405 1438 664 1496; x_wconf 84' lang='lat' dir='ltr'><strong>exercere</strong></span> <span class='ocrx_word' id='word_1_82' title='bbox 689 1439 1012 1494; x_wconf 86' lang='lat' dir='ltr'><strong>videbantur</strong></span> <span class='ocrx_word' id='word_1_83' title='bbox 1050 1439 1402 1493; x_wconf 85' lang='lat' dir='ltr'><strong>dominatum.</strong></span> <span class='ocrx_word' id='word_1_84' title='bbox 1430 1436 1581 1503; x_wconf 85' lang='lat' dir='ltr'><strong>Quod</strong></span> <span class='ocrx_word' id='word_1_85' title='bbox 1607 1446 1790 1490; x_wconf 91' lang='lat' dir='ltr'><strong>autem</strong></span> <span class='ocrx_word' id='word_1_86' title='bbox 1817 1435 1949 1490; x_wconf 89' lang='lat' dir='ltr'><strong>dicit</strong></span> <span class='ocrx_word' id='word_1_87' title='bbox 1977 1454 1991 1490; x_wconf 88' lang='lat'><strong>:</strong></span> 
     </span>
    </p>
   </div>
   <div class='ocr_carea' id='block_1_13' title="bbox 478 1527 1998 1601">
    <p class='ocr_par' dir='ltr' id='par_1_13' title="bbox 478 1527 1998 1601">
     <span class='ocr_line' id='line_1_13' title="bbox 478 1527 1998 1601; baseline -0.002 -17"><span class='ocrx_word' id='word_1_88' title='bbox 478 1528 653 1601; x_wconf 83' lang='lat' dir='ltr'><strong>Usque</strong></span> <span class='ocrx_word' id='word_1_89' title='bbox 675 1529 746 1584; x_wconf 89' lang='lat' dir='ltr'><strong>ad</strong></span> <span class='ocrx_word' id='word_1_90' title='bbox 771 1529 1090 1599; x_wconf 68' lang='lat' dir='ltr'><strong>praeﬁnitum</strong></span> <span class='ocrx_word' id='word_1_91' title='bbox 1117 1538 1318 1598; x_wconf 84' lang='lat' dir='ltr'><strong>tempus</strong></span> <span class='ocrx_word' id='word_1_92' title='bbox 1347 1547 1382 1582; x_wconf 92' lang='lat' dir='ltr'><strong>a</strong></span> <span class='ocrx_word' id='word_1_93' title='bbox 1408 1537 1578 1598; x_wconf 83' lang='lat' dir='ltr'><strong>patre.</strong></span> <span class='ocrx_word' id='word_1_94' title='bbox 1618 1527 1752 1582; x_wconf 89' lang='lat' dir='ltr'><strong>Illud</strong></span> <span class='ocrx_word' id='word_1_95' title='bbox 1783 1536 1998 1596; x_wconf 83' lang='lat' dir='ltr'><strong>tempus</strong></span> 
     </span>
    </p>
   </div>
   <div class='ocr_carea' id='block_1_14' title="bbox 406 1615 1999 1690">
    <p class='ocr_par' dir='ltr' id='par_1_14' title="bbox 406 1615 1999 1690">
     <span class='ocr_line' id='line_1_14' title="bbox 406 1615 1999 1690; baseline -0.002 -16"><span class='ocrx_word' id='word_1_96' title='bbox 406 1618 667 1690; x_wconf 87' lang='lat' dir='ltr'><strong>intellige,</strong></span> <span class='ocrx_word' id='word_1_97' title='bbox 693 1634 804 1689; x_wconf 91' lang='lat' dir='ltr'><strong>quo</strong></span> <span class='ocrx_word' id='word_1_98' title='bbox 841 1627 998 1688; x_wconf 90' lang='lat' dir='ltr'><strong>pater</strong></span> <span class='ocrx_word' id='word_1_99' title='bbox 1026 1619 1141 1673; x_wconf 90' lang='lat' dir='ltr'><strong>vita</strong></span> <span class='ocrx_word' id='word_1_100' title='bbox 1181 1618 1472 1682; x_wconf 77' lang='lat' dir='ltr'><strong>excedens,</strong></span> <span class='ocrx_word' id='word_1_101' title='bbox 1510 1616 1678 1672; x_wconf 82' lang='lat' dir='ltr'><strong>lilium</strong></span> <span class='ocrx_word' id='word_1_102' title='bbox 1726 1615 1999 1672; x_wconf 84' lang='lat' dir='ltr'><strong>tutoribus</strong></span> 
     </span>
    </p>
   </div>
   <div class='ocr_carea' id='block_1_15' title="bbox 406 1707 1996 1782">
    <p class='ocr_par' dir='ltr' id='par_1_15' title="bbox 406 1707 1996 1782">
     <span class='ocr_line' id='line_1_15' title="bbox 406 1707 1996 1782; baseline -0.003 -14"><span class='ocrx_word' id='word_1_103' title='bbox 406 1723 465 1768; x_wconf 87' lang='lat' dir='ltr'><strong>et</strong></span> <span class='ocrx_word' id='word_1_104' title='bbox 493 1713 770 1769; x_wconf 89' lang='lat' dir='ltr'><strong>actoribus</strong></span> <span class='ocrx_word' id='word_1_105' title='bbox 811 1711 1036 1782; x_wconf 86' lang='lat' dir='ltr'><strong>provida</strong></span> <span class='ocrx_word' id='word_1_106' title='bbox 1079 1711 1425 1767; x_wconf 83' lang='lat' dir='ltr'><strong>ordinatione</strong></span> <span class='ocrx_word' id='word_1_107' title='bbox 1470 1709 1783 1766; x_wconf 81' lang='lat' dir='ltr'><strong>committit.</strong></span> <span class='ocrx_word' id='word_1_108' title='bbox 1831 1707 1996 1764; x_wconf 79' lang='lat' dir='ltr'><strong>Juxta</strong></span> 
     </span>
    </p>
   </div>
   <div class='ocr_carea' id='block_1_16' title="bbox 406 1800 2004 1878">
    <p class='ocr_par' dir='ltr' id='par_1_16' title="bbox 406 1800 2004 1878">
     <span class='ocr_line' id='line_1_16' title="bbox 406 1800 2004 1878; baseline -0.002 -19"><span class='ocrx_word' id='word_1_109' title='bbox 406 1817 572 1878; x_wconf 85' lang='lat' dir='ltr'><strong>quam</strong></span> <span class='ocrx_word' id='word_1_110' title='bbox 591 1804 1054 1875; x_wconf 81' lang='lat' dir='ltr'><strong>comparationem</strong></span> <span class='ocrx_word' id='word_1_111' title='bbox 1075 1801 1338 1874; x_wconf 84' lang='lat' dir='ltr'><strong>unigeniti</strong></span> <span class='ocrx_word' id='word_1_112' title='bbox 1363 1801 1526 1858; x_wconf 82' lang='lat' dir='ltr'><strong>Pater</strong></span> <span class='ocrx_word' id='word_1_113' title='bbox 1545 1800 1651 1874; x_wconf 81' lang='lat' dir='ltr'><strong>legi</strong></span> <span class='ocrx_word' id='word_1_114' title='bbox 1675 1807 1888 1871; x_wconf 83' lang='lat' dir='ltr'><strong>tempus</strong></span> <span class='ocrx_word' id='word_1_115' title='bbox 1909 1814 2004 1856; x_wconf 85' lang='lat' dir='ltr'><strong>us-</strong></span> 
     </span>
    </p>
   </div>
   <div class='ocr_carea' id='block_1_17' title="bbox 407 1893 1398 1968">
    <p class='ocr_par' dir='ltr' id='par_1_17' title="bbox 407 1893 1398 1968">
     <span class='ocr_line' id='line_1_17' title="bbox 407 1893 1398 1968; baseline -0.004 -17"><span class='ocrx_word' id='word_1_116' title='bbox 407 1911 514 1968; x_wconf 86' lang='lat' dir='ltr'><strong>que</strong></span> <span class='ocrx_word' id='word_1_117' title='bbox 538 1896 608 1952; x_wconf 87' lang='lat' dir='ltr'><strong>ad</strong></span> <span class='ocrx_word' id='word_1_118' title='bbox 627 1896 919 1951; x_wconf 88' lang='lat' dir='ltr'><strong>adventum</strong></span> <span class='ocrx_word' id='word_1_119' title='bbox 942 1893 1066 1950; x_wconf 82' lang='lat' dir='ltr'><strong>Filii</strong></span> <span class='ocrx_word' id='word_1_120' title='bbox 1089 1893 1398 1964; x_wconf 74' lang='lat' dir='ltr'><strong>praelinivit.</strong></span> 
     </span>
    </p>
   </div>
   <div class='ocr_carea' id='block_1_18' title="bbox 480 1982 2002 2055">
    <p class='ocr_par' dir='ltr' id='par_1_18' title="bbox 480 1982 2002 2055">
     <span class='ocr_line' id='line_1_18' title="bbox 480 1982 2002 2055; baseline -0.003 -14"><span class='ocrx_word' id='word_1_121' title='bbox 480 1987 568 2042; x_wconf 81' lang='grc' dir='ltr'><strong>ιω</strong></span> <span class='ocrx_word' id='word_1_122' title='bbox 595 1995 646 2042; x_wconf 93' lang='lat' dir='ltr'><strong>et</strong></span> <span class='ocrx_word' id='word_1_123' title='bbox 675 2003 769 2042; x_wconf 80' lang='lat' dir='ltr'><strong>nos</strong></span> <span class='ocrx_word' id='word_1_124' title='bbox 797 2003 916 2042; x_wconf 87' lang='lat' dir='ltr'><strong>cum</strong></span> <span class='ocrx_word' id='word_1_125' title='bbox 933 2002 1162 2040; x_wconf 85' lang='lat' dir='ltr'><strong>essemus</strong></span> <span class='ocrx_word' id='word_1_126' title='bbox 1189 1983 1412 2055; x_wconf 79' lang='lat' dir='ltr'><strong>parvuli,</strong></span> <span class='ocrx_word' id='word_1_127' title='bbox 1443 1983 1539 2038; x_wconf 87' lang='lat' dir='ltr'><strong>sub</strong></span> <span class='ocrx_word' id='word_1_128' title='bbox 1559 1982 1826 2039; x_wconf 81' lang='lat' dir='ltr'><strong>elementis</strong></span> <span class='ocrx_word' id='word_1_129' title='bbox 1845 1999 2002 2037; x_wconf 80' lang='lat' dir='ltr'><strong>muts-</strong></span> 
     </span>
    </p>
   </div>
   <div class='ocr_carea' id='block_1_19' title="bbox 412 2071 2001 2138">
    <p class='ocr_par' dir='ltr' id='par_1_19' title="bbox 412 2071 2001 2138">
     <span class='ocr_line' id='line_1_19' title="bbox 412 2071 2001 2138; baseline -0.003 -8"><span class='ocrx_word' id='word_1_130' title='bbox 412 2076 471 2131; x_wconf 85' lang='lat' dir='ltr'><strong>di</strong></span> <span class='ocrx_word' id='word_1_131' title='bbox 495 2091 706 2130; x_wconf 82' lang='lat' dir='ltr'><strong>eramus</strong></span> <span class='ocrx_word' id='word_1_132' title='bbox 751 2074 1048 2130; x_wconf 74' lang='lat' dir='ltr'><strong>servientes.</strong></span> <span class='ocrx_word' id='word_1_133' title='bbox 1099 2071 1160 2128; x_wconf 90' lang='lat' dir='ltr'><strong>id</strong></span> <span class='ocrx_word' id='word_1_134' title='bbox 1186 2080 1290 2138; x_wconf 91' lang='lat' dir='ltr'><strong>est,</strong></span> <span class='ocrx_word' id='word_1_135' title='bbox 1339 2072 1747 2136; x_wconf 85' lang='lat' dir='ltr'><strong>observationes</strong></span> <span class='ocrx_word' id='word_1_136' title='bbox 1793 2071 2001 2127; x_wconf 86' lang='lat' dir='ltr'><strong>dierum</strong></span> 
     </span>
    </p>
   </div>
   <div class='ocr_carea' id='block_1_20' title="bbox 411 2161 2003 2235">
    <p class='ocr_par' dir='ltr' id='par_1_20' title="bbox 411 2161 2003 2235">
     <span class='ocr_line' id='line_1_20' title="bbox 411 2161 2003 2235; baseline -0.004 -13"><span class='ocrx_word' id='word_1_137' title='bbox 411 2175 472 2223; x_wconf 92' lang='lat' dir='ltr'><strong>et</strong></span> <span class='ocrx_word' id='word_1_138' title='bbox 498 2173 826 2235; x_wconf 84' lang='lat' dir='ltr'><strong>temporum,</strong></span> <span class='ocrx_word' id='word_1_139' title='bbox 854 2178 992 2233; x_wconf 87' lang='lat' dir='ltr'><strong>quas</strong></span> <span class='ocrx_word' id='word_1_140' title='bbox 1024 2163 1126 2219; x_wconf 86' lang='lat' dir='ltr'><strong>sub</strong></span> <span class='ocrx_word' id='word_1_141' title='bbox 1149 2163 1254 2218; x_wconf 90' lang='lat' dir='ltr'><strong>hac</strong></span> <span class='ocrx_word' id='word_1_142' title='bbox 1293 2176 1477 2227; x_wconf 89' lang='lat' dir='ltr'><strong>causa,</strong></span> <span class='ocrx_word' id='word_1_143' title='bbox 1510 2175 1577 2216; x_wconf 91' lang='lat' dir='ltr'><strong>ne</strong></span> <span class='ocrx_word' id='word_1_144' title='bbox 1604 2175 1701 2230; x_wconf 91' lang='lat' dir='ltr'><strong>per</strong></span> <span class='ocrx_word' id='word_1_145' title='bbox 1732 2161 1905 2216; x_wconf 88' lang='lat' dir='ltr'><strong>otium</strong></span> <span class='ocrx_word' id='word_1_146' title='bbox 1932 2161 2003 2216; x_wconf 90' lang='lat' dir='ltr'><strong>ad</strong></span> 
     </span>
    </p>
   </div>
   <div class='ocr_carea' id='block_1_21' title="bbox 411 2248 2004 2325">
    <p class='ocr_par' dir='ltr' id='par_1_21' title="bbox 411 2248 2004 2325">
     <span class='ocr_line' id='line_1_21' title="bbox 411 2248 2004 2325; baseline -0.003 -15"><span class='ocrx_word' id='word_1_147' title='bbox 411 2255 550 2310; x_wconf 87' lang='lat' dir='ltr'><strong>idola</strong></span> <span class='ocrx_word' id='word_1_148' title='bbox 576 2268 950 2325; x_wconf 90' lang='lat' dir='ltr'><strong>evagaremur,</strong></span> <span class='ocrx_word' id='word_1_149' title='bbox 972 2252 1298 2322; x_wconf 88' lang='lat' dir='ltr'><strong>accepimus.</strong></span> <span class='ocrx_word' id='word_1_150' title='bbox 1333 2250 1390 2306; x_wconf 91' lang='lat' dir='ltr'><strong>Si</strong></span> <span class='ocrx_word' id='word_1_151' title='bbox 1411 2251 1561 2307; x_wconf 89' lang='lat' dir='ltr'><strong>enim</strong></span> <span class='ocrx_word' id='word_1_152' title='bbox 1585 2259 1642 2305; x_wconf 83' lang='lat' dir='ltr'><strong>et</strong></span> <span class='ocrx_word' id='word_1_153' title='bbox 1659 2248 1828 2305; x_wconf 63' lang='lat' dir='ltr'><strong>Judaei</strong></span> <span class='ocrx_word' id='word_1_154' title='bbox 1845 2260 2004 2305; x_wconf 86' lang='lat' dir='ltr'><strong>erant</strong></span> 
     </span>
    </p>
   </div>
   <div class='ocr_carea' id='block_1_22' title="bbox 411 2342 2006 2414">
    <p class='ocr_par' dir='ltr' id='par_1_22' title="bbox 411 2342 2006 2414">
     <span class='ocr_line' id='line_1_22' title="bbox 411 2342 2006 2414; baseline -0.005 -10"><span class='ocrx_word' id='word_1_155' title='bbox 411 2347 693 2404; x_wconf 85' lang='lat' dir='ltr'><strong>elementis</strong></span> <span class='ocrx_word' id='word_1_156' title='bbox 713 2346 1032 2410; x_wconf 85' lang='lat' dir='ltr'><strong>servientes,</strong></span> <span class='ocrx_word' id='word_1_157' title='bbox 1063 2344 1192 2414; x_wconf 91' lang='lat' dir='ltr'><strong>quid</strong></span> <span class='ocrx_word' id='word_1_158' title='bbox 1223 2342 1546 2398; x_wconf 85' lang='lat' dir='ltr'><strong>diﬁ&#39;erebant</strong></span> <span class='ocrx_word' id='word_1_159' title='bbox 1571 2357 1604 2396; x_wconf 91' lang='lat' dir='ltr'><strong>a</strong></span> <span class='ocrx_word' id='word_1_160' title='bbox 1627 2343 1889 2412; x_wconf 75' lang='lat' dir='ltr'><strong>paganis?</strong></span> <span class='ocrx_word' id='word_1_161' title='bbox 1907 2342 2006 2397; x_wconf 92' lang='lat' dir='ltr'><strong>Pa-</strong></span> 
     </span>
    </p>
   </div>
   <div class='ocr_carea' id='block_1_23' title="bbox 411 2431 2006 2508">
    <p class='ocr_par' dir='ltr' id='par_1_23' title="bbox 411 2431 2006 2508">
     <span class='ocr_line' id='line_1_23' title="bbox 411 2431 2006 2508; baseline -0.003 -16"><span class='ocrx_word' id='word_1_162' title='bbox 411 2453 582 2508; x_wconf 87' lang='lat' dir='ltr'><strong>ganos</strong></span> <span class='ocrx_word' id='word_1_163' title='bbox 601 2436 871 2492; x_wconf 88' lang='lat' dir='ltr'><strong>elementa</strong></span> <span class='ocrx_word' id='word_1_164' title='bbox 895 2435 1096 2501; x_wconf 90' lang='lat' dir='ltr'><strong>colere,</strong></span> <span class='ocrx_word' id='word_1_165' title='bbox 1137 2433 1389 2490; x_wconf 88' lang='lat' dir='ltr'><strong>omnibus</strong></span> <span class='ocrx_word' id='word_1_166' title='bbox 1420 2442 1606 2490; x_wconf 90' lang='lat' dir='ltr'><strong>notum</strong></span> <span class='ocrx_word' id='word_1_167' title='bbox 1649 2445 1754 2501; x_wconf 89' lang='lat' dir='ltr'><strong>est,</strong></span> <span class='ocrx_word' id='word_1_168' title='bbox 1791 2431 2006 2489; x_wconf 74' lang='lat' dir='ltr'><strong>Judmos</strong></span> 
     </span>
    </p>
   </div>
   <div class='ocr_carea' id='block_1_24' title="bbox 413 2524 2010 2591">
    <p class='ocr_par' dir='ltr' id='par_1_24' title="bbox 413 2524 2010 2591">
     <span class='ocr_line' id='line_1_24' title="bbox 413 2524 2010 2591; baseline -0.003 -8"><span class='ocrx_word' id='word_1_169' title='bbox 413 2536 597 2583; x_wconf 88' lang='lat' dir='ltr'><strong>autem</strong></span> <span class='ocrx_word' id='word_1_170' title='bbox 644 2542 752 2582; x_wconf 89' lang='lat' dir='ltr'><strong>non</strong></span> <span class='ocrx_word' id='word_1_171' title='bbox 793 2526 1108 2591; x_wconf 89' lang='lat' dir='ltr'><strong>elementis,</strong></span> <span class='ocrx_word' id='word_1_172' title='bbox 1156 2524 1254 2581; x_wconf 89' lang='lat' dir='ltr'><strong>sed</strong></span> <span class='ocrx_word' id='word_1_173' title='bbox 1299 2525 1402 2581; x_wconf 88' lang='lat' dir='ltr'><strong>sub</strong></span> <span class='ocrx_word' id='word_1_174' title='bbox 1447 2525 1730 2582; x_wconf 88' lang='lat' dir='ltr'><strong>elementis</strong></span> <span class='ocrx_word' id='word_1_175' title='bbox 1779 2526 2010 2582; x_wconf 89' lang='lat' dir='ltr'><strong>Domino</strong></span> 
     </span>
    </p>
   </div>
   <div class='ocr_carea' id='block_1_25' title="bbox 413 2613 2010 2686">
    <p class='ocr_par' dir='ltr' id='par_1_25' title="bbox 413 2613 2010 2686">
     <span class='ocr_line' id='line_1_25' title="bbox 413 2613 2010 2686; baseline -0.004 -12"><span class='ocrx_word' id='word_1_176' title='bbox 413 2618 674 2683; x_wconf 88' lang='lat' dir='ltr'><strong>servisse,</strong></span> <span class='ocrx_word' id='word_1_177' title='bbox 706 2624 932 2686; x_wconf 88' lang='lat' dir='ltr'><strong>propter</strong></span> <span class='ocrx_word' id='word_1_178' title='bbox 958 2613 1305 2676; x_wconf 72' lang='lat' dir='ltr'><strong>neom&#39;tenias,</strong></span> <span class='ocrx_word' id='word_1_179' title='bbox 1339 2622 1397 2669; x_wconf 90' lang='lat' dir='ltr'><strong>et</strong></span> <span class='ocrx_word' id='word_1_180' title='bbox 1417 2614 1668 2679; x_wconf 89' lang='lat' dir='ltr'><strong>sabbata,</strong></span> <span class='ocrx_word' id='word_1_181' title='bbox 1693 2623 1748 2669; x_wconf 91' lang='lat' dir='ltr'><strong>et</strong></span> <span class='ocrx_word' id='word_1_182' title='bbox 1773 2614 2010 2670; x_wconf 89' lang='lat' dir='ltr'><strong>circum-</strong></span> 
     </span>
    </p>
   </div>
   <div class='ocr_carea' id='block_1_26' title="bbox 414 2704 2002 2774">
    <p class='ocr_par' dir='ltr' id='par_1_26' title="bbox 414 2704 2002 2774">
     <span class='ocr_line' id='line_1_26' title="bbox 414 2704 2002 2774; baseline -0.006 -8"><span class='ocrx_word' id='word_1_183' title='bbox 414 2711 667 2774; x_wconf 87' lang='lat' dir='ltr'><strong>cisiones,</strong></span> <span class='ocrx_word' id='word_1_184' title='bbox 710 2715 765 2762; x_wconf 92' lang='lat' dir='ltr'><strong>et</strong></span> <span class='ocrx_word' id='word_1_185' title='bbox 808 2715 1006 2763; x_wconf 66' lang='lat' dir='ltr'><strong>caetera</strong></span> <span class='ocrx_word' id='word_1_186' title='bbox 1053 2705 1201 2760; x_wconf 89' lang='lat' dir='ltr'><strong>talia.</strong></span> <span class='ocrx_word' id='word_1_187' title='bbox 1250 2704 1376 2760; x_wconf 70' lang='lat' dir='ltr'><strong>Haec</strong></span> <span class='ocrx_word' id='word_1_188' title='bbox 1406 2705 1551 2760; x_wconf 89' lang='lat' dir='ltr'><strong>enim</strong></span> <span class='ocrx_word' id='word_1_189' title='bbox 1582 2704 1826 2760; x_wconf 86' lang='lat' dir='ltr'><strong>carnalia</strong></span> <span class='ocrx_word' id='word_1_190' title='bbox 1854 2712 2002 2760; x_wconf 90' lang='lat' dir='ltr'><strong>sunt.</strong></span> 
     </span>
    </p>
   </div>
   <div class='ocr_carea' id='block_1_27' title="bbox 415 2795 2012 2870">
    <p class='ocr_par' dir='ltr' id='par_1_27' title="bbox 415 2795 2012 2870">
     <span class='ocr_line' id='line_1_27' title="bbox 415 2795 2012 2870; baseline -0.004 -15"><span class='ocrx_word' id='word_1_191' title='bbox 415 2800 684 2870; x_wconf 85' lang='lat' dir='ltr'><strong>Quidquid</strong></span> <span class='ocrx_word' id='word_1_192' title='bbox 710 2799 856 2854; x_wconf 88' lang='lat' dir='ltr'><strong>enim</strong></span> <span class='ocrx_word' id='word_1_193' title='bbox 882 2797 1093 2852; x_wconf 89' lang='lat' dir='ltr'><strong>visibile</strong></span> <span class='ocrx_word' id='word_1_194' title='bbox 1139 2805 1246 2862; x_wconf 81' lang='lat' dir='ltr'><strong>est,</strong></span> <span class='ocrx_word' id='word_1_195' title='bbox 1290 2796 1514 2852; x_wconf 86' lang='lat' dir='ltr'><strong>carnale</strong></span> <span class='ocrx_word' id='word_1_196' title='bbox 1557 2803 1661 2861; x_wconf 91' lang='lat' dir='ltr'><strong>est,</strong></span> <span class='ocrx_word' id='word_1_197' title='bbox 1711 2804 1767 2851; x_wconf 93' lang='lat' dir='ltr'><strong>et</strong></span> <span class='ocrx_word' id='word_1_198' title='bbox 1811 2796 1876 2852; x_wconf 89' lang='lat' dir='ltr'><strong>de</strong></span> <span class='ocrx_word' id='word_1_199' title='bbox 1901 2795 2012 2850; x_wconf 90' lang='lat' dir='ltr'><strong>ele-</strong></span> 
     </span>
    </p>
   </div>
   <div class='ocr_carea' id='block_1_28' title="bbox 416 2888 2010 2961">
    <p class='ocr_par' dir='ltr' id='par_1_28' title="bbox 416 2888 2010 2961">
     <span class='ocr_line' id='line_1_28' title="bbox 416 2888 2010 2961; baseline -0.006 -11"><span class='ocrx_word' id='word_1_200' title='bbox 416 2893 617 2950; x_wconf 85' lang='lat' dir='ltr'><strong>mentis</strong></span> <span class='ocrx_word' id='word_1_201' title='bbox 645 2899 750 2948; x_wconf 91' lang='lat' dir='ltr'><strong>est.</strong></span> <span class='ocrx_word' id='word_1_202' title='bbox 781 2891 862 2944; x_wconf 80' lang='lat' dir='ltr'><strong>Ex</strong></span> <span class='ocrx_word' id='word_1_203' title='bbox 885 2904 948 2944; x_wconf 89' lang='lat' dir='ltr'><strong>ea</strong></span> <span class='ocrx_word' id='word_1_204' title='bbox 975 2889 1140 2961; x_wconf 91' lang='lat' dir='ltr'><strong>igitur</strong></span> <span class='ocrx_word' id='word_1_205' title='bbox 1162 2897 1335 2959; x_wconf 89' lang='lat' dir='ltr'><strong>parte,</strong></span> <span class='ocrx_word' id='word_1_206' title='bbox 1363 2903 1524 2958; x_wconf 90' lang='lat' dir='ltr'><strong>quam</strong></span> <span class='ocrx_word' id='word_1_207' title='bbox 1563 2904 1726 2959; x_wconf 87' lang='lat' dir='ltr'><strong>supra</strong></span> <span class='ocrx_word' id='word_1_208' title='bbox 1753 2888 2010 2954; x_wconf 80' lang='lat' dir='ltr'><strong>diximus,</strong></span> 
     </span>
    </p>
   </div>
   <div class='ocr_carea' id='block_1_29' title="bbox 417 2977 2012 3047">
    <p class='ocr_par' dir='ltr' id='par_1_29' title="bbox 417 2977 2012 3047">
     <span class='ocr_line' id='line_1_29' title="bbox 417 2977 2012 3047; baseline -0.005 -9"><span class='ocrx_word' id='word_1_209' title='bbox 417 2984 517 3039; x_wconf 90' lang='lat' dir='ltr'><strong>sub</strong></span> <span class='ocrx_word' id='word_1_210' title='bbox 538 2982 819 3038; x_wconf 88' lang='lat' dir='ltr'><strong>elementis</strong></span> <span class='ocrx_word' id='word_1_211' title='bbox 843 2979 1150 3036; x_wconf 83' lang='lat' dir='ltr'><strong>serviebant</strong></span> <span class='ocrx_word' id='word_1_212' title='bbox 1186 2977 1377 3034; x_wconf 71' lang='lat' dir='ltr'><strong>Judaei.</strong></span> <span class='ocrx_word' id='word_1_213' title='bbox 1410 2979 1490 3035; x_wconf 86' lang='lat' dir='ltr'><strong>Ex</strong></span> <span class='ocrx_word' id='word_1_214' title='bbox 1522 2979 1626 3033; x_wconf 85' lang='lat' dir='ltr'><strong>alia</strong></span> <span class='ocrx_word' id='word_1_215' title='bbox 1657 2987 1813 3047; x_wconf 84' lang='lat' dir='ltr'><strong>parte</strong></span> <span class='ocrx_word' id='word_1_216' title='bbox 1838 2978 2012 3047; x_wconf 81' lang='lat' dir='ltr'><strong>legem</strong></span> 
     </span>
    </p>
   </div>
   <div class='ocr_carea' id='block_1_30' title="bbox 416 3068 2010 3141">
    <p class='ocr_par' dir='ltr' id='par_1_30' title="bbox 416 3068 2010 3141">
     <span class='ocr_line' id='line_1_30' title="bbox 416 3068 2010 3141; baseline -0.006 -11"><span class='ocrx_word' id='word_1_217' title='bbox 416 3075 692 3130; x_wconf 83' lang='lat' dir='ltr'><strong>habebant</strong></span> <span class='ocrx_word' id='word_1_218' title='bbox 734 3071 1058 3141; x_wconf 84' lang='lat' dir='ltr'><strong>spiritalem,</strong></span> <span class='ocrx_word' id='word_1_219' title='bbox 1110 3084 1229 3137; x_wconf 75' lang='lat' dir='ltr'><strong>quae</strong></span> <span class='ocrx_word' id='word_1_220' title='bbox 1259 3077 1316 3126; x_wconf 89' lang='lat' dir='ltr'><strong>et</strong></span> <span class='ocrx_word' id='word_1_221' title='bbox 1354 3082 1586 3136; x_wconf 88' lang='lat' dir='ltr'><strong>peccare</strong></span> <span class='ocrx_word' id='word_1_222' title='bbox 1635 3068 1908 3135; x_wconf 85' lang='lat' dir='ltr'><strong>prohibet,</strong></span> <span class='ocrx_word' id='word_1_223' title='bbox 1957 3072 2010 3120; x_wconf 91' lang='lat' dir='ltr'><strong>et</strong></span> 
     </span>
    </p>
   </div>
   <div class='ocr_carea' id='block_1_31' title="bbox 418 3156 2014 3226">
    <p class='ocr_par' dir='ltr' id='par_1_31' title="bbox 418 3156 2014 3226">
     <span class='ocr_line' id='line_1_31' title="bbox 418 3156 2014 3226; baseline -0.004 -8"><span class='ocrx_word' id='word_1_224' title='bbox 418 3163 741 3218; x_wconf 80' lang='lat' dir='ltr'><strong>exhortatur</strong></span> <span class='ocrx_word' id='word_1_225' title='bbox 768 3161 838 3216; x_wconf 88' lang='lat' dir='ltr'><strong>ad</strong></span> <span class='ocrx_word' id='word_1_226' title='bbox 863 3159 1206 3214; x_wconf 89' lang='lat' dir='ltr'><strong>dilectionem</strong></span> <span class='ocrx_word' id='word_1_227' title='bbox 1234 3157 1447 3212; x_wconf 89' lang='lat' dir='ltr'><strong>Domini</strong></span> <span class='ocrx_word' id='word_1_228' title='bbox 1479 3157 1593 3222; x_wconf 81' lang='lat' dir='ltr'><strong>Dei,</strong></span> <span class='ocrx_word' id='word_1_229' title='bbox 1633 3156 1727 3226; x_wconf 92' lang='lat' dir='ltr'><strong>qui</strong></span> <span class='ocrx_word' id='word_1_230' title='bbox 1753 3165 2014 3212; x_wconf 88' lang='lat' dir='ltr'><strong>venturus</strong></span> 
     </span>
    </p>
   </div>
   <div class='ocr_carea' id='block_1_32' title="bbox 416 3247 1774 3321">
    <p class='ocr_par' dir='ltr' id='par_1_32' title="bbox 416 3247 1774 3321">
     <span class='ocr_line' id='line_1_32' title="bbox 416 3247 1774 3321; baseline -0.004 -15"><span class='ocrx_word' id='word_1_231' title='bbox 416 3253 498 3308; x_wconf 92' lang='lat' dir='ltr'><strong>eis</strong></span> <span class='ocrx_word' id='word_1_232' title='bbox 537 3252 715 3306; x_wconf 82' lang='lat' dir='ltr'><strong>fuerat</strong></span> <span class='ocrx_word' id='word_1_233' title='bbox 735 3250 1061 3321; x_wconf 90' lang='lat' dir='ltr'><strong>promissus,</strong></span> <span class='ocrx_word' id='word_1_234' title='bbox 1088 3248 1157 3303; x_wconf 88' lang='lat' dir='ltr'><strong>ad</strong></span> <span class='ocrx_word' id='word_1_235' title='bbox 1185 3247 1510 3302; x_wconf 89' lang='lat' dir='ltr'><strong>remittenda</strong></span> <span class='ocrx_word' id='word_1_236' title='bbox 1533 3256 1774 3316; x_wconf 72' lang='lat' dir='ltr'><strong>peccata.</strong></span> 
     </span>
    </p>
   </div>
   <div class='ocr_carea' id='block_1_33' title="bbox 497 3337 2020 3410">
    <p class='ocr_par' dir='ltr' id='par_1_33' title="bbox 497 3337 2020 3410">
     <span class='ocr_line' id='line_1_33' title="bbox 497 3337 2020 3410; baseline 0 -17"><span class='ocrx_word' id='word_1_237' title='bbox 497 3342 557 3396; x_wconf 75' lang='lat' dir='ltr'><strong>At</strong></span> <span class='ocrx_word' id='word_1_238' title='bbox 591 3342 676 3394; x_wconf 89' lang='lat' dir='ltr'><strong>ubi</strong></span> <span class='ocrx_word' id='word_1_239' title='bbox 703 3341 838 3394; x_wconf 75' lang='lat' dir='ltr'><strong>venit</strong></span> <span class='ocrx_word' id='word_1_240' title='bbox 878 3338 1146 3410; x_wconf 83' lang='lat' dir='ltr'><strong>plenitudo</strong></span> <span class='ocrx_word' id='word_1_241' title='bbox 1177 3339 1445 3408; x_wconf 84' lang='lat' dir='ltr'><strong>temporis,</strong></span> <span class='ocrx_word' id='word_1_242' title='bbox 1489 3339 1629 3391; x_wconf 88' lang='lat' dir='ltr'><strong>misit</strong></span> <span class='ocrx_word' id='word_1_243' title='bbox 1675 3337 2020 3393; x_wconf 81' lang='lat' dir='ltr'><strong>DamiuusFi-</strong></span> 
     </span>
    </p>
   </div>
   <div class='ocr_carea' id='block_1_34' title="bbox 419 3428 2015 3500">
    <p class='ocr_par' dir='ltr' id='par_1_34' title="bbox 419 3428 2015 3500">
     <span class='ocr_line' id='line_1_34' title="bbox 419 3428 2015 3500; baseline -0.003 -13"><span class='ocrx_word' id='word_1_244' title='bbox 419 3433 550 3487; x_wconf 88' lang='lat' dir='ltr'><strong>lium</strong></span> <span class='ocrx_word' id='word_1_245' title='bbox 576 3449 755 3486; x_wconf 70' lang='lat' dir='ltr'><strong>mum.</strong></span> <span class='ocrx_word' id='word_1_246' title='bbox 806 3431 865 3487; x_wconf 84' lang='lat' dir='ltr'><strong>id</strong></span> <span class='ocrx_word' id='word_1_247' title='bbox 907 3437 1011 3495; x_wconf 91' lang='lat' dir='ltr'><strong>est,</strong></span> <span class='ocrx_word' id='word_1_248' title='bbox 1057 3428 1274 3500; x_wconf 84' lang='lat' dir='ltr'><strong>quando</strong></span> <span class='ocrx_word' id='word_1_249' title='bbox 1307 3428 1422 3498; x_wconf 86' lang='lat' dir='ltr'><strong>jam</strong></span> <span class='ocrx_word' id='word_1_250' title='bbox 1447 3444 1546 3499; x_wconf 91' lang='lat' dir='ltr'><strong>per</strong></span> <span class='ocrx_word' id='word_1_251' title='bbox 1568 3428 2015 3486; x_wconf 86' lang='lat' dir='ltr'><strong>consuetudinem</strong></span> 
     </span>
    </p>
   </div>
   <div class='ocr_carea' id='block_1_35' title="bbox 421 3521 2014 3595">
    <p class='ocr_par' dir='ltr' id='par_1_35' title="bbox 421 3521 2014 3595">
     <span class='ocr_line' id='line_1_35' title="bbox 421 3521 2014 3595; baseline -0.003 -14"><span class='ocrx_word' id='word_1_252' title='bbox 421 3524 938 3595; x_wconf 87' lang='lat' dir='ltr'><strong>transgressionum,</strong></span> <span class='ocrx_word' id='word_1_253' title='bbox 976 3521 1148 3593; x_wconf 90' lang='lat' dir='ltr'><strong>legem</strong></span> <span class='ocrx_word' id='word_1_254' title='bbox 1192 3521 1281 3576; x_wconf 89' lang='lat' dir='ltr'><strong>vix</strong></span> <span class='ocrx_word' id='word_1_255' title='bbox 1326 3522 1482 3592; x_wconf 89' lang='lat' dir='ltr'><strong>pauci</strong></span> <span class='ocrx_word' id='word_1_256' title='bbox 1519 3528 1774 3591; x_wconf 88' lang='lat' dir='ltr'><strong>poterant</strong></span> <span class='ocrx_word' id='word_1_257' title='bbox 1821 3529 2014 3577; x_wconf 86' lang='lat' dir='ltr'><strong>custo-</strong></span> 
     </span>
    </p>
   </div>
   <div class='ocr_carea' id='block_1_36' title="bbox 422 3611 2014 3685">
    <p class='ocr_par' dir='ltr' id='par_1_36' title="bbox 422 3611 2014 3685">
     <span class='ocr_line' id='line_1_36' title="bbox 422 3611 2014 3685; baseline -0.004 -13"><span class='ocrx_word' id='word_1_258' title='bbox 422 3617 558 3672; x_wconf 90' lang='lat' dir='ltr'><strong>dire.</strong></span> <span class='ocrx_word' id='word_1_259' title='bbox 590 3614 690 3670; x_wconf 77' lang='lat' dir='ltr'><strong>Vel</strong></span> <span class='ocrx_word' id='word_1_260' title='bbox 727 3623 877 3670; x_wconf 89' lang='lat' dir='ltr'><strong>certe</strong></span> <span class='ocrx_word' id='word_1_261' title='bbox 902 3613 1181 3685; x_wconf 81' lang='lat' dir='ltr'><strong>plenitudo</strong></span> <span class='ocrx_word' id='word_1_262' title='bbox 1204 3621 1509 3683; x_wconf 87' lang='lat' dir='ltr'><strong>temporum</strong></span> <span class='ocrx_word' id='word_1_263' title='bbox 1533 3611 1882 3682; x_wconf 90' lang='lat' dir='ltr'><strong>intelligenda</strong></span> <span class='ocrx_word' id='word_1_264' title='bbox 1905 3618 2014 3676; x_wconf 89' lang='lat' dir='ltr'><strong>est,</strong></span> 
     </span>
    </p>
   </div>
   <div class='ocr_carea' id='block_1_37' title="bbox 422 3702 2020 3778">
    <p class='ocr_par' dir='ltr' id='par_1_37' title="bbox 422 3702 2020 3778">
     <span class='ocr_line' id='line_1_37' title="bbox 422 3702 2020 3778; baseline -0.004 -17"><span class='ocrx_word' id='word_1_265' title='bbox 422 3705 638 3778; x_wconf 86' lang='lat' dir='ltr'><strong>quando</strong></span> <span class='ocrx_word' id='word_1_266' title='bbox 662 3703 891 3759; x_wconf 81' lang='lat' dir='ltr'><strong>ﬂorente</strong></span> <span class='ocrx_word' id='word_1_267' title='bbox 936 3702 1148 3774; x_wconf 91' lang='lat' dir='ltr'><strong>populis</strong></span> <span class='ocrx_word' id='word_1_268' title='bbox 1190 3703 1409 3766; x_wconf 89' lang='lat' dir='ltr'><strong>mundo,</strong></span> <span class='ocrx_word' id='word_1_269' title='bbox 1441 3709 1802 3772; x_wconf 89' lang='lat' dir='ltr'><strong>opportunum</strong></span> <span class='ocrx_word' id='word_1_270' title='bbox 1827 3715 1892 3755; x_wconf 87' lang='lat' dir='ltr'><strong>ac</strong></span> <span class='ocrx_word' id='word_1_271' title='bbox 1928 3716 2020 3754; x_wconf 85' lang='lat' dir='ltr'><strong>sa-</strong></span> 
     </span>
    </p>
   </div>
   <div class='ocr_carea' id='block_1_38' title="bbox 423 3789 2019 3858">
    <p class='ocr_par' dir='ltr' id='par_1_38' title="bbox 423 3789 2019 3858">
     <span class='ocr_line' id='line_1_38' title="bbox 423 3789 2019 3858; baseline -0.004 -7"><span class='ocrx_word' id='word_1_272' title='bbox 423 3796 579 3852; x_wconf 91' lang='lat' dir='ltr'><strong>lubre</strong></span> <span class='ocrx_word' id='word_1_273' title='bbox 615 3793 844 3849; x_wconf 90' lang='lat' dir='ltr'><strong>Domino</strong></span> <span class='ocrx_word' id='word_1_274' title='bbox 887 3793 1062 3848; x_wconf 89' lang='lat' dir='ltr'><strong>visum</strong></span> <span class='ocrx_word' id='word_1_275' title='bbox 1106 3800 1210 3854; x_wconf 86' lang='lat' dir='ltr'><strong>est.</strong></span> <span class='ocrx_word' id='word_1_276' title='bbox 1250 3791 1484 3846; x_wconf 87' lang='lat' dir='ltr'><strong>remedia</strong></span> <span class='ocrx_word' id='word_1_277' title='bbox 1533 3791 1725 3854; x_wconf 80' lang='lat' dir='ltr'><strong>salutis</strong></span> <span class='ocrx_word' id='word_1_278' title='bbox 1765 3789 2019 3858; x_wconf 88' lang='lat' dir='ltr'><strong>gentibus</strong></span> 
     </span>
    </p>
   </div>
   <div class='ocr_carea' id='block_1_39' title="bbox 424 3876 2018 3954">
    <p class='ocr_par' dir='ltr' id='par_1_39' title="bbox 424 3876 2018 3954">
     <span class='ocr_line' id='line_1_39' title="bbox 424 3876 2018 3954; baseline -0.006 -12"><span class='ocrx_word' id='word_1_279' title='bbox 424 3886 703 3950; x_wconf 88' lang='lat' dir='ltr'><strong>exhibere,</strong></span> <span class='ocrx_word' id='word_1_280' title='bbox 733 3899 854 3954; x_wconf 75' lang='lat' dir='ltr'><strong>qua:</strong></span> <span class='ocrx_word' id='word_1_281' title='bbox 891 3880 1006 3951; x_wconf 85' lang='lat' dir='ltr'><strong>jam</strong></span> <span class='ocrx_word' id='word_1_282' title='bbox 1043 3889 1418 3952; x_wconf 89' lang='lat' dir='ltr'><strong>competenter</strong></span> <span class='ocrx_word' id='word_1_283' title='bbox 1445 3880 1617 3950; x_wconf 89' lang='lat' dir='ltr'><strong>possit</strong></span> <span class='ocrx_word' id='word_1_284' title='bbox 1652 3878 1791 3934; x_wconf 84' lang='lat' dir='ltr'><strong>sexti</strong></span> <span class='ocrx_word' id='word_1_285' title='bbox 1835 3876 2018 3933; x_wconf 71' lang='lat' dir='ltr'><strong>saeculi</strong></span> 
     </span>
    </p>
   </div>
   <div class='ocr_carea' id='block_1_40' title="bbox 424 3968 2019 4045">
    <p class='ocr_par' dir='ltr' id='par_1_40' title="bbox 424 3968 2019 4045">
     <span class='ocr_line' id='line_1_40' title="bbox 424 3968 2019 4045; baseline -0.009 -8"><span class='ocrx_word' id='word_1_286' title='bbox 424 3988 559 4036; x_wconf 76' lang='lat' dir='ltr'><strong>tetas</strong></span> <span class='ocrx_word' id='word_1_287' title='bbox 587 3986 781 4034; x_wconf 90' lang='lat' dir='ltr'><strong>natura</strong></span> <span class='ocrx_word' id='word_1_288' title='bbox 805 3975 1101 4045; x_wconf 88' lang='lat' dir='ltr'><strong>suscipere.</strong></span> <span class='ocrx_word' id='word_1_289' title='bbox 1126 3971 1410 4028; x_wconf 84' lang='lat' dir='ltr'><strong>Plenitudo</strong></span> <span class='ocrx_word' id='word_1_290' title='bbox 1434 3986 1564 4042; x_wconf 89' lang='lat' dir='ltr'><strong>ergo</strong></span> <span class='ocrx_word' id='word_1_291' title='bbox 1591 3968 1867 4040; x_wconf 88' lang='lat' dir='ltr'><strong>temporis,</strong></span> <span class='ocrx_word' id='word_1_292' title='bbox 1886 3976 2019 4024; x_wconf 73' lang='lat' dir='ltr'><strong>tetas</strong></span> 
     </span>
    </p>
   </div>
   <div class='ocr_carea' id='block_1_41' title="bbox 429 4057 2020 4131">
    <p class='ocr_par' dir='ltr' id='par_1_41' title="bbox 429 4057 2020 4131">
     <span class='ocr_line' id='line_1_41' title="bbox 429 4057 2020 4131; baseline -0.009 -5"><span class='ocrx_word' id='word_1_293' title='bbox 429 4069 615 4126; x_wconf 90' lang='lat' dir='ltr'><strong>mundi</strong></span> <span class='ocrx_word' id='word_1_294' title='bbox 645 4064 981 4124; x_wconf 89' lang='lat' dir='ltr'><strong>senescentis</strong></span> <span class='ocrx_word' id='word_1_295' title='bbox 1009 4077 1075 4116; x_wconf 85' lang='lat' dir='ltr'><strong>ex</strong></span> <span class='ocrx_word' id='word_1_296' title='bbox 1125 4062 1285 4116; x_wconf 88' lang='lat' dir='ltr'><strong>venia</strong></span> <span class='ocrx_word' id='word_1_297' title='bbox 1330 4059 1558 4131; x_wconf 79' lang='lat' dir='ltr'><strong>intelligi</strong></span> <span class='ocrx_word' id='word_1_298' title='bbox 1599 4066 1798 4129; x_wconf 89' lang='lat' dir='ltr'><strong>potest,</strong></span> <span class='ocrx_word' id='word_1_299' title='bbox 1829 4057 1882 4112; x_wconf 95' lang='lat' dir='ltr'><strong>in</strong></span> <span class='ocrx_word' id='word_1_300' title='bbox 1909 4073 2020 4128; x_wconf 90' lang='lat' dir='ltr'><strong>qua</strong></span> 
     </span>
    </p>
   </div>
   <div class='ocr_carea' id='block_1_42' title="bbox 425 4148 2020 4222">
    <p class='ocr_par' dir='ltr' id='par_1_42' title="bbox 425 4148 2020 4222">
     <span class='ocr_line' id='line_1_42' title="bbox 425 4148 2020 4222; baseline -0.009 -4"><span class='ocrx_word' id='word_1_301' title='bbox 425 4162 478 4219; x_wconf 93' lang='lat' dir='ltr'><strong>ei</strong></span> <span class='ocrx_word' id='word_1_302' title='bbox 505 4157 578 4216; x_wconf 86' lang='lat' dir='ltr'><strong>ita</strong></span> <span class='ocrx_word' id='word_1_303' title='bbox 605 4159 895 4216; x_wconf 87' lang='lat' dir='ltr'><strong>commissa</strong></span> <span class='ocrx_word' id='word_1_304' title='bbox 923 4163 978 4211; x_wconf 91' lang='lat' dir='ltr'><strong>et</strong></span> <span class='ocrx_word' id='word_1_305' title='bbox 1007 4154 1216 4210; x_wconf 91' lang='lat' dir='ltr'><strong>credita</strong></span> <span class='ocrx_word' id='word_1_306' title='bbox 1237 4161 1320 4208; x_wconf 91' lang='lat' dir='ltr'><strong>est</strong></span> <span class='ocrx_word' id='word_1_307' title='bbox 1344 4151 1594 4208; x_wconf 86' lang='lat' dir='ltr'><strong>veritatis</strong></span> <span class='ocrx_word' id='word_1_308' title='bbox 1617 4150 1845 4222; x_wconf 87' lang='lat' dir='ltr'><strong>agnitio,</strong></span> <span class='ocrx_word' id='word_1_309' title='bbox 1877 4148 2020 4204; x_wconf 89' lang='lat' dir='ltr'><strong>sicut</strong></span> 
     </span>
    </p>
   </div>
   <div class='ocr_carea' id='block_1_43' title="bbox 425 4239 2020 4324">
    <p class='ocr_par' dir='ltr' id='par_1_43' title="bbox 425 4239 2020 4324">
     <span class='ocr_line' id='line_1_43' title="bbox 425 4239 2020 4324; baseline -0.011 -15"><span class='ocrx_word' id='word_1_310' title='bbox 425 4251 673 4324; x_wconf 87' lang='lat' dir='ltr'><strong>profecto</strong></span> <span class='ocrx_word' id='word_1_311' title='bbox 697 4248 853 4304; x_wconf 90' lang='lat' dir='ltr'><strong>annis</strong></span> <span class='ocrx_word' id='word_1_312' title='bbox 895 4245 1030 4313; x_wconf 80' lang='lat' dir='ltr'><strong>lilio,</strong></span> <span class='ocrx_word' id='word_1_313' title='bbox 1071 4253 1219 4300; x_wconf 81' lang='lat' dir='ltr'><strong>recte</strong></span> <span class='ocrx_word' id='word_1_314' title='bbox 1264 4239 1657 4314; x_wconf 87' lang='lat' dir='ltr'><strong>profundarum</strong></span> <span class='ocrx_word' id='word_1_315' title='bbox 1687 4255 1869 4295; x_wconf 89' lang='lat' dir='ltr'><strong>rerum</strong></span> <span class='ocrx_word' id='word_1_316' title='bbox 1901 4252 2020 4293; x_wconf 87' lang='lat' dir='ltr'><strong>cre-</strong></span> 
     </span>
    </p>
   </div>
   <div class='ocr_carea' id='block_1_44' title="bbox 429 4331 2018 4406">
    <p class='ocr_par' dir='ltr' id='par_1_44' title="bbox 429 4331 2018 4406">
     <span class='ocr_line' id='line_1_44' title="bbox 429 4331 2018 4406; baseline -0.008 -8"><span class='ocrx_word' id='word_1_317' title='bbox 429 4343 576 4398; x_wconf 87' lang='lat' dir='ltr'><strong>ditur</strong></span> <span class='ocrx_word' id='word_1_318' title='bbox 620 4339 912 4403; x_wconf 89' lang='lat' dir='ltr'><strong>institutio,</strong></span> <span class='ocrx_word' id='word_1_319' title='bbox 961 4344 1018 4393; x_wconf 93' lang='lat' dir='ltr'><strong>et</strong></span> <span class='ocrx_word' id='word_1_320' title='bbox 1050 4351 1183 4392; x_wconf 87' lang='lat' dir='ltr'><strong>sane</strong></span> <span class='ocrx_word' id='word_1_321' title='bbox 1224 4334 1497 4406; x_wconf 67' lang='lat' dir='ltr'><strong>prmterita</strong></span> <span class='ocrx_word' id='word_1_322' title='bbox 1541 4331 1762 4398; x_wconf 63' lang='lat' dir='ltr'><strong>saecula,</strong></span> <span class='ocrx_word' id='word_1_323' title='bbox 1813 4346 1934 4401; x_wconf 79' lang='lat' dir='ltr'><strong>qua:</strong></span> <span class='ocrx_word' id='word_1_324' title='bbox 1962 4332 2018 4386; x_wconf 91' lang='lat' dir='ltr'><strong>in</strong></span> 
     </span>
    </p>
   </div>
   <div class='ocr_carea' id='block_1_45' title="bbox 430 4422 2022 4503">
    <p class='ocr_par' dir='ltr' id='par_1_45' title="bbox 430 4422 2022 4503">
     <span class='ocr_line' id='line_1_45' title="bbox 430 4422 2022 4503; baseline -0.007 -16"><span class='ocrx_word' id='word_1_325' title='bbox 430 4433 613 4503; x_wconf 89' lang='lat' dir='ltr'><strong>primo</strong></span> <span class='ocrx_word' id='word_1_326' title='bbox 646 4438 873 4499; x_wconf 87' lang='lat' dir='ltr'><strong>parente</strong></span> <span class='ocrx_word' id='word_1_327' title='bbox 898 4435 1086 4483; x_wconf 87' lang='lat' dir='ltr'><strong>nostro</strong></span> <span class='ocrx_word' id='word_1_328' title='bbox 1113 4441 1208 4482; x_wconf 86' lang='lat' dir='ltr'><strong>rea</strong></span> <span class='ocrx_word' id='word_1_329' title='bbox 1245 4425 1348 4482; x_wconf 89' lang='lat' dir='ltr'><strong>sub</strong></span> <span class='ocrx_word' id='word_1_330' title='bbox 1374 4424 1627 4481; x_wconf 90' lang='lat' dir='ltr'><strong>infernali</strong></span> <span class='ocrx_word' id='word_1_331' title='bbox 1650 4422 1920 4494; x_wconf 89' lang='lat' dir='ltr'><strong>ergastulo</strong></span> <span class='ocrx_word' id='word_1_332' title='bbox 1942 4429 2022 4476; x_wconf 88' lang='lat' dir='ltr'><strong>te-</strong></span> 
     </span>
    </p>
   </div>
   <div class='ocr_carea' id='block_1_46' title="bbox 432 4510 2021 4588">
    <p class='ocr_par' dir='ltr' id='par_1_46' title="bbox 432 4510 2021 4588">
     <span class='ocr_line' id='line_1_46' title="bbox 432 4510 2021 4588; baseline -0.007 -14"><span class='ocrx_word' id='word_1_333' title='bbox 432 4520 725 4586; x_wconf 86' lang='lat' dir='ltr'><strong>nebantur,</strong></span> <span class='ocrx_word' id='word_1_334' title='bbox 768 4517 927 4588; x_wconf 91' lang='lat' dir='ltr'><strong>longa</strong></span> <span class='ocrx_word' id='word_1_335' title='bbox 956 4515 1266 4586; x_wconf 86' lang='lat' dir='ltr'><strong>indigebant</strong></span> <span class='ocrx_word' id='word_1_336' title='bbox 1292 4515 1571 4577; x_wconf 87' lang='lat' dir='ltr'><strong>dilatione,</strong></span> <span class='ocrx_word' id='word_1_337' title='bbox 1602 4521 1660 4567; x_wconf 89' lang='lat' dir='ltr'><strong>ut</strong></span> <span class='ocrx_word' id='word_1_338' title='bbox 1697 4513 1811 4583; x_wconf 87' lang='lat' dir='ltr'><strong>jam</strong></span> <span class='ocrx_word' id='word_1_339' title='bbox 1837 4510 2021 4566; x_wconf 87' lang='lat' dir='ltr'><strong>multis</strong></span> 
     </span>
    </p>
   </div>
   <div class='ocr_carea' id='block_1_47' title="bbox 434 4604 2017 4680">
    <p class='ocr_par' dir='ltr' id='par_1_47' title="bbox 434 4604 2017 4680">
     <span class='ocr_line' id='line_1_47' title="bbox 434 4604 2017 4680; baseline -0.004 -15"><span class='ocrx_word' id='word_1_340' title='bbox 434 4608 768 4680; x_wconf 87' lang='lat' dir='ltr'><strong>temporibus</strong></span> <span class='ocrx_word' id='word_1_341' title='bbox 807 4607 1112 4676; x_wconf 72' lang='lat' dir='ltr'><strong>expiatione</strong></span> <span class='ocrx_word' id='word_1_342' title='bbox 1139 4604 1343 4661; x_wconf 87' lang='lat' dir='ltr'><strong>Christi</strong></span> <span class='ocrx_word' id='word_1_343' title='bbox 1371 4605 1735 4659; x_wconf 88' lang='lat' dir='ltr'><strong>liberarentur</strong></span> <span class='ocrx_word' id='word_1_344' title='bbox 1762 4605 2017 4659; x_wconf 86' lang='lat' dir='ltr'><strong>adventu.</strong></span> 
     </span>
    </p>
   </div>
   <div class='ocr_carea' id='block_1_48' title="bbox 485 4693 2018 4764">
    <p class='ocr_par' dir='ltr' id='par_1_48' title="bbox 485 4693 2018 4764">
     <span class='ocr_line' id='line_1_48' title="bbox 485 4693 2018 4764; baseline -0.005 -10"><span class='ocrx_word' id='word_1_345' title='bbox 485 4697 732 4754; x_wconf 75' lang='lat' dir='ltr'><strong>Factum</strong></span> <span class='ocrx_word' id='word_1_346' title='bbox 770 4713 836 4752; x_wconf 81' lang='lat' dir='ltr'><strong>ea:</strong></span> <span class='ocrx_word' id='word_1_347' title='bbox 880 4693 1120 4750; x_wconf 81' lang='lat' dir='ltr'><strong>muliere.</strong></span> <span class='ocrx_word' id='word_1_348' title='bbox 1173 4693 1382 4756; x_wconf 80' lang='lat' dir='ltr'><strong>Mulier,</strong></span> <span class='ocrx_word' id='word_1_349' title='bbox 1434 4709 1542 4748; x_wconf 91' lang='lat' dir='ltr'><strong>non</strong></span> <span class='ocrx_word' id='word_1_350' title='bbox 1586 4693 2018 4764; x_wconf 89' lang='lat' dir='ltr'><strong>corruptionem,</strong></span> 
     </span>
    </p>
   </div>
   <div class='ocr_carea' id='block_1_49' title="bbox 435 4783 2034 4866">
    <p class='ocr_par' dir='ltr' id='par_1_49' title="bbox 435 4783 2034 4866">
     <span class='ocr_line' id='line_1_49' title="bbox 435 4783 2034 4866; baseline -0.011 -16"><span class='ocrx_word' id='word_1_351' title='bbox 435 4792 533 4849; x_wconf 86' lang='lat' dir='ltr'><strong>sed</strong></span> <span class='ocrx_word' id='word_1_352' title='bbox 555 4805 743 4847; x_wconf 80' lang='lat' dir='ltr'><strong>sexum</strong></span> <span class='ocrx_word' id='word_1_353' title='bbox 787 4786 1075 4866; x_wconf 85' lang='lat' dir='ltr'><strong>significat.</strong></span> <span class='ocrx_word' id='word_1_354' title='bbox 1122 4786 1365 4856; x_wconf 90' lang='lat' dir='ltr'><strong>Denique</strong></span> <span class='ocrx_word' id='word_1_355' title='bbox 1406 4785 1518 4842; x_wconf 85' lang='lat' dir='ltr'><strong>Eva</strong></span> <span class='ocrx_word' id='word_1_356' title='bbox 1567 4786 1748 4842; x_wconf 91' lang='lat' dir='ltr'><strong>statim</strong></span> <span class='ocrx_word' id='word_1_357' title='bbox 1791 4791 1850 4838; x_wconf 91' lang='lat' dir='ltr'><strong>ut</strong></span> <span class='ocrx_word' id='word_1_358' title='bbox 1875 4783 2034 4839; x_wconf 89' lang='lat' dir='ltr'><strong>facta.</strong></span> 
     </span>
    </p>
   </div>
   <div class='ocr_carea' id='block_1_50' title="bbox 434 4875 2022 4952">
    <p class='ocr_par' dir='ltr' id='par_1_50' title="bbox 434 4875 2022 4952">
     <span class='ocr_line' id='line_1_50' title="bbox 434 4875 2022 4952; baseline -0.008 -10"><span class='ocrx_word' id='word_1_359' title='bbox 434 4887 542 4951; x_wconf 74' lang='lat' dir='ltr'><strong>est,</strong></span> <span class='ocrx_word' id='word_1_360' title='bbox 573 4883 767 4938; x_wconf 88' lang='lat' dir='ltr'><strong>mulier</strong></span> <span class='ocrx_word' id='word_1_361' title='bbox 792 4879 1091 4952; x_wconf 90' lang='lat' dir='ltr'><strong>appellatur</strong></span> <span class='ocrx_word' id='word_1_362' title='bbox 1115 4877 1266 4952; x_wconf 81' lang='lat' dir='ltr'><strong>(Gen.</strong></span> <span class='ocrx_word' id='word_1_363' title='bbox 1299 4895 1337 4933; x_wconf 83' lang='grc' dir='ltr'><strong>ιι</strong></span> <span class='ocrx_word' id='word_1_364' title='bbox 1364 4879 1404 4950; x_wconf 92' lang='grc'><strong>).</strong></span> <span class='ocrx_word' id='word_1_365' title='bbox 1436 4878 1504 4934; x_wconf 89' lang='lat' dir='ltr'><strong>Et</strong></span> <span class='ocrx_word' id='word_1_366' title='bbox 1530 4879 1645 4947; x_wconf 88' lang='lat' dir='ltr'><strong>ipse</strong></span> <span class='ocrx_word' id='word_1_367' title='bbox 1667 4876 1928 4932; x_wconf 90' lang='lat' dir='ltr'><strong>Dominus</strong></span> <span class='ocrx_word' id='word_1_368' title='bbox 1952 4875 2022 4930; x_wconf 89' lang='lat' dir='ltr'><strong>ad</strong></span> 
     </span>
    </p>
   </div>
   <div class='ocr_carea' id='block_1_51' title="bbox 435 4966 2017 5039">
    <p class='ocr_par' dir='ltr' id='par_1_51' title="bbox 435 4966 2017 5039">
     <span class='ocr_line' id='line_1_51' title="bbox 435 4966 2017 5039; baseline -0.009 -6"><span class='ocrx_word' id='word_1_369' title='bbox 435 4985 667 5033; x_wconf 86' lang='lat' dir='ltr'><strong>matrem</strong></span> <span class='ocrx_word' id='word_1_370' title='bbox 688 4971 856 5038; x_wconf 82' lang='lat' dir='ltr'><strong>:Quid</strong></span> <span class='ocrx_word' id='word_1_371' title='bbox 899 4972 1028 5026; x_wconf 78' lang='lat' dir='ltr'><strong>mihi</strong></span> <span class='ocrx_word' id='word_1_372' title='bbox 1068 4979 1116 5025; x_wconf 87' lang='lat' dir='ltr'><strong>et</strong></span> <span class='ocrx_word' id='word_1_373' title='bbox 1145 4969 1261 5036; x_wconf 84' lang='lat' dir='ltr'><strong>tibi,</strong></span> <span class='ocrx_word' id='word_1_374' title='bbox 1293 4969 1492 5039; x_wconf 88' lang='lat' dir='ltr'><strong>inquit,</strong></span> <span class='ocrx_word' id='word_1_375' title='bbox 1522 4977 1596 5023; x_wconf 88' lang='lat' dir='ltr'><strong>est</strong></span> <span class='ocrx_word' id='word_1_376' title='bbox 1628 4966 1817 5022; x_wconf 83' lang='lat' dir='ltr'><strong>mulier</strong></span> <span class='ocrx_word' id='word_1_377' title='bbox 1835 4966 2017 5037; x_wconf 80' lang='lat' dir='ltr'><strong>(locu.</strong></span> 
     </span>
    </p>
   </div>
   <div class='ocr_carea' id='block_1_52' title="bbox 435 5060 2026 5139">
    <p class='ocr_par' dir='ltr' id='par_1_52' title="bbox 435 5060 2026 5139">
     <span class='ocr_line' id='line_1_52' title="bbox 435 5060 2026 5139; baseline -0.009 -15"><span class='ocrx_word' id='word_1_378' title='bbox 435 5067 524 5139; x_wconf 82' lang='lat' dir='ltr'><strong>tt).</strong></span> <span class='ocrx_word' id='word_1_379' title='bbox 552 5067 610 5120; x_wconf 93' lang='lat' dir='ltr'><strong>In</strong></span> <span class='ocrx_word' id='word_1_380' title='bbox 632 5080 698 5120; x_wconf 92' lang='lat' dir='ltr'><strong>eo</strong></span> <span class='ocrx_word' id='word_1_381' title='bbox 725 5071 906 5118; x_wconf 88' lang='lat' dir='ltr'><strong>autem</strong></span> <span class='ocrx_word' id='word_1_382' title='bbox 931 5063 1073 5132; x_wconf 91' lang='lat' dir='ltr'><strong>quod</strong></span> <span class='ocrx_word' id='word_1_383' title='bbox 1118 5061 1284 5116; x_wconf 91' lang='lat' dir='ltr'><strong>dicit:</strong></span> <span class='ocrx_word' id='word_1_384' title='bbox 1335 5060 1415 5114; x_wconf 89' lang='lat' dir='ltr'><strong>Ex</strong></span> <span class='ocrx_word' id='word_1_385' title='bbox 1443 5060 1688 5123; x_wconf 89' lang='lat' dir='ltr'><strong>muliere,</strong></span> <span class='ocrx_word' id='word_1_386' title='bbox 1737 5063 2026 5122; x_wconf 86' lang='lat' dir='ltr'><strong>monstrat,</strong></span> 
     </span>
    </p>
   </div>
   <div class='ocr_carea' id='block_1_53' title="bbox 437 5147 2026 5213">
    <p class='ocr_par' dir='ltr' id='par_1_53' title="bbox 437 5147 2026 5213">
     <span class='ocr_line' id='line_1_53' title="bbox 437 5147 2026 5213; baseline -0.007 0"><span class='ocrx_word' id='word_1_387' title='bbox 437 5172 547 5213; x_wconf 92' lang='lat' dir='ltr'><strong>non</strong></span> <span class='ocrx_word' id='word_1_388' title='bbox 589 5168 740 5209; x_wconf 89' lang='lat' dir='ltr'><strong>more</strong></span> <span class='ocrx_word' id='word_1_389' title='bbox 773 5153 935 5210; x_wconf 87' lang='lat' dir='ltr'><strong>solito</strong></span> <span class='ocrx_word' id='word_1_390' title='bbox 977 5169 1046 5209; x_wconf 89' lang='lat' dir='ltr'><strong>ex</strong></span> <span class='ocrx_word' id='word_1_391' title='bbox 1094 5159 1363 5208; x_wconf 87' lang='lat' dir='ltr'><strong>conventu</strong></span> <span class='ocrx_word' id='word_1_392' title='bbox 1403 5151 1506 5207; x_wconf 89' lang='lat' dir='ltr'><strong>viri</strong></span> <span class='ocrx_word' id='word_1_393' title='bbox 1541 5158 1598 5207; x_wconf 92' lang='lat' dir='ltr'><strong>et</strong></span> <span class='ocrx_word' id='word_1_394' title='bbox 1640 5149 1880 5212; x_wconf 70' lang='lat' dir='ltr'><strong>feminae,</strong></span> <span class='ocrx_word' id='word_1_395' title='bbox 1928 5147 2026 5204; x_wconf 90' lang='lat' dir='ltr'><strong>sed</strong></span> 
     </span>
    </p>
   </div>
   <div class='ocr_carea' id='block_1_54' title="bbox 437 5239 2027 5319">
    <p class='ocr_par' dir='ltr' id='par_1_54' title="bbox 437 5239 2027 5319">
     <span class='ocr_line' id='line_1_54' title="bbox 437 5239 2027 5319; baseline -0.005 -18"><span class='ocrx_word' id='word_1_396' title='bbox 437 5263 536 5319; x_wconf 80' lang='lat' dir='ltr'><strong>per</strong></span> <span class='ocrx_word' id='word_1_397' title='bbox 559 5244 822 5316; x_wconf 88' lang='lat' dir='ltr'><strong>Spiritum</strong></span> <span class='ocrx_word' id='word_1_398' title='bbox 865 5251 1112 5299; x_wconf 89' lang='lat' dir='ltr'><strong>sanctum</strong></span> <span class='ocrx_word' id='word_1_399' title='bbox 1153 5258 1220 5298; x_wconf 91' lang='lat' dir='ltr'><strong>ex</strong></span> <span class='ocrx_word' id='word_1_400' title='bbox 1251 5252 1426 5299; x_wconf 90' lang='lat' dir='ltr'><strong>matre</strong></span> <span class='ocrx_word' id='word_1_401' title='bbox 1475 5249 1707 5305; x_wconf 86' lang='lat' dir='ltr'><strong>tantum,</strong></span> <span class='ocrx_word' id='word_1_402' title='bbox 1753 5239 2027 5295; x_wconf 86' lang='lat' dir='ltr'><strong>Christum</strong></span> 
     </span>
    </p>
   </div>
   <div class='ocr_carea' id='block_1_55' title="bbox 440 5328 2027 5402">
    <p class='ocr_par' dir='ltr' id='par_1_55' title="bbox 440 5328 2027 5402">
     <span class='ocr_line' id='line_1_55' title="bbox 440 5328 2027 5402; baseline -0.008 -8"><span class='ocrx_word' id='word_1_403' title='bbox 440 5334 867 5398; x_wconf 82' lang='lat' dir='ltr'><strong>incarnationem</strong></span> <span class='ocrx_word' id='word_1_404' title='bbox 897 5331 1134 5388; x_wconf 87' lang='lat' dir='ltr'><strong>hominis</strong></span> <span class='ocrx_word' id='word_1_405' title='bbox 1161 5333 1485 5402; x_wconf 83' lang='lat' dir='ltr'><strong>suscepisse.</strong></span> <span class='ocrx_word' id='word_1_406' title='bbox 1524 5329 1659 5386; x_wconf 85' lang='lat' dir='ltr'><strong>Nam</strong></span> <span class='ocrx_word' id='word_1_407' title='bbox 1697 5328 1840 5384; x_wconf 90' lang='lat' dir='ltr'><strong>idem</strong></span> <span class='ocrx_word' id='word_1_408' title='bbox 1880 5328 2027 5398; x_wconf 83' lang='lat' dir='ltr'><strong>Apo-</strong></span> 
     </span>
    </p>
   </div>
   <div class='ocr_carea' id='block_1_56' title="bbox 442 5417 2029 5486">
    <p class='ocr_par' dir='ltr' id='par_1_56' title="bbox 442 5417 2029 5486">
     <span class='ocr_line' id='line_1_56' title="bbox 442 5417 2029 5486; baseline -0.007 -2"><span class='ocrx_word' id='word_1_409' title='bbox 442 5426 617 5484; x_wconf 85' lang='lat' dir='ltr'><strong>stolus</strong></span> <span class='ocrx_word' id='word_1_410' title='bbox 644 5423 712 5479; x_wconf 91' lang='lat' dir='ltr'><strong>ad</strong></span> <span class='ocrx_word' id='word_1_411' title='bbox 741 5421 1052 5479; x_wconf 86' lang='lat' dir='ltr'><strong>Corinthios</strong></span> <span class='ocrx_word' id='word_1_412' title='bbox 1070 5421 1182 5475; x_wconf 90' lang='lat' dir='ltr'><strong>ait:</strong></span> <span class='ocrx_word' id='word_1_413' title='bbox 1219 5419 1365 5486; x_wconf 80' lang='lat' dir='ltr'><strong>Sicut</strong></span> <span class='ocrx_word' id='word_1_414' title='bbox 1398 5418 1591 5474; x_wconf 82' lang='lat' dir='ltr'><strong>mulier</strong></span> <span class='ocrx_word' id='word_1_415' title='bbox 1629 5433 1695 5473; x_wconf 79' lang='lat' dir='ltr'><strong>ea:</strong></span> <span class='ocrx_word' id='word_1_416' title='bbox 1723 5417 1855 5481; x_wconf 77' lang='lat' dir='ltr'><strong>viro,</strong></span> <span class='ocrx_word' id='word_1_417' title='bbox 1885 5417 1960 5471; x_wconf 80' lang='lat' dir='ltr'><strong>ita</strong></span> <span class='ocrx_word' id='word_1_418' title='bbox 1979 5423 2029 5474; x_wconf 85' lang='lat' dir='ltr'><strong>et</strong></span> 
     </span>
    </p>
   </div>
   <div class='ocr_carea' id='block_1_57' title="bbox 442 5507 2028 5592">
    <p class='ocr_par' dir='ltr' id='par_1_57' title="bbox 442 5507 2028 5592">
     <span class='ocr_line' id='line_1_57' title="bbox 442 5507 2028 5592; baseline -0.009 -17"><span class='ocrx_word' id='word_1_419' title='bbox 442 5523 522 5576; x_wconf 81' lang='lat' dir='ltr'><strong>vir</strong></span> <span class='ocrx_word' id='word_1_420' title='bbox 545 5535 638 5592; x_wconf 85' lang='lat' dir='ltr'><strong>per</strong></span> <span class='ocrx_word' id='word_1_421' title='bbox 669 5514 940 5572; x_wconf 86' lang='lat' dir='ltr'><strong>mulierem</strong></span> <span class='ocrx_word' id='word_1_422' title='bbox 981 5513 1034 5586; x_wconf 90' lang='grc' dir='ltr'><strong>(Ι</strong></span> <span class='ocrx_word' id='word_1_423' title='bbox 1059 5511 1181 5568; x_wconf 89' lang='lat' dir='ltr'><strong>Car.</strong></span> <span class='ocrx_word' id='word_1_424' title='bbox 1211 5512 1323 5585; x_wconf 78' lang='lat' dir='ltr'><strong>XI).</strong></span> <span class='ocrx_word' id='word_1_425' title='bbox 1359 5511 1513 5568; x_wconf 88' lang='lat' dir='ltr'><strong>Unde</strong></span> <span class='ocrx_word' id='word_1_426' title='bbox 1562 5511 1703 5566; x_wconf 89' lang='lat' dir='ltr'><strong>sicut</strong></span> <span class='ocrx_word' id='word_1_427' title='bbox 1745 5509 1802 5564; x_wconf 95' lang='lat' dir='ltr'><strong>in</strong></span> <span class='ocrx_word' id='word_1_428' title='bbox 1827 5507 2028 5580; x_wconf 90' lang='lat' dir='ltr'><strong>princi-</strong></span> 
     </span>
    </p>
   </div>
   <div class='ocr_carea' id='block_1_58' title="bbox 443 5599 2028 5680">
    <p class='ocr_par' dir='ltr' id='par_1_58' title="bbox 443 5599 2028 5680">
     <span class='ocr_line' id='line_1_58' title="bbox 443 5599 2028 5680; baseline -0.008 -17"><span class='ocrx_word' id='word_1_429' title='bbox 443 5609 534 5680; x_wconf 89' lang='lat' dir='ltr'><strong>pio</strong></span> <span class='ocrx_word' id='word_1_430' title='bbox 560 5605 944 5679; x_wconf 88' lang='lat' dir='ltr'><strong>generationis,</strong></span> <span class='ocrx_word' id='word_1_431' title='bbox 997 5602 1186 5658; x_wconf 90' lang='lat' dir='ltr'><strong>mulier</strong></span> <span class='ocrx_word' id='word_1_432' title='bbox 1219 5617 1288 5656; x_wconf 91' lang='lat' dir='ltr'><strong>ex</strong></span> <span class='ocrx_word' id='word_1_433' title='bbox 1315 5602 1434 5657; x_wconf 83' lang='lat' dir='ltr'><strong>viro</strong></span> <span class='ocrx_word' id='word_1_434' title='bbox 1476 5609 1688 5670; x_wconf 89' lang='lat' dir='ltr'><strong>sumpta</strong></span> <span class='ocrx_word' id='word_1_435' title='bbox 1717 5607 1822 5666; x_wconf 87' lang='lat' dir='ltr'><strong>est,</strong></span> <span class='ocrx_word' id='word_1_436' title='bbox 1869 5599 1945 5654; x_wconf 89' lang='lat' dir='ltr'><strong>ita</strong></span> <span class='ocrx_word' id='word_1_437' title='bbox 1972 5603 2028 5653; x_wconf 88' lang='lat' dir='ltr'><strong>et</strong></span> 
     </span>
    </p>
   </div>
   <div class='ocr_carea' id='block_1_59' title="bbox 445 5695 2023 5754">
    <p class='ocr_par' dir='ltr' id='par_1_59' title="bbox 445 5695 2023 5754">
     <span class='ocr_line' id='line_1_59' title="bbox 445 5695 2023 5754; baseline -0.006 -2"><span class='ocrx_word' id='word_1_438' title='bbox 445 5699 695 5754; x_wconf 86' lang='lat' dir='ltr'><strong>Christus</strong></span> <span class='ocrx_word' id='word_1_439' title='bbox 743 5695 1036 5753; x_wconf 87' lang='lat' dir='ltr'><strong>secundum</strong></span> <span class='ocrx_word' id='word_1_440' title='bbox 1080 5707 1300 5749; x_wconf 90' lang='lat' dir='ltr'><strong>carnem</strong></span> <span class='ocrx_word' id='word_1_441' title='bbox 1326 5707 1395 5748; x_wconf 93' lang='lat' dir='ltr'><strong>ex</strong></span> <span class='ocrx_word' id='word_1_442' title='bbox 1441 5701 1614 5747; x_wconf 88' lang='lat' dir='ltr'><strong>matre</strong></span> <span class='ocrx_word' id='word_1_443' title='bbox 1660 5699 1872 5747; x_wconf 89' lang='lat' dir='ltr'><strong>tantum</strong></span> <span class='ocrx_word' id='word_1_444' title='bbox 1917 5697 2023 5744; x_wconf 89' lang='lat' dir='ltr'><strong>est.</strong></span> 
     </span>
    </p>
   </div>
   <div class='ocr_carea' id='block_1_60' title="bbox 449 5785 2026 5858">
    <p class='ocr_par' dir='ltr' id='par_1_60' title="bbox 449 5785 2026 5858">
     <span class='ocr_line' id='line_1_60' title="bbox 449 5785 2026 5858; baseline -0.003 -14"><span class='ocrx_word' id='word_1_445' title='bbox 449 5788 628 5844; x_wconf 80' lang='lat' dir='ltr'><strong>Prima</strong></span> <span class='ocrx_word' id='word_1_446' title='bbox 655 5787 890 5845; x_wconf 84' lang='lat' dir='ltr'><strong>hominis</strong></span> <span class='ocrx_word' id='word_1_447' title='bbox 913 5787 1173 5854; x_wconf 90' lang='lat' dir='ltr'><strong>conditio,</strong></span> <span class='ocrx_word' id='word_1_448' title='bbox 1203 5785 1328 5858; x_wconf 86' lang='lat' dir='ltr'><strong>quia</strong></span> <span class='ocrx_word' id='word_1_449' title='bbox 1358 5786 1568 5857; x_wconf 89' lang='lat' dir='ltr'><strong>primus</strong></span> <span class='ocrx_word' id='word_1_450' title='bbox 1611 5787 1774 5842; x_wconf 89' lang='lat' dir='ltr'><strong>homo</strong></span> <span class='ocrx_word' id='word_1_451' title='bbox 1800 5799 1906 5842; x_wconf 89' lang='lat' dir='ltr'><strong>non</strong></span> <span class='ocrx_word' id='word_1_452' title='bbox 1944 5792 2026 5840; x_wconf 83' lang='lat' dir='ltr'><strong>est</strong></span> 
     </span>
    </p>
   </div>
   <div class='ocr_carea' id='block_1_61' title="bbox 2087 625 3678 697">
    <p class='ocr_par' dir='ltr' id='par_1_61' title="bbox 2087 625 3678 697">
     <span class='ocr_line' id='line_1_61' title="bbox 2087 625 3678 697; baseline 0.009 -18"><span class='ocrx_word' id='word_1_453' title='bbox 2087 639 2152 679; x_wconf 89' lang='lat' dir='ltr'><strong>ex</strong></span> <span class='ocrx_word' id='word_1_454' title='bbox 2181 626 2296 681; x_wconf 89' lang='lat' dir='ltr'><strong>viro</strong></span> <span class='ocrx_word' id='word_1_455' title='bbox 2324 633 2381 682; x_wconf 87' lang='lat' dir='ltr'><strong>et</strong></span> <span class='ocrx_word' id='word_1_456' title='bbox 2403 625 2622 682; x_wconf 90' lang='lat' dir='ltr'><strong>femina.</strong></span> <span class='ocrx_word' id='word_1_457' title='bbox 2669 627 2894 697; x_wconf 84' lang='lat' dir='ltr'><strong>Quarta,</strong></span> <span class='ocrx_word' id='word_1_458' title='bbox 2921 630 3015 687; x_wconf 87' lang='lat' dir='ltr'><strong>Dei</strong></span> <span class='ocrx_word' id='word_1_459' title='bbox 3055 641 3113 688; x_wconf 90' lang='lat' dir='ltr'><strong>et</strong></span> <span class='ocrx_word' id='word_1_460' title='bbox 3151 633 3389 690; x_wconf 79' lang='lat' dir='ltr'><strong>hominis</strong></span> <span class='ocrx_word' id='word_1_461' title='bbox 3415 636 3536 692; x_wconf 82' lang='lat' dir='ltr'><strong>sine</strong></span> <span class='ocrx_word' id='word_1_462' title='bbox 3557 638 3678 695; x_wconf 86' lang='lat' dir='ltr'><strong>viro</strong></span> 
     </span>
    </p>
   </div>
   <div class='ocr_carea' id='block_1_62' title="bbox 2089 715 3677 786">
    <p class='ocr_par' dir='ltr' id='par_1_62' title="bbox 2089 715 3677 786">
     <span class='ocr_line' id='line_1_62' title="bbox 2089 715 3677 786; baseline 0.008 -14"><span class='ocrx_word' id='word_1_463' title='bbox 2089 716 2158 772; x_wconf 86' lang='lat' dir='ltr'><strong>de</strong></span> <span class='ocrx_word' id='word_1_464' title='bbox 2181 716 2403 772; x_wconf 79' lang='lat' dir='ltr'><strong>femina.</strong></span> <span class='ocrx_word' id='word_1_465' title='bbox 2447 715 2568 775; x_wconf 70' lang='lat' dir='ltr'><strong>iam</strong></span> <span class='ocrx_word' id='word_1_466' title='bbox 2610 726 2731 774; x_wconf 90' lang='lat' dir='ltr'><strong>erat</strong></span> <span class='ocrx_word' id='word_1_467' title='bbox 2758 735 2889 786; x_wconf 90' lang='lat' dir='ltr'><strong>una,</strong></span> <span class='ocrx_word' id='word_1_468' title='bbox 2935 720 3054 778; x_wconf 87' lang='lat' dir='ltr'><strong>sine</strong></span> <span class='ocrx_word' id='word_1_469' title='bbox 3077 724 3199 780; x_wconf 77' lang='lat' dir='ltr'><strong>viro</strong></span> <span class='ocrx_word' id='word_1_470' title='bbox 3225 733 3284 780; x_wconf 91' lang='lat' dir='ltr'><strong>et</strong></span> <span class='ocrx_word' id='word_1_471' title='bbox 3310 723 3531 782; x_wconf 82' lang='lat' dir='ltr'><strong>femina.</strong></span> <span class='ocrx_word' id='word_1_472' title='bbox 3584 729 3677 783; x_wconf 80' lang='lat' dir='ltr'><strong>Al-</strong></span> 
     </span>
    </p>
   </div>
   <div class='ocr_carea' id='block_1_63' title="bbox 2089 807 3674 877">
    <p class='ocr_par' dir='ltr' id='par_1_63' title="bbox 2089 807 3674 877">
     <span class='ocr_line' id='line_1_63' title="bbox 2089 807 3674 877; baseline 0.008 -16"><span class='ocrx_word' id='word_1_473' title='bbox 2089 815 2207 862; x_wconf 88' lang='lat' dir='ltr'><strong>tera</strong></span> <span class='ocrx_word' id='word_1_474' title='bbox 2231 807 2300 863; x_wconf 89' lang='lat' dir='ltr'><strong>de</strong></span> <span class='ocrx_word' id='word_1_475' title='bbox 2322 807 2443 863; x_wconf 80' lang='lat' dir='ltr'><strong>viro</strong></span> <span class='ocrx_word' id='word_1_476' title='bbox 2471 810 2592 864; x_wconf 87' lang='lat' dir='ltr'><strong>sine</strong></span> <span class='ocrx_word' id='word_1_477' title='bbox 2617 807 2838 864; x_wconf 85' lang='lat' dir='ltr'><strong>femina.</strong></span> <span class='ocrx_word' id='word_1_478' title='bbox 2869 810 3074 877; x_wconf 89' lang='lat' dir='ltr'><strong>Tertia,</strong></span> <span class='ocrx_word' id='word_1_479' title='bbox 3102 814 3170 869; x_wconf 88' lang='lat' dir='ltr'><strong>de</strong></span> <span class='ocrx_word' id='word_1_480' title='bbox 3211 814 3330 870; x_wconf 88' lang='lat' dir='ltr'><strong>viro</strong></span> <span class='ocrx_word' id='word_1_481' title='bbox 3357 826 3415 871; x_wconf 91' lang='lat' dir='ltr'><strong>et</strong></span> <span class='ocrx_word' id='word_1_482' title='bbox 3450 816 3674 873; x_wconf 88' lang='lat' dir='ltr'><strong>femina.</strong></span> 
     </span>
    </p>
   </div>
   <div class='ocr_carea' id='block_1_64' title="bbox 2090 897 3677 978">
    <p class='ocr_par' dir='ltr' id='par_1_64' title="bbox 2090 897 3677 978">
     <span class='ocr_line' id='line_1_64' title="bbox 2090 897 3677 978; baseline 0.008 -26"><span class='ocrx_word' id='word_1_483' title='bbox 2090 897 2352 954; x_wconf 81' lang='lat' dir='ltr'><strong>Restabat</strong></span> <span class='ocrx_word' id='word_1_484' title='bbox 2373 907 2567 968; x_wconf 86' lang='lat' dir='ltr'><strong>quarta</strong></span> <span class='ocrx_word' id='word_1_485' title='bbox 2589 900 2708 955; x_wconf 90' lang='lat' dir='ltr'><strong>sine</strong></span> <span class='ocrx_word' id='word_1_486' title='bbox 2734 901 2854 956; x_wconf 90' lang='lat' dir='ltr'><strong>viro</strong></span> <span class='ocrx_word' id='word_1_487' title='bbox 2875 901 2945 956; x_wconf 91' lang='lat' dir='ltr'><strong>de</strong></span> <span class='ocrx_word' id='word_1_488' title='bbox 2973 901 3194 957; x_wconf 88' lang='lat' dir='ltr'><strong>femina.</strong></span> <span class='ocrx_word' id='word_1_489' title='bbox 3222 903 3328 961; x_wconf 64' lang='lat' dir='ltr'><strong>scd</strong></span> <span class='ocrx_word' id='word_1_490' title='bbox 3353 906 3455 962; x_wconf 89' lang='lat' dir='ltr'><strong>ista</strong></span> <span class='ocrx_word' id='word_1_491' title='bbox 3480 919 3677 978; x_wconf 87' lang='lat' dir='ltr'><strong>quarta</strong></span> 
     </span>
    </p>
   </div>
   <div class='ocr_carea' id='block_1_65' title="bbox 2089 987 3678 1072">
    <p class='ocr_par' dir='ltr' id='par_1_65' title="bbox 2089 987 3678 1072">
     <span class='ocr_line' id='line_1_65' title="bbox 2089 987 3678 1072; baseline 0.013 -32"><span class='ocrx_word' id='word_1_492' title='bbox 2089 987 2343 1042; x_wconf 90' lang='lat' dir='ltr'><strong>liberavit</strong></span> <span class='ocrx_word' id='word_1_493' title='bbox 2371 997 2501 1054; x_wconf 90' lang='lat' dir='ltr'><strong>tres,</strong></span> <span class='ocrx_word' id='word_1_494' title='bbox 2533 989 2738 1045; x_wconf 85' lang='lat' dir='ltr'><strong>factum</strong></span> <span class='ocrx_word' id='word_1_495' title='bbox 2766 992 2866 1046; x_wconf 88' lang='lat' dir='ltr'><strong>sub</strong></span> <span class='ocrx_word' id='word_1_496' title='bbox 2903 992 3040 1062; x_wconf 81' lang='lat' dir='ltr'><strong>lege,</strong></span> <span class='ocrx_word' id='word_1_497' title='bbox 3068 1002 3128 1048; x_wconf 88' lang='lat' dir='ltr'><strong>ut</strong></span> <span class='ocrx_word' id='word_1_498' title='bbox 3155 1009 3251 1050; x_wconf 88' lang='lat' dir='ltr'><strong>eos</strong></span> <span class='ocrx_word' id='word_1_499' title='bbox 3282 998 3375 1066; x_wconf 90' lang='lat' dir='ltr'><strong>qui</strong></span> <span class='ocrx_word' id='word_1_500' title='bbox 3418 999 3520 1054; x_wconf 87' lang='lat' dir='ltr'><strong>sub</strong></span> <span class='ocrx_word' id='word_1_501' title='bbox 3559 1001 3678 1072; x_wconf 84' lang='lat' dir='ltr'><strong>lege</strong></span> 
     </span>
    </p>
   </div>
   <div class='ocr_carea' id='block_1_66' title="bbox 2092 1081 3676 1161">
    <p class='ocr_par' dir='ltr' id='par_1_66' title="bbox 2092 1081 3676 1161">
     <span class='ocr_line' id='line_1_66' title="bbox 2092 1081 3676 1161; baseline 0.007 -25"><span class='ocrx_word' id='word_1_502' title='bbox 2092 1088 2272 1146; x_wconf 87' lang='lat' dir='ltr'><strong>erant,</strong></span> <span class='ocrx_word' id='word_1_503' title='bbox 2299 1081 2612 1136; x_wconf 86' lang='lat' dir='ltr'><strong>redimeret.</strong></span> <span class='ocrx_word' id='word_1_504' title='bbox 2661 1082 2780 1153; x_wconf 90' lang='lat' dir='ltr'><strong>Ipse</strong></span> <span class='ocrx_word' id='word_1_505' title='bbox 2818 1084 2965 1138; x_wconf 89' lang='lat' dir='ltr'><strong>enim</strong></span> <span class='ocrx_word' id='word_1_506' title='bbox 2993 1086 3094 1140; x_wconf 87' lang='lat' dir='ltr'><strong>sub</strong></span> <span class='ocrx_word' id='word_1_507' title='bbox 3122 1085 3241 1157; x_wconf 87' lang='lat' dir='ltr'><strong>lege</strong></span> <span class='ocrx_word' id='word_1_508' title='bbox 3281 1095 3395 1143; x_wconf 81' lang='lat' dir='ltr'><strong>tam</strong></span> <span class='ocrx_word' id='word_1_509' title='bbox 3431 1091 3521 1145; x_wconf 92' lang='lat' dir='ltr'><strong>diu</strong></span> <span class='ocrx_word' id='word_1_510' title='bbox 3553 1091 3676 1161; x_wconf 83' lang='lat' dir='ltr'><strong>fuit,</strong></span> 
     </span>
    </p>
   </div>
   <div class='ocr_carea' id='block_1_67' title="bbox 2094 1171 3682 1248">
    <p class='ocr_par' dir='ltr' id='par_1_67' title="bbox 2094 1171 3682 1248">
     <span class='ocr_line' id='line_1_67' title="bbox 2094 1171 3682 1248; baseline 0.008 -22"><span class='ocrx_word' id='word_1_511' title='bbox 2094 1171 2267 1228; x_wconf 90' lang='lat' dir='ltr'><strong>donec</strong></span> <span class='ocrx_word' id='word_1_512' title='bbox 2299 1172 2606 1242; x_wconf 67' lang='lat' dir='ltr'><strong>baptizatus</strong></span> <span class='ocrx_word' id='word_1_513' title='bbox 2648 1173 2780 1228; x_wconf 85' lang='lat' dir='ltr'><strong>Novi</strong></span> <span class='ocrx_word' id='word_1_514' title='bbox 2827 1175 3157 1231; x_wconf 87' lang='lat' dir='ltr'><strong>Tcstamenti</strong></span> <span class='ocrx_word' id='word_1_515' title='bbox 3203 1178 3464 1248; x_wconf 90' lang='lat' dir='ltr'><strong>inciperet</strong></span> <span class='ocrx_word' id='word_1_516' title='bbox 3506 1181 3682 1240; x_wconf 86' lang='lat' dir='ltr'><strong>Evan-</strong></span> 
     </span>
    </p>
   </div>
   <div class='ocr_carea' id='block_1_68' title="bbox 2094 1262 3678 1342">
    <p class='ocr_par' dir='ltr' id='par_1_68' title="bbox 2094 1262 3678 1342">
     <span class='ocr_line' id='line_1_68' title="bbox 2094 1262 3678 1342; baseline 0.01 -26"><span class='ocrx_word' id='word_1_517' title='bbox 2094 1262 2292 1334; x_wconf 89' lang='lat' dir='ltr'><strong>gelium</strong></span> <span class='ocrx_word' id='word_1_518' title='bbox 2321 1264 2654 1334; x_wconf 74' lang='lat' dir='ltr'><strong>praedicare:</strong></span> <span class='ocrx_word' id='word_1_519' title='bbox 2684 1265 2785 1332; x_wconf 85' lang='lat' dir='ltr'><strong>Qui</strong></span> <span class='ocrx_word' id='word_1_520' title='bbox 2807 1267 2851 1320; x_wconf 90' lang='lat' dir='ltr'><strong>si</strong></span> <span class='ocrx_word' id='word_1_521' title='bbox 2875 1267 2978 1321; x_wconf 88' lang='lat' dir='ltr'><strong>sub</strong></span> <span class='ocrx_word' id='word_1_522' title='bbox 3016 1267 3132 1339; x_wconf 86' lang='lat' dir='ltr'><strong>lege</strong></span> <span class='ocrx_word' id='word_1_523' title='bbox 3161 1269 3334 1327; x_wconf 81' lang='lat' dir='ltr'><strong>factus</strong></span> <span class='ocrx_word' id='word_1_524' title='bbox 3361 1288 3468 1328; x_wconf 89' lang='lat' dir='ltr'><strong>non</strong></span> <span class='ocrx_word' id='word_1_525' title='bbox 3515 1285 3678 1342; x_wconf 86' lang='lat' dir='ltr'><strong>esset,</strong></span> 
     </span>
    </p>
   </div>
   <div class='ocr_carea' id='block_1_69' title="bbox 2095 1352 3684 1435">
    <p class='ocr_par' dir='ltr' id='par_1_69' title="bbox 2095 1352 3684 1435">
     <span class='ocr_line' id='line_1_69' title="bbox 2095 1352 3684 1435; baseline 0.011 -30"><span class='ocrx_word' id='word_1_526' title='bbox 2095 1368 2203 1406; x_wconf 91' lang='lat' dir='ltr'><strong>non</strong></span> <span class='ocrx_word' id='word_1_527' title='bbox 2228 1353 2385 1409; x_wconf 86' lang='lat' dir='ltr'><strong>facile</strong></span> <span class='ocrx_word' id='word_1_528' title='bbox 2431 1352 2647 1410; x_wconf 68' lang='lat' dir='ltr'><strong>Judseos</strong></span> <span class='ocrx_word' id='word_1_529' title='bbox 2672 1356 2741 1410; x_wconf 89' lang='lat' dir='ltr'><strong>ad</strong></span> <span class='ocrx_word' id='word_1_530' title='bbox 2767 1357 3129 1414; x_wconf 88' lang='lat' dir='ltr'><strong>obedientiam</strong></span> <span class='ocrx_word' id='word_1_531' title='bbox 3157 1375 3452 1429; x_wconf 73' lang='lat' dir='ltr'><strong>provocare</strong></span> <span class='ocrx_word' id='word_1_532' title='bbox 3478 1369 3684 1435; x_wconf 85' lang='lat' dir='ltr'><strong>potuis-</strong></span> 
     </span>
    </p>
   </div>
   <div class='ocr_carea' id='block_1_70' title="bbox 2097 1445 3682 1522">
    <p class='ocr_par' dir='ltr' id='par_1_70' title="bbox 2097 1445 3682 1522">
     <span class='ocr_line' id='line_1_70' title="bbox 2097 1445 3682 1522; baseline 0.009 -24"><span class='ocrx_word' id='word_1_533' title='bbox 2097 1452 2198 1498; x_wconf 88' lang='lat' dir='ltr'><strong>set.</strong></span> <span class='ocrx_word' id='word_1_534' title='bbox 2228 1445 2540 1514; x_wconf 88' lang='lat' dir='ltr'><strong>Promptius</strong></span> <span class='ocrx_word' id='word_1_535' title='bbox 2561 1456 2740 1500; x_wconf 85' lang='lat' dir='ltr'><strong>autem</strong></span> <span class='ocrx_word' id='word_1_536' title='bbox 2774 1462 2887 1502; x_wconf 81' lang='lat' dir='ltr'><strong>suae</strong></span> <span class='ocrx_word' id='word_1_537' title='bbox 2921 1447 3057 1518; x_wconf 89' lang='lat' dir='ltr'><strong>legis</strong></span> <span class='ocrx_word' id='word_1_538' title='bbox 3080 1457 3136 1503; x_wconf 90' lang='lat' dir='ltr'><strong>et</strong></span> <span class='ocrx_word' id='word_1_539' title='bbox 3175 1452 3258 1505; x_wconf 89' lang='lat' dir='ltr'><strong>sui</strong></span> <span class='ocrx_word' id='word_1_540' title='bbox 3288 1467 3504 1522; x_wconf 77' lang='lat' dir='ltr'><strong>generis</strong></span> <span class='ocrx_word' id='word_1_541' title='bbox 3530 1457 3682 1512; x_wconf 86' lang='lat' dir='ltr'><strong>vidc-</strong></span> 
     </span>
    </p>
   </div>
   <div class='ocr_carea' id='block_1_71' title="bbox 2097 1536 3689 1614">
    <p class='ocr_par' dir='ltr' id='par_1_71' title="bbox 2097 1536 3689 1614">
     <span class='ocr_line' id='line_1_71' title="bbox 2097 1536 3689 1614; baseline 0.008 -25"><span class='ocrx_word' id='word_1_542' title='bbox 2097 1536 2300 1589; x_wconf 83' lang='lat' dir='ltr'><strong>huntur</strong></span> <span class='ocrx_word' id='word_1_543' title='bbox 2346 1536 2536 1590; x_wconf 89' lang='lat' dir='ltr'><strong>audire</strong></span> <span class='ocrx_word' id='word_1_544' title='bbox 2578 1551 2737 1606; x_wconf 86' lang='lat' dir='ltr'><strong>posse</strong></span> <span class='ocrx_word' id='word_1_545' title='bbox 2776 1536 3080 1604; x_wconf 89' lang='lat' dir='ltr'><strong>doctorem,</strong></span> <span class='ocrx_word' id='word_1_546' title='bbox 3110 1541 3248 1595; x_wconf 86' lang='lat' dir='ltr'><strong>sicut</strong></span> <span class='ocrx_word' id='word_1_547' title='bbox 3272 1543 3338 1597; x_wconf 89' lang='lat' dir='ltr'><strong>de</strong></span> <span class='ocrx_word' id='word_1_548' title='bbox 3360 1556 3420 1597; x_wconf 87' lang='lat' dir='ltr'><strong>se</strong></span> <span class='ocrx_word' id='word_1_549' title='bbox 3451 1544 3689 1614; x_wconf 75' lang='lat' dir='ltr'><strong>Aposto-</strong></span> 
     </span>
    </p>
   </div>
   <div class='ocr_carea' id='block_1_72' title="bbox 2097 1624 3683 1701">
    <p class='ocr_par' dir='ltr' id='par_1_72' title="bbox 2097 1624 3683 1701">
     <span class='ocr_line' id='line_1_72' title="bbox 2097 1624 3683 1701; baseline 0.008 -23"><span class='ocrx_word' id='word_1_550' title='bbox 2097 1625 2183 1680; x_wconf 91' lang='lat' dir='ltr'><strong>lus</strong></span> <span class='ocrx_word' id='word_1_551' title='bbox 2207 1627 2373 1680; x_wconf 87' lang='lat' dir='ltr'><strong>dicit:</strong></span> <span class='ocrx_word' id='word_1_552' title='bbox 2401 1624 2600 1680; x_wconf 79' lang='lat' dir='ltr'><strong>Factus</strong></span> <span class='ocrx_word' id='word_1_553' title='bbox 2629 1643 2745 1680; x_wconf 81' lang='lat' dir='ltr'><strong>sum</strong></span> <span class='ocrx_word' id='word_1_554' title='bbox 2800 1627 3006 1683; x_wconf 73' lang='lat' dir='ltr'><strong>luditis</strong></span> <span class='ocrx_word' id='word_1_555' title='bbox 3059 1639 3309 1701; x_wconf 84' lang='lat' dir='ltr'><strong>tanquam</strong></span> <span class='ocrx_word' id='word_1_556' title='bbox 3345 1631 3587 1701; x_wconf 67' lang='lat' dir='ltr'><strong>ludam,</strong></span> <span class='ocrx_word' id='word_1_557' title='bbox 3627 1647 3683 1691; x_wconf 89' lang='lat' dir='ltr'><strong>ut</strong></span> 
     </span>
    </p>
   </div>
   <div class='ocr_carea' id='block_1_73' title="bbox 2097 1713 3686 1796">
    <p class='ocr_par' dir='ltr' id='par_1_73' title="bbox 2097 1713 3686 1796">
     <span class='ocr_line' id='line_1_73' title="bbox 2097 1713 3686 1796; baseline 0.009 -28"><span class='ocrx_word' id='word_1_558' title='bbox 2097 1713 2317 1770; x_wconf 67' lang='lat' dir='ltr'><strong>Iudaeos</strong></span> <span class='ocrx_word' id='word_1_559' title='bbox 2339 1715 2594 1771; x_wconf 85' lang='lat' dir='ltr'><strong>lucrarer.</strong></span> <span class='ocrx_word' id='word_1_560' title='bbox 2622 1715 2722 1772; x_wconf 80' lang='lat' dir='ltr'><strong>His</strong></span> <span class='ocrx_word' id='word_1_561' title='bbox 2749 1718 2839 1789; x_wconf 79' lang='lat' dir='ltr'><strong>qui</strong></span> <span class='ocrx_word' id='word_1_562' title='bbox 2866 1719 2963 1773; x_wconf 88' lang='lat' dir='ltr'><strong>sub</strong></span> <span class='ocrx_word' id='word_1_563' title='bbox 2992 1718 3102 1792; x_wconf 78' lang='lat' dir='ltr'><strong>lege</strong></span> <span class='ocrx_word' id='word_1_564' title='bbox 3119 1732 3298 1786; x_wconf 72' lang='lat' dir='ltr'><strong>erant,</strong></span> <span class='ocrx_word' id='word_1_565' title='bbox 3329 1732 3580 1796; x_wconf 73' lang='lat' dir='ltr'><strong>tanquam</strong></span> <span class='ocrx_word' id='word_1_566' title='bbox 3605 1745 3686 1784; x_wconf 87' lang='lat' dir='ltr'><strong>es-</strong></span> 
     </span>
    </p>
   </div>
   <div class='ocr_carea' id='block_1_74' title="bbox 2099 1806 3682 1886">
    <p class='ocr_par' dir='ltr' id='par_1_74' title="bbox 2099 1806 3682 1886">
     <span class='ocr_line' id='line_1_74' title="bbox 2099 1806 3682 1886; baseline 0.009 -26"><span class='ocrx_word' id='word_1_567' title='bbox 2099 1822 2206 1860; x_wconf 79' lang='lat' dir='ltr'><strong>sem</strong></span> <span class='ocrx_word' id='word_1_568' title='bbox 2229 1806 2326 1862; x_wconf 82' lang='lat' dir='ltr'><strong>sub</strong></span> <span class='ocrx_word' id='word_1_569' title='bbox 2363 1806 2490 1878; x_wconf 73' lang='lat' dir='ltr'><strong>lege,</strong></span> <span class='ocrx_word' id='word_1_570' title='bbox 2525 1817 2696 1864; x_wconf 73' lang='lat' dir='ltr'><strong>ut‘eos</strong></span> <span class='ocrx_word' id='word_1_571' title='bbox 2728 1809 2819 1880; x_wconf 75' lang='lat' dir='ltr'><strong>qui</strong></span> <span class='ocrx_word' id='word_1_572' title='bbox 2857 1809 2954 1864; x_wconf 84' lang='lat' dir='ltr'><strong>sub</strong></span> <span class='ocrx_word' id='word_1_573' title='bbox 2982 1815 3092 1882; x_wconf 74' lang='lat' dir='ltr'><strong>lege</strong></span> <span class='ocrx_word' id='word_1_574' title='bbox 3117 1821 3270 1867; x_wconf 70' lang='lat' dir='ltr'><strong>erant</strong></span> <span class='ocrx_word' id='word_1_575' title='bbox 3297 1813 3682 1886; x_wconf 79' lang='lat' dir='ltr'><strong>luerifacerem.</strong></span> 
     </span>
    </p>
   </div>
   <div class='ocr_carea' id='block_1_75' title="bbox 2025 1878 3688 1970">
    <p class='ocr_par' dir='ltr' id='par_1_75' title="bbox 2025 1878 3688 1970">
     <span class='ocr_line' id='line_1_75' title="bbox 2025 1878 3688 1970; baseline 0.01 -23"><span class='ocrx_word' id='word_1_576' title='bbox 2025 1878 2074 1936; x_wconf 78' lang='grc' dir='ltr'><strong>Β</strong></span> <span class='ocrx_word' id='word_1_577' title='bbox 2099 1894 2302 1950; x_wconf 87' lang='lat' dir='ltr'><strong>Gentes</strong></span> <span class='ocrx_word' id='word_1_578' title='bbox 2341 1904 2524 1951; x_wconf 71' lang='lat' dir='ltr'><strong>auttim</strong></span> <span class='ocrx_word' id='word_1_579' title='bbox 2563 1878 2780 1965; x_wconf 78' lang='lat' dir='ltr'><strong>poterat</strong></span> <span class='ocrx_word' id='word_1_580' title='bbox 2807 1897 3012 1954; x_wconf 89' lang='lat' dir='ltr'><strong>alienas</strong></span> <span class='ocrx_word' id='word_1_581' title='bbox 3032 1878 3071 1954; x_wconf 76' lang='lat' dir='ltr'><strong>a</strong></span> <span class='ocrx_word' id='word_1_582' title='bbox 3100 1899 3217 1970; x_wconf 84' lang='lat' dir='ltr'><strong>lege</strong></span> <span class='ocrx_word' id='word_1_583' title='bbox 3249 1878 3476 1970; x_wconf 77' lang='lat' dir='ltr'><strong>salvare,</strong></span> <span class='ocrx_word' id='word_1_584' title='bbox 3521 1908 3688 1964; x_wconf 84' lang='lat' dir='ltr'><strong>etiam</strong></span> 
     </span>
    </p>
   </div>
   <div class='ocr_carea' id='block_1_76' title="bbox 2099 1983 3028 2059">
    <p class='ocr_par' dir='ltr' id='par_1_76' title="bbox 2099 1983 3028 2059">
     <span class='ocr_line' id='line_1_76' title="bbox 2099 1983 3028 2059; baseline 0.005 -21"><span class='ocrx_word' id='word_1_585' title='bbox 2099 1983 2146 2038; x_wconf 89' lang='lat' dir='ltr'><strong>si</strong></span> <span class='ocrx_word' id='word_1_586' title='bbox 2169 1985 2270 2039; x_wconf 89' lang='lat' dir='ltr'><strong>sub</strong></span> <span class='ocrx_word' id='word_1_587' title='bbox 2298 1984 2416 2056; x_wconf 85' lang='lat' dir='ltr'><strong>lege</strong></span> <span class='ocrx_word' id='word_1_588' title='bbox 2450 2002 2558 2041; x_wconf 92' lang='lat' dir='ltr'><strong>non</strong></span> <span class='ocrx_word' id='word_1_589' title='bbox 2585 1986 2778 2043; x_wconf 83' lang='lat' dir='ltr'><strong>fuisset</strong></span> <span class='ocrx_word' id='word_1_590' title='bbox 2798 1989 3028 2059; x_wconf 90' lang='lat' dir='ltr'><strong>positus.</strong></span> 
     </span>
    </p>
   </div>
   <div class='ocr_carea' id='block_1_77' title="bbox 2175 2073 3687 2152">
    <p class='ocr_par' dir='ltr' id='par_1_77' title="bbox 2175 2073 3687 2152">
     <span class='ocr_line' id='line_1_77' title="bbox 2175 2073 3687 2152; baseline 0.011 -25"><span class='ocrx_word' id='word_1_591' title='bbox 2175 2073 2244 2127; x_wconf 83' lang='lat' dir='ltr'><strong>Ut</strong></span> <span class='ocrx_word' id='word_1_592' title='bbox 2271 2076 2607 2146; x_wconf 79' lang='lat' dir='ltr'><strong>adeptionem</strong></span> <span class='ocrx_word' id='word_1_593' title='bbox 2655 2079 2887 2148; x_wconf 75' lang='lat' dir='ltr'><strong>ﬁliorum</strong></span> <span class='ocrx_word' id='word_1_594' title='bbox 2942 2081 3304 2151; x_wconf 85' lang='lat' dir='ltr'><strong>reciperemus.</strong></span> <span class='ocrx_word' id='word_1_595' title='bbox 3334 2083 3396 2138; x_wconf 75' lang='grc' dir='ltr'><strong>ια</strong></span> <span class='ocrx_word' id='word_1_596' title='bbox 3435 2093 3541 2152; x_wconf 81' lang='lat' dir='ltr'><strong>est,</strong></span> <span class='ocrx_word' id='word_1_597' title='bbox 3579 2102 3687 2143; x_wconf 83' lang='lat' dir='ltr'><strong>non</strong></span> 
     </span>
    </p>
   </div>
   <div class='ocr_carea' id='block_1_78' title="bbox 2105 2163 3691 2246">
    <p class='ocr_par' dir='ltr' id='par_1_78' title="bbox 2105 2163 3691 2246">
     <span class='ocr_line' id='line_1_78' title="bbox 2105 2163 3691 2246; baseline 0.009 -28"><span class='ocrx_word' id='word_1_598' title='bbox 2105 2163 2264 2220; x_wconf 89' lang='lat' dir='ltr'><strong>facile</strong></span> <span class='ocrx_word' id='word_1_599' title='bbox 2302 2181 2403 2220; x_wconf 91' lang='lat' dir='ltr'><strong>nos</strong></span> <span class='ocrx_word' id='word_1_600' title='bbox 2444 2175 2638 2222; x_wconf 88' lang='lat' dir='ltr'><strong>natura</strong></span> <span class='ocrx_word' id='word_1_601' title='bbox 2683 2167 2855 2224; x_wconf 70' lang='lat' dir='ltr'><strong>Judaei</strong></span> <span class='ocrx_word' id='word_1_602' title='bbox 2883 2170 3223 2226; x_wconf 89' lang='lat' dir='ltr'><strong>vocationem</strong></span> <span class='ocrx_word' id='word_1_603' title='bbox 3268 2173 3414 2229; x_wconf 85' lang='lat' dir='ltr'><strong>illius</strong></span> <span class='ocrx_word' id='word_1_604' title='bbox 3457 2178 3691 2246; x_wconf 82' lang='lat' dir='ltr'><strong>recepis—</strong></span> 
     </span>
    </p>
   </div>
   <div class='ocr_carea' id='block_1_79' title="bbox 2105 2254 3690 2334">
    <p class='ocr_par' dir='ltr' id='par_1_79' title="bbox 2105 2254 3690 2334">
     <span class='ocr_line' id='line_1_79' title="bbox 2105 2254 3690 2334; baseline 0.008 -26"><span class='ocrx_word' id='word_1_605' title='bbox 2105 2269 2306 2318; x_wconf 90' lang='lat' dir='ltr'><strong>semus,</strong></span> <span class='ocrx_word' id='word_1_606' title='bbox 2342 2254 2389 2309; x_wconf 90' lang='lat' dir='ltr'><strong>si</strong></span> <span class='ocrx_word' id='word_1_607' title='bbox 2419 2255 2594 2311; x_wconf 85' lang='lat' dir='ltr'><strong>factus</strong></span> <span class='ocrx_word' id='word_1_608' title='bbox 2621 2257 2721 2312; x_wconf 91' lang='lat' dir='ltr'><strong>sub</strong></span> <span class='ocrx_word' id='word_1_609' title='bbox 2746 2257 2864 2329; x_wconf 89' lang='lat' dir='ltr'><strong>lege</strong></span> <span class='ocrx_word' id='word_1_610' title='bbox 2908 2274 3014 2314; x_wconf 92' lang='lat' dir='ltr'><strong>non</strong></span> <span class='ocrx_word' id='word_1_611' title='bbox 3042 2269 3205 2316; x_wconf 82' lang='lat' dir='ltr'><strong>esset.</strong></span> <span class='ocrx_word' id='word_1_612' title='bbox 3235 2261 3542 2334; x_wconf 78' lang='lat' dir='ltr'><strong>Promptius</strong></span> <span class='ocrx_word' id='word_1_613' title='bbox 3567 2265 3690 2332; x_wconf 87' lang='lat' dir='ltr'><strong>fuit,</strong></span> 
     </span>
    </p>
   </div>
   <div class='ocr_carea' id='block_1_80' title="bbox 2103 2343 3510 2419">
    <p class='ocr_par' dir='ltr' id='par_1_80' title="bbox 2103 2343 3510 2419">
     <span class='ocr_line' id='line_1_80' title="bbox 2103 2343 3510 2419; baseline 0.006 -20"><span class='ocrx_word' id='word_1_614' title='bbox 2103 2353 2165 2400; x_wconf 90' lang='lat' dir='ltr'><strong>ut</strong></span> <span class='ocrx_word' id='word_1_615' title='bbox 2193 2343 2260 2398; x_wconf 86' lang='lat' dir='ltr'><strong>ad</strong></span> <span class='ocrx_word' id='word_1_616' title='bbox 2282 2344 2448 2398; x_wconf 87' lang='lat' dir='ltr'><strong>vitam</strong></span> <span class='ocrx_word' id='word_1_617' title='bbox 2473 2344 2607 2415; x_wconf 87' lang='lat' dir='ltr'><strong>legis</strong></span> <span class='ocrx_word' id='word_1_618' title='bbox 2640 2345 2780 2401; x_wconf 87' lang='lat' dir='ltr'><strong>ﬁlios</strong></span> <span class='ocrx_word' id='word_1_619' title='bbox 2805 2348 3061 2402; x_wconf 87' lang='lat' dir='ltr'><strong>invitaret</strong></span> <span class='ocrx_word' id='word_1_620' title='bbox 3089 2349 3224 2419; x_wconf 82' lang='lat' dir='ltr'><strong>legis</strong></span> <span class='ocrx_word' id='word_1_621' title='bbox 3251 2361 3510 2408; x_wconf 84' lang='lat' dir='ltr'><strong>assertor.</strong></span> 
     </span>
    </p>
   </div>
   <div class='ocr_carea' id='block_1_81' title="bbox 2179 2433 3696 2504">
    <p class='ocr_par' dir='ltr' id='par_1_81' title="bbox 2179 2433 3696 2504">
     <span class='ocr_line' id='line_1_81' title="bbox 2179 2433 3696 2504; baseline 0.009 -19"><span class='ocrx_word' id='word_1_622' title='bbox 2179 2433 2443 2498; x_wconf 78' lang='lat' dir='ltr'><strong>Quoniam</strong></span> <span class='ocrx_word' id='word_1_623' title='bbox 2483 2446 2656 2488; x_wconf 81' lang='lat' dir='ltr'><strong>autem</strong></span> <span class='ocrx_word' id='word_1_624' title='bbox 2685 2435 2806 2489; x_wconf 86' lang='lat' dir='ltr'><strong>estis</strong></span> <span class='ocrx_word' id='word_1_625' title='bbox 2837 2436 2938 2504; x_wconf 75' lang='lat' dir='ltr'><strong>ﬁlii</strong></span> <span class='ocrx_word' id='word_1_626' title='bbox 2977 2437 3100 2503; x_wconf 85' lang='lat' dir='ltr'><strong>Dei,</strong></span> <span class='ocrx_word' id='word_1_627' title='bbox 3127 2443 3270 2494; x_wconf 86' lang='lat' dir='ltr'><strong>misit</strong></span> <span class='ocrx_word' id='word_1_628' title='bbox 3311 2441 3454 2497; x_wconf 85' lang='lat' dir='ltr'><strong>Deus</strong></span> <span class='ocrx_word' id='word_1_629' title='bbox 3492 2443 3696 2498; x_wconf 73' lang='lat' dir='ltr'><strong>Filium</strong></span> 
     </span>
    </p>
   </div>
   <div class='ocr_carea' id='block_1_82' title="bbox 2104 2523 3695 2603">
    <p class='ocr_par' dir='ltr' id='par_1_82' title="bbox 2104 2523 3695 2603">
     <span class='ocr_line' id='line_1_82' title="bbox 2104 2523 3695 2603; baseline 0.01 -28"><span class='ocrx_word' id='word_1_630' title='bbox 2104 2538 2259 2576; x_wconf 88' lang='lat' dir='ltr'><strong>suum</strong></span> <span class='ocrx_word' id='word_1_631' title='bbox 2296 2523 2350 2576; x_wconf 84' lang='lat' dir='ltr'><strong>iu</strong></span> <span class='ocrx_word' id='word_1_632' title='bbox 2380 2523 2540 2577; x_wconf 86' lang='lat' dir='ltr'><strong>corda</strong></span> <span class='ocrx_word' id='word_1_633' title='bbox 2574 2535 2762 2578; x_wconf 77' lang='lat' dir='ltr'><strong>uestra.</strong></span> <span class='ocrx_word' id='word_1_634' title='bbox 2809 2525 3008 2580; x_wconf 82' lang='lat' dir='ltr'><strong>Probat</strong></span> <span class='ocrx_word' id='word_1_635' title='bbox 3037 2543 3135 2582; x_wconf 86' lang='lat' dir='ltr'><strong>nos</strong></span> <span class='ocrx_word' id='word_1_636' title='bbox 3171 2531 3333 2586; x_wconf 83' lang='lat' dir='ltr'><strong>Pater</strong></span> <span class='ocrx_word' id='word_1_637' title='bbox 3380 2535 3695 2603; x_wconf 81' lang='lat' dir='ltr'><strong>adoptionis</strong></span> 
     </span>
    </p>
   </div>
   <div class='ocr_carea' id='block_1_83' title="bbox 2107 2612 3695 2686">
    <p class='ocr_par' dir='ltr' id='par_1_83' title="bbox 2107 2612 3695 2686">
     <span class='ocr_line' id='line_1_83' title="bbox 2107 2612 3695 2686; baseline 0.01 -21"><span class='ocrx_word' id='word_1_638' title='bbox 2107 2627 2217 2666; x_wconf 72' lang='lat' dir='ltr'><strong>sum</strong></span> <span class='ocrx_word' id='word_1_639' title='bbox 2244 2612 2401 2678; x_wconf 86' lang='lat' dir='ltr'><strong>ﬁlios,</strong></span> <span class='ocrx_word' id='word_1_640' title='bbox 2431 2614 2648 2684; x_wconf 85' lang='lat' dir='ltr'><strong>quando</strong></span> <span class='ocrx_word' id='word_1_641' title='bbox 2681 2630 2842 2684; x_wconf 90' lang='lat' dir='ltr'><strong>super</strong></span> <span class='ocrx_word' id='word_1_642' title='bbox 2868 2631 2966 2671; x_wconf 92' lang='lat' dir='ltr'><strong>nos</strong></span> <span class='ocrx_word' id='word_1_643' title='bbox 2991 2619 3244 2686; x_wconf 90' lang='lat' dir='ltr'><strong>spiritum</strong></span> <span class='ocrx_word' id='word_1_644' title='bbox 3266 2620 3382 2676; x_wconf 87' lang='lat' dir='ltr'><strong>Filii</strong></span> <span class='ocrx_word' id='word_1_645' title='bbox 3413 2625 3498 2679; x_wconf 91' lang='lat' dir='ltr'><strong>sui</strong></span> <span class='ocrx_word' id='word_1_646' title='bbox 3527 2626 3695 2680; x_wconf 86' lang='lat' dir='ltr'><strong>mise-</strong></span> 
     </span>
    </p>
   </div>
   <div class='ocr_carea' id='block_1_84' title="bbox 2109 2702 3695 2778">
    <p class='ocr_par' dir='ltr' id='par_1_84' title="bbox 2109 2702 3695 2778">
     <span class='ocr_line' id='line_1_84' title="bbox 2109 2702 3695 2778; baseline 0.006 -20"><span class='ocrx_word' id='word_1_647' title='bbox 2109 2703 2397 2758; x_wconf 89' lang='lat' dir='ltr'><strong>ricorditer</strong></span> <span class='ocrx_word' id='word_1_648' title='bbox 2433 2702 2688 2769; x_wconf 71' lang='lat' dir='ltr'><strong>infundit,</strong></span> <span class='ocrx_word' id='word_1_649' title='bbox 2711 2715 2766 2759; x_wconf 90' lang='lat' dir='ltr'><strong>et</strong></span> <span class='ocrx_word' id='word_1_650' title='bbox 2804 2705 3111 2776; x_wconf 88' lang='lat' dir='ltr'><strong>dignanter,</strong></span> <span class='ocrx_word' id='word_1_651' title='bbox 3132 2717 3194 2762; x_wconf 91' lang='lat' dir='ltr'><strong>ut</strong></span> <span class='ocrx_word' id='word_1_652' title='bbox 3227 2710 3342 2778; x_wconf 84' lang='lat' dir='ltr'><strong>ipsa</strong></span> <span class='ocrx_word' id='word_1_653' title='bbox 3389 2716 3695 2768; x_wconf 81' lang='lat' dir='ltr'><strong>communi-</strong></span> 
     </span>
    </p>
   </div>
   <div class='ocr_carea' id='block_1_85' title="bbox 2111 2795 3698 2868">
    <p class='ocr_par' dir='ltr' id='par_1_85' title="bbox 2111 2795 3698 2868">
     <span class='ocr_line' id='line_1_85' title="bbox 2111 2795 3698 2868; baseline 0.008 -18"><span class='ocrx_word' id='word_1_654' title='bbox 2111 2795 2255 2850; x_wconf 88' lang='lat' dir='ltr'><strong>catio</strong></span> <span class='ocrx_word' id='word_1_655' title='bbox 2294 2796 2562 2857; x_wconf 87' lang='lat' dir='ltr'><strong>Paracliti,</strong></span> <span class='ocrx_word' id='word_1_656' title='bbox 2598 2797 2692 2864; x_wconf 88' lang='lat' dir='ltr'><strong>qui</strong></span> <span class='ocrx_word' id='word_1_657' title='bbox 2740 2812 2807 2850; x_wconf 87' lang='lat' dir='ltr'><strong>ex</strong></span> <span class='ocrx_word' id='word_1_658' title='bbox 2857 2807 3091 2862; x_wconf 79' lang='lat' dir='ltr'><strong>utroque</strong></span> <span class='ocrx_word' id='word_1_659' title='bbox 3137 2801 3404 2868; x_wconf 88' lang='lat' dir='ltr'><strong>procedit,</strong></span> <span class='ocrx_word' id='word_1_660' title='bbox 3452 2804 3698 2862; x_wconf 67' lang='lat' dir='ltr'><strong>hau-cdes</strong></span> 
     </span>
    </p>
   </div>
   <div class='ocr_carea' id='block_1_86' title="bbox 2111 2882 3700 2962">
    <p class='ocr_par' dir='ltr' id='par_1_86' title="bbox 2111 2882 3700 2962">
     <span class='ocr_line' id='line_1_86' title="bbox 2111 2882 3700 2962; baseline 0.007 -23"><span class='ocrx_word' id='word_1_661' title='bbox 2111 2899 2212 2939; x_wconf 90' lang='lat' dir='ltr'><strong>nos</strong></span> <span class='ocrx_word' id='word_1_662' title='bbox 2249 2885 2424 2939; x_wconf 81' lang='lat' dir='ltr'><strong>Patris</strong></span> <span class='ocrx_word' id='word_1_663' title='bbox 2450 2893 2503 2940; x_wconf 91' lang='lat' dir='ltr'><strong>et</strong></span> <span class='ocrx_word' id='word_1_664' title='bbox 2519 2882 2636 2938; x_wconf 87' lang='lat' dir='ltr'><strong>Filii</strong></span> <span class='ocrx_word' id='word_1_665' title='bbox 2661 2894 2931 2942; x_wconf 87' lang='lat' dir='ltr'><strong>assereret</strong></span> <span class='ocrx_word' id='word_1_666' title='bbox 2975 2888 3303 2944; x_wconf 76' lang='lat' dir='ltr'><strong>cohmredes.</strong></span> <span class='ocrx_word' id='word_1_667' title='bbox 3353 2890 3408 2944; x_wconf 81' lang='lat' dir='ltr'><strong>In</strong></span> <span class='ocrx_word' id='word_1_668' title='bbox 3438 2907 3543 2962; x_wconf 91' lang='lat' dir='ltr'><strong>qua</strong></span> <span class='ocrx_word' id='word_1_669' title='bbox 3575 2909 3700 2950; x_wconf 81' lang='lat' dir='ltr'><strong>sen-</strong></span> 
     </span>
    </p>
   </div>
   <div class='ocr_carea' id='block_1_87' title="bbox 2115 2973 3218 3046">
    <p class='ocr_par' dir='ltr' id='par_1_87' title="bbox 2115 2973 3218 3046">
     <span class='ocr_line' id='line_1_87' title="bbox 2115 2973 3218 3046; baseline 0.004 -18"><span class='ocrx_word' id='word_1_670' title='bbox 2115 2974 2280 3028; x_wconf 80' lang='lat' dir='ltr'><strong>tentia</strong></span> <span class='ocrx_word' id='word_1_671' title='bbox 2313 2973 2608 3028; x_wconf 85' lang='lat' dir='ltr'><strong>trinitatem</strong></span> <span class='ocrx_word' id='word_1_672' title='bbox 2633 2974 2911 3030; x_wconf 82' lang='lat' dir='ltr'><strong>evidenter</strong></span> <span class='ocrx_word' id='word_1_673' title='bbox 2939 2976 3218 3046; x_wconf 88' lang='lat' dir='ltr'><strong>explicuit.</strong></span> 
     </span>
    </p>
   </div>
   <div class='ocr_carea' id='block_1_88' title="bbox 2183 3066 3702 3143">
    <p class='ocr_par' dir='ltr' id='par_1_88' title="bbox 2183 3066 3702 3143">
     <span class='ocr_line' id='line_1_88' title="bbox 2183 3066 3702 3143; baseline 0.007 -23"><span class='ocrx_word' id='word_1_674' title='bbox 2183 3066 2510 3121; x_wconf 74' lang='lat' dir='ltr'><strong>Clementem</strong></span> <span class='ocrx_word' id='word_1_675' title='bbox 2536 3066 2703 3132; x_wconf 83' lang='lat' dir='ltr'><strong>Abba,</strong></span> <span class='ocrx_word' id='word_1_676' title='bbox 2733 3078 2900 3138; x_wconf 86' lang='lat' dir='ltr'><strong>pater.</strong></span> <span class='ocrx_word' id='word_1_677' title='bbox 2937 3068 2992 3124; x_wconf 89' lang='lat' dir='ltr'><strong>Id</strong></span> <span class='ocrx_word' id='word_1_678' title='bbox 3041 3080 3144 3137; x_wconf 89' lang='lat' dir='ltr'><strong>est,</strong></span> <span class='ocrx_word' id='word_1_679' title='bbox 3180 3073 3270 3143; x_wconf 87' lang='lat' dir='ltr'><strong>qui</strong></span> <span class='ocrx_word' id='word_1_680' title='bbox 3319 3076 3575 3131; x_wconf 70' lang='lat' dir='ltr'><strong>cordibus</strong></span> <span class='ocrx_word' id='word_1_681' title='bbox 3603 3091 3702 3131; x_wconf 87' lang='lat' dir='ltr'><strong>no-</strong></span> 
     </span>
    </p>
   </div>
   <div class='ocr_carea' id='block_1_89' title="bbox 2115 3161 3702 3239">
    <p class='ocr_par' dir='ltr' id='par_1_89' title="bbox 2115 3161 3702 3239">
     <span class='ocr_line' id='line_1_89' title="bbox 2115 3161 3702 3239; baseline 0.005 -23"><span class='ocrx_word' id='word_1_682' title='bbox 2115 3161 2250 3216; x_wconf 89' lang='lat' dir='ltr'><strong>stris</strong></span> <span class='ocrx_word' id='word_1_683' title='bbox 2279 3161 2476 3226; x_wconf 90' lang='lat' dir='ltr'><strong>Deum,</strong></span> <span class='ocrx_word' id='word_1_684' title='bbox 2500 3168 2708 3228; x_wconf 87' lang='lat' dir='ltr'><strong>patrem</strong></span> <span class='ocrx_word' id='word_1_685' title='bbox 2751 3176 2871 3217; x_wconf 89' lang='lat' dir='ltr'><strong>esse</strong></span> <span class='ocrx_word' id='word_1_686' title='bbox 2906 3171 3174 3231; x_wconf 88' lang='lat' dir='ltr'><strong>nostrum,</strong></span> <span class='ocrx_word' id='word_1_687' title='bbox 3217 3167 3427 3223; x_wconf 80' lang='lat' dir='ltr'><strong>occulta</strong></span> <span class='ocrx_word' id='word_1_688' title='bbox 3468 3169 3702 3239; x_wconf 77' lang='lat' dir='ltr'><strong>inspira—</strong></span> 
     </span>
    </p>
   </div>
   <div class='ocr_carea' id='block_1_90' title="bbox 2041 3235 2575 3307">
    <p class='ocr_par' dir='ltr' id='par_1_90' title="bbox 2041 3235 2575 3307">
     <span class='ocr_line' id='line_1_90' title="bbox 2041 3235 2575 3307; baseline -0.007 0"><span class='ocrx_word' id='word_1_689' title='bbox 2041 3235 2086 3297; x_wconf 62' lang='grc' dir='ltr'><strong>(ἶ</strong></span> <span class='ocrx_word' id='word_1_690' title='bbox 2121 3252 2266 3307; x_wconf 90' lang='lat' dir='ltr'><strong>tione</strong></span> <span class='ocrx_word' id='word_1_691' title='bbox 2295 3250 2575 3305; x_wconf 89' lang='lat' dir='ltr'><strong>clamaret.</strong></span> 
     </span>
    </p>
   </div>
   <div class='ocr_carea' id='block_1_91' title="bbox 2191 3341 3703 3418">
    <p class='ocr_par' dir='ltr' id='par_1_91' title="bbox 2191 3341 3703 3418">
     <span class='ocr_line' id='line_1_91' title="bbox 2191 3341 3703 3418; baseline 0.009 -24"><span class='ocrx_word' id='word_1_692' title='bbox 2191 3341 2379 3409; x_wconf 84' lang='lat' dir='ltr'><strong>Itaque</strong></span> <span class='ocrx_word' id='word_1_693' title='bbox 2412 3341 2531 3411; x_wconf 86' lang='lat' dir='ltr'><strong>jam</strong></span> <span class='ocrx_word' id='word_1_694' title='bbox 2575 3359 2680 3396; x_wconf 83' lang='lat' dir='ltr'><strong>non</strong></span> <span class='ocrx_word' id='word_1_695' title='bbox 2709 3353 2784 3396; x_wconf 86' lang='lat' dir='ltr'><strong>est</strong></span> <span class='ocrx_word' id='word_1_696' title='bbox 2829 3361 3027 3412; x_wconf 80' lang='lat' dir='ltr'><strong>servus,</strong></span> <span class='ocrx_word' id='word_1_697' title='bbox 3058 3347 3150 3400; x_wconf 87' lang='lat' dir='ltr'><strong>scd</strong></span> <span class='ocrx_word' id='word_1_698' title='bbox 3179 3348 3342 3417; x_wconf 78' lang='lat' dir='ltr'><strong>ﬁlius.</strong></span> <span class='ocrx_word' id='word_1_699' title='bbox 3372 3351 3429 3406; x_wconf 87' lang='lat' dir='ltr'><strong>Id</strong></span> <span class='ocrx_word' id='word_1_700' title='bbox 3467 3363 3572 3418; x_wconf 80' lang='lat' dir='ltr'><strong>est,</strong></span> <span class='ocrx_word' id='word_1_701' title='bbox 3601 3369 3703 3409; x_wconf 86' lang='lat' dir='ltr'><strong>cur</strong></span> 
     </span>
    </p>
   </div>
   <div class='ocr_carea' id='block_1_92' title="bbox 2117 3431 3702 3506">
    <p class='ocr_par' dir='ltr' id='par_1_92' title="bbox 2117 3431 3702 3506">
     <span class='ocr_line' id='line_1_92' title="bbox 2117 3431 3702 3506; baseline 0.009 -21"><span class='ocrx_word' id='word_1_702' title='bbox 2117 3432 2199 3486; x_wconf 87' lang='lat' dir='ltr'><strong>vis</strong></span> <span class='ocrx_word' id='word_1_703' title='bbox 2227 3447 2418 3487; x_wconf 85' lang='lat' dir='ltr'><strong>servus</strong></span> <span class='ocrx_word' id='word_1_704' title='bbox 2447 3431 2586 3496; x_wconf 86' lang='lat' dir='ltr'><strong>ﬁeri,</strong></span> <span class='ocrx_word' id='word_1_705' title='bbox 2611 3433 2704 3501; x_wconf 90' lang='lat' dir='ltr'><strong>qui</strong></span> <span class='ocrx_word' id='word_1_706' title='bbox 2735 3434 3007 3504; x_wconf 89' lang='lat' dir='ltr'><strong>accipiens</strong></span> <span class='ocrx_word' id='word_1_707' title='bbox 3046 3437 3293 3506; x_wconf 87' lang='lat' dir='ltr'><strong>spiritum</strong></span> <span class='ocrx_word' id='word_1_708' title='bbox 3309 3437 3449 3506; x_wconf 80' lang='lat' dir='ltr'><strong>Filii,</strong></span> <span class='ocrx_word' id='word_1_709' title='bbox 3480 3441 3622 3498; x_wconf 82' lang='lat' dir='ltr'><strong>ﬁlius</strong></span> <span class='ocrx_word' id='word_1_710' title='bbox 3646 3453 3702 3499; x_wconf 92' lang='lat' dir='ltr'><strong>et</strong></span> 
     </span>
    </p>
   </div>
   <div class='ocr_carea' id='block_1_93' title="bbox 2117 3521 3701 3599">
    <p class='ocr_par' dir='ltr' id='par_1_93' title="bbox 2117 3521 3701 3599">
     <span class='ocr_line' id='line_1_93' title="bbox 2117 3521 3701 3599; baseline 0.008 -22"><span class='ocrx_word' id='word_1_711' title='bbox 2117 3523 2289 3578; x_wconf 74' lang='lat' dir='ltr'><strong>hmrcs</strong></span> <span class='ocrx_word' id='word_1_712' title='bbox 2313 3521 2540 3579; x_wconf 70' lang='lat' dir='ltr'><strong>effectus</strong></span> <span class='ocrx_word' id='word_1_713' title='bbox 2565 3538 2648 3578; x_wconf 92' lang='lat' dir='ltr'><strong>es.</strong></span> <span class='ocrx_word' id='word_1_714' title='bbox 2682 3523 2757 3578; x_wconf 88' lang='lat' dir='ltr'><strong>Ex</strong></span> <span class='ocrx_word' id='word_1_715' title='bbox 2785 3525 2889 3580; x_wconf 90' lang='lat' dir='ltr'><strong>hoc</strong></span> <span class='ocrx_word' id='word_1_716' title='bbox 2916 3527 3060 3582; x_wconf 91' lang='lat' dir='ltr'><strong>enim</strong></span> <span class='ocrx_word' id='word_1_717' title='bbox 3089 3543 3190 3584; x_wconf 90' lang='lat' dir='ltr'><strong>nos</strong></span> <span class='ocrx_word' id='word_1_718' title='bbox 3217 3533 3408 3599; x_wconf 84' lang='lat' dir='ltr'><strong>probat</strong></span> <span class='ocrx_word' id='word_1_719' title='bbox 3430 3548 3618 3589; x_wconf 88' lang='lat' dir='ltr'><strong>omnes</strong></span> <span class='ocrx_word' id='word_1_720' title='bbox 3645 3536 3701 3589; x_wconf 91' lang='lat' dir='ltr'><strong>in</strong></span> 
     </span>
    </p>
   </div>
   <div class='ocr_carea' id='block_1_94' title="bbox 2116 3615 3702 3686">
    <p class='ocr_par' dir='ltr' id='par_1_94' title="bbox 2116 3615 3702 3686">
     <span class='ocr_line' id='line_1_94' title="bbox 2116 3615 3702 3686; baseline 0.006 -15"><span class='ocrx_word' id='word_1_721' title='bbox 2116 3632 2225 3671; x_wconf 91' lang='lat' dir='ltr'><strong>uno</strong></span> <span class='ocrx_word' id='word_1_722' title='bbox 2252 3615 2447 3686; x_wconf 89' lang='lat' dir='ltr'><strong>spiritu</strong></span> <span class='ocrx_word' id='word_1_723' title='bbox 2476 3631 2642 3669; x_wconf 90' lang='lat' dir='ltr'><strong>unum</strong></span> <span class='ocrx_word' id='word_1_724' title='bbox 2682 3629 2803 3671; x_wconf 89' lang='lat' dir='ltr'><strong>esse</strong></span> <span class='ocrx_word' id='word_1_725' title='bbox 2829 3616 3142 3684; x_wconf 81' lang='lat' dir='ltr'><strong>DeiFilium,</strong></span> <span class='ocrx_word' id='word_1_726' title='bbox 3186 3629 3334 3677; x_wconf 86' lang='lat' dir='ltr'><strong>totus</strong></span> <span class='ocrx_word' id='word_1_727' title='bbox 3360 3623 3504 3678; x_wconf 86' lang='lat' dir='ltr'><strong>enim</strong></span> <span class='ocrx_word' id='word_1_728' title='bbox 3543 3624 3702 3681; x_wconf 86' lang='lat' dir='ltr'><strong>Chri-</strong></span> 
     </span>
    </p>
   </div>
   <div class='ocr_carea' id='block_1_95' title="bbox 2117 3709 3702 3781">
    <p class='ocr_par' dir='ltr' id='par_1_95' title="bbox 2117 3709 3702 3781">
     <span class='ocr_line' id='line_1_95' title="bbox 2117 3709 3702 3781; baseline 0.006 -16"><span class='ocrx_word' id='word_1_729' title='bbox 2117 3710 2326 3765; x_wconf 84' lang='lat' dir='ltr'><strong>stianus</strong></span> <span class='ocrx_word' id='word_1_730' title='bbox 2359 3711 2609 3781; x_wconf 90' lang='lat' dir='ltr'><strong>populus,</strong></span> <span class='ocrx_word' id='word_1_731' title='bbox 2639 3709 2693 3764; x_wconf 91' lang='lat' dir='ltr'><strong>in</strong></span> <span class='ocrx_word' id='word_1_732' title='bbox 2737 3725 2846 3765; x_wconf 89' lang='lat' dir='ltr'><strong>uno</strong></span> <span class='ocrx_word' id='word_1_733' title='bbox 2873 3713 2968 3766; x_wconf 76' lang='lat' dir='ltr'><strong>Dei</strong></span> <span class='ocrx_word' id='word_1_734' title='bbox 3006 3711 3145 3768; x_wconf 82' lang='lat' dir='ltr'><strong>Filio</strong></span> <span class='ocrx_word' id='word_1_735' title='bbox 3173 3716 3418 3781; x_wconf 87' lang='lat' dir='ltr'><strong>credens,</strong></span> <span class='ocrx_word' id='word_1_736' title='bbox 3451 3727 3508 3772; x_wconf 91' lang='lat' dir='ltr'><strong>et</strong></span> <span class='ocrx_word' id='word_1_737' title='bbox 3532 3733 3702 3776; x_wconf 87' lang='lat' dir='ltr'><strong>unum</strong></span> 
     </span>
    </p>
   </div>
   <div class='ocr_carea' id='block_1_96' title="bbox 2116 3801 3629 3874">
    <p class='ocr_par' dir='ltr' id='par_1_96' title="bbox 2116 3801 3629 3874">
     <span class='ocr_line' id='line_1_96' title="bbox 2116 3801 3629 3874; baseline 0.004 -16"><span class='ocrx_word' id='word_1_738' title='bbox 2116 3801 2318 3858; x_wconf 82' lang='lat' dir='ltr'><strong>Christi</strong></span> <span class='ocrx_word' id='word_1_739' title='bbox 2355 3817 2552 3874; x_wconf 86' lang='lat' dir='ltr'><strong>corpus</strong></span> <span class='ocrx_word' id='word_1_740' title='bbox 2575 3801 2819 3870; x_wconf 84' lang='lat' dir='ltr'><strong>effectus,</strong></span> <span class='ocrx_word' id='word_1_741' title='bbox 2846 3819 2986 3859; x_wconf 89' lang='lat' dir='ltr'><strong>unus</strong></span> <span class='ocrx_word' id='word_1_742' title='bbox 3014 3805 3116 3860; x_wconf 87' lang='lat' dir='ltr'><strong>rite</strong></span> <span class='ocrx_word' id='word_1_743' title='bbox 3141 3814 3369 3862; x_wconf 90' lang='lat' dir='ltr'><strong>vocatur</strong></span> <span class='ocrx_word' id='word_1_744' title='bbox 3391 3818 3446 3862; x_wconf 92' lang='lat' dir='ltr'><strong>et</strong></span> <span class='ocrx_word' id='word_1_745' title='bbox 3467 3807 3629 3866; x_wconf 81' lang='lat' dir='ltr'><strong>ﬁlius.</strong></span> 
     </span>
    </p>
   </div>
   <div class='ocr_carea' id='block_1_97' title="bbox 2187 3889 3706 3965">
    <p class='ocr_par' dir='ltr' id='par_1_97' title="bbox 2187 3889 3706 3965">
     <span class='ocr_line' id='line_1_97' title="bbox 2187 3889 3706 3965; baseline 0.005 -21"><span class='ocrx_word' id='word_1_746' title='bbox 2187 3889 2345 3956; x_wconf 79' lang='lat' dir='ltr'><strong>Quod</strong></span> <span class='ocrx_word' id='word_1_747' title='bbox 2370 3891 2416 3944; x_wconf 92' lang='lat' dir='ltr'><strong>si</strong></span> <span class='ocrx_word' id='word_1_748' title='bbox 2441 3891 2612 3960; x_wconf 74' lang='lat' dir='ltr'><strong>ﬁlius,</strong></span> <span class='ocrx_word' id='word_1_749' title='bbox 2643 3901 2690 3945; x_wconf 86' lang='lat' dir='ltr'><strong>et</strong></span> <span class='ocrx_word' id='word_1_750' title='bbox 2711 3892 2878 3946; x_wconf 72' lang='lat' dir='ltr'><strong>literas</strong></span> <span class='ocrx_word' id='word_1_751' title='bbox 2907 3909 3001 3963; x_wconf 83' lang='lat' dir='ltr'><strong>per</strong></span> <span class='ocrx_word' id='word_1_752' title='bbox 3029 3892 3215 3947; x_wconf 85' lang='lat' dir='ltr'><strong>Deum.</strong></span> <span class='ocrx_word' id='word_1_753' title='bbox 3265 3894 3381 3950; x_wconf 80' lang='lat' dir='ltr'><strong>Non</strong></span> <span class='ocrx_word' id='word_1_754' title='bbox 3421 3912 3516 3965; x_wconf 92' lang='lat' dir='ltr'><strong>per</strong></span> <span class='ocrx_word' id='word_1_755' title='bbox 3539 3897 3706 3953; x_wconf 75' lang='lat' dir='ltr'><strong>meri-</strong></span> 
     </span>
    </p>
   </div>
   <div class='ocr_carea' id='block_1_98' title="bbox 2116 3981 3707 4060">
    <p class='ocr_par' dir='ltr' id='par_1_98' title="bbox 2116 3981 3707 4060">
     <span class='ocr_line' id='line_1_98' title="bbox 2116 3981 3707 4060; baseline 0.004 -26"><span class='ocrx_word' id='word_1_756' title='bbox 2116 3986 2232 4034; x_wconf 88' lang='lat' dir='ltr'><strong>tum</strong></span> <span class='ocrx_word' id='word_1_757' title='bbox 2261 3993 2363 4033; x_wconf 92' lang='lat' dir='ltr'><strong>nec</strong></span> <span class='ocrx_word' id='word_1_758' title='bbox 2407 3986 2677 4044; x_wconf 83' lang='lat' dir='ltr'><strong>naturam,</strong></span> <span class='ocrx_word' id='word_1_759' title='bbox 2709 3981 2805 4034; x_wconf 88' lang='lat' dir='ltr'><strong>sed</strong></span> <span class='ocrx_word' id='word_1_760' title='bbox 2837 3995 2935 4049; x_wconf 88' lang='lat' dir='ltr'><strong>per</strong></span> <span class='ocrx_word' id='word_1_761' title='bbox 2969 3982 3158 4048; x_wconf 73' lang='lat' dir='ltr'><strong>gratia:</strong></span> <span class='ocrx_word' id='word_1_762' title='bbox 3192 3983 3461 4051; x_wconf 85' lang='lat' dir='ltr'><strong>spiritum,</strong></span> <span class='ocrx_word' id='word_1_763' title='bbox 3493 3987 3560 4060; x_wconf 84' lang='lat' dir='ltr'><strong>d_e</strong></span> <span class='ocrx_word' id='word_1_764' title='bbox 3597 4001 3707 4055; x_wconf 84' lang='lat' dir='ltr'><strong>quo</strong></span> 
     </span>
    </p>
   </div>
   <div class='ocr_carea' id='block_1_99' title="bbox 2117 4066 3708 4140">
    <p class='ocr_par' dir='ltr' id='par_1_99' title="bbox 2117 4066 3708 4140">
     <span class='ocr_line' id='line_1_99' title="bbox 2117 4066 3708 4140; baseline 0.003 -17"><span class='ocrx_word' id='word_1_765' title='bbox 2117 4068 2172 4123; x_wconf 87' lang='lat' dir='ltr'><strong>in</strong></span> <span class='ocrx_word' id='word_1_766' title='bbox 2189 4067 2428 4138; x_wconf 78' lang='lat' dir='ltr'><strong>Epistula</strong></span> <span class='ocrx_word' id='word_1_767' title='bbox 2451 4067 2520 4122; x_wconf 91' lang='lat' dir='ltr'><strong>ad</strong></span> <span class='ocrx_word' id='word_1_768' title='bbox 2547 4066 2824 4123; x_wconf 83' lang='lat' dir='ltr'><strong>Romanos</strong></span> <span class='ocrx_word' id='word_1_769' title='bbox 2844 4071 2920 4122; x_wconf 88' lang='lat' dir='ltr'><strong>ait</strong></span> <span class='ocrx_word' id='word_1_770' title='bbox 2948 4085 2961 4120; x_wconf 96' lang='lat'><strong>:</strong></span> <span class='ocrx_word' id='word_1_771' title='bbox 2994 4067 3115 4138; x_wconf 80' lang='lat' dir='ltr'><strong>ipse</strong></span> <span class='ocrx_word' id='word_1_772' title='bbox 3135 4073 3274 4124; x_wconf 74' lang='lat' dir='ltr'><strong>enim</strong></span> <span class='ocrx_word' id='word_1_773' title='bbox 3301 4069 3534 4140; x_wconf 79' lang='lat' dir='ltr'><strong>Spiritus</strong></span> <span class='ocrx_word' id='word_1_774' title='bbox 3559 4077 3708 4128; x_wconf 81' lang='lat' dir='ltr'><strong>testi-</strong></span> 
     </span>
    </p>
   </div>
   <div class='ocr_carea' id='block_1_100' title="bbox 2116 4157 3706 4234">
    <p class='ocr_par' dir='ltr' id='par_1_100' title="bbox 2116 4157 3706 4234">
     <span class='ocr_line' id='line_1_100' title="bbox 2116 4157 3706 4234; baseline 0.006 -22"><span class='ocrx_word' id='word_1_775' title='bbox 2116 4158 2350 4213; x_wconf 82' lang='lat' dir='ltr'><strong>monium</strong></span> <span class='ocrx_word' id='word_1_776' title='bbox 2378 4157 2546 4212; x_wconf 83' lang='lat' dir='ltr'><strong>reddit</strong></span> <span class='ocrx_word' id='word_1_777' title='bbox 2574 4157 2784 4229; x_wconf 85' lang='lat' dir='ltr'><strong>spiritui</strong></span> <span class='ocrx_word' id='word_1_778' title='bbox 2815 4167 3018 4225; x_wconf 79' lang='lat' dir='ltr'><strong>nostro,</strong></span> <span class='ocrx_word' id='word_1_779' title='bbox 3065 4161 3206 4231; x_wconf 84' lang='lat' dir='ltr'><strong>quod</strong></span> <span class='ocrx_word' id='word_1_780' title='bbox 3233 4179 3416 4218; x_wconf 89' lang='lat' dir='ltr'><strong>sumus</strong></span> <span class='ocrx_word' id='word_1_781' title='bbox 3450 4164 3553 4233; x_wconf 78' lang='lat' dir='ltr'><strong>ﬁlii</strong></span> <span class='ocrx_word' id='word_1_782' title='bbox 3582 4166 3706 4234; x_wconf 83' lang='lat' dir='ltr'><strong>Dei,</strong></span> 
     </span>
    </p>
   </div>
   <div class='ocr_carea' id='block_1_101' title="bbox 2118 4245 3709 4320">
    <p class='ocr_par' dir='ltr' id='par_1_101' title="bbox 2118 4245 3709 4320">
     <span class='ocr_line' id='line_1_101' title="bbox 2118 4245 3709 4320; baseline 0.006 -19"><span class='ocrx_word' id='word_1_783' title='bbox 2118 4247 2164 4301; x_wconf 87' lang='lat' dir='ltr'><strong>si</strong></span> <span class='ocrx_word' id='word_1_784' title='bbox 2194 4256 2369 4300; x_wconf 84' lang='lat' dir='ltr'><strong>autem</strong></span> <span class='ocrx_word' id='word_1_785' title='bbox 2403 4245 2504 4315; x_wconf 77' lang='lat' dir='ltr'><strong>ﬁlii</strong></span> <span class='ocrx_word' id='word_1_786' title='bbox 2539 4253 2587 4300; x_wconf 89' lang='lat' dir='ltr'><strong>et</strong></span> <span class='ocrx_word' id='word_1_787' title='bbox 2607 4246 2861 4311; x_wconf 76' lang='lat' dir='ltr'><strong>Ita-redes,</strong></span> <span class='ocrx_word' id='word_1_788' title='bbox 2894 4246 3130 4303; x_wconf 71' lang='lat' dir='ltr'><strong>heredes</strong></span> <span class='ocrx_word' id='word_1_789' title='bbox 3153 4250 3369 4319; x_wconf 79' lang='lat' dir='ltr'><strong>quidem</strong></span> <span class='ocrx_word' id='word_1_790' title='bbox 3383 4251 3508 4320; x_wconf 85' lang='lat' dir='ltr'><strong>Dei,</strong></span> <span class='ocrx_word' id='word_1_791' title='bbox 3533 4256 3709 4312; x_wconf 76' lang='lat' dir='ltr'><strong>colur-</strong></span> 
     </span>
    </p>
   </div>
   <div class='ocr_carea' id='block_1_102' title="bbox 2121 4333 3066 4409">
    <p class='ocr_par' dir='ltr' id='par_1_102' title="bbox 2121 4333 3066 4409">
     <span class='ocr_line' id='line_1_102' title="bbox 2121 4333 3066 4409; baseline 0.003 -21"><span class='ocrx_word' id='word_1_792' title='bbox 2121 4336 2268 4391; x_wconf 85' lang='lat' dir='ltr'><strong>redes</strong></span> <span class='ocrx_word' id='word_1_793' title='bbox 2289 4345 2465 4390; x_wconf 82' lang='lat' dir='ltr'><strong>autem</strong></span> <span class='ocrx_word' id='word_1_794' title='bbox 2491 4333 2687 4391; x_wconf 80' lang='lat' dir='ltr'><strong>Christi</strong></span> <span class='ocrx_word' id='word_1_795' title='bbox 2719 4335 2900 4406; x_wconf 85' lang='lat' dir='ltr'><strong>(Rom.</strong></span> <span class='ocrx_word' id='word_1_796' title='bbox 2925 4337 3066 4409; x_wconf 77' lang='lat' dir='ltr'><strong>vni).</strong></span> 
     </span>
    </p>
   </div>
   <div class='ocr_carea' id='block_1_103' title="bbox 2544 4445 3288 4496">
    <p class='ocr_par' dir='ltr' id='par_1_103' title="bbox 2544 4445 3288 4496">
     <span class='ocr_line' id='line_1_103' title="bbox 2544 4445 3288 4496; baseline 0.007 -13"><span class='ocrx_word' id='word_1_797' title='bbox 2544 4445 2882 4484; x_wconf 69' lang='lat' dir='ltr'><strong>BVANGELIUI</strong></span> <span class='ocrx_word' id='word_1_798' title='bbox 2905 4445 3076 4496; x_wconf 62' lang='lat' dir='ltr'><strong>L068,</strong></span> <span class='ocrx_word' id='word_1_799' title='bbox 3091 4447 3208 4487; x_wconf 68' lang='lat' dir='ltr'><strong>CAP.</strong></span> <span class='ocrx_word' id='word_1_800' title='bbox 3226 4448 3288 4487; x_wconf 80' lang='grc' dir='ltr'><strong>η.</strong></span> 
     </span>
    </p>
   </div>
   <div class='ocr_carea' id='block_1_104' title="bbox 2199 4515 3709 4595">
    <p class='ocr_par' dir='ltr' id='par_1_104' title="bbox 2199 4515 3709 4595">
     <span class='ocr_line' id='line_1_104' title="bbox 2199 4515 3709 4595; baseline 0.007 -25"><span class='ocrx_word' id='word_1_801' title='bbox 2199 4536 2218 4570; x_wconf 76' lang='lat' dir='ltr'><strong>i</strong></span> <span class='ocrx_word' id='word_1_802' title='bbox 2250 4517 2383 4572; x_wconf 80' lang='lat' dir='ltr'><strong>Erat</strong></span> <span class='ocrx_word' id='word_1_803' title='bbox 2402 4515 2604 4584; x_wconf 83' lang='lat' dir='ltr'><strong>Joseph</strong></span> <span class='ocrx_word' id='word_1_804' title='bbox 2627 4524 2682 4571; x_wconf 92' lang='lat' dir='ltr'><strong>et</strong></span> <span class='ocrx_word' id='word_1_805' title='bbox 2708 4516 2877 4572; x_wconf 71' lang='lat' dir='ltr'><strong>Maria</strong></span> <span class='ocrx_word' id='word_1_806' title='bbox 2899 4528 3075 4576; x_wconf 77' lang='lat' dir='ltr'><strong>mater</strong></span> <span class='ocrx_word' id='word_1_807' title='bbox 3097 4519 3226 4576; x_wconf 61' lang='lat' dir='ltr'><strong>«Iesu</strong></span> <span class='ocrx_word' id='word_1_808' title='bbox 3255 4521 3517 4579; x_wconf 77' lang='lat' dir='ltr'><strong>mirantea</strong></span> <span class='ocrx_word' id='word_1_809' title='bbox 3544 4538 3709 4595; x_wconf 86' lang='lat' dir='ltr'><strong>super</strong></span> 
     </span>
    </p>
   </div>
   <div class='ocr_carea' id='block_1_105' title="bbox 2130 4604 3712 4676">
    <p class='ocr_par' dir='ltr' id='par_1_105' title="bbox 2130 4604 3712 4676">
     <span class='ocr_line' id='line_1_105' title="bbox 2130 4604 3712 4676; baseline 0.008 -17"><span class='ocrx_word' id='word_1_810' title='bbox 2130 4625 2150 4659; x_wconf 76' lang='grc' dir='ltr'>ι</span> <span class='ocrx_word' id='word_1_811' title='bbox 2182 4607 2287 4672; x_wconf 89' lang='lat' dir='ltr'><strong>his,</strong></span> <span class='ocrx_word' id='word_1_812' title='bbox 2315 4621 2437 4676; x_wconf 66' lang='lat' dir='ltr'><strong>quae</strong></span> <span class='ocrx_word' id='word_1_813' title='bbox 2464 4604 2784 4661; x_wconf 83' lang='lat' dir='ltr'><strong>dicebantur</strong></span> <span class='ocrx_word' id='word_1_814' title='bbox 2809 4607 2877 4662; x_wconf 89' lang='lat' dir='ltr'><strong>de</strong></span> <span class='ocrx_word' id='word_1_815' title='bbox 2919 4607 3030 4662; x_wconf 90' lang='lat' dir='ltr'><strong>illo.</strong></span> <span class='ocrx_word' id='word_1_816' title='bbox 3075 4609 3146 4664; x_wconf 86' lang='lat' dir='ltr'><strong>Et</strong></span> <span class='ocrx_word' id='word_1_817' title='bbox 3180 4609 3458 4667; x_wconf 67' lang='lat' dir='ltr'><strong>licuedixit</strong></span> <span class='ocrx_word' id='word_1_818' title='bbox 3483 4613 3590 4669; x_wconf 89' lang='lat' dir='ltr'><strong>illis</strong></span> <span class='ocrx_word' id='word_1_819' title='bbox 3625 4614 3712 4671; x_wconf 85' lang='lat' dir='ltr'><strong>Si-</strong></span> 
     </span>
    </p>
   </div>
   <div class='ocr_carea' id='block_1_106' title="bbox 2131 4696 3712 4776">
    <p class='ocr_par' dir='ltr' id='par_1_106' title="bbox 2131 4696 3712 4776">
     <span class='ocr_line' id='line_1_106' title="bbox 2131 4696 3712 4776; baseline 0.006 -26"><span class='ocrx_word' id='word_1_820' title='bbox 2131 4715 2152 4750; x_wconf 82' lang='lat' dir='ltr'><strong>r</strong></span> <span class='ocrx_word' id='word_1_821' title='bbox 2190 4713 2371 4763; x_wconf 89' lang='lat' dir='ltr'><strong>meon,</strong></span> <span class='ocrx_word' id='word_1_822' title='bbox 2398 4705 2456 4752; x_wconf 89' lang='lat' dir='ltr'><strong>et</strong></span> <span class='ocrx_word' id='word_1_823' title='bbox 2479 4696 2616 4752; x_wconf 89' lang='lat' dir='ltr'><strong>dixit</strong></span> <span class='ocrx_word' id='word_1_824' title='bbox 2643 4697 2710 4752; x_wconf 88' lang='lat' dir='ltr'><strong>ad</strong></span> <span class='ocrx_word' id='word_1_825' title='bbox 2753 4697 2977 4753; x_wconf 72' lang='lat' dir='ltr'><strong>Mariam</strong></span> <span class='ocrx_word' id='word_1_826' title='bbox 3004 4705 3236 4754; x_wconf 86' lang='lat' dir='ltr'><strong>matrem</strong></span> <span class='ocrx_word' id='word_1_827' title='bbox 3263 4701 3418 4771; x_wconf 83' lang='lat' dir='ltr'><strong>ejus:</strong></span> <span class='ocrx_word' id='word_1_828' title='bbox 3450 4703 3589 4760; x_wconf 85' lang='lat' dir='ltr'><strong>Ecce</strong></span> <span class='ocrx_word' id='word_1_829' title='bbox 3613 4720 3712 4776; x_wconf 80' lang='lat' dir='ltr'><strong>po-</strong></span> 
     </span>
    </p>
   </div>
   <div class='ocr_carea' id='block_1_107' title="bbox 2131 4789 3712 4852">
    <p class='ocr_par' dir='ltr' id='par_1_107' title="bbox 2131 4789 3712 4852">
     <span class='ocr_line' id='line_1_107' title="bbox 2131 4789 3712 4852; baseline 0.005 -8"><span class='ocrx_word' id='word_1_830' title='bbox 2131 4810 2149 4844; x_wconf 74' lang='lat' dir='ltr'><strong>t</strong></span> <span class='ocrx_word' id='word_1_831' title='bbox 2186 4791 2324 4846; x_wconf 89' lang='lat' dir='ltr'><strong>situs</strong></span> <span class='ocrx_word' id='word_1_832' title='bbox 2351 4800 2434 4846; x_wconf 91' lang='lat' dir='ltr'><strong>est</strong></span> <span class='ocrx_word' id='word_1_833' title='bbox 2455 4790 2545 4844; x_wconf 86' lang='lat' dir='ltr'><strong>hic</strong></span> <span class='ocrx_word' id='word_1_834' title='bbox 2571 4790 2627 4844; x_wconf 89' lang='lat' dir='ltr'><strong>in</strong></span> <span class='ocrx_word' id='word_1_835' title='bbox 2669 4789 2880 4844; x_wconf 84' lang='lat' dir='ltr'><strong>ruinam</strong></span> <span class='ocrx_word' id='word_1_836' title='bbox 2924 4791 3059 4845; x_wconf 89' lang='lat' dir='ltr'><strong>etin</strong></span> <span class='ocrx_word' id='word_1_837' title='bbox 3081 4794 3534 4850; x_wconf 86' lang='lat' dir='ltr'><strong>resurrectionem</strong></span> <span class='ocrx_word' id='word_1_838' title='bbox 3573 4797 3712 4852; x_wconf 89' lang='lat' dir='ltr'><strong>mul-</strong></span> 
     </span>
    </p>
   </div>
   <div class='ocr_carea' id='block_1_108' title="bbox 2133 4879 3707 4954">
    <p class='ocr_par' dir='ltr' id='par_1_108' title="bbox 2133 4879 3707 4954">
     <span class='ocr_line' id='line_1_108' title="bbox 2133 4879 3707 4954; baseline 0.006 -20"><span class='ocrx_word' id='word_1_839' title='bbox 2133 4899 2152 4934; x_wconf 74' lang='lat' dir='ltr'><strong>i</strong></span> <span class='ocrx_word' id='word_1_840' title='bbox 2193 4888 2375 4936; x_wconf 90' lang='lat' dir='ltr'><strong>torum</strong></span> <span class='ocrx_word' id='word_1_841' title='bbox 2410 4881 2464 4935; x_wconf 89' lang='lat' dir='ltr'><strong>iu</strong></span> <span class='ocrx_word' id='word_1_842' title='bbox 2499 4879 2682 4935; x_wconf 87' lang='lat' dir='ltr'><strong>Israel.</strong></span> <span class='ocrx_word' id='word_1_843' title='bbox 2715 4879 2782 4934; x_wconf 89' lang='lat' dir='ltr'><strong>Et</strong></span> <span class='ocrx_word' id='word_1_844' title='bbox 2811 4882 2864 4935; x_wconf 90' lang='lat' dir='ltr'><strong>in</strong></span> <span class='ocrx_word' id='word_1_845' title='bbox 2896 4881 3109 4951; x_wconf 88' lang='lat' dir='ltr'><strong>signum</strong></span> <span class='ocrx_word' id='word_1_846' title='bbox 3151 4883 3238 4938; x_wconf 89' lang='lat' dir='ltr'><strong>cui</strong></span> <span class='ocrx_word' id='word_1_847' title='bbox 3284 4887 3707 4954; x_wconf 85' lang='lat' dir='ltr'><strong>contradicetur,</strong></span> 
     </span>
    </p>
   </div>
   <div class='ocr_carea' id='block_1_109' title="bbox 2134 4969 3712 5045">
    <p class='ocr_par' dir='ltr' id='par_1_109' title="bbox 2134 4969 3712 5045">
     <span class='ocr_line' id='line_1_109' title="bbox 2134 4969 3712 5045; baseline 0.004 -19"><span class='ocrx_word' id='word_1_848' title='bbox 2134 4989 2154 5025; x_wconf 71' lang='grc' dir='ltr'><strong><em>ι</em></strong></span> <span class='ocrx_word' id='word_1_849' title='bbox 2195 4980 2253 5026; x_wconf 90' lang='lat' dir='ltr'><strong>et</strong></span> <span class='ocrx_word' id='word_1_850' title='bbox 2295 4979 2444 5025; x_wconf 86' lang='lat' dir='ltr'><strong>tuam</strong></span> <span class='ocrx_word' id='word_1_851' title='bbox 2490 4969 2661 5039; x_wconf 88' lang='lat' dir='ltr'><strong>ipsius</strong></span> <span class='ocrx_word' id='word_1_852' title='bbox 2705 4971 2940 5025; x_wconf 88' lang='lat' dir='ltr'><strong>animam</strong></span> <span class='ocrx_word' id='word_1_853' title='bbox 2985 4973 3344 5042; x_wconf 89' lang='lat' dir='ltr'><strong>pertransibit</strong></span> <span class='ocrx_word' id='word_1_854' title='bbox 3375 4975 3607 5045; x_wconf 81' lang='lat' dir='ltr'><strong>gladius,</strong></span> <span class='ocrx_word' id='word_1_855' title='bbox 3649 4987 3712 5033; x_wconf 87' lang='lat' dir='ltr'><strong>ut</strong></span> 
     </span>
    </p>
   </div>
   <div class='ocr_carea' id='block_1_110' title="bbox 2133 5061 3713 5133">
    <p class='ocr_par' dir='ltr' id='par_1_110' title="bbox 2133 5061 3713 5133">
     <span class='ocr_line' id='line_1_110' title="bbox 2133 5061 3713 5133; baseline 0.005 -18"><span class='ocrx_word' id='word_1_856' title='bbox 2133 5081 2153 5115; x_wconf 76' lang='grc' dir='ltr'>ι</span> <span class='ocrx_word' id='word_1_857' title='bbox 2191 5061 2496 5118; x_wconf 75' lang='lat' dir='ltr'><strong>revelantur</strong></span> <span class='ocrx_word' id='word_1_858' title='bbox 2517 5075 2586 5118; x_wconf 92' lang='lat' dir='ltr'><strong>ex</strong></span> <span class='ocrx_word' id='word_1_859' title='bbox 2608 5063 2796 5118; x_wconf 81' lang='lat' dir='ltr'><strong>multis</strong></span> <span class='ocrx_word' id='word_1_860' title='bbox 2821 5063 3076 5118; x_wconf 88' lang='lat' dir='ltr'><strong>cordibus</strong></span> <span class='ocrx_word' id='word_1_861' title='bbox 3102 5062 3477 5133; x_wconf 85' lang='lat' dir='ltr'><strong>cogitationes.</strong></span> <span class='ocrx_word' id='word_1_862' title='bbox 3505 5067 3574 5122; x_wconf 83' lang='lat' dir='ltr'><strong>Et</strong></span> <span class='ocrx_word' id='word_1_863' title='bbox 3593 5079 3713 5124; x_wconf 69' lang='lat' dir='ltr'><strong>erat</strong></span> 
     </span>
    </p>
   </div>
   <div class='ocr_carea' id='block_1_111' title="bbox 2134 5149 3778 5225">
    <p class='ocr_par' dir='ltr' id='par_1_111' title="bbox 2134 5149 3778 5225">
     <span class='ocr_line' id='line_1_111' title="bbox 2134 5149 3778 5225; baseline 0.005 -19"><span class='ocrx_word' id='word_1_864' title='bbox 2134 5171 2154 5206; x_wconf 84' lang='grc'><strong>‹</strong></span> <span class='ocrx_word' id='word_1_865' title='bbox 2188 5153 2345 5209; x_wconf 74' lang='lat' dir='ltr'><strong>Anna</strong></span> <span class='ocrx_word' id='word_1_866' title='bbox 2385 5153 2726 5222; x_wconf 75' lang='lat' dir='ltr'><strong>prophetissa</strong></span> <span class='ocrx_word' id='word_1_867' title='bbox 2765 5151 2874 5207; x_wconf 80' lang='lat' dir='ltr'><strong>ﬁlia</strong></span> <span class='ocrx_word' id='word_1_868' title='bbox 2913 5151 3175 5219; x_wconf 85' lang='lat' dir='ltr'><strong>Phanuel,</strong></span> <span class='ocrx_word' id='word_1_869' title='bbox 3221 5155 3289 5210; x_wconf 87' lang='lat' dir='ltr'><strong>de</strong></span> <span class='ocrx_word' id='word_1_870' title='bbox 3335 5157 3478 5211; x_wconf 89' lang='lat' dir='ltr'><strong>tribu</strong></span> <span class='ocrx_word' id='word_1_871' title='bbox 3548 5158 3710 5225; x_wconf 76' lang='lat' dir='ltr'><strong>Aser,</strong></span> <span class='ocrx_word' id='word_1_872' title='bbox 3775 5149 3778 5152; x_wconf 55' lang='grc'><strong>’</strong></span> 
     </span>
    </p>
   </div>
   <div class='ocr_carea' id='block_1_112' title="bbox 2135 5243 3712 5313">
    <p class='ocr_par' dir='ltr' id='par_1_112' title="bbox 2135 5243 3712 5313">
     <span class='ocr_line' id='line_1_112' title="bbox 2135 5243 3712 5313; baseline 0.004 -16"><span class='ocrx_word' id='word_1_873' title='bbox 2135 5262 2154 5297; x_wconf 74' lang='lat' dir='ltr'><strong>t</strong></span> <span class='ocrx_word' id='word_1_874' title='bbox 2194 5245 2312 5299; x_wconf 68' lang='lat' dir='ltr'><strong>haec</strong></span> <span class='ocrx_word' id='word_1_875' title='bbox 2337 5251 2682 5313; x_wconf 86' lang='lat' dir='ltr'><strong>processerat</strong></span> <span class='ocrx_word' id='word_1_876' title='bbox 2709 5243 2763 5297; x_wconf 95' lang='lat' dir='ltr'><strong>in</strong></span> <span class='ocrx_word' id='word_1_877' title='bbox 2806 5243 2997 5298; x_wconf 89' lang='lat' dir='ltr'><strong>diebus</strong></span> <span class='ocrx_word' id='word_1_878' title='bbox 3041 5244 3245 5309; x_wconf 77' lang='lat' dir='ltr'><strong>multis,</strong></span> <span class='ocrx_word' id='word_1_879' title='bbox 3273 5254 3330 5300; x_wconf 91' lang='lat' dir='ltr'><strong>et</strong></span> <span class='ocrx_word' id='word_1_880' title='bbox 3355 5247 3564 5301; x_wconf 83' lang='lat' dir='ltr'><strong>vixerat</strong></span> <span class='ocrx_word' id='word_1_881' title='bbox 3585 5265 3712 5304; x_wconf 84' lang='lat' dir='ltr'><strong>cum</strong></span> 
     </span>
    </p>
   </div>
   <div class='ocr_carea' id='block_1_113' title="bbox 2135 5332 3716 5404">
    <p class='ocr_par' dir='ltr' id='par_1_113' title="bbox 2135 5332 3716 5404">
     <span class='ocr_line' id='line_1_113' title="bbox 2135 5332 3716 5404; baseline 0.003 -17"><span class='ocrx_word' id='word_1_882' title='bbox 2135 5352 2156 5387; x_wconf 74' lang='grc' dir='ltr'>ι</span> <span class='ocrx_word' id='word_1_883' title='bbox 2186 5335 2304 5389; x_wconf 88' lang='lat' dir='ltr'><strong>viro</strong></span> <span class='ocrx_word' id='word_1_884' title='bbox 2332 5348 2434 5388; x_wconf 89' lang='lat' dir='ltr'><strong>suo</strong></span> <span class='ocrx_word' id='word_1_885' title='bbox 2475 5332 2634 5388; x_wconf 90' lang='lat' dir='ltr'><strong>annis</strong></span> <span class='ocrx_word' id='word_1_886' title='bbox 2680 5340 2888 5402; x_wconf 87' lang='lat' dir='ltr'><strong>septem</strong></span> <span class='ocrx_word' id='word_1_887' title='bbox 2931 5349 2961 5387; x_wconf 90' lang='lat' dir='ltr'><strong>a</strong></span> <span class='ocrx_word' id='word_1_888' title='bbox 2987 5333 3294 5404; x_wconf 78' lang='lat' dir='ltr'><strong>virginitate</strong></span> <span class='ocrx_word' id='word_1_889' title='bbox 3331 5351 3448 5391; x_wconf 88' lang='lat' dir='ltr'><strong>sua.</strong></span> <span class='ocrx_word' id='word_1_890' title='bbox 3489 5337 3561 5390; x_wconf 82' lang='lat' dir='ltr'><strong>Et</strong></span> <span class='ocrx_word' id='word_1_891' title='bbox 3596 5338 3716 5392; x_wconf 60' lang='lat' dir='ltr'><strong>hac</strong></span> 
     </span>
    </p>
   </div>
   <div class='ocr_carea' id='block_1_114' title="bbox 2137 5423 3713 5494">
    <p class='ocr_par' dir='ltr' id='par_1_114' title="bbox 2137 5423 3713 5494">
     <span class='ocr_line' id='line_1_114' title="bbox 2137 5423 3713 5494; baseline 0.003 -19"><span class='ocrx_word' id='word_1_892' title='bbox 2137 5441 2158 5475; x_wconf 73' lang='grc' dir='ltr'>ι</span> <span class='ocrx_word' id='word_1_893' title='bbox 2193 5423 2355 5477; x_wconf 88' lang='lat' dir='ltr'><strong>vidua</strong></span> <span class='ocrx_word' id='word_1_894' title='bbox 2383 5429 2504 5478; x_wconf 89' lang='lat' dir='ltr'><strong>erat</strong></span> <span class='ocrx_word' id='word_1_895' title='bbox 2525 5435 2698 5490; x_wconf 89' lang='lat' dir='ltr'><strong>usque</strong></span> <span class='ocrx_word' id='word_1_896' title='bbox 2721 5423 2790 5477; x_wconf 72' lang='lat' dir='ltr'><strong>aol</strong></span> <span class='ocrx_word' id='word_1_897' title='bbox 2816 5436 2988 5478; x_wconf 88' lang='lat' dir='ltr'><strong>annos</strong></span> <span class='ocrx_word' id='word_1_898' title='bbox 3007 5423 3277 5494; x_wconf 86' lang='lat' dir='ltr'><strong>octoginta</strong></span> <span class='ocrx_word' id='word_1_899' title='bbox 3309 5432 3561 5494; x_wconf 85' lang='lat' dir='ltr'><strong>quatuor,</strong></span> <span class='ocrx_word' id='word_1_900' title='bbox 3591 5439 3713 5494; x_wconf 71' lang='lat' dir='ltr'><strong>qum</strong></span> 
     </span>
    </p>
   </div>
   <div class='ocr_carea' id='block_1_115' title="bbox 2139 5511 3722 5586">
    <p class='ocr_par' dir='ltr' id='par_1_115' title="bbox 2139 5511 3722 5586">
     <span class='ocr_line' id='line_1_115' title="bbox 2139 5511 3722 5586; baseline 0.005 -24"><span class='ocrx_word' id='word_1_901' title='bbox 2139 5528 2159 5562; x_wconf 85' lang='grc'><em>‹</em></span> <span class='ocrx_word' id='word_1_902' title='bbox 2191 5527 2299 5568; x_wconf 89' lang='lat' dir='ltr'><strong>non</strong></span> <span class='ocrx_word' id='word_1_903' title='bbox 2325 5511 2638 5567; x_wconf 89' lang='lat' dir='ltr'><strong>discedebat</strong></span> <span class='ocrx_word' id='word_1_904' title='bbox 2666 5511 2743 5568; x_wconf 84' lang='lat' dir='ltr'><strong>de‘</strong></span> <span class='ocrx_word' id='word_1_905' title='bbox 2779 5512 2999 5586; x_wconf 88' lang='lat' dir='ltr'><strong>templo,</strong></span> <span class='ocrx_word' id='word_1_906' title='bbox 3044 5511 3264 5584; x_wconf 81' lang='lat' dir='ltr'><strong>jejuniis</strong></span> <span class='ocrx_word' id='word_1_907' title='bbox 3287 5521 3344 5568; x_wconf 89' lang='lat' dir='ltr'><strong>et</strong></span> <span class='ocrx_word' id='word_1_908' title='bbox 3382 5516 3722 5571; x_wconf 82' lang='lat' dir='ltr'><strong>obsecratio-</strong></span> 
     </span>
    </p>
   </div>
   <div class='ocr_carea' id='block_1_116' title="bbox 2138 5603 3720 5674">
    <p class='ocr_par' dir='ltr' id='par_1_116' title="bbox 2138 5603 3720 5674">
     <span class='ocr_line' id='line_1_116' title="bbox 2138 5603 3720 5674; baseline 0.003 -17"><span class='ocrx_word' id='word_1_909' title='bbox 2138 5622 2158 5656; x_wconf 71' lang='grc' dir='ltr'>ι</span> <span class='ocrx_word' id='word_1_910' title='bbox 2187 5603 2347 5659; x_wconf 91' lang='lat' dir='ltr'><strong>nibus</strong></span> <span class='ocrx_word' id='word_1_911' title='bbox 2371 5605 2614 5660; x_wconf 88' lang='lat' dir='ltr'><strong>serviens</strong></span> <span class='ocrx_word' id='word_1_912' title='bbox 2642 5604 2728 5660; x_wconf 84' lang='lat' dir='ltr'><strong>die</strong></span> <span class='ocrx_word' id='word_1_913' title='bbox 2754 5620 2820 5660; x_wconf 93' lang='lat' dir='ltr'><strong>ac</strong></span> <span class='ocrx_word' id='word_1_914' title='bbox 2848 5616 3026 5660; x_wconf 88' lang='lat' dir='ltr'><strong>nocte.</strong></span> <span class='ocrx_word' id='word_1_915' title='bbox 3068 5605 3136 5660; x_wconf 83' lang='lat' dir='ltr'><strong>Et</strong></span> <span class='ocrx_word' id='word_1_916' title='bbox 3171 5606 3287 5660; x_wconf 56' lang='lat' dir='ltr'><strong>haec</strong></span> <span class='ocrx_word' id='word_1_917' title='bbox 3317 5606 3429 5674; x_wconf 90' lang='lat' dir='ltr'><strong>ipsa</strong></span> <span class='ocrx_word' id='word_1_918' title='bbox 3461 5607 3592 5660; x_wconf 81' lang='lat' dir='ltr'><strong>hora</strong></span> <span class='ocrx_word' id='word_1_919' title='bbox 3621 5619 3720 5662; x_wconf 84' lang='lat' dir='ltr'><strong>su-</strong></span> 
     </span>
    </p>
   </div>
   <div class='ocr_carea' id='block_1_117' title="bbox 2138 5695 3715 5765">
    <p class='ocr_par' dir='ltr' id='par_1_117' title="bbox 2138 5695 3715 5765">
     <span class='ocr_line' id='line_1_117' title="bbox 2138 5695 3715 5765; baseline 0.003 -18"><span class='ocrx_word' id='word_1_920' title='bbox 2138 5713 2158 5747; x_wconf 74' lang='lat' dir='ltr'><strong>i</strong></span> <span class='ocrx_word' id='word_1_921' title='bbox 2193 5695 2514 5764; x_wconf 82' lang='lat' dir='ltr'><strong>perveniens</strong></span> <span class='ocrx_word' id='word_1_922' title='bbox 2555 5695 2914 5751; x_wconf 87' lang='lat' dir='ltr'><strong>conﬁtebatur</strong></span> <span class='ocrx_word' id='word_1_923' title='bbox 2938 5696 3186 5760; x_wconf 81' lang='lat' dir='ltr'><strong>Domino,</strong></span> <span class='ocrx_word' id='word_1_924' title='bbox 3213 5704 3272 5750; x_wconf 91' lang='lat' dir='ltr'><strong>et</strong></span> <span class='ocrx_word' id='word_1_925' title='bbox 3297 5695 3619 5765; x_wconf 87' lang='lat' dir='ltr'><strong>loquebatur</strong></span> <span class='ocrx_word' id='word_1_926' title='bbox 3643 5695 3715 5752; x_wconf 86' lang='lat' dir='ltr'><strong>de</strong></span> 
     </span>
    </p>
   </div>
   <div class='ocr_carea' id='block_1_118' title="bbox 2139 5785 3710 5860">
    <p class='ocr_par' dir='ltr' id='par_1_118' title="bbox 2139 5785 3710 5860">
     <span class='ocr_line' id='line_1_118' title="bbox 2139 5785 3710 5860; baseline 0.002 -21"><span class='ocrx_word' id='word_1_927' title='bbox 2139 5804 2157 5839; x_wconf 74' lang='grc' dir='ltr'><strong><em>ι</em></strong></span> <span class='ocrx_word' id='word_1_928' title='bbox 2188 5785 2280 5842; x_wconf 92' lang='lat' dir='ltr'><strong>illo</strong></span> <span class='ocrx_word' id='word_1_929' title='bbox 2293 5787 2542 5843; x_wconf 86' lang='lat' dir='ltr'><strong>omnibus</strong></span> <span class='ocrx_word' id='word_1_930' title='bbox 2556 5788 2648 5858; x_wconf 89' lang='lat' dir='ltr'><strong>qui</strong></span> <span class='ocrx_word' id='word_1_931' title='bbox 2669 5788 3054 5860; x_wconf 83' lang='lat' dir='ltr'><strong>exspectabant</strong></span> <span class='ocrx_word' id='word_1_932' title='bbox 3077 5785 3501 5857; x_wconf 87' lang='lat' dir='ltr'><strong>redemptionem</strong></span> <span class='ocrx_word' id='word_1_933' title='bbox 3520 5785 3710 5843; x_wconf 82' lang='lat' dir='ltr'><strong>Israel.</strong></span> 
     </span>
    </p>
   </div>
  </div>
