3994 6204
300 244 374 300 os
836 327 842 336 .
1159 247 1678 309 COLLECTIONES
1715 253 1782 309 lN
1822 224 2200 311 erasmus
2235 251 2322 310 er
2362 253 2765 312 emacem.
3502 261 3572 320 eo

303 395 323 428 ι
359 375 431 430 Et
458 383 516 431 ut
539 372 890 445 perfecerunt
911 378 1093 433 omnia
1124 381 1424 443 secundum
1460 383 1628 456 legem
1658 375 1879 451 Domini1

1998 381 2228 433 marum,
2255 368 2348 422 sed
2372 383 2658 439 corporum
2707 380 2809 436 est,
2854 385 2974 441 qua:
3016 387 3112 442 pcr
3151 372 3396 430 ultimum
3421 375 3569 446 judi-

299 487 321 530 μ
358 467 564 522 reversi
599 475 728 522 sunt
770 467 823 521 in
851 467 1129 525 Galilzeam
1169 471 1222 527 in
1267 474 1542 532 civitatem
1586 493 1739 532 suam
1783 477 1894 533 Na-

302 576 322 608 ι
355 558 568 612 zaretb.
622 554 765 612 Puer
820 565 1001 612 autem
1049 563 1349 628 crescebat,
1390 574 1444 619 et
1490 565 1896 622 confortabatur

301 668 320 701 σ
355 648 551 720 plenus
584 647 878 720 sapientia,
909 657 965 704 et
992 653 1167 720 gratia
1198 653 1290 707 Dei
1321 663 1439 709 erat
1466 671 1587 710 cum
1620 655 1751 711 illo..

325 749 330 754 '
369 739 506 795 Erat
541 737 734 810 Ioseph
781 749 828 793 et
869 738 1048 795 Maria
1093 753 1263 796 mater
1294 744 1422 798 Jesu
1460 747 1711 800 mirantes
1739 763 1895 818 super

292 831 376 884 Itis
399 846 518 900 quia
545 827 860 883 dicebantur
898 829 963 884 de
1007 829 1118 885 illo.
1155 832 1257 904 (Ex
1298 834 1489 906 Beda.)
1536 835 1633 890 llic
1665 836 1894 893 Mariam

295 919 528 991 ﬁguram
553 934 840 991 synagoga:
863 929 1031 986 tenet,
1057 921 1256 993 Ioseph
1283 933 1463 980 autem
1485 925 1711 996 ﬁguram
1734 928 1888 1000 legis.

295 1011 514 1066 Patrem
543 1008 845 1065 Salvatoris
887 1010 1120 1081 appellat
1161 1011 1384 1083 Ioseph,
1435 1029 1540 1068 non
1570 1017 1712 1085 quod
1740 1031 1889 1082 vere,

286 1101 444 1170 juxra
490 1100 828 1167 Fotinianos,
854 1111 1012 1172 pater
1041 1101 1202 1157 fuerit
1245 1103 1384 1172 ejus,
1417 1105 1510 1160 sed
1542 1107 1685 1175 quod
1719 1107 1786 1162 ad
1811 1108 1892 1160 l‘a-

293 1209 439 1248 mam
464 1189 647 1246 Mariae
669 1193 1116 1261 conservandam,
1136 1204 1293 1264 pater
1315 1197 1386 1251 sit
1405 1198 1473 1252 ab
1487 1197 1739 1252 omnibus
1753 1198 1892 1252 msti-

292 1292 497 1338 matus.
529 1283 790 1350 Quamvis
826 1291 879 1339 et
903 1299 968 1339 eo
1003 1285 1164 1340 modo
1189 1293 1342 1356 pater
1387 1287 1530 1341 illius
1558 1286 1887 1351 valcat'dici,

291 1389 403 1442 quo
430 1381 486 1428 et
509 1372 592 1427 vir
621 1373 804 1428 Maria:
829 1382 975 1429 recte
995 1375 1333 1446 intelligitur,
1364 1376 1479 1432 sine
1504 1377 1889 1433 commixtione

291 1467 500 1532 carnis,
547 1467 664 1537 ipsa
709 1467 1046 1536 copulatione
1093 1467 1388 1540 conjungit,
1442 1468 1610 1524 multo
1639 1468 1891 1524 videlicet

290 1553 658 1623 coniunctius,
690 1571 853 1626 quam
871 1549 924 1610 'si
953 1563 1098 1612 esset
1122 1555 1335 1611 aliunde
1367 1557 1671 1627 adoptatus.

363 1642 435 1696 Et
461 1643 601 1697 dixit
630 1644 701 1696 ad
723 1643 952 1697 Mariam
981 1653 1199 1699 matrem
1237 1646 1352 1716 ejus
1377 1659 1396 1697 :
1427 1647 1561 1700 Ecce
1585 1659 1783 1717 positus
1811 1656 1888 1717 est

1994 460 2157 526 cium,
2187 460 2320 515 alios
2349 461 2491 515 mitti
2522 461 2576 516 in
2605 462 2893 517 secundam
2923 471 3175 531 mortem,
3205 457 3341 520 alios
3366 466 3420 520 in
3446 479 3570 522 eam

1991 549 2183 614 vitam,
2213 563 2333 618 qua
2360 565 2465 604 non
2496 551 2659 605 habet
2685 560 2935 606 mortem.

2062 639 2132 693 Et
2159 641 2216 694 in
2240 641 2468 710 signum,
2497 643 2581 695 cui
2602 644 3002 698 contradicetur.
3033 645 3128 717 (Ex
3155 646 3401 719 Hieron.)
3428 647 3576 703 Serio

1990 731 2076 785 bis
2125 730 2375 786 videlicet
2418 742 2472 786 et
2513 733 2830 800 Phariszeis,
2895 735 3171 793 haereticis
3225 745 3282 792 et
3321 739 3571 810 paganis.

1993 821 2215 893 Signum
2252 831 2455 888 autem,
2478 825 2565 878 cui
2611 826 3044 894 contradicetur,
3094 828 3253 884 ﬁdem
3277 829 3576 885 Dominicze

1990 912 2170 967 crucis
2208 913 2416 981 accipe,
2451 915 2518 968 de
2543 929 2650 983 qua
2678 917 2921 984 apostolo
2945 917 3114 972 Paulo
3137 919 3325 973 dicunt
3349 917 3520 975 Judai
3551 935 3570 975 :

1992 1000 2135 1056 Nam
2164 1003 2229 1056 de
2271 1016 2418 1058 secta
2458 1005 2555 1058 hac
2583 1015 2761 1060 notum
2789 1017 2863 1061 est
2908 1009 3055 1063 nobis
3103 1013 3242 1082 quod
3290 1012 3478 1082 ubique
3525 1012 3576 1064 ei

1989 1092 2369 1146 contradicitur
2388 1093 2526 1164 (Act.
2551 1096 2766 1166 xxvm).
2791 1096 2902 1153 Nos
2920 1100 3116 1170 quippe
3135 1114 3324 1156 omnes
3345 1101 3571 1163 scimus,

1989 1194 2114 1232 vera
2143 1195 2263 1235 esse
2306 1195 2426 1250 quae
2451 1183 2518 1237 de
2543 1183 2825 1239 Salvatore
2851 1189 3048 1256 scripta
3083 1196 3227 1253 sunt,
3284 1190 3378 1244 sed
3425 1188 3570 1258 apud

1989 1268 2294 1325 incredulos
2318 1281 2372 1326 et
2401 1273 2684 1328 haereticos
2709 1277 2982 1343 universa,
3012 1293 3132 1349 quae
3162 1281 3229 1336 de
3266 1295 3332 1335 eo
3363 1281 3570 1351 scripta

1987 1369 2134 1426 sunt,
2175 1362 2388 1432 signum
2411 1373 2558 1431 sunt,
2591 1366 2678 1421 cui
2715 1371 3124 1426 contradicitur.
3160 1373 3324 1444 Virgo
3373 1383 3567 1437 mater,

1987 1448 2198 1518 signum
2245 1459 2349 1515 est,
2392 1453 2481 1505 cui
2527 1455 2908 1510 contradicunt
2957 1459 3306 1516 Marcionita.
3369 1461 3572 1516 Habuit

1987 1551 2184 1606 corpus
2215 1538 2529 1605 humanum,
2567 1549 2620 1596 et
2651 1545 2754 1599 hoc
2789 1545 3002 1616 signum
3029 1555 3132 1612 est,
3175 1547 3266 1603 cui
3289 1551 3569 1605 contradi-

1986 1626 2145 1680 citur.
2171 1627 2487 1684 Resurrexit
2513 1646 2544 1685 a
2575 1634 2826 1699 mortuis,
2874 1645 2930 1689 et
2955 1636 3056 1690 hoc
3083 1637 3296 1706 signum
3318 1645 3424 1704 est,
3480 1638 3570 1694 cui

289 1733 379 1786 hic
405 1733 461 1787 in
492 1734 723 1787 ruinam.
751 1733 1032 1800 Quomodo
1053 1743 1233 1790 autem
1264 1715 1332 1790 in
1359 1737 1598 1804 ruinam,
1631 1737 1732 1792 nisi
1757 1715 1879 1806 quia

1989 1719 2390 1773 contradicitur.
2438 1721 2506 1775 Et
2537 1723 2665 1791 quid
2709 1739 2931 1780 necesse
2975 1735 3057 1783 est
3093 1728 3260 1784 multa
3290 1732 3566 1801 persequi.

289 1832 343 1877 et
381 1823 521 1893 lapis
566 1821 877 1878 otl'ensionis
923 1832 1030 1891 est,
1064 1833 1120 1879 et
1165 1834 1319 1894 petra
1365 1826 1624 1892 scandali,
1676 1827 1733 1882 id
1777 1835 1878 1892 est,

290 1914 450 1968 ruina
481 1914 590 1980 his,
620 1915 711 1986 qui
739 1915 1018 1970 clientium
1044 1917 1229 1984 verbo,
1257 1933 1360 1973 nec
1396 1919 1646 1986 credunt,
1679 1921 1743 1976 de
1764 1921 1882 1992 qui-

288 2008 393 2063 bus
419 2007 540 2078 ipse
577 2005 747 2064 dicit:
787 2006 851 2064 Si
887 2024 992 2062 non
1021 2010 1271 2065 venissem
1301 2021 1348 2065 et
1392 2010 1597 2066 locutus
1635 2014 1708 2066 eis
1749 2013 1884 2082 [uis-

288 2113 418 2164 sem,
441 2107 712 2168 peceatum
742 2114 847 2152 non
891 2098 1164 2154 haberent.
1203 2101 1360 2157 Nunc
1389 2113 1561 2158 autem
1589 2106 1883 2162 excusatio-

289 2203 406 2242 nem
435 2205 543 2243 non
569 2188 758 2242 habent
785 2189 850 2242 de
871 2197 1082 2259 peccato
1110 2207 1227 2245 suo.
1267 2191 1459 2246 Aliter.

359 2275 472 2348 (Ea:
485 2273 735 2349 Hieron.)
749 2277 965 2347 Aliquid
981 2278 1034 2332 in
1057 2294 1145 2334 me
1161 2280 1302 2348 quod
1325 2279 1463 2336 male
1482 2279 1682 2346 stabat,
1697 2282 1878 2348 cadat,

290 2367 527 2437 patiatur
552 2367 786 2434 ruinam,
818 2376 877 2422 ut
905 2377 1090 2438 surgat
1115 2369 1169 2423 in
1210 2368 1422 2435 melius,
1453 2371 1660 2440 peccati
1691 2385 1880 2440 super-

289 2457 376 2511 bia
403 2473 462 2512 se
494 2465 762 2524 erexerat,
785 2457 962 2512 cadat.
1008 2459 1312 2529 Antequam
1336 2460 1634 2523 crederem,
1679 2459 1879 2514 bonum

289 2548 345 2602 in
387 2564 473 2602 me
494 2549 732 2618 jacebat,
774 2548 975 2602 malum
1005 2550 1199 2604 stabat.
1253 2549 1542 2620 Postquam
1594 2551 1684 2604 ille
1713 2552 1874 2614 venit,

288 2639 432 2708 quod
477 2641 530 2693 in
583 2655 668 2694 me
723 2635 928 2708 malum
989 2639 1133 2704 fuit,
1192 2641 1432 2695 corruit:
1481 2640 1876 2706 fornicationis,

290 2730 684 2794 immundillze,
734 2731 998 2797 luxurias,
1060 2732 1398 2798 idololatriae,
1454 2744 1880 2803 ceterarumque

285 2819 526 2887 pestium
573 2814 719 2874 utilis
761 2822 917 2875 ruina
970 2821 1111 2877 facta
1165 2831 1267 2878 est.
1323 2823 1451 2878 Haec
1495 2834 1577 2878 est
1622 2825 1779 2878 ruina
1810 2824 1876 2878 ad

283 2923 450 2978 quam
481 2910 717 2980 primum
743 2914 887 2967 venit
925 2911 1083 2968 Jesus
1113 2915 1409 2980 destruere,
1455 2921 1515 2968 ut
1543 2913 1632 2967 illa
1660 2915 1878 2969 destru-

284 3009 372 3053 cta
396 3008 455 3054 et
500 3000 823 3056 mortiﬁcata
867 3012 1198 3076 consurgant
1243 3013 1299 3059 et
1340 3005 1676 3060 {adiﬁcantur
1701 3004 1755 3058 in
1787 3020 1874 3059 me

1986 1806 2178 1862 Omnia
2202 1824 2324 1878 qua;
2346 1809 2414 1866 de
2439 1826 2505 1866 eo
2530 1814 2733 1884 scripta
2760 1825 2908 1882 sunt,
2933 1818 3146 1889 signum
3169 1828 3272 1886 est,
3306 1821 3394 1876 cui
3439 1835 3571 1877 con-

1985 1899 2270 1956 tradicitur
2317 1901 2386 1955 ab
2413 1902 2708 1960 incredulis
2735 1915 2791 1960 et
2810 1908 3101 1964 haereticis.

2055 1988 2126 2043 Et
2149 2000 2294 2044 tuam
2328 1993 2494 2061 ipsius
2539 1995 2772 2048 animam
2822 2000 3133 2065 pertransiet
3181 1998 3412 2070 gladius.
3463 2001 3568 2072 (Ex

1981 2080 2195 2153 Amhr.)
2221 2081 2330 2139 Nec
2357 2083 2560 2150 littera,
2598 2101 2701 2141 nec
2729 2087 2956 2142 historia
3013 2088 3171 2144 docet
3217 2105 3284 2146 ex
3313 2091 3414 2146 hac
3459 2093 3570 2146 vita

1983 2172 2208 2228 Mariam
2253 2177 2548 2246 corporalis
2599 2179 2750 2233 necis
2814 2181 3065 2247 passione
3107 2181 3392 2249 migrasse.
3448 2182 3567 2238 Non

1981 2263 2125 2317 enim
2156 2263 2356 2329 anima,
2385 2267 2479 2319 sed
2507 2281 2704 2336 corpus
2741 2269 3008 2323 materiali
3065 2269 3244 2340 gladio
3289 2279 3566 2328 transver-

1981 2351 2222 2406 beratur.
2247 2353 2317 2410 Et
2342 2353 2464 2408 ideo
2497 2355 2841 2424 prudentiam
2888 2357 3032 2412 haud
3080 2359 3267 2428 ignara
3317 2363 3567 2432 mysterii

1980 2441 2218 2496 caelestis
2243 2442 2496 2497 ostendit.
2529 2444 2724 2499 Vivum
2761 2453 2846 2500 est
2891 2447 3038 2501 enim
3085 2449 3309 2503 verbum
3370 2450 3466 2505 Dei
3511 2459 3572 2506 et

1981 2530 2218 2584 validum
2240 2538 2296 2585 et
2319 2542 2536 2586 acutum
2574 2542 2629 2588 et
2664 2536 2809 2589 omni
2837 2536 3014 2605 gladio
3042 2537 3377 2604 acutissimo,
3403 2553 3572 2608 pene-

1985 2629 2136 2675 trans
2181 2637 2352 2692 usque
2387 2623 2455 2678 ad
2501 2623 2822 2680 divisionem
2855 2626 3052 2681 anima:
3095 2635 3150 2681 et
3183 2629 3430 2697 spiritus,
3477 2645 3566 2682 ar-

1983 2721 2244 2781 tuumque
2291 2722 2348 2768 et
2394 2714 2780 2779 medullarum,
2818 2717 3177 2786 cogitationes
3207 2718 3386 2773 cordis
3407 2728 3462 2773 et
3482 2733 3569 2774 se-

1982 2812 2132 2858 creta
2159 2814 2433 2858 scrutatur
2471 2807 2794 2860 animorum.

2053 2895 2245 2950 Aliter.
2276 2895 2382 2967 (Ea:
2403 2896 3090 2966 August.)Tribulationem
3115 2900 3280 2968 igitur
3315 2909 3370 2954 et
3416 2901 3571 2956 dolo—

1984 3001 2099 3040 rem
2144 2986 2438 3040 Dominicae
2483 2987 2770 3056 passionis,
2817 2987 2976 3057 gladii
3023 2989 3238 3042 nomine
3289 2990 3562 3058 signatqu

283 3090 470 3145 omnia
502 3091 663 3144 bona.
696 3092 998 3148 Videndum
1025 3071 1108 3148 est
1137 3094 1342 3163 itaque,
1367 3108 1434 3147 ne
1459 3093 1599 3148 forte
1626 3092 1876 3147 Salvator
1903 3071 1946 3132 C
1979 3092 2120 3144 esse,
2159 3077 2420 3132 ονεάίῧίίθ
2468 3086 2572 3143 θεῖν
2622 3093 2728 3148 quo
2767 3083 3012 3132 mamma
3060 3080 3239 3132 anima
3271 3080 3558 3135 vulnerata

283 3189 479 3237 noster
510 3181 634 3237 aliis
678 3191 840 3254 atque
879 3185 1001 3240 aliis
1028 3186 1082 3240 in
1114 3186 1328 3240 ruinam
1355 3186 1581 3250 venerit,
1626 3194 1682 3240 et
1708 3187 1762 3239 in
1787 3201 1876 3241 rc-

285 3275 705 3340 surrectionem,
754 3276 847 3331 sed
893 3277 1088 3332 iisdem
1114 3286 1170 3332 et
1196 3277 1250 3333 in
1281 3278 1494 3332 ruinam
1527 3285 1582 3332 et
1613 3277 1667 3332 in
1696 3293 1877 3332 resur-

284 3367 583 3423 rectionem
630 3369 857 3424 venerit.
907 3369 992 3425 Με
1033 3379 1244 3440 oportet
1285 3371 1518 3441 primum
1568 3368 1782 3434 cadere,
1825 3376 1879 3424 et

283 3471 408 3512 cum
438 3457 707 3524 cecidero,
752 3467 939 3529 postea
983 3461 1120 3515 bene
1153 3475 1458 3531 resurgere,
1507 3474 1576 3514 ne
1625 3458 1879 3514 Salvator

285 3563 450 3604 causa
479 3549 616 3603 mihi
644 3548 808 3605 fuerit
839 3551 996 3605 malae
1023 3551 1212 3616 ruinae,
1249 3551 1345 3607 sed
1369 3559 1656 3621 propterea
1680 3551 1877 3606 cadere

285 3654 372 3694 me
398 3638 556 3706 fecit,
581 3649 644 3694 ut
671 3655 1016 3711 eonsurgam.
1055 3640 1125 3696 Et
1146 3641 1317 3696 multo
1346 3641 1479 3695 mihi
1509 3641 1663 3694 ruina
1695 3640 1878 3694 utilior

284 3731 472 3799 fuerit,
499 3745 666 3802 quam
711 3731 844 3788 illud
881 3728 1118 3802 tempus,
1146 3748 1255 3804 quo
1296 3733 1521 3788 videbar
1550 3741 1717 3797 stare,
1765 3740 1877 3787 sta-

283 3825 410 3878 bam
438 3822 586 3878 enim
625 3831 871 3894 peccato,
919 3831 976 3878 et
1020 3824 1146 3894 quia
1174 3831 1398 3895 peccato
1428 3823 1661 3887 stabam,
1699 3821 1874 3891 prima

283 3913 419 3968 mihi
447 3913 658 3969 utilitas
703 3913 823 3980 fuit,
863 3924 922 3969 ut
965 3915 1217 3970 caderem
1246 3923 1302 3971 et
1344 3921 1569 3985 peccato
1609 3927 1871 3968 morerer.

281 4003 506 4072 Iniquus
532 4018 674 4070 eras,
703 4003 863 4060 cadat
903 4005 959 4058 in
989 4013 1043 4062 te
1087 4005 1326 4075 iniquus.
1376 4004 1648 4076 Diligebas
1693 4011 1874 4058 scorta

279 4093 544 4163 primum,
572 4093 626 4148 in
649 4099 704 4149 te
730 4101 1002 4150 scortator
1037 4095 1296 4150 intereat.
1321 4096 1583 4151 Peccator
1608 4105 1754 4160 eras,
1785 4109 1876 4149 ca-

281 4183 460 4238 datin
489 4191 547 4238 te
592 4190 866 4254 peccator,
915 4191 976 4238 ut
1011 4183 1186 4254 possis
1234 4183 1431 4239 dehinc
1480 4197 1767 4254 resurgere
1820 4189 1877 4238 et

280 4270 504 4326 dicere:
551 4269 610 4326 Si
643 4273 954 4328 conmortui
989 4288 1190 4340 sumus,
1239 4281 1302 4349 et.
1331 4272 1698 4336 convivemus;
1744 4280 1794 4324 et
1828 4274 1875 4326 si

279 4361 581 4432 conformes
609 4361 737 4432 {acti
773 4379 955 4417 sumus
985 4363 1189 4430 mortis,
1226 4361 1520 4432 conformes
1555 4369 1603 4415 et
1643 4374 1874 4414 resurre—
1897 4397 1950 4458 Β

281 4455 470 4509 dionis
498 4455 694 4510 erimus
719 4453 806 4528 (11
829 4454 965 4509 Tim.
991 4471 1031 4511 ιι
1057 4471 1072 4522 ;
1107 4453 1255 4508 Rom.
1284 4454 1382 4525 vt).

353 4546 425 4600 Et
476 4548 536 4601 in
589 4546 1020 4601 resurrectionem
1078 4544 1359 4599 multorum
1413 4545 1466 4598 in
1522 4543 1713 4598 Israel.
1771 4542 1868 4615 (Ex

283 4635 473 4709 Beda.)
502 4637 648 4692 Bene
676 4637 733 4692 in
757 4636 1234 4701 resurrectionem,
1263 4635 1388 4704 quia
1417 4634 1596 4689 lumen
1621 4641 1724 4698 est,
1747 4633 1873 4702 quia

282 4726 455 4798 gtoria
482 4725 660 4798 plebis
688 4724 872 4791 lsrael,
901 4724 1027 4795 quia
1054 4724 1186 4780 dicit
1211 4742 1222 4776 :
1275 4722 1387 4793 Ego
1422 4738 1537 4776 sum
1565 4721 1873 4775 resurrectio

282 4829 330 4874 et
355 4822 484 4884 vita,
520 4818 611 4888 qui
639 4816 801 4872 credit
844 4817 899 4870 in
949 4831 1054 4882 me,
1082 4814 1288 4869 etiamsi
1331 4822 1569 4867 mortuus
1598 4812 1783 4882 fuerit,
1797 4813 1871 4865 vi-

281 4921 360 4965 aet
384 4909 572 4981 (Joan.
603 4907 688 4981 ιι).

353 4999 466 5072 (Ea:
508 4996 776 5071 Ambros.)
830 4997 962 5054 Duae
1011 4996 1461 5060 resurrectiones,
1513 5008 1618 5047 una
1671 4993 1869 5062 prima,

280 5099 405 5161 qua:
433 5105 582 5146 nunc
606 5097 692 5145 est
716 5093 772 5145 et
791 5089 1096 5144 animarum
1121 5095 1225 5155 est,
1258 5101 1378 5157 qua:
1411 5087 1598 5142 venire
1624 5101 1730 5140 non
1757 5100 1873 5155 per-

281 5182 453 5236 mittit
480 5181 538 5236 in
564 5187 816 5236 mortem.
867 5177 1136 5245 Secunda,
1187 5178 1254 5234 de
1297 5192 1404 5248 qua
1448 5175 1707 5231 Dominus
1755 5174 1868 5227 ait:

288 5273 446 5328 Venit
473 5273 608 5327 liora
636 5281 688 5328 et
719 5287 856 5327 nunc
895 5280 994 5338 est,
1042 5270 1252 5344 quando
1297 5268 1490 5323 mortui
1534 5265 1746 5320 audient
1787 5279 1867 5317 oo-

277 5379 390 5416 cem
418 5361 552 5417 Filii
582 5360 706 5431 Dei,
735 5373 786 5417 et
811 5364 900 5434 qui
927 5361 1213 5426 audierint,
1251 5361 1416 5416 vivent
1447 5355 1626 5430 (Joan.
1655 5353 1730 5425 v).
1769 5353 1872 5420 Qui

278 5451 579 5519 audierint,
615 5451 774 5520 dixit,
823 5451 915 5522 qui
943 5450 1266 5518 obedierint,
1303 5447 1395 5520 qui
1439 5445 1786 5509 crediderint,
1818 5452 1872 5498 et

279 5557 452 5616 usque
478 5545 534 5598 in
571 5541 736 5598 ﬁnem
779 5542 1263 5614 perseveraverint.
1296 5539 1414 5595 Alia
1461 5537 1720 5600 secunda,
1750 5549 1872 5604 qua:

278 5649 383 5688 non
413 5649 562 5690 nunc
589 5643 695 5701 est,
729 5634 823 5691 sed
855 5634 907 5689 in
938 5633 1120 5690 saeculi
1152 5631 1257 5689 ﬁne
1300 5631 1476 5687 futura
1500 5639 1600 5694 est,
1634 5645 1732 5684 nec
1761 5629 1870 5683 ani-

1979 3179 2064 3224 est
2089 3169 2292 3224 doloris
2321 3168 2536 3232 affectu,
2564 3176 2620 3223 et
2667 3183 2838 3237 usque
2864 3168 3044 3233 hodie,
3068 3177 3125 3223 ct
3151 3184 3321 3238 usque
3345 3171 3412 3226 ad
3439 3185 3568 3225 con-

1977 3260 2391 3314 summationem
2427 3259 2633 3326 saeculi,
2684 3259 2970 3328 praesentis
3016 3259 3271 3314 Ecclesiae
3323 3261 3566 3316 animam

1976 3349 2183 3420 gladius
2201 3349 2490 3403 durissimo
2535 3349 2898 3404 tribulationis
2919 3351 3252 3420 pertransire
3281 3368 3389 3407 non
3437 3367 3559 3410 ces-

1976 3449 2082 3505 sat,
2113 3455 2234 3494 cum
2261 3439 2416 3510 signo
2460 3438 2603 3503 ﬁdei,
2653 3439 2721 3493 ab
2758 3439 3022 3510 improbis
3066 3443 3388 3509 contradici,
3433 3460 3561 3499 cum

1976 3531 2160 3584 audito
2197 3531 2292 3584 Dei
2319 3531 2482 3584 verbo
2513 3529 2710 3584 multos
2733 3545 2857 3584 cum
2881 3530 3103 3585 Christo
3128 3548 3437 3602 resurgere,
3464 3535 3562 3590 sed

1976 3623 2159 3692 plures
2186 3636 2218 3674 a
2240 3620 2559 3675 credulitate
2594 3632 2772 3686 ruere,
2807 3621 3144 3690 gemebunda
3171 3631 3488 3693 pertractat.

2047 3713 2116 3766 Et
2145 3708 2434 3767 revehatur
2473 3728 2538 3766 ea:
2563 3711 2744 3766 multis
2795 3712 3040 3766 cordibus
3066 3715 3429 3784 cogitationes.
3459 3715 3563 3787 (Ex

1973 3803 2226 3876 August.)
2280 3803 2433 3870 Quod
2494 3803 2628 3859 dicit
2679 3822 2692 3858 :
2756 3804 2826 3860 lit
2874 3803 3217 3860 denudentur
3271 3806 3563 3864 multorum

1975 3894 2216 3949 cordium
2267 3893 2634 3964 cogitationes,
2666 3893 2769 3949 hoc
2796 3893 3200 3963 intelligendum
3229 3903 3379 3964 puto,
3426 3897 3554 3965 quia

1974 4000 2073 4056 per
2097 3983 2309 4038 Domini
2335 3984 2640 4053 passionem
2669 3991 2725 4038 et
2751 3983 2956 4038 insidia:
2975 3982 3287 4038 Judzeorum
3311 3992 3367 4039 et
3395 3985 3561 4041 disci-

1973 4075 2220 4147 pulcrum
2250 4073 2541 4129 infirmitas
2563 4075 2758 4143 patuit.

2046 4167 2155 4240 (Ea:
2185 4166 2376 4238 Beda.)
2409 4167 2679 4221 Incertum
2723 4173 2840 4220 erat
2886 4165 3183 4232 quondam,
3221 4165 3318 4234 qui
3344 4162 3563 4218 Iudaeo-

1975 4275 2094 4314 rum
2131 4259 2362 4329 gratiam
2395 4256 2623 4321 Christi,
2650 4271 2813 4325 quam
2847 4262 3130 4309 venturam
3160 4255 3350 4325 utique
3397 4270 3563 4309 nove-

1976 4355 2120 4411 rant,
2152 4347 2396 4415 recipere
2429 4344 2673 4399 mallent.
2701 4343 2814 4398 llae
2857 4342 3003 4398 enim
3032 4343 3316 4399 nativitate
3350 4344 3560 4412 audita,

1976 4437 2228 4496 revelatis
2253 4451 2380 4492 mox
2409 4435 2652 4492 cordium
2683 4435 3122 4506 cogitationibus,
3178 4434 3418 4492 Herodes
3460 4452 3558 4492 rex

1974 4534 2223 4589 turbatus
2243 4538 2345 4596 est,
2377 4538 2432 4585 et
2459 4529 2638 4585 omnis
2661 4527 3032 4600 Hierosolyma
3059 4543 3184 4583 cum
3213 4528 3326 4594 illo,
3375 4535 3562 4599 pasto-

1975 4642 2064 4682 res
2083 4640 2203 4681 cum
2227 4623 2424 4680 timore
2449 4631 2504 4678 et
2525 4623 2722 4695 gaudio
2751 4624 2861 4679 Deo
2902 4621 3116 4678 laudem
3151 4630 3427 4687 resonant,
3455 4624 3558 4680 ho-

1974 4718 2210 4773 minibus
2247 4715 2397 4786 pacis
2443 4715 2691 4769 nuntium
2734 4714 3006 4785 pandunt,
3062 4711 3178 4782 ejus
3209 4713 3454 4768 doctrina
3503 4721 3560 4768 et

1975 4808 2175 4861 virtute
2199 4805 2495 4869 dillamata,
2523 4804 2613 4858 alii
2640 4804 2708 4858 ad
2735 4818 2858 4858 eum
2890 4803 3042 4872 quasi
3066 4802 3386 4874 magistrum
3415 4803 3560 4858 veri-

1979 4899 2108 4953 tatis
2133 4895 2428 4960 coniluunt,
2460 4895 2551 4950 alii
2572 4894 2640 4948 ab
2667 4908 2733 4949 eo
2755 4893 2909 4963 quasi
2930 4892 3214 4947 seductore
3256 4889 3556 4962 refugiunt.

1977 4987 2106 5056 Ejus
2143 4987 2296 5057 signo
2319 4985 2498 5042 crucis
2518 4991 2724 5048 erecto,
2752 4983 2807 5037 hi
2845 4981 2996 5050 quasi
3017 4981 3162 5050 iuste
3187 4981 3348 5034 morti
3369 4981 3558 5036 datum

1975 5078 2412 5148 blasplicmantes
2433 5073 2661 5129 irrident
2682 5091 2696 5126 :
2719 5071 2794 5127 illi
2819 5069 2974 5140 quasi
2999 5070 3123 5124 vita:
3145 5078 3420 5126 auctorem
3440 5083 3559 5126 mo-

1979 5168 2025 5222 ri
2057 5167 2264 5223 acriter
2288 5165 2491 5220 dolent.

2049 5260 2117 5313 Et
2156 5268 2266 5313 erat
2286 5258 2439 5312 Anna
2482 5253 2824 5327 prophetissa,
2875 5251 2989 5320 ﬁlia
3027 5249 3289 5316 Phanuel,
3323 5251 3389 5306 de
3414 5252 3556 5307 tribu

1973 5352 2122 5405 Aser.
2155 5349 2254 5420 (Ex
2297 5346 2484 5416 Beda.)
2515 5345 2734 5399 Arridet
2763 5353 2942 5398 autem
2974 5342 3230 5397 Ecclesiae
3256 5340 3554 5413 mysteriis,

1973 5440 2116 5512 quod
2151 5439 2305 5492 Anna
2332 5435 2584 5506 et‘gratia
2609 5432 2724 5502 ejus
2755 5433 3167 5503 interpretatur,
3215 5439 3271 5486 et
3310 5429 3418 5484 ﬁlia
3468 5438 3555 5483 est

1974 5530 2237 5595 Phanuel,
2263 5529 2352 5598 qui
2382 5525 2548 5582 facies
2574 5525 2670 5581 Dei
2702 5525 2920 5580 dicitur.
2954 5523 3089 5578 Cum
3129 5517 3554 5590 Psalmographo

1975 5624 2270 5678 decantatis
2299 5637 2311 5672 ε
2352 5617 2625 5688 Signatum
2655 5627 2729 5670 est
2761 5617 2916 5684 super
2938 5630 3029 5668 nos
3052 5613 3222 5665 lumen
3249 5608 3422 5666 vultus
3449 5606 3553 5675 ttti,
