3998 6198
409 231 478 286 67
1697 218 2044 278 SMARAGDI
2080 214 2371 274 ABBATIS
3596 206 3664 262 68

409 345 629 398 Domine
655 340 828 413 (Pent.
862 337 959 409 tv).
990 337 1058 393 Et
1083 338 1150 393 dc
1201 336 1346 392 tribu
1367 337 1526 400 Aser,
1549 335 1654 390 hoc
1680 341 1785 400 est,
1817 332 1984 398 beati,
2015 335 2066 394 Α
2161 327 2304 383 Puer
2328 335 2502 382 autem
2524 324 2801 392 crescebat,
2837 333 2886 378 et
2912 322 3309 413 confortebatur
3353 318 3538 391 plenus
3580 338 3670 413 sa-

408 437 708 504 descen'dit,
759 434 854 505 qui
893 433 1037 490 inter
1062 433 1402 503 patriarchas
1452 429 1762 494 duodecim,
1793 428 1988 486 ordine

411 527 688 600 nascendi,
737 531 820 581 est
868 531 1114 588 octavus,
1163 523 1232 578 de
1261 535 1370 590 quo
1399 535 1644 584 numero,
1673 519 1800 588 quia
1841 517 1992 574 Novo

413 619 762 677 Testamento
790 620 862 674 sit
882 632 1056 675 sacer,
1082 613 1329 670 crebrius
1352 621 1438 668 est
1462 611 1816 667 inculcatum.

488 714 597 785 (Ea:
618 711 886 782 Ambros.)
911 711 1048 767 Nam
1070 711 1224 765 Anna
1246 709 1421 780 gratia
1444 707 1562 776 ejus
1584 708 1996 775 interpretatur,

418 811 608 858 tenens
637 803 864 871 ﬁguram
891 801 1299 870 Prophetarum.
1327 798 1432 854 Sed
1468 806 1523 852 et
1565 797 1806 852 Phanuel
1843 805 1998 866 pater

417 892 556 960 ejus,
605 892 772 948 facies
825 893 921 948 Dei
981 893 1400 960 interpretatur.
1457 889 1597 945 Aser
1622 889 1830 946 beatus.
1861 888 2002 946 Aser

419 981 611 1040 beatus
661 985 766 1039 erit
801 983 1028 1054 ﬁguram
1076 983 1256 1052 populi
1293 982 1631 1039 credentium
1665 989 1874 1044 tenens,
1905 979 2000 1036 sed

419 1071 507 1126 vel
549 1071 926 1142 pinguedinem
964 1070 1122 1140 panis
1150 1070 1560 1139 interpretatur,
1605 1068 1700 1138 qui
1744 1067 1812 1123 de
1860 1067 2001 1124 cmlo

422 1163 715 1218 descendit.
1589 1224 1591 1226 η

495 1251 625 1310 Hice
651 1262 971 1324 processerat
1013 1269 1067 1306 in
1101 1253 1285 1306 diebus
1312 1250 1510 1312 multis,
1547 1257 1598 1302 et
1642 1247 1844 1300 uixerat
1882 1261 2002 1299 cum

424 1347 532 1399 viro
563 1361 658 1400 suo
677 1345 832 1399 annis
853 1354 1045 1414 septem
1065 1360 1098 1395 a
1120 1341 1412 1411 virginitate
1433 1355 1549 1392 sua.
1580 1336 1755 1392 Annis
1774 1344 2005 1403 septem,

425 1434 480 1489 id
501 1443 606 1500 est,
631 1449 900 1504 synagoga
923 1447 1048 1488 cum
1069 1432 1342 1499 heptatico
1370 1429 1452 1485 vel
1474 1435 1661 1498 postea
1681 1441 1778 1495 per
1798 1434 2004 1494 septem

426 1525 564 1578 dona
581 1523 814 1592 Spiritus
836 1522 1030 1585 sancti,
1061 1537 1092 1574 a
1114 1522 1427 1588 virginitate
1452 1534 1568 1582 sua,
1593 1517 1720 1586 quia
1741 1531 1866 1572 cum
1888 1516 2008 1571 viro

427 1631 528 1674 suo
554 1623 758 1683 septem
787 1613 945 1670 annis
971 1612 1092 1666 fuit.

2089 419 2309 488 jn‘entia,
2329 425 2379 471 et
2405 415 2576 488 gratia
2598 414 2697 469 Dei
2724 424 2836 470 erat
2863 431 2981 468 cum
3002 414 3116 467 illo.
3131 412 3371 469 Notanda
3395 411 3670 468 distinctio

2091 510 2402 573 verborum,
2423 506 2548 575 quia
2576 503 2836 575 Dominus
2855 504 3012 562 Iesus
3038 505 3286 562 Christus
3315 504 3370 576 in
3404 518 3492 570 eo,
3527 502 3672 569 quod

2091 615 2228 670 puer
2250 606 2386 666 erat,
2410 599 2462 654 id
2487 608 2587 661 est,
2614 599 2856 653 habitum
2882 600 3132 654 humanm
3152 597 3462 669 fragilitatis
3486 597 3675 654 indue-

2096 699 2202 757 rat,
2227 705 2472 746 crescere
2496 699 2552 745 et
2576 688 2870 745 confortari
2899 691 3152 745 habebat.
3176 689 3234 744 in
3263 705 3328 746 eo
3351 703 3503 754 vero,
3529 689 3674 759 quod

2097 782 2260 838 etiam
2298 783 2523 837 verbum
2571 781 2694 847 Dei,
2719 791 2773 834 et
2814 781 2959 836 Deus
2985 788 3222 836 aeternus
3252 788 3387 841 erat,
3417 794 3516 834 nec
3548 795 3682 836 con-

2098 873 2286 928 fortari
2316 873 2606 944 indigebat,
2634 887 2735 927 nec
2762 871 2995 927 habebat
3021 871 3228 944 augeri.
3259 871 3410 928 Unde
3437 873 3680 928 rectissi—

2098 980 2204 1029 me,
2233 965 2421 1034 plenus
2449 963 2710 1033 sapientia
2733 963 3046 1034 perhibetur
3065 970 3119 1019 ct
3140 963 3314 1034 gratia
3341 981 3354 1016 :
3400 960 3679 1036 Sapientia

2099 1055 2340 1126 quidem,
2363 1056 2489 1126 quia
2531 1056 2587 1110 in
2635 1055 2750 1125 ipso
2774 1054 2983 1110 habitat
3012 1056 3191 1110 omnis
3230 1053 3509 1124 plenitudo
3543 1055 3683 1112 divi-

2101 1146 2286 1201 nitatis
2326 1145 2698 1216 corporaliter.
2731 1144 2918 1201 Gratia
2958 1153 3162 1208 autem,
3203 1144 3329 1213 quia
3363 1144 3537 1198 eidem
3568 1161 3684 1199 me-

2101 1238 2292 1292 diatori
2330 1237 2427 1294 Dei
2462 1245 2518 1292 et
2537 1236 2839 1300 hominum,
2870 1235 3075 1291 homini
3100 1234 3227 1290 Jesu
3249 1233 3466 1290 Christo
3486 1251 3681 1306 magna

2103 1329 2277 1400 gratia
2305 1329 2566 1385 donatum
2592 1335 2699 1394 est,
2731 1335 2792 1382 ut
2827 1342 2894 1382 ex
2933 1343 3041 1397 quo
3065 1327 3227 1382 homo
3259 1325 3376 1381 ﬁeri
3406 1327 3682 1396 coepisset,

2103 1418 2376 1489 perfectus
2414 1427 2561 1474 esset
2584 1426 2640 1473 et
2663 1418 2826 1474 Deus.
2867 1417 2980 1474 Hoc
3027 1418 3303 1472 hominum
3353 1424 3546 1472 natura
3577 1434 3684 1473 non

2105 1510 2316 1579 recipit,
2371 1518 2432 1566 ut
2481 1517 2606 1566 ante
2651 1505 2934 1564 duodecim
2995 1522 3166 1562 annos
3215 1505 3478 1576 sapientia
3540 1521 3686 1561 com-

2105 1599 2336 1668 pleatur,
2369 1599 2639 1670 quomodo
2667 1599 2849 1660 omnia
2905 1598 2960 1652 in
3003 1597 3096 1652 illo
3133 1595 3402 1652 mirabilia
3444 1593 3684 1658 fuerunt,

499 1705 568 1759 Et
614 1677 730 1759 bac
757 1705 934 1769 vidua,
958 1718 1117 1773 usque
1136 1701 1206 1756 ad
1249 1717 1415 1758 annos
1452 1707 1716 1768 octoginta
1757 1706 2006 1768 quatuor.
2036 1677 2085 1738 Β
2111 1690 2186 1750 ita
2213 1688 2445 1758 pueritia
2487 1687 2752 1760 mirabilis
2801 1685 2924 1752 fuit,
2953 1694 3014 1742 ut
3040 1685 3134 1742 Dei
3162 1684 3430 1759 sapientia
3455 1685 3690 1760 comple-

432 1800 533 1868 (Ex
559 1798 750 1868 Beda.)
775 1796 937 1852 Juxta
967 1794 1300 1850 intellectum
1357 1807 1488 1848 vero
1518 1790 1827 1860 mysticum,
1883 1789 2011 1857 quia

433 1889 726 1944 Ecclesiam
769 1886 1057 1958 signiﬁcat,
1094 1901 1216 1954 quae
1262 1885 1318 1938 in
1360 1881 1616 1952 praesenti
1642 1880 1796 1949 quasi
1826 1878 2012 1948 sponsi

435 1977 757 2046 Dominique
803 1975 888 2032 sui
931 1982 1016 2030 est
1055 1981 1232 2030 morte
1263 1973 1504 2027 viduata.
1552 1969 1822 2025 Numerus
1846 1971 2010 2024 etiam

432 2082 697 2122 annorum
723 2065 999 2121 viduitatis
1038 2063 1176 2131 eius,
1202 2070 1415 2130 tempus
1440 2059 1696 2115 Ecclesiae
1745 2059 2012 2127 designat,

430 2161 638 2228 septies
663 2157 861 2227 quippe
905 2155 1137 2210 duodeni
1173 2153 1452 2224 octoginta
1503 2160 1737 2221 quatuor
1787 2149 2011 2211 faciunt,

431 2255 490 2301 et
527 2254 729 2315 septem
761 2243 976 2312 quidem
1003 2242 1070 2297 ad
1098 2241 1258 2310 hujus
1285 2240 1463 2296 seculi
1487 2255 1733 2303 cursum,
1767 2238 1861 2306 qui
1902 2237 2018 2294 die-

435 2341 538 2394 bus
565 2347 769 2407 septem
818 2335 1075 2400 volvitur,
1131 2333 1412 2398 duodecim
1442 2347 1572 2388 vero
1612 2331 1680 2386 ad
1726 2328 2018 2399 perfectio-

440 2444 560 2484 ncm
613 2428 870 2484 doctrina:
925 2425 1234 2496 apostolica:
1273 2425 1566 2494 pertinent,
1602 2423 1852 2490 ideoque,
1902 2422 2020 2478 sive

440 2516 760 2571 universalis
788 2514 1050 2578 Ecclesia,
1077 2529 1177 2575 seu,
1198 2513 1453 2582 quaelibet
1471 2512 1649 2566 anima
1680 2510 1876 2575 ﬁdelis,
1898 2524 2018 2579 qum

442 2614 612 2660 totum
639 2605 764 2659 vita:
787 2619 902 2660 suae
929 2611 1157 2673 tempus,
1183 2602 1494 2672 apostolicis
1517 2602 1826 2671 mancipare
1863 2612 2020 2657 curat

442 2695 725 2760 institutis,
751 2695 906 2764 quasi
933 2702 1139 2764 septem
1165 2708 1264 2762 per
1287 2692 1354 2747 12
1399 2693 1777 2761 multiplicare,
1797 2701 1852 2748 et
1889 2694 2020 2764 typi-

441 2787 522 2841 cis
576 2786 848 2857 octoginta
891 2791 1122 2854 quatuor
1171 2784 1329 2839 anuis
1377 2783 1605 2839 Domino
1653 2784 1858 2838 servire
1904 2784 2011 2839 lau-

440 2875 622 2929 datur.
661 2873 813 2929 Sicut
864 2873 1029 2930 etiam
1080 2881 1294 2942 tempus
1326 2881 1532 2942 septem
1583 2889 1868 2937 annorum,
1914 2889 2022 2943 quo

441 2980 564 3018 cum
616 2965 734 3019 viro
792 2978 890 3019 suo
952 2969 1249 3028 manserat,
1293 2962 1587 3017 Dominicm
1636 2963 2021 3020 incarnationis

443 3055 673 3122 tempori
707 3053 1084 3109 decentissime
1117 3053 1386 3122 congruit.
1417 3051 1736 3120 Septenaria
1761 3068 2015 3122 namque,

441 3152 504 3199 ut
523 3144 658 3208 dixi,
686 3157 911 3198 numero
931 3140 1190 3211 perfectio
1205 3141 1342 3196 solet
1362 3141 1618 3212 temporis
1644 3141 1896 3208 iudicari,
1925 3143 2020 3198 sed

443 3233 517 3290 ibi
544 3241 762 3302 propter
799 3231 1091 3286 Dominicis
1117 3229 1456 3300 privilegium
1484 3231 1804 3302 majestatis,
1827 3246 1934 3300 quo
1963 3232 2018 3286 in

2110 1791 2280 1837 retur.

2736 1861 3054 1906 CONCOBDIA.

2185 1940 2388 1994 liarum
2415 1939 2668 2006 duarum,
2697 1948 2754 1995 et
2775 1941 2827 1993 in
2854 1948 3050 2004 matre,
3083 1948 3138 1993 ct
3161 1939 3214 1994 in
3237 1938 3357 2010 lege
3393 1935 3454 1992 ﬁt
3473 1951 3693 1992 concor-

2115 2031 2202 2086 dia
2224 2031 2536 2085 lectionum.
2553 2029 2611 2083 ln
2640 2037 2836 2096 matre,
2863 2031 2988 2098 quia
3005 2029 3294 2098 Apostolus
3314 2029 3472 2082 dicit:
3494 2025 3692 2080 Natum

2114 2135 2178 2173 ex
2203 2118 2436 2171 muliere.
2461 2117 2808 2188 Evangelium
2833 2119 2999 2173 dicit:
3042 2115 3190 2170 Dixit
3222 2117 3290 2170 ad
3312 2115 3542 2169 Mariam
3582 2131 3696 2167 ma-

2114 2217 2246 2260 trem
2274 2208 2406 2278 ejus.
2429 2207 2485 2261 In
2510 2207 2648 2279 lege,
2679 2210 2804 2278 quia
2831 2207 3119 2278 Apostolus
3146 2207 3277 2262 dicit
3303 2224 3315 2260 :
3348 2203 3574 2260 Factum
3599 2205 3694 2258 sub

2117 2296 2244 2366 lege.
2275 2296 2618 2366 Evangelium
2652 2297 2820 2352 dicit:
2850 2295 2920 2350 Et
2959 2306 3014 2364 ut
3039 2297 3364 2366 perfecerunt
3395 2296 3570 2349 omnia
3615 2311 3695 2348 se-

2117 2386 2344 2439 cundum
2377 2385 2539 2457 legem
2570 2386 2801 2439 Domini.
2840 2386 3067 2458 Legales
3111 2386 3257 2444 enim
3312 2385 3557 2457 lcgaliter
3599 2399 3695 2454 pro

2118 2477 2210 2532 illo
2233 2477 2426 2532 oblatm
2452 2485 2577 2531 sunt
2605 2478 2958 2532 caeremoniae.

2543 2585 2608 2640 IN
2638 2586 2747 2642 DIE
2775 2585 3090 2642 THEOPHA
3099 2585 3258 2641 NIIE.

2401 2693 2592 2734 LECTIO
2623 2693 2775 2732 ISAIE
2809 2687 3122 2744 PROPHETE,
3172 2694 3290 2733 CAP.
3322 2693 3412 2735 LX.

2198 2796 2218 2830 ‹
2264 2778 2456 2850 Surge,
2475 2779 2781 2834 illuminare
2808 2778 3165 2845 Hierusalem,
3192 2779 3318 2848 quia
3337 2780 3488 2834 venit
3516 2778 3700 2834 lumen

2129 2896 2148 2928 ‹
2196 2886 2368 2944 tuum,
2386 2886 2442 2932 et
2460 2876 2630 2948 gloria
2654 2876 2863 2930 Domini
2879 2891 3040 2945 super
3065 2883 3121 2930 te
3141 2883 3260 2929 orta
3285 2883 3390 2930 est.
3415 2873 3549 2940 Quia
3573 2888 3700 2929 ecce

2130 2986 2148 3020 ι
2196 2969 2432 3022 tenebrae
2457 2967 2704 3038 operient
2727 2975 2950 3032 terram,
2985 2974 3040 3020 et
3060 2965 3234 3034 caligo
3255 2963 3498 3034 populos,
3538 2978 3702 3032 super

2131 3080 2148 3112 ι
2196 3069 2249 3115 te
2294 3067 2478 3114 autem
2535 3059 2744 3114 orietur
2793 3057 3074 3122 Dominus,
3119 3064 3172 3111 et
3199 3055 3369 3126 gloria
3415 3053 3533 3124 ejus
3565 3055 3619 3108 in
3651 3063 3709 3108 te

2127 3169 2146 3202 ι
2193 3150 2480 3206 videbitur.
2514 3149 2582 3203 Et
2611 3148 2963 3226 ambulabunt
3000 3155 3186 3217 gentes
3242 3146 3296 3200 in
3340 3145 3542 3200 lumine
3584 3154 3700 3209 tuo,

2129 3257 2148 3290 ‹
2192 3247 2248 3294 ct
2273 3253 2428 3311 reges
2468 3238 2523 3293 in
2565 3236 2852 3308 splendore
2899 3244 3054 3291 ortus
3089 3236 3186 3300 tui,
3218 3235 3336 3291 leva
3372 3235 3426 3289 in
3475 3234 3705 3290 circuitu

444 3336 609 3376 carne
639 3329 893 3386 versatus,
922 3319 1078 3375 docui
1104 3320 1348 3390 simplex.
1384 3319 1602 3389 Septem
1627 3337 1890 3376 annorum
1939 3334 2024 3383 est
2129 3347 2148 3381 ‹
2192 3329 2377 3386 oculos
2431 3337 2553 3384 tuos
2581 3336 2638 3384 et
2672 3329 2816 3392 vide,
2839 3342 3030 3384 omnes
3070 3327 3158 3384 isti
3190 3326 3502 3397 congregati
3555 3333 3704 3391 sunt.

448 3427 708 3468 numerus
727 3425 1037 3482 expressus,
1065 3411 1154 3465 hic
1173 3410 1584 3480 ob'Apostolica:
1608 3411 1821 3466 culmen
1851 3412 2026 3483 digni-
2131 3439 2150 3471 ι
2194 3427 2460 3475 venerunt
2495 3419 2618 3473 tibi.
2664 3418 2786 3473 Filii
2815 3419 2892 3474 tui
2919 3417 2988 3473 de
3013 3418 3172 3487 longe
3223 3417 3463 3482 venient,
3490 3424 3546 3470 et
3581 3415 3706 3472 ﬁliae

447 3506 575 3559 tatis
610 3512 815 3573 septem
841 3503 968 3557 anni
996 3517 1095 3572 per
1124 3502 1405 3557 duodecim
1430 3502 1872 3572 multiplicantur.

525 3594 656 3660 Qua:
677 3610 781 3648 non
805 3593 1096 3648 discedebat
1118 3594 1182 3648 de
1220 3593 1410 3664 templo
1446 3593 1671 3663 jejuniis
1703 3604 1752 3648 et
1791 3596 2029 3652 obsecra-

448 3683 675 3737 tionibus
709 3683 932 3737 seruiena
971 3692 1115 3737 nocte
1143 3700 1205 3737 ac
1233 3683 1318 3737 die
1343 3682 1447 3753 (Ex
1480 3682 1685 3755 Amb.).
1716 3684 2025 3739 'Multorum

449 3773 594 3826 enim
622 3788 885 3828 annorum
918 3772 1078 3826 vidua
1105 3772 1226 3837 fuit,
1253 3781 1307 3828 et
1326 3773 1452 3827 talis
1481 3773 1658 3836 vidua,
1687 3775 1901 3844 qualem
1929 3776 2026 3831 de-

449 3861 639 3914 scribit
680 3860 968 3930 Apostolus
998 3879 1010 3914 :
1041 3860 1156 3915 Non
1205 3863 1257 3915 in
1289 3862 1496 3918 deliciis
1545 3863 1754 3928 vivens,
1809 3879 1877 3918 ne
1904 3865 2030 3920 viva

452 3944 732 4006 moriatur,
775 3945 868 4000 sed
895 3945 1190 4014 persistens
1212 3945 1263 4000 in
1293 3947 1628 4001 orationibus
1657 3956 1816 4002 nocte
1831 3955 1886 4002 et
1917 3949 2024 4006 die.

453 4031 668 4087 Orando
691 4047 818 4103 ergo
843 4041 898 4087 et
922 4033 1116 4088 multos
1145 4049 1316 4089 annos
1357 4034 1707 4105 supplicando
1731 4037 2027 4107 humiliter,

452 4122 636 4176 videre
663 4124 858 4177 meruit
882 4122 1160 4190 humilem,
1185 4139 1345 4196 quem
1377 4126 1638 4190 adorabat
1665 4129 1955 4186 excelsum.

2131 3528 2150 3562 ι
2194 3518 2300 3564 tum
2321 3510 2388 3563 de
2418 3509 2588 3564 latere
2629 3516 2871 3580 surgent.
2914 3503 3065 3562 'l‘unc
3092 3507 3302 3562 videbis
3344 3515 3402 3562 ct
3427 3504 3611 3577 afllues
3651 3513 3710 3562 et

2132 3621 2153 3654 ι
2191 3601 2480 3658 mirabitur
2529 3609 2586 3655 et
2608 3601 2926 3656 dilatabitur
2974 3614 3069 3653 cor
3097 3608 3268 3665 tuum,
3317 3598 3535 3668 quando
3579 3614 3711 3653 con-

2133 3709 2151 3742 ι
2197 3707 2352 3746 versa
2380 3690 2548 3746 fuerit
2574 3691 2641 3746 ad
2671 3700 2724 3745 te
2759 3690 3048 3746 multitudo
3075 3691 3262 3756 maris,
3293 3688 3552 3744 fortitudo
3581 3704 3710 3759 gen-

2133 3798 2152 3832 ‹
2201 3781 2334 3836 tium
2364 3781 2576 3835 venerit
2599 3781 2719 3836 tibi.
2741 3779 3381 3838 lnundatioCamelorum
3407 3779 3614 3849 operict
3634 3786 3706 3842 te,

2135 3887 2154 3919 ι
2202 3870 2537 3924 Dromedarii
2567 3870 2776 3924 Madian
2807 3878 2863 3925 et
2888 3869 3060 3940 Epha.
3099 3867 3310 3924 .Omnes
3356 3867 3424 3923 de
3450 3867 3591 3922 Saba
3618 3882 3711 3919 ve-

2137 3979 2155 4012 ‹
2197 3961 2366 4022 nient,
2399 3962 2589 4014 aurum
2611 3969 2664 4016 et
2696 3961 2821 4014 thus
2849 3959 3175 4026 deferentes,
3198 3966 3254 4012 et
3279 3957 3496 4012 laudem
3529 3956 3714 4012 Domi-

2135 4069 2152 4100 ι
2201 4065 2271 4104 so
2312 4049 2714 4110 annuntiantes.
2777 4048 2948 4104 Omne
2990 4049 3356 4118 pecusCedar
3408 4061 3712 4116 congrega-

2133 4159 2153 4192 ι
2200 4140 2343 4194 bitur
2365 4140 2482 4204 tibi,
2505 4139 2703 4196 arietes
2728 4138 2994 4210 Nabajotb
3022 4138 3407 4196 ministrabant
3430 4135 3546 4190 tibi.
3596 4156 3614 4188 ι

522 4211 592 4266 Et
622 4213 733 4266 [nec
759 4212 870 4282 ipsa
883 4213 1013 4268 hora
1032 4216 1762 4285 auperveniem,conﬁtebatur
1781 4217 2028 4284 Domino,
2205 4229 2372 4302 surge
2393 4270 2410 4295 ,
2436 4229 2743 4296 illuminare
2765 4228 3124 4295 Hierusalem,
3165 4229 3292 4301 quia
3349 4229 3481 4284 renit
3538 4226 3712 4282 lumen

453 4312 501 4356 et
527 4301 832 4373 loquebatur
859 4304 922 4358 de
953 4303 1042 4358 illo
1065 4306 1302 4362 omnibus
1338 4308 1424 4378 qui
1448 4309 1812 4379 exspectabant
1838 4309 2023 4362 redem-
2057 4364 2111 4392 ῃ
2135 4332 2302 4376 (nam,
2357 4321 2459 4392 (Ει
2485 4319 2732 4392 Hieron.)
2769 4321 3026 4378 Ecclesia:
3073 4320 3292 4384 dicitur,
3321 4334 3443 4388 qua:
3479 4319 3710 4388 primum

453 4364 677 4467 ptionem
715 4395 906 4450 Israel.
955 4396 1302 4467 Prophetavit
1345 4364 1582 4466 .Simeon,
1619 4401 2034 4468 prophetaverat
2057 4364 2111 4422 Β

455 4485 705 4555 copulata
731 4485 998 4557 conjugio,
1020 4489 1440 4556 prophetaverat
1464 4490 1632 4558 virgo,
1660 4489 1843 4543 debuit
1868 4489 2033 4542 etiam
2134 4513 2297 4568 super
2323 4515 2443 4554 eam
2474 4509 2662 4554 -οηιιηι
2694 4499 2891 4567 fuerat,
2943 4517 3038 4570 per
3078 4500 3350 4571 αροειοιοε
3411 4500 3714 4554 transmisi;

457 4575 638 4639 vidua,
673 4589 738 4628 ne
757 4590 863 4643 qua
887 4583 980 4628 aut
1002 4575 1270 4643 professio
1317 4576 1547 4640 deesset,
1607 4588 1703 4630 aut
1751 4592 1930 4640 sexus,
1981 4593 2010 4631 c

2135 4591 2204 4646 ad
2231 4601 2443 4662 gentes,
2495 4591 2850 4648 cuidicitur:
2897 4590 3084 4662 Surge,
3107 4591 3427 4657 illuminare,
3478 4599 3539 4644 ut
3591 4606 3716 4660 qua:

459 4664 582 4718 ideo
609 4664 785 4728 Anna,
825 4671 881 4718 et
911 4664 1195 4733 stipendiis
1216 4663 1510 4729 viduitatis,
1543 4673 1599 4717 et
1627 4664 1866 4718 moribus
1915 4665 2036 4720 talis
2135 4680 2404 4736 ,θείωιίη
2431 4679 2741 4749 incredulis,
2773 4691 2961 4752 θυι-εει
2989 4683 3044 4736 in
3073 4680 3362 4735 ﬁdelibus;
3396 4696 3520 4750 qua;
3563 4685 3712 4737 moi-

465 4754 758 4819 inducitur,
782 4763 842 4808 ut
865 4756 1026 4826 digna
1050 4752 1210 4824 plane
1251 4751 1420 4808 fuisse
1472 4753 1744 4819 credatur,
1783 4769 1903 4823 qua:
1952 4772 2038 4811 rc-

461 4845 797 4915 demptorem
825 4845 1064 4900 omnium
1086 4845 1299 4900 venisse
1322 4844 1617 4900 nuntiaret.

535 4935 601 4988 Et
631 4945 686 4987 ut
715 4936 1040 5005 perfecerunt
1071 4936 1248 4989 omnia
1287 4934 1572 4989 secundum
1611 4935 1773 5007 legem
1803 4936 2037 5004 Domini,

465 5025 655 5079 reversi
690 5036 814 5080 sunt
844 5028 899 5081 in
930 5026 1204 5081 Galilaeam
1235 5027 1493 5081 civitatem
1535 5042 1687 5080 suam
1743 5025 2036 5081 Nazaretli.

467 5116 567 5186 (Ex
589 5115 778 5188 Beda.)
806 5116 1157 5173 Praetermisit
1186 5119 1287 5172 hoc
1311 5118 1426 5173 loco
1454 5117 1646 5182 Lucas,
1688 5134 1806 5188 qua:
1841 5135 1871 5172 a
1906 5118 2039 5173 Μελι-

467 5210 606 5274 ιιιίεο
629 5210 761 5267 satis
781 5211 1023 5281 exposita
1048 5219 1290 5276 noverat,
1320 5210 1603 5265 Dominum
1641 5210 1889 5266 videlicet
1914 5219 2037 5280 post

467 5299 600 5365 haec,
635 5315 702 5356 ne
725 5300 792 5354 ab
820 5299 1029 5356 Herode
1053 5300 1326 5356 necandus
1348 5301 1701 5366 inveniretur,
1742 5301 2036 5373 Egyptum

468 5401 499 5442 a
526 5389 837 5458 parentibus
879 5405 998 5446 esse
1027 5389 1281 5455 delatum,
1318 5389 1676 5461 defunctoque
1706 5390 1918 5446 Herode
1959 5392 2039 5446 sic

468 5479 972 5538 demumGalilaiam
985 5498 1260 5539 reversum
1274 5482 1562 5549 Nazarctb,
1592 5485 1865 5540 civitatem
1885 5499 2037 5539 suam

473 5571 775 5631 inhabitare
803 5575 1049 5647 cepisse.

2138 4770 2218 4826 dit
2244 4771 2298 4824 in
2319 4771 2628 4842 synagogis,
2649 4779 2838 4842 surgat
2857 4771 2914 4825 in
2941 4771 3223 4828 Ecclesiis.
3247 4769 3408 4825 Venit
3433 4773 3578 4832 enim
3631 4773 3714 4827 lu-

2142 4877 2263 4916 men
2293 4871 2464 4926 tuum,
2492 4862 2636 4930 quod
2663 4862 2758 4916 tibi
2793 4877 2981 4917 omnes
3002 4863 3276 4932 propheta:
3301 4860 3712 4930 pollicebantur,

2141 4952 2283 5022 quod
2300 4953 2501 5022 jngiter
2532 4953 2909 5022 exspectabas.

2213 5038 2278 5092 Et
2303 5039 2474 5109 gloria
2511 5039 2722 5096 Domini
2763 5057 2918 5111 super
2959 5050 3010 5095 te
3049 5051 3166 5096 orta
3192 5051 3288 5096 est.
3362 5042 3490 5098 Ideo
3541 5041 3712 5115 gloria

2139 5129 2372 5195 Domini,
2414 5145 2538 5202 qua:
2582 5132 2856 5200 quondam
2891 5130 2995 5187 fuit
3037 5148 3199 5202 super
3225 5135 3631 5190 tabernaculum
3658 5141 3716 5188 et

2141 5218 2398 5287 templum
2419 5219 2554 5289 ejus,
2573 5236 2738 5293 super
2767 5230 2820 5279 te
2844 5231 2966 5278 orta
2993 5233 3099 5278 est.
3143 5223 3220 5278 De
3247 5241 3351 5295 qua
3372 5224 3576 5283 dictum
3596 5233 3712 5280 est:

2142 5305 2386 5362 Gloriosa
2413 5309 2554 5364 dicta
2575 5317 2700 5365 sunt
2728 5311 2794 5366 de
2835 5319 2887 5366 te
2905 5312 3098 5369 civitas
3133 5312 3232 5368 Dei
3261 5311 3434 5385 (ρωι.
3467 5312 3716 5385 amvi).

2216 5395 2352 5462 Quia
2382 5413 2496 5452 ecce
2512 5399 2736 5457 tenebar
2756 5402 2984 5472 operient
3006 5410 3219 5457 terram.
3277 5401 3338 5456 ld
3359 5410 3464 5468 est,
3492 5402 3585 5474 qui
3607 5409 3718 5458 ter--

2145 5504 2274 5544 rena
2297 5490 2530 5558 sapiunt.

2221 5579 2284 5632 Et
2322 5578 2489 5650 caligo
2517 5580 2753 5651 populos.
2829 5584 2954 5639 Sive
2994 5592 3064 5638 ut
3109 5585 3161 5638 in
3199 5581 3462 5639 Hebraico
3498 5581 3711 5653 legitur,
