3994 6204
305 215 376 270 69
599 273 628 279 _
1139 215 1654 274 COLLECTIONES
1687 215 1754 272 ΙΝ
1793 207 2174 273 EPISTOLAS
2211 217 2299 273 ET
2338 218 2747 277 EV’ANGELIA.
3501 224 3578 286 ’Μ’

297 339 495 392 arma
561 328 737 385 tribu
765 325 908 399 quod
964 327 1181 400 proprie
1242 328 1482 385 refertur
1526 325 1594 385 ad
1651 326 1884 386 Iudaeos.
1915 331 1964 391 Α
1991 329 2141 398 Epha
2168 330 2423 403 regiones‘
2441 340 2567 388 sunt
2592 341 2741 389 trans
2789 332 3062 398 Arabiam,
3099 333 3305 394 fertiles
3327 344 3571 399 cameli».

372 421 546 494 Super
571 430 621 476 te
667 430 842 476 autem
890 419 1089 474 orietur
1123 419 1400 476 Dominus.
1454 419 1514 477 ω
1537 430 1642 487 est,
1679 421 1760 478 sol
1802 439 1892 492 ,u—
1990 435 2132 487 rum,
2177 423 2461 494 omnisque
2513 425 2791 494 provincia
2848 425 3150 496 appellatur
3185 427 3350 486 Saba.
3411 434 3574 494 Unde

293 515 460 570 stitia:
479 511 755 569 Christus.

370 606 436 661 Et
457 603 630 675 gloria
655 602 771 674 ejus
799 599 926 656 inte
946 599 1226 658 videbitur.
1267 601 1346 658 De
1365 617 1470 673 qua
1496 601 1755 672 scriptum
1770 611 1884 658 est:

295 694 363 750 Et
394 695 625 749 vidimus
675 691 899 763 gloriam
928 689 1065 761 ejus,
1096 691 1250 762 quasi
1300 691 1523 762 gloriam
1549 690 1814 763 Unigeniti
1851 711 1888 748 a

281 785 437 840 Patre
465 784 679 856 plenum
700 783 884 852 gratim
903 792 951 835 et
972 782 1206 835 veritatis
1237 778 1420 849 (Joan.
1461 781 1524 852 ι).

359 871 432 925 Et
467 867 812 924 ambulabunt
847 877 1024 936 gentes
1057 865 1112 919 in
1150 864 1348 919 lumine
1373 875 1482 918 tuo.
1539 864 1648 920 Nos
1691 881 1884 923 omnes

288 963 632 1018 ambulamus
657 961 710 1015 in
734 959 1102 1030 apostolorum
1131 957 1272 1023 luce,
1289 975 1408 1030 qua:
1429 959 1642 1014 lucetin
1657 960 1877 1026 mundo,

286 1064 343 1112 et
364 1055 603 1110 tenehm
641 1067 761 1108 eam
786 1066 891 1104 non
919 1051 1472 1119 comprehenderunt.

365 1143 429 1198 Et
458 1160 604 1212 reges
645 1142 702 1196 in
726 1141 1000 1212 splendore
1025 1151 1170 1194 ortus
1211 1141 1309 1194 tui.
1373 1141 1603 1208 Quando
1637 1141 1876 1211 primum

286 1239 341 1292 in
371 1235 588 1291 Christo
611 1241 738 1289 nata
767 1247 845 1298 es,
887 1231 1030 1302 quod
1053 1239 1110 1286 et
1139 1231 1461 1301 spiritaliter
1488 1232 1771 1302 impletur,
1823 1241 1877 1286 et

283 1328 611 1392 carnaliter,
660 1334 722 1381 ut
749 1340 904 1398 reges
935 1340 1166 1395 quorum
1216 1340 1312 1380 cor
1340 1326 1396 1380 in
1445 1340 1608 1379 manu
1658 1325 1874 1380 Domini

283 1429 392 1484 est,
445 1425 502 1473 et
541 1417 738 1488 quibus
767 1431 873 1484 non
905 1423 1098 1486 regnat
1123 1424 1405 1484 peccatum
1434 1415 1488 1469 in
1514 1413 1729 1470 mortali
1753 1430 1876 1470 cor-

280 1523 438 1580 pore,
461 1506 743 1562 ambulent
773 1506 826 1560 in
853 1505 1138 1575 splendore
1161 1505 1436 1561 nascentis
1455 1503 1730 1570 Ecclesiae,
1759 1506 1873 1561 sive

282 1603 336 1657 in
360 1617 426 1658 eo
467 1603 558 1673 qui
581 1609 734 1656 ortus
757 1608 845 1656 est
895 1601 948 1654 in
973 1597 1240 1665 Ecclesia,
1272 1608 1326 1656 et
1346 1602 1459 1656 veri
1483 1600 1648 1673 Regis
1667 1601 1866 1658 Christi

1986 509 2091 565 fuit
2113 520 2168 567 et
2195 512 2339 569 Saba
2374 516 2583 586 regina,
2641 531 2762 586 quae
2808 518 2957 572 venit
3008 520 3334 590 sapientiam
3377 526 3572 584 audire

1987 600 2404 670 Salomonis,_et
2435 606 2549 675 ipsa
2577 605 2826 663 deferens
2848 622 3042 663 aurum
3069 617 3124 665 et
3154 611 3297 668 thus.

2056 691 2224 748 Omne
2262 712 2419 765 pecus
2459 695 2632 751 Cedar
2660 699 2992 768 congregabit
3025 700 3158 766 tibi,
3207 705 3397 759 arietes
3447 707 3568 761 Na-

1984 783 2162 854 bajoth
2182 787 2554 842 ministrabant
2591 789 2705 842 tibi.
2729 789 2906 844 Cedar
2933 798 3113 846 autem
3149 794 3298 863 regio
3327 795 3560 853 Sarace-

1981 890 2174 930 norum
2199 885 2304 942 est,
2330 877 2596 949 Nabajoth
2617 921 2630 944 ,
2655 896 2796 936 unus
2818 889 2903 937 est
2926 883 3156 938 illioram
3184 885 3412 944 lsmabel
3436 930 3452 954 ,
3489 905 3558 946 ex

1981 981 2210 1034 quorum
2232 968 2540 1022 nominibus
2566 968 2798 1024 solitudo
2831 971 3150 1040 appellatur,
3175 987 3296 1042 qua:
3335 975 3553 1049 frugum

1979 1059 2154 1128 inops,
2186 1074 2445 1128 pecorum
2468 1060 2624 1130 plena
2650 1070 2752 1116 est.
2765 1062 2871 1118 Per
2881 1062 3168 1119 familiaria
3187 1081 3320 1137 ergo
3336 1071 3558 1126 nomina

1978 1149 2218 1220 gentium
2241 1149 2598 1204 barbararum
2625 1166 2746 1220 quae
2773 1152 2968 1208 vicinae
2993 1162 3122 1208 sunt
3151 1154 3360 1222 Isracli,
3384 1158 3566 1216 totius

1977 1241 2162 1295 mundi
2197 1231 2480 1298 conversio
2507 1244 2856 1313 prmdicatur.
2887 1245 3101 1300 Madian
3130 1248 3330 1318 quippe
3367 1250 3420 1305 in
3451 1251 3564 1307 hoc.

1975 1332 2092 1388 loco
2141 1333 2532 1404 interpretatur
2576 1336 2849 1405 iniquitas.
2906 1338 3057 1408 Epha
3105 1340 3380 1397 resolutus
3429 1345 3548 1398 sive

1973 1421 2271 1478 eﬂ‘undens.
2305 1423 2444 1478 Saba
2465 1427 2748 1481 conversio
2769 1427 2851 1482 vel
2873 1429 3182 1498 captivitas.
3205 1430 3384 1486 Cedar
3405 1419 3556 1490 tene-

1971 1512 2085 1568 brae
2113 1513 2196 1568 vel
2221 1528 2444 1569 mror.
2481 1515 2744 1587 Nabajoth
2791 1519 3111 1588 prophetiae.
3138 1520 3342 1592 Greges
3385 1524 3554 1594 igitur

1973 1603 2300 1657 camelorum
2331 1604 2634 1673 iniquitatis
2661 1605 2888 1663 vinculis
2941 1610 3182 1674 resoluti,
3237 1620 3297 1668 et
3339 1615 3557 1672 animas

282 1691 406 1746 ﬁdei
436 1670 579 1747 colla
593 1690 1097 1760 submittant,quod
1118 1691 1358 1759 quotidie
1372 1670 1616 1746 videmus
1631 1693 1863 1761 impleri,
1896 1670 1943 1729 Β
1971 1705 2098 1746 suas
2121 1670 2460 1750 eﬂ‘undentes
2485 1693 2594 1749 Deo
2616 1735 2631 1760 ,
2667 1697 2913 1765 operient
2936 1670 3274 1756 Hierusalem
3305 1670 3565 1762 mulieri;-

279 1783 497 1852 quando
529 1782 845 1837 idololatriae
871 1796 1056 1836 errore
1078 1781 1308 1848 sublato,
1355 1782 1423 1837 ad
1454 1781 1615 1838 ﬁdem
1659 1782 1863 1840 Christi

279 1871 511 1925 Romani
545 1872 817 1941 principes
849 1875 1155 1925 transeunt.

349 1962 487 2017 Leve
522 1965 577 2016 in
625 1963 843 2017 circuito
883 1961 1061 2017 Oculos
1109 1973 1224 2017 tuos
1267 1972 1316 2017 et
1368 1964 1514 2028 vide,
1572 1981 1750 2020 omnes
1776 1966 1864 2022 isti

277 2054 580 2123 congregati
615 2062 1027 2117 sunt,oenerunt
1058 2053 1170 2107 tibi.
1206 2052 1323 2109 Hoc
1347 2054 1542 2109 dicitur
1569 2057 1636 2111 ad
1677 2055 1864 2113 Eccle-

279 2144 437 2209 slam,
487 2158 608 2212 qua:
645 2145 882 2214 primum
913 2144 980 2199 ad
1007 2143 1280 2214 apostolos
1301 2155 1624 2218 congregata
1679 2155 1762 2202 est
1807 2149 1861 2204 in

279 2233 432 2298 Sion,
462 2234 528 2287 de
549 2233 743 2302 quibus
769 2243 825 2289 et
864 2234 917 2288 in
951 2236 1316 2305 apostolorum
1346 2234 1572 2293 Actibus
1605 2237 1858 2309 legimus,

277 2325 421 2395 quod
444 2326 511 2380 de
532 2327 787 2381 universo
811 2325 942 2380 urbe
963 2335 1226 2382 terrarum
1255 2327 1356 2382 viri
1389 2328 1626 2400 religiosi
1660 2329 1862 2386 fuerint

277 2417 332 2471 in
359 2415 721 2484 Hierusalem,
776 2418 868 2490 qui
915 2418 1249 2490 susciperent
1289 2435 1598 2476 sermonem
1637 2421 1753 2488 Dei,
1805 2431 1861 2478 et

275 2507 472 2579 linguis
511 2523 734 2562 suarum
781 2507 1188 2578 alienarumque
1230 2510 1474 2580 gentium
1506 2551 1520 2576 ,
1585 2509 1670 2565 vel
1705 2511 1859 2566 audi-

275 2607 398 2652 rent
446 2597 732 2668 loquentes
779 2598 948 2666 alios,
1006 2599 1093 2655 vel
1120 2599 1224 2670 ipsi
1252 2599 1605 2671 loquerentur
1646 2602 1715 2656 ad
1755 2616 1858 2657 ca:-

275 2698 440 2744 teres.

342 2779 480 2834 Filii
507 2782 586 2834 tui
609 2781 672 2835 de
691 2781 841 2853 longe
865 2784 1090 2838 venient.
1146 2782 1254 2839 Nos
1309 2792 1492 2839 autem
1544 2785 1715 2839 simus
1736 2784 1852 2850 lilii,

270 2871 364 2940 qui
407 2873 475 2926 de
502 2871 658 2942 longe
694 2873 938 2928 venimus
959 2875 1025 2929 ad
1051 2872 1358 2939 Dominum,
1383 2875 1654 2944 peregrini
1680 2890 1855 2944 quon-

271 2962 395 3016 dam
425 2977 458 3016 a
513 2962 859 3020 Testamento
892 2964 1009 3031 Dei,
1064 2973 1122 3020 et
1173 2963 1686 3034 repromissionibus
1711 2965 1852 3036 ejus,

1967 1781 2092 1850 bus,
2113 1789 2170 1836 et
2182 1798 2372 1838 omnes
2399 1785 2466 1840 de
2481 1786 2795 1856 captivitate
2809 1791 3065 1857 venient,
3083 1801 3142 1847 et
3163 1797 3550 1853 conversiones

1963 1873 2178 1928 viarum
2209 1874 2333 1932 ﬁdei
2358 1875 2684 1944 deferentes,
2711 1887 2770 1932 et
2787 1880 2910 1936 thus
2931 1881 3205 1949 sacriﬁcii,
3228 1892 3294 1938 et.
3308 1901 3405 1955 per
3429 1888 3548 1944 haec

1965 1977 2192 2018 munera
2234 1979 2577 2036 nequaquam
2619 1969 2842 2038 propria
2872 1969 3048 2027 salute
3092 1976 3352 2040 contenti,
3379 1978 3545 2046 proli-

1965 2051 2129 2118 cient,
2163 2061 2223 2108 ut
2242 2054 2406 2108 etiam
2429 2057 2643 2112 caeteris
2674 2059 2970 2128 praedicent
3001 2062 3238 2119 salutare
3265 2065 3397 2133 Dei,
3445 2068 3546 2124 ha-

1963 2140 2152 2196 bentes
2169 2143 2222 2196 in
2249 2147 2566 2208 muneribus
2583 2148 2922 2219 principalia,
2944 2166 3136 2208 aurum
3162 2169 3382 2211 sensum
3413 2157 3540 2231 (sic)

1962 2237 2018 2285 et
2040 2233 2162 2286 thus
2185 2234 2367 2289 odoris
2391 2237 2579 2306 Optimi
2603 2247 2764 2308 atque
2784 2239 3045 2296 dicentis:
3070 2243 3345 2312 Birigatur
3366 2249 3536 2303 oratio

1959 2336 2074 2373 mea
2119 2321 2254 2374 sicut
2299 2324 2564 2378 incensum
2607 2327 2663 2384 in
2711 2339 2988 2399 compacta
3017 2339 3109 2385 tuo
3156 2330 3334 2403 (Psal.
3384 2335 3534 2406 CXL),

1961 2419 2016 2466 et
2045 2411 2246 2468 Christi
2286 2414 2462 2472 bonus
2513 2417 2651 2473 odor
2696 2435 2883 2475 sumus
2910 2419 2998 2493 (II
3024 2421 3148 2476 Cor.
3179 2424 3260 2497 ιι),
3303 2426 3357 2480 in
3387 2429 3536 2482 omni

1957 2503 2097 2572 loco,
2134 2507 2438 2579 arietesque
2469 2513 2874 2582 prophetarum.
2902 2513 2978 2570 De
3009 2512 3206 2585 quibus
3235 2519 3288 2573 in
3330 2519 3533 2576 vicesi-

1957 2611 2048 2651 mo
2068 2607 2258 2654 octavo
2281 2601 2488 2670 psalmo
2514 2603 2731 2658 canitur
2759 2623 2771 2658 :
2798 2605 2834 2658 Α
2842 2607 2992 2675 [ferte
3015 2605 3267 2674 Domino,
3289 2609 3388 2677 filii
3420 2610 3537 2676 Dei,

1956 2688 2141 2756 aﬂ'erte
2166 2688 2386 2745 Domino
2411 2692 2549 2760 ﬁlios
2593 2696 2839 2760 arietum,
2882 2696 3102 2751 venient
3125 2705 3181 2753 et
3219 2697 3446 2754 ollcrcnt
3476 2715 3536 2755 se

1956 2781 2284 2836 sacriﬁcium
2330 2783 2578 2849 Domino,
2609 2794 2664 2840 et
2685 2788 2975 2856 placabiles
3041 2793 3231 2848 hostiae
3287 2794 3441 2861 liant,
3469 2804 3534 2852 ut

1956 2870 2156 2927 Christi
2184 2872 2518 2943 glorificetur
2547 2877 2808 2933 Ecclesia.
2838 2880 2914 2934 De
2941 2881 3314 2950 hujuscemodi
3342 2887 3538 2944 ovibus
3584 2894 3591 2904 '

1956 2959 2206 3016 Salvator
2259 2963 2539 3034 discipulis
2571 2965 2896 3037 loquebatur
2931 2989 2944 3024 :
2980 2971 3057 3026 Ite
3083 2973 3150 3026 ad
3196 2990 3325 3029 oves
3354 2978 3536 3044 perdi-

270 3057 363 3112 sed
387 3057 520 3126 quid
544 3056 676 3112 dicit
703 3057 993 3128 Apostolus
1020 3077 1032 3112 :
1089 3059 1200 3114 Vos
1225 3059 1317 3129 qui
1363 3060 1531 3116 eratis
1560 3059 1852 3130 aliquando

1964 3059 2040 3107 Las
2066 3054 2257 3110 domus
2285 3055 2449 3112 Israel
2488 3057 2703 3128 (Matth.
2737 3059 2814 3131 κ).
2846 3061 3075 3134 Proprie
3129 3081 3292 3136 super
3343 3041 3427 3123 his
3450 3069 3536 3124 in-

269 3145 448 3218 longe,
472 3147 602 3203 facti
630 3149 762 3203 estis
781 3163 947 3218 prope
972 3147 1189 3220 (Ephes.
1228 3151 1314 3221 ιι).

1954 3144 2227 3216 telligitur,
2257 3149 2348 3218 qui
2379 3149 2444 3203 de
2475 3151 2726 3220 gentibus
2749 3152 2904 3210 electi
2939 3155 2993 3210 in
3040 3159 3400 3216 sacerdotium
3430 3163 3534 3218 mi-

340 3239 410 3293 Et
443 3239 573 3308 ﬁliae
601 3250 707 3294 tua:
733 3239 816 3294 lac
859 3249 1064 3310 sugent.
1111 3241 1267 3307 Quod
1297 3243 1446 3308 dicit,
1478 3242 1606 3312 ﬁlia!
1636 3252 1740 3298 tua:
1767 3242 1851 3297 lae
1949 3236 2108 3292 nisll‘i
2143 3245 2267 3292 sunt
2294 3237 2610 3296 Salvatoris.

269 3341 474 3402 augent,
512 3331 800 3401 signiﬁcat,
828 3335 972 3403 quod
1005 3333 1201 3389 animai
1222 3335 1275 3388 in
1309 3333 1524 3389 Christo
1558 3335 1848 3399 lactantes,

269 3430 321 3475 et
348 3422 404 3475 in
434 3421 757 3491 baptismate
803 3423 1151 3492 parvulorum
1209 3421 1308 3495 (de
1349 3423 1545 3492 quibus
1575 3431 1630 3476 et
1657 3422 1850 3477 Petrus

270 3511 555 3580 loquitur:
592 3511 758 3579 Quasi
817 3513 978 3567 modo
1013 3513 1244 3583 parvuli,
1304 3511 1612 3576 rationales,
1642 3519 1698 3565 et
1726 3511 1850 3566 abs—

270 3616 372 3670 que
428 3601 573 3666 dolo,
625 3601 712 3656 lac
773 3602 1078 3658 desiderate
1131 3601 1185 3674 [I
1213 3601 1358 3655 Petr.
1383 3601 1480 3672 11])
1521 3609 1720 3670 sugunt
1765 3600 1850 3655 lac

270 3691 660 3760 apostolorum,
695 3693 898 3762 quibus
916 3691 1155 3762 parvulis
1200 3698 1364 3760 atque
1388 3690 1733 3752 lactantibus,
1763 3691 1846 3745 lo-

270 3783 537 3851 quebatur
599 3790 653 3837 et
699 3782 944 3838 Paulus:
980 3781 1187 3847 Filioli,
1241 3798 1374 3853 quos
1428 3781 1617 3834 iterum
1668 3791 1848 3850 partu-

270 3873 371 3937 rio,
401 3872 565 3926 donec
594 3873 838 3928 Christus
868 3874 1125 3943 fonnetur
1151 3873 1206 3927 in
1231 3871 1372 3927 vobis
1412 3868 1552 3943 (Gal.
1591 3871 1685 3943 ιν).

339 3962 487 4017 Tunc
512 3963 709 4018 ridebis
731 3975 778 4018 et
809 3965 1018 4035 affines,
1042 3974 1092 4019 et
1135 3963 1435 4028 mirabitur,
1459 3973 1506 4017 et
1533 3963 1847 4017 dilatabitur

267 4069 358 4107 cor
415 4063 587 4120 tuum,
635 4056 850 4126 quando
895 4067 1144 4110 conversa
1184 4049 1450 4124 fuerit'ad
1483 4063 1532 4109 te
1562 4055 1843 4109 multitudo

266 4150 462 4213 maris,
479 4149 734 4218 fortitudo
754 4149 985 4219 gentium
1011 4149 1202 4203 verterit
1234 4145 1348 4201 tibi.
1382 4143 1518 4203 Cum
1545 4147 1844 4202 elevaveris

264 4239 450 4292 oculos
471 4247 620 4302 tuos,
657 4235 902 4309 ﬁliosque
929 4239 1272 4309 prospexeris
1298 4237 1508 4304 venire,
1539 4247 1671 4293 tunc
1705 4253 1842 4309 gau-

264 4329 417 4384 debis
444 4338 501 4384 et
529 4329 583 4384 in
611 4330 830 4384 modum
861 4328 1146 4384 ﬂuviorum
1197 4330 1353 4398 aquis
1389 4327 1581 4383 subitis
1615 4328 1841 4384 inunda-

265 4422 432 4484 heris,
457 4429 516 4476 et
543 4421 834 4476 mirabitur
862 4435 924 4476 ac
953 4419 1209 4490 stupehit,
1269 4422 1382 4476 imo
1401 4419 1722 4476 dilatabitur
1747 4434 1842 4476 cor

263 4519 438 4564 tuum.
470 4509 766 4566 Audientes
801 4510 1118 4580 Apostolum
1151 4530 1163 4565 :
1200 4511 1514 4566 Dilatamini
1541 4520 1590 4565 et
1639 4529 1726 4566 vos
1754 4510 1841 4584 (ΙΙ

265 4596 386 4652 Cor.
421 4598 518 4671 vi),
553 4614 622 4654 ne
645 4601 892 4668 angustia
919 4601 1178 4670 pectoris,
1227 4617 1334 4657 non
1387 4601 1610 4671 possitis
1637 4601 1842 4657 habere

263 4689 631 4746 habitatorem
657 4690 954 4756 Christum,
987 4693 1082 4762 qui
1108 4692 1244 4748 dicit
1267 4693 1319 4746 in
1349 4691 1648 4764 Evangelio
1687 4711 1700 4747 :
1731 4693 1844 4764 Ego

264 4788 319 4833 et
343 4779 508 4834 Pater
532 4781 832 4848 veniemus,
877 4789 932 4838 et
953 4783 1291 4838 mansionem
1350 4783 1492 4855 apud
1515 4799 1639 4839 cum
1671 4783 1841 4840 facie-

264 4885 390 4924 mus
418 4868 601 4942 (Joan.
633 4871 766 4944 ιιν).

335 4961 626 5016 laudatio
643 4962 962 5018 camelorum
982 4965 1174 5036 aperiet
1189 4973 1257 5029 te,
1276 4965 1600 5020 dromedarii
1622 4964 1844 5019 Madian

263 5067 312 5109 et
343 5053 516 5124 Epha.
543 5052 738 5111 Omnes
762 5056 999 5111 devSaba
1023 5059 1255 5123 venient,
1292 5070 1484 5112 aurum
1523 5067 1572 5112 et
1598 5059 1717 5113 thus
1752 5058 1847 5112 de-

264 5149 510 5217 ferentes,
541 5156 589 5200 et
616 5147 826 5202 laudem
850 5150 1076 5204 Domino
1101 5151 1492 5204 unnuntiantes.
1539 5149 1668 5205 Post
1697 5150 1841 5204 divi-

266 5241 370 5294 tias
397 5240 568 5294 maris
595 5247 650 5295 et
697 5239 1070 5296 fortitudinem
1116 5240 1374 5311 gentium,
1429 5251 1727 5310 gregesque
1757 5254 1846 5294 ca-

263 5331 534 5385 melorum
561 5339 619 5386 et
641 5331 968 5388 dromedarii
1003 5330 1215 5386 Madian
1243 5338 1298 5386 et
1321 5331 1495 5402 Epha,
1524 5331 1848 5400 promittun-

265 5429 355 5475 tur
381 5419 742 5486 Hierusalem,
798 5419 892 5490 qui
941 5433 1130 5475 omnes
1160 5421 1385 5475 veniunt
1423 5421 1488 5475 de
1521 5417 1686 5482 Saba,
1722 5432 1849 5486 por-

267 5519 447 5565 tantes
496 5525 691 5565 aurum
743 5519 799 5565 et
829 5511 976 5577 thus,
1007 5520 1063 5566 et
1095 5510 1239 5582 quod
1294 5511 1382 5567 his
1409 5509 1584 5578 majus
1613 5517 1723 5573 est,
1755 5522 1851 5561 an-

265 5606 584 5658 uuntiantes
613 5602 827 5658 Domini
863 5603 1102 5657 salutare
1156 5600 1371 5673 (Matth.
1445 5600 1528 5671 u).
1563 5598 1774 5652 Madian
1794 5604 1848 5650 et
1885 5641 1895 5647 .

2115 3343 2450 3384 ΕνΑΝαειιωι
2477 3346 2752 3387 SECUNDUM
2781 3349 3115 3402 ΜΛΤΤΙῙᾹΞΗΙ,
3146 3355 3264 3394 CAP.
3297 3356 3357 3393 11.

2025 3437 2044 3470 ‹
2089 3416 2222 3474 Cum
2274 3427 2434 3475 natus
2487 3433 2632 3477 esset
2678 3423 2838 3479 Jesus
2895 3427 2946 3479 in
2979 3427 3259 3483 Bethleem
3292 3428 3443 3486 Judre
3471 3433 3524 3487 in

1956 3526 1974 3558 ι
2019 3507 2208 3564 diebus
2240 3507 2467 3565 Ilcrodis
2512 3513 2674 3583 regis.
2730 3513 2872 3570 Ecce
2906 3515 3041 3585 Magi
3091 3517 3160 3570 ab
3189 3517 3408 3574 Oriente
3437 3537 3532 3575 ve-

1955 3617 1974 3648 ι
2019 3608 2216 3653 nerunt
2239 3599 2692 3673 Hierosolymam,
2741 3605 3026 3661 dicentes:
3067 3607 3166 3664 Ubi
3195 3619 3281 3664 est
3318 3612 3410 3682 qui
3434 3630 3532 3668 na-

1953 3708 1974 3742 ‹
2021 3697 2106 3745 tus
2135 3699 2218 3745 cst
2267 3706 2360 3745 rex
2391 3691 2746 3750 Judaeorum?
2777 3697 3021 3753 Vidimus
3074 3699 3285 3755 stellam
3328 3702 3444 3773 ejus
3473 3703 3527 3758 in

1953 3798 1972 3831 ι
2017 3781 2249 3847 oriente,
2286 3790 2341 3837 et
2365 3783 2613 3839 vcnimus
2649 3786 2877 3842 adorare
2900 3803 3044 3843 eum.
3076 3789 3317 3847 Audiens
3345 3801 3525 3847 autem

1953 3885 1972 3919 ι
2017 3869 2257 3926 Herodes
2305 3889 2401 3928 rex
2441 3875 2690 3930 turbatus
2720 3885 2821 3943 cst,
2853 3887 2910 3935 et
2944 3881 3122 3936 omnis
3158 3881 3528 3954 Hierosolyma

1953 3978 1971 4010 ‹
2018 3976 2141 4015 cum
2171 3961 2280 4017 illo.
2319 3963 2386 4017 Et
2431 3981 2768 4036 congregans
2803 3985 2993 4025 omnes
3046 3974 3318 4044 principes
3349 3991 3530 4030 sacer-

1953 4069 1971 4101 «
2019 4052 2204 4106 dotum
2230 4061 2285 4107 et
2317 4055 2524 4110 scribas
2572 4057 2752 4125 populi
2803 4061 3187 4116 sciscitabatur
3211 4066 3278 4118 ab
3302 4065 3401 4129 eis,
3434 4064 3525 4118 ubi

1952 4160 1971 4194 ι
2016 4139 2263 4198 Christus
2294 4155 2626 4199 nasceretur.
2661 4147 2730 4200 At
2760 4148 2834 4202 illi
2864 4149 3116 4204 dixerunt
3156 4153 3204 4205 ei
3231 4169 3243 4204 :
3271 4151 3328 4204 In
3360 4152 3525 4206 Beth-

1953 4249 1970 4281 ι
2005 4221 2150 4284 Ἰθθῐη
2181 4226 2349 4287 Judm.
2391 4233 2481 4286 Sic
2529 4235 2670 4286 enim
2706 4237 2968 4304 scriptum
3022 4245 3104 4291 est
3149 4253 3246 4307 per
3292 4240 3529 4308 prophe-

1933 4337 1970 4368 σε
2014 4327 2124 4373 tam
2158 4337 2171 4373 :
2205 4321 2272 4374 Et
2302 4331 2357 4374 tu
2384 4321 2656 4374 Bethleem
2689 4329 2830 4376 terra
2862 4323 3017 4390 Iuda,
3052 4341 3391 4396 nequaquam
3419 4328 3525 4382 mi-

1952 4429 1970 4462 ‹
2016 4410 2162 4463 nima
2216 4425 2275 4465 es
2304 4411 2355 4464 in
2397 4410 2732 4480 principibus
2777 4409 2934 4467 Iuda.
2990 4415 3067 4468 Ex
3102 4423 3152 4469 te
3187 4416 3332 4470 enim
3381 4417 3526 4474 exict

1952 4521 1970 4554 ι
2018 4501 2125 4556 dux
2150 4501 2239 4570 qui
2266 4509 2417 4572 regat
2443 4502 2696 4571 populum
2741 4518 2919 4557 meum
2949 4504 3130 4559 Israel.
3165 4505 3319 4560 Tunc
3349 4505 3525 4562 Hero-

1952 4609 1969 4642 ‹
2017 4591 2113 4645 des
2145 4590 2283 4645 clam
2323 4591 2527 4645 vocatis
2584 4590 2751 4662 Magis
2786 4592 3074 4663 diligenter
3127 4593 3316 4649 didicit
3352 4596 3418 4650 ab
3445 4597 3527 4653 eis

1955 4702 1972 4734 ‹
2018 4692 2231 4751 tempus
2267 4683 2436 4737 stellae
2481 4697 2599 4750 quze
2628 4683 2878 4752 apparuit
2905 4685 3004 4738 eis.
3057 4685 3124 4738 Et
3153 4686 3372 4740 mittens
3402 4687 3528 4743 illos

1953 4793 1971 4826 ι
2013 4775 2066 4827 in
2107 4773 2405 4838 Bethleem,
2459 4773 2594 4827 dixit
2634 4787 2648 4826 :
2679 4772 2758 4829 Ite
2792 4781 2846 4828 et
2885 4774 3214 4845 interrogate
3253 4775 3320 4831 de
3349 4791 3521 4846 puero

1955 4881 1973 4913 ι
2017 4862 2325 4932 diligenter,
2361 4869 2563 4914 etcum
2613 4860 2945 4925 inveneritis,
3001 4862 3306 4916 renuntiate
3365 4863 3522 4927 mihi,

1955 4971 1975 5004 ι
2020 4961 2161 5006 utet
2198 4967 2296 5022 ego
2347 4952 2569 5006 veniens
2599 4951 2816 5006 adorem
2863 4967 3006 5006 eum.
3049 4952 3150 5019 Qui
3187 4967 3308 5006 cum
3340 4951 3525 5006 audis—-

1955 5063 1974 5095 ι
2019 5054 2142 5099 sent
2173 5058 2370 5114 regem,
2402 5043 2670 5097 abierunt.
2726 5043 2793 5096 Et
2821 5057 2946 5097 ecce
2995 5043 3147 5097 stella
3173 5057 3334 5112 quam
3367 5043 3523 5098 vide-

1957 5153 1975 5185 ‹
2018 5143 2143 5188 rant
2168 5133 2223 5187 in
2273 5133 2500 5198 oriente,
2533 5133 2883 5186 antecedebat
2935 5145 3049 5198 eos,
3081 5148 3252 5202 usque
3281 5133 3408 5187 dum
3436 5149 3525 5187 ve-

1959 5243 1978 5276 (
2021 5226 2178 5279 niens
2209 5231 2376 5278 staret
2403 5236 2566 5292 supra
2604 5223 2691 5276 ubi
2718 5231 2834 5276 erat
2868 5237 3018 5292 puer.
3051 5221 3308 5276 Videntes
3339 5231 3523 5275 autem

1959 5333 1980 5368 ‹
2024 5315 2254 5379 stellam,
2284 5314 2454 5384 gavisi
2513 5320 2638 5367 sunt
2687 5311 2879 5382 gaudio
2911 5327 3106 5382 magno
3134 5309 3306 5365 valde.
3350 5311 3418 5363 Et
3446 5311 3529 5363 in—

1959 5424 1977 5457 c
2021 5404 2230 5461 trames
2275 5407 2514 5468 domum,
2569 5404 2890 5465 invenerunt
2928 5415 3155 5471 puerum
3199 5414 3320 5455 cum
3355 5397 3519 5451 Maria

1960 5516 1978 5550 α
2023 5507 2196 5553 matre
2225 5496 2360 5566 ejus.
2394 5496 2463 5550 Et
2487 5494 2849 5564 procidentes.
2877 5493 3239 5547 adoravcrunt
3282 5503 3426 5542 eum.
3458 5485 3525 5540 Et

1961 5610 1979 5642 ι
2025 5591 2225 5660 apertis
2253 5590 2524 5644 thesauris
2551 5603 2684 5651 suis.
2731 5584 3040 5640 obtulerunt
3069 5582 3118 5636 ei
3158 5591 3407 5644 munera,
3436 5591 3538 5632 au-
