3998 6198
400 215 464 272 τι
1680 199 2002 260 SMARAGD

2112 197 2360 256 .BBATIS
3589 192 3658 246 τε

405 351 425 385 s
469 345 614 395 rum,
647 328 773 390 thus
810 333 867 383 et
886 323 1183 398 myrrham.
1242 320 1312 378 Et
1359 336 1620 392 responso
1667 327 1892 388 accepto
1921 316 1975 371 in
2005 319 2055 376 A
2079 330 2188 371 non
2237 321 2513 377 nostram,
2549 326 2658 367 non
2697 309 2819 367 coeli
2843 349 2858 376 ,
2898 307 3192 398 sedchgis
3229 307 3327 398 qui
3346 313 3519 398 natus
3553 313 3656 398 est.
3717 334 3724 340 -

407 441 426 474 ε
470 421 676 478 somnis
699 434 770 475 ne
787 419 1036 484 redirent
1061 415 1130 471 ad
1175 412 1467 472 Herodem.
1521 426 1618 482 per
1643 406 1805 464 aliam
1834 409 1978 462 viam

408 533 427 565 ι
471 511 673 570 reversi
698 509 908 568 suntin
934 507 1211 580 regionem
1234 519 1410 561 suam.
1447 524 1464 556 ι

475 622 609 678 Cum
629 633 784 675 natus
805 628 937 674 esset
959 615 1117 672 Iesus
1144 617 1200 669 in
1230 612 1494 668 Bethleem
1523 611 1704 666 Judle.
1753 608 1985 664 Pulchre

403 721 586 769 autem
624 712 822 767 dicitur
863 707 1142 764 Bethleem
1168 705 1320 760 ludas
1345 705 1415 759 ad
1437 701 1842 758 distinctionem
1867 695 1986 766 ejus

404 805 682 860 Bethleem
709 815 831 872 quae
855 801 908 854 in
931 798 1150 854 Galilzea
1184 797 1288 851 sita
1308 801 1411 858 est,
1441 795 1582 850 sicut
1609 792 1662 846 in
1685 789 1812 846 Jesu
1841 788 1990 842 volu-

405 895 551 950 mine
571 890 796 964 reperiri
834 897 1014 961 potest
1046 888 1231 961 (Josue
1255 887 1392 957 xix).
1427 885 1525 940 Est
1545 882 1692 938 enim
1711 879 1988 935 Bethleem

406 985 600 1042 civitas
633 982 824 1048 David,
877 995 1000 1050 quae
1030 978 1218 1034 mundi
1263 976 1448 1047 genuit
1479 973 1838 1034 salvatorem,
1869 983 1989 1037 qua:

407 1075 560 1147 prius
592 1073 830 1143 Ephrata
861 1078 1056 1125 vocata
1079 1077 1180 1134 est,
1225 1067 1310 1122 cui
1337 1064 1506 1120 Jacob
1535 1070 1745 1133 postea,
1769 1059 1989 1130 quando

409 1167 484 1222 ibi
507 1179 705 1236 pecora
729 1177 828 1217 sua
859 1160 1042 1231 pavit,
1079 1157 1354 1213 Bethleem
1388 1168 1608 1218 nomen,
1633 1151 1867 1220 quodam
1895 1164 2001 1203 va-

410 1255 597 1312 ticinio
622 1253 790 1308 futuri
842 1250 1139 1323 imposuit,
1188 1247 1338 1317 quod
1380 1245 1574 1300 domus
1620 1240 1776 1311 panis
1826 1239 1990 1294 inter-

407 1351 658 1415 pretatur
729 1348 953 1413 propter
996 1353 1122 1395 eum
1162 1350 1362 1408 panem
1403 1333 1498 1404 qui
1543 1331 1616 1386 ibi
1650 1331 1719 1386 de
1743 1329 1880 1386 celo
1902 1329 1994 1385 de-

409 1435 640 1492 scendit.

482 1547 552 1603 In
575 1547 756 1602 diebus
789 1543 1015 1601 Herodis
1044 1544 1200 1615 regis.
1256 1539 1357 1598 Hic
1398 1539 1641 1596 Herodes
1686 1534 1992 1606 Antipatris

412 1637 811 1700 Ascalonitidis,
863 1634 1053 1690 matris
1105 1649 1236 1688 vero
1265 1631 1518 1703 Cypridis
1570 1629 1817 1720 Arabica:
1844 1626 2063 1714 ﬁlius'B

412 1725 533 1792 fuit,
566 1726 658 1796 qui
704 1727 893 1781 morbo
938 1724 1222 1780 intercutis
1269 1737 1445 1792 aquai,
1509 1719 1846 1776 scatentibus
1876 1724 1989 1771 toto

415 1830 642 1888 corpore
681 1815 960 1870 vermibus
1002 1813 1277 1869 tricesimo
1298 1811 1530 1882 septimo
1556 1808 1706 1879 regni
1737 1808 1820 1862 sui
1847 1821 1990 1861 anno

417 1913 662 1963 mortuus
686 1917 790 1962 est.
823 1906 936 1961 Sub
962 1905 1123 1976 hujus
1162 1903 1272 1959 lilio
1299 1901 1534 1966 Herode,
1591 1899 1842 1956 Christus
1866 1912 1991 1968 pas-

414 2013 509 2054 sus
530 2006 633 2052 est.
662 1997 799 2052 Nam
833 2005 887 2051 et
918 1996 1038 2051 ideo
1057 2009 1214 2067 reges
1237 2002 1292 2049 et
1318 1993 1484 2048 duces
1504 1989 1656 2045 Iudae
1676 1990 1836 2044 istius
1856 1997 1994 2043 tem-

414 2089 564 2160 poris
582 2089 898 2160 alienigenae
923 2087 1255 2151 referuntur,
1282 2084 1410 2156 quia
1434 2081 1748 2154 praedictum
1772 2079 1950 2134 fuerat
1975 2095 1988 2132 :

417 2176 535 2231 Non
564 2177 780 2232 deﬁciet
822 2175 1074 2247 princeps
1103 2177 1169 2231 de
1206 2171 1364 2238 Juda,
1413 2187 1512 2227 nec
1549 2171 1654 2226 dux
1693 2170 1766 2225 de
1788 2167 1995 2223 femore

417 2269 537 2338 ejus
573 2269 744 2325 donec
773 2269 978 2335 veniat,
1000 2269 1087 2323 cui
1118 2267 1502 2338 repromissum
1530 2273 1633 2330 est,
1673 2270 1729 2318 et
1754 2262 1869 2333 ipse
1892 2261 1996 2315 erit

418 2361 751 2432 exspectatio
779 2360 1018 2432 gentium
1046 2356 1199 2432 (Gen.
1230 2356 1400 2428 χιιι).

493 2471 627 2526 Ecce
660 2469 806 2542 Magi
832 2471 896 2526 ab
926 2468 1138 2525 Oriente
1162 2477 1430 2525 venerunt.
1461 2467 1630 2537 Igitur
1657 2466 1782 2522 dum
1815 2466 1998 2521 oriens

419 2573 524 2630 est,
554 2565 646 2633 qui
675 2564 955 2634 quaeritur,
984 2563 1106 2617 ideo
1160 2563 1306 2618 enim
1347 2562 1416 2616 ab
1443 2561 1656 2615 oriente
1705 2558 1996 2623 indicatur,

420 2657 546 2726 quia
574 2657 684 2727 ipse
713 2655 778 2709 ad
810 2655 1160 2723 semetipsum
1189 2669 1289 2708 nos
1309 2651 1478 2706 ducit.

481 2767 902 2838 Hierosolymam
960 2766 1208 2820 dicentes.
1261 2766 1385 2820 Ideo
1435 2763 1862 2834 Hierosolymam
1908 2775 2001 2816 vc-

421 2866 642 2922 nerunt,
673 2858 797 2929 quia
818 2856 884 2910 de
912 2855 1044 2912 Sion
1071 2855 1230 2909 exibit
1260 2854 1344 2908 lex
1373 2864 1421 2908 et
1457 2854 1665 2908 uerbum
1700 2852 1910 2906 Domini
1937 2851 2002 2904 de

425 2946 754 3002 Hierusalem
782 2945 915 3018 (lsa.
945 2947 1028 3017 ιι).
1054 2945 1177 3000 Sive
1203 2953 1259 2999 ut
1289 2943 1456 2999 Judaei
1492 2945 1803 3014 ignorantes
1829 2941 1986 2998 Chrio

423 3037 492 3091 sti
519 3005 855 3092 nativitatem
881 3005 1308 3104 sibi’proximam
1341 3049 1371 3087 a
1401 3005 1570 3103 Magis
1616 3034 1681 3086 de
1726 3032 1886 3101 longe
1905 3045 1997 3085 ve-
2026 3005 2070 3066 Ο

424 3127 717 3191 nientibus,
755 3125 1123 3194 eulparentur.
1153 3122 1286 3176 Nam
1313 3131 1368 3176 et
1396 3130 1702 3192 propterea,
1732 3129 1793 3175 ut
1817 3136 2000 3175 sacer-

426 3217 580 3270 dotes
601 3230 631 3268 a
658 3213 824 3282 Magis
854 3211 1190 3280 interrogati,
1225 3211 1316 3264 ubi
1363 3209 1616 3266 Christus
1667 3216 1997 3282 nasceretur,

428 3279 823 3359 inexcusabiles
869 3279 1081 3365 tierent,
1113 3300 1178 3354 de
1206 3299 1435 3353 adventu
1467 3299 1604 3368 ejus.
1637 3279 1837 3354 'Judcei'
1852 3299 1997 3353 enim

426 3404 675 3452 asserunt
706 3395 832 3449 Sem
861 3393 1028 3447 lilium
1050 3390 1161 3446 Noe
1184 3407 1344 3461 quem
1372 3392 1556 3445 dicunt
1586 3390 2002 3455 Melchisedech,

427 3489 659 3557 primum
692 3493 815 3556 post
874 3484 1132 3538 diluvium
1187 3483 1244 3537 in
1294 3481 1454 3554 Syria
1483 3481 1790 3536 condidisse
1815 3480 2004 3534 urbem

429 3579 632 3645 Salem,
663 3578 717 3633 in
753 3591 858 3648 qua
889 3590 1113 3647 regnum
1165 3572 1266 3628 fuit
1295 3572 1535 3643 ejusdem
1585 3571 2003 3634 Melchisedech,

429 3671 570 3724 hanc
593 3675 782 3738 postea
810 3665 1191 3722 continuerunt
1217 3663 1506 3728 Hiebuszei,
1534 3677 1565 3717 e
1593 3662 1790 3731 quibus
1811 3660 2026 3730 sortita.

429 3769 516 3815 est
563 3757 880 3814 vocabulum
929 3755 1153 3820 Hiebus,
1215 3753 1404 3824 sicque
1456 3752 1663 3808 duobus
1698 3750 2008 3805 nominibus

432 3847 715 3919 e0pulatis,
747 3845 950 3902 llicbus
986 3853 1041 3900 et
1071 3844 1272 3910 Salem,
1307 3852 1500 3900 vocata
1530 3851 1614 3897 est
1647 3842 2008 3908 Hierusalem,

433 3954 554 4008 qua:
582 3946 766 4006 postea
790 3951 820 3990 a
845 3934 1133 3990 Salomone
1191 3931 1585 4003 Hierosolyma,
1631 3932 1786 4002 quasi
1820 3930 2010 3985 Hiem-

435 4027 732 4083 salomonia
758 4025 900 4081 dicta
925 4032 1026 4080 est.
1087 4021 1213 4078 Hice
1238 4031 1293 4079 et
1327 4031 1579 4092 corrupte
1626 4037 1655 4076 a
1683 4022 1857 4091 poetis
1881 4021 2009 4076 olim

435 4123 764 4186 nuncupata,
795 4124 851 4170 et
873 4113 1212 4185 postmodum
1241 4113 1309 4168 ab
1351 4112 1502 4168 Helio
1527 4110 1767 4167 Adriano
1818 4118 2010 4172 vocata

2154 403 2264 477 (Ea:
2285 402 2533 476 August.)
2564 401 2674 456 Nos
2700 399 2918 471 quidem
2947 397 3048 454 sub
3080 396 3194 453 fato
3235 397 3515 452 stellarum
3543 395 3664 450 nul-

2083 493 2188 547 lius
2215 492 2448 547 hominis
2481 490 2722 562 genesim
2749 489 3000 559 ponimus
3019 528 3035 552 ,
3066 494 3270 556 quanto
3304 485 3488 540 minus
3518 483 3666 542 illius

2083 581 2434 654 temporalem
2461 580 2864 652 generationem
2891 577 2992 634 sub
3029 584 3301 632 astrorum
3325 573 3665 641 conditione,

2084 673 2373 729 credamus
2393 671 2612 736 factam,
2638 671 2730 742 qui
2752 678 2836 725 est
2855 676 3090 724 aeternus
3111 668 3493 722 universorum
3517 682 3670 722 crea-

2086 771 2172 817 tor
2193 769 2248 817 et
2272 761 2550 816 Dominus.
2581 760 2766 828 Itaque
2785 759 2872 814 illa
2889 758 3043 814 stella
3064 773 3228 828 quam
3253 757 3503 812 viderant
3526 757 3669 828 Magi

2086 851 2305 908 Christo
2334 851 2388 906 in
2413 865 2580 905 carne
2617 857 2776 914 nato,
2815 864 2925 904 non
2956 849 3024 903 ad
3053 849 3330 903 decretum
3353 847 3672 903 dominaba-

2088 951 2194 1004 tur,
2223 942 2320 997 sed
2349 941 2417 996 ad
2447 940 2821 995 testimonium
2842 938 3223 1016 famulabatur.
3256 937 3367 995 Nec
3397 939 3515 1010 ejus
3543 940 3673 995 sub-

2083 1032 2302 1104 jacebat
2331 1031 2580 1100 imperio,
2605 1030 2703 1086 sed
2732 1027 3542 1100 indicabatobsequio.Proinde
3562 1045 3672 1103 nou

2089 1141 2158 1180 ex
2177 1125 2283 1180 illis
2304 1133 2428 1184 erat
2465 1125 2581 1180 haec
2605 1124 2778 1179 stellis
2804 1140 2924 1195 qua:
2954 1125 3023 1180 ab
3065 1125 3222 1180 initio
3271 1134 3540 1180 creaturae
3568 1127 3675 1182 iter

2090 1229 2249 1270 suum
2273 1213 2623 1282 ordinemque
2651 1215 2751 1268 sub
2777 1214 3047 1270 creatoris
3074 1213 3192 1284 lege
3215 1213 3550 1276 custodiunt,
3575 1216 3674 1270 sed

2091 1321 2233 1376 novo
2259 1304 2486 1375 virginis
2513 1312 2671 1373 partu
2698 1319 2901 1359 novum
2931 1305 3081 1360 sidus
3102 1305 3370 1374 apparuit,
3396 1305 3539 1375 quod
3563 1319 3676 1375 my-

2092 1395 2319 1451 sterium
2361 1394 2521 1449 ollieii
2573 1395 2690 1460 sui,
2731 1395 2896 1450 etiam
2948 1394 3080 1466 ipsis
3110 1394 3277 1466 Magis
3303 1395 3674 1466 quaarentibus

2091 1485 2390 1550 Christum,
2417 1500 2539 1540 cum
2587 1493 2712 1540 ante
2762 1483 2955 1539 faciem
2986 1484 3226 1554 praeiret,
3272 1485 3537 1548 exhibuit,
3571 1483 3671 1539 do-

2096 1590 2199 1630 nec
2225 1589 2320 1630 eos
2347 1589 2517 1642 usque
2537 1575 2606 1629 ad
2636 1574 2810 1643 ipsum
2857 1573 3034 1629 locum
3063 1572 3157 1628 ubi
3188 1573 3284 1628 Dei
3320 1573 3560 1630 Verbum
3590 1573 3674 1628 in-

2187 1681 2212 1720 s
2240 1672 2380 1730 erat,
2414 1664 2703 1733 praeeundo
2727 1662 3071 1733 perduceret.

2163 1753 2377 1828 (ναις.)
2410 1753 2591 1825 Magos
2622 1755 2715 1824 qui
2757 1756 2825 1810 ad
2870 1754 3206 1810 adorandum
3235 1754 3524 1810 Dominum
3549 1769 3676 1826 per-

2093 1853 2372 1910 rexerunt,
2406 1844 2625 1914 quidam
2670 1861 2739 1900 ex
2785 1847 3041 1916 progenie
3086 1846 3255 1902 fuisse
3286 1846 3508 1902 Balaam
3551 1847 3669 1902 exi-

2093 1936 2337 2002 stimant,
2379 1934 2619 1991 eruditos
2659 1935 2712 1990 in
2737 1937 3099 1992 astronomica
3129 1936 3436 2007 disciplina,
3465 1945 3520 1992 et
3547 1936 3676 1992 stel-

2092 2025 2199 2080 lam
2231 2025 2376 2080 illam
2408 2042 2518 2082 non
2540 2040 2610 2080 ex
2633 2026 2777 2082 notis
2801 2024 2970 2082 fuisse
2998 2027 3288 2094 sideribus,
3318 2028 3517 2100 quippe
3548 2030 3678 2100 quia

2095 2133 2197 2180 nec
2252 2117 2441 2172 eodem
2493 2116 2703 2172 cmlesti
2746 2117 2937 2171 ordine
2990 2117 3311 2172 movebatur
3353 2125 3414 2172 ut
3443 2126 3674 2172 caetera.

2095 2206 2221 2261 Haec
2241 2205 2387 2260 enim
2416 2207 2482 2260 ad
2509 2205 2686 2261 locum
2716 2206 2770 2260 in
2798 2221 2906 2275 quo
2930 2216 3090 2262 natus
3115 2215 3234 2261 erat
3261 2207 3549 2272 Dominus,
3579 2207 3678 2264 de-

2095 2296 2448 2353 monstrando
2469 2303 2600 2350 nutu
2642 2297 2864 2366 proprio
2885 2297 3180 2353 ferebatur.

2165 2387 2269 2442 Alii
2296 2385 2482 2440 dicunt
2510 2395 2733 2456 nepotes
2761 2387 2981 2440 Balaam
3035 2402 3157 2442 esse
3207 2387 3312 2450 lilii,
3349 2387 3514 2454 Beor,
3546 2387 3673 2458 quia

2096 2487 2299 2534 sectam
2323 2475 2439 2546 ejus
2470 2477 2641 2533 secuti
2693 2485 2837 2532 sunt.
2871 2477 2977 2532 Alii
3007 2478 3196 2534 dicunt
3235 2479 3433 2536 Persas
3483 2479 3672 2547 fuisse,

2097 2576 2158 2624 ut
2184 2577 2359 2624 metro
2385 2567 2650 2624 Canorius
2675 2567 2807 2622 dicit
2833 2586 2845 2622 :

2190 2681 2315 2732 Tum
2339 2682 2480 2743 jubet
2504 2689 2557 2730 et
2580 2681 2763 2731 Perses
2783 2680 3004 2731 celerem
3029 2681 3332 2744 pertrudere
3347 2692 3596 2742 gressum.

2168 2774 2529 2844 Hieronymus
2557 2773 2685 2830 dicit
2712 2792 2725 2827 :
2748 2771 2991 2828 Chaldaei
3029 2773 3214 2829 stellas
3239 2775 3370 2830 deos
3397 2789 3520 2830 esse
3549 2791 3680 2831 eou-

2101 2862 2412 2928 firmabant,
2449 2863 2593 2917 unde
2640 2877 2827 2916 eorum
2877 2863 3010 2918 deus
3061 2865 3458 2933 nuncupativus
3491 2880 3680 2920 verum

2103 2954 2307 3007 indicat
2336 2953 2645 3018 Dominum,
2673 2953 2814 3008 unde
2838 2951 3075 3008 Chaldmi
3127 2969 3248 3010 esse
3271 2956 3678 3022 existimantur,

2102 3045 2243 3114 quod
2272 3043 2402 3100 dicit
2431 3086 2443 3096 .
2490 3042 2740 3120 Vidimus.
2772 3043 2978 3098 stellam
3004 3046 3118 3115 ejus
3145 3047 3201 3100 in
3233 3048 3455 3112 oriente,
3491 3048 3544 3102 id
3573 3057 3679 3114 est,

2101 3151 2200 3190 nos
2227 3136 2280 3189 in
2309 3136 2517 3190 oriente
2547 3136 2729 3205 positi,
2765 3140 2879 3192 sive
2903 3136 2968 3192 de
2991 3139 3200 3192 oriente
3231 3140 3285 3193 in
3317 3141 3679 3207 occidentem,

2102 3225 2311 3280 stellam
2359 3233 2538 3280 ortam
2593 3228 2847 3282 vidimus.
2904 3228 3054 3284 Fixis
3100 3230 3342 3285 historiae
3387 3233 3678 3297 radicibus,

2103 3315 2407 3382 spiritualia
2439 3317 2766 3371 intueamur.
2808 3317 3086 3374 Bethleem
3137 3336 3257 3389 quae
3291 3323 3685 3392 interpretatur

2103 3404 2294 3458 domus
2319 3405 2495 3474 panis,
2523 3406 2795 3476 signiﬁcat
2821 3407 3141 3475 Ecclesium,
3169 3411 3284 3464 sive
3311 3426 3406 3467 cor
3425 3412 3684 3478 hominis,

2105 3491 2157 3544 in
2181 3507 2289 3560 quo
2327 3492 2592 3557 Christus,
2645 3496 2737 3565 qui
2785 3497 2956 3551 dixit:
3021 3497 3136 3568 Ego
3192 3516 3308 3552 sum
3335 3501 3487 3570 panis
3540 3503 3684 3556 rivus

2108 3579 2290 3650 (Joan.
2319 3582 2424 3652 vt),
2453 3585 2716 3638 nascitur.
2743 3585 2984 3641 Herodes
3012 3589 3104 3658 qui
3129 3589 3518 3659 interpretatur
3535 3591 3687 3660 pelli-

2105 3685 2236 3725 ceus
2267 3670 2382 3726 sive
2406 3672 2560 3741 pellis
2586 3673 2774 3743 gloria,
2829 3675 3100 3746 signiﬁcat
3149 3677 3420 3734 diabolum
3452 3694 3687 3750 regnan-

2107 3768 2218 3814 tem
2245 3760 2298 3814 in
2325 3763 2544 3817 mundo.
3048 3765 3051 3767 ’
3495 3820 3505 3828 _

2179 3850 2315 3906 Tres
2339 3850 2477 3922 Magi
2513 3869 2684 3924 genus
2710 3856 3007 3912 humanum
3033 3874 3158 3914 cum
3191 3861 3436 3930 physica,
3487 3861 3688 3927 ethica,

2107 3939 2301 4010 logica,
2362 3943 2688 4013 significant.
2749 3947 3000 4017 Physica.
3066 3949 3183 4005 Hoc
3234 3959 3339 4016 est,
3394 3953 3688 4008 naturalis.

2110 4030 2324 4086 Ethica.
2354 4031 2413 4086 Id
2461 4040 2570 4097 est,
2602 4035 2849 4100 moralis,
2895 4053 3077 4093 mores
3123 4039 3267 4094 enim
3305 4040 3446 4110 apud
3472 4041 3696 4098 Grrecos

2112 4119 2234 4182 ἧθια
2259 4119 2617 4191 appellantur.
2649 4122 2870 4194 Logica.
2899 4123 3015 4181 Hoc
3041 4135 3146 4193 est,
3185 4127 3486 4196 rationalis,
3512 4130 3693 4199 philo~

434 4213 518 4263 est
555 4204 734 4270 Helia;
769 4205 825 4260 in
867 4205 985 4297 ipsa
1020 4213 1104 4261 est
1125 4210 1182 4260 et
1209 4201 1367 4297 Sion,
1398 4200 1814 4297 quaeullebraice
1842 4202 2011 4258 ἱιιιεῐ-
2083 4212 2318 4283 Jophite
2369 4212 2514 4268 enim
2565 4215 2773 4285 species
2807 4224 2913 4284 est,
2945 4218 3084 4274 ratio
3118 4219 3265 4276 enim
3309 4218 3521 4286 Graece,
3550 4223 3698 4297 λόγος

436 4306 681 4369 pretatur
711 4295 1024 4367 speculatio,
1057 4310 1122 4352 eo
1161 4294 1305 4366 quod
1333 4293 1388 4350 in
1414 4292 1646 4350 sublime
1697 4301 2010 4350 constructa

436 4397 538 4452 est,
573 4396 627 4444 et
651 4387 717 4443 de
754 4386 911 4458 longe
937 4385 1208 4442 venientia
1238 4385 1649 4456 contempletur.

512 4476 613 4531 Ubi
636 4486 736 4542 est,
779 4477 870 4546 qui
900 4485 1052 4530 natus
1079 4485 1154 4530 est
1191 4491 1284 4530 rea:
1320 4476 1650 4530 Iudaeorum.
1704 4475 1762 4529 ld
1787 4485 1890 4538 est,
1915 4489 2010 4529 rex

441 4567 859 4631 confessionum,
917 4580 1013 4620 rex
1038 4565 1131 4633 qui
1161 4573 1320 4619 natus
1355 4581 1542 4620 omnes
1592 4575 1782 4634 gentes
1815 4564 2012 4617 illumi-

443 4669 574 4710 nare
602 4654 766 4709 venit.
816 4653 892 4708 De
918 4667 1025 4722 quo
1055 4651 1220 4706 Isaias
1248 4652 1359 4706 ait:
1390 4651 1532 4706 Puer
1563 4660 1722 4706 natus
1747 4659 1832 4706 est
1859 4651 2015 4707 nobis

445 4745 580 4818 (Isa.
609 4744 709 4818 rx).
744 4744 994 4800 Beddunt
1017 4757 1235 4799 causam
1279 4742 1677 4810 inquirentibus
1719 4742 1853 4809 Quis
1879 4743 2015 4798 dixit

444 4837 638 4894 vobis?
671 4837 1021 4908 Respondent
1045 4852 1060 4889 :

526 4926 762 4983 Vidimus
795 4927 1000 4983 stellam
1039 4927 1154 4998 ejus
1178 4944 1232 4981 tn
1281 4937 1476 4982 oriente
1500 4969 1516 4994 ,
1547 4936 1596 4982 et
1626 4929 1858 4983 venimus
1888 4926 2017 4981 ado-

449 5035 566 5072 rare
592 5035 730 5073 eum.
777 5017 985 5074 Domini
1016 5017 1225 5074 stellam
1275 5033 1332 5072 se
1366 5019 1550 5074 dicunt
1595 5019 1812 5084 vidisse,
1841 5019 1922 5074 vel
1949 5035 2016 5074 ex

449 5109 582 5164 artis
608 5107 852 5172 scientia,
895 5107 980 5162 vel
1032 5122 1101 5162 ex
1145 5106 1401 5162 vaticinia
1444 5107 1697 5172 Balaam,
1747 5107 2015 5163 dicentis:

453 5199 667 5256 Orietur
702 5198 852 5254 stella
877 5216 942 5254 ea:
961 5200 1147 5264 Iacob,
1180 5209 1226 5254 et
1247 5211 1518 5272 consurget
1551 5202 1695 5270 virga
1726 5200 1792 5254 de
1820 5199 2013 5266 Israel,

449 5301 498 5344 et
545 5288 793 5360 percutiet
833 5289 990 5344 duces
1016 5288 1171 5345 Moab
1215 5291 1401 5363 (Num.
1439 5289 1779 5361 xxiv).llanc
1806 5289 2017 5344 stellam

453 5378 693 5444 tradunt,
719 5386 780 5432 ut
801 5378 1122 5446 columbam,
1166 5398 1265 5437 nec
1292 5391 1448 5436 antea
1472 5423 1486 5445 ,
1514 5397 1614 5436 nec
1643 5390 1850 5452 postea,
1901 5396 2020 5436 esse

450 5472 648 5534 visam,
679 5469 801 5538 quia
832 5484 931 5524 nec
951 5479 1141 5536 antea,
1173 5488 1270 5527 nec
1300 5483 1509 5542 postea,
1538 5472 1730 5527 similis
1751 5472 1826 5526 illi
1856 5485 2017 5541 quem

452 5558 844 5616 demonstravit
905 5568 989 5615 est
1043 5569 1218 5616 natus.
1282 5561 1501 5617 Stellam
1566 5561 1681 5630 ejus
1747 5563 2016 5628 vidimus,

2031 4343 2089 4406 Β
2113 4303 2329 4406 dicitur:
2362 4301 2503 4373 Magi
2528 4305 2622 4406 qui
2649 4306 2963 4364 sacerdotes
2992 4309 3354 4381 interrogant,
3386 4311 3698 4383 signiﬁcant

2115 4393 2417 4449 Ecclesiam
2468 4396 2731 4465 gentium,
2785 4398 3100 4456 sacerdotes
3152 4400 3325 4472 legem
3377 4402 3464 4458 vel
3521 4403 3698 4476 Syna-

2117 4498 2328 4554 gogam.

2190 4572 2298 4642 (Ea:
2335 4573 2516 4646 Greg.)
2573 4575 2930 4642 Quaerendum
2978 4581 3109 4650 quid
3147 4583 3240 4648 sit,
3276 4585 3423 4656 quod
3467 4586 3698 4642 Redem-

2117 4670 2274 4730 ptore
2303 4673 2430 4719 nato
2475 4666 2786 4733 pastoribus
2837 4668 3063 4739 angelus
3115 4675 3389 4740 apparuit,
3437 4685 3598 4744 atque
3629 4677 3699 4730 ad

2119 4754 2452 4811 adorandum
2480 4758 2626 4812 hunc
2647 4757 2832 4826 Magos
2856 4776 2966 4816 non
2995 4764 3238 4832 angelus,
3267 4766 3364 4820 sed
3397 4767 3550 4822 stella
3575 4783 3702 4837 per-

2121 4843 2292 4910 duxit,
2320 4846 2571 4901 videlicet
2614 4847 2814 4904 Judazis
2869 4852 3079 4908 ratione
3133 4857 3406 4912 utentibus
3436 4858 3701 4913 rationale

2123 4933 2340 5002 animal,
2373 4936 2427 4991 id
2457 4945 2563 5006 est,
2599 4939 2824 5010 angelus
2851 4942 3150 5008 prmdicare
3195 4944 3400 4999 debuit.
3433 4945 3697 5012 Gentiles,

2122 5028 2248 5096 quia
2273 5029 2350 5083 uti
2381 5029 2591 5086 ratione
2639 5032 2974 5098 nesciebant,
3007 5035 3076 5088 ad
3126 5038 3557 5105 cognoscendum
3596 5039 3702 5092 Do-

2124 5117 2350 5182 minum,
2384 5133 2488 5173 non
2517 5134 2612 5188 per
2635 5135 2844 5187 vocem,
2877 5123 2973 5176 sed
3008 5138 3107 5192 per
3133 5125 3286 5195 signa
3310 5127 3698 5194 perducuntur,

2125 5205 2232 5261 illis
2264 5208 2545 5276 prophetia
2575 5217 2836 5279 tanquam
2883 5210 3150 5277 fidelibus,
3209 5214 3328 5269 istis
3371 5217 3526 5286 signa
3572 5225 3698 5272 tan-

2121 5313 2285 5368 quam
2313 5297 2617 5352 infidelibus
2646 5299 2772 5353 data
2800 5309 2946 5354 sunt.

2196 5388 2303 5460 (Ex
2343 5387 2532 5459 Beda.)
2573 5389 2796 5444 Constat
2827 5391 3026 5462 quippe
3074 5393 3257 5466 Magos
3299 5395 3578 5452 Christum
3609 5398 3704 5452 ho-

2124 5478 2321 5532 minem
2359 5477 2706 5543 intellexisse,
2763 5489 2987 5550 propter
3037 5485 3181 5552 quod
3237 5483 3463 5540 dicunt:
3502 5484 3600 5541 Ubi
3625 5497 3706 5544 est.

2122 5569 2212 5637 qui
2247 5578 2402 5622 natus
2432 5578 2505 5621 est
2534 5562 2558 5622 ?
2583 5578 2636 5623 et
2667 5585 2868 5639 regem,
2899 5570 3025 5640 quia
3062 5573 3247 5626 dicunt
3279 5593 3290 5626 :
3327 5573 3441 5629 Rex
3484 5575 3700 5636 ludere-
