3994 6204
211 263 220 272 ί
304 197 363 252 75
1109 197 1722 258 communivisset
1759 175 2140 258 nrtsroms
2179 197 2270 255 ET
2308 195 2716 254 EVANGEIJA‘.

3461 199 3542 254 7b

305 323 427 372 rum,
449 315 505 361 et
543 304 848 372 Dominum,
879 308 1010 376 quia
1059 308 1244 366 dicunt
1297 329 1309 364 :
1356 311 1598 365 Venimus
1638 311 1863 366 adorare
1892 322 1938 378 Α
1967 310 2124 372 hunc,
2159 309 2205 362 si
2235 308 2472 362 invenire
2501 307 2709 375 possit,
2757 306 3088 378 exstinguat,
3119 306 3218 366 sed
3239 309 3368 380 quia
3393 309 3540 372 .ﬁcte

303 415 425 452 eum.
453 396 558 464 Qui
583 397 747 450 etiam
783 397 886 452 hoc
910 398 1292 456 sublimissime
1327 403 1394 456 de
1414 401 1506 456 illo
1549 410 1858 466 senserunt,

302 487 415 558 quia
441 501 564 542 cum
593 493 739 546 esset
767 485 882 541 Rex
907 485 1234 555 Iudaeorum,
1275 490 1342 544 ad
1371 490 1656 544 salvandas
1696 490 1862 544 etiam

302 585 494 648 gentes,
523 573 724 650 qutein
754 573 928 643 ipsum
955 578 1176 631 credere
1201 583 1364 646 atque
1401 579 1469 633 ad
1497 578 1647 632 illum
1675 577 1862 632 venire

299 665 504 730 vellent,
534 672 682 719 esset
733 663 981 730 idoneus,
1030 665 1173 734 quod
1224 681 1322 721 suo
1370 667 1602 720 maxime
1629 667 1860 720 adventu

299 757 650 827 probaverunt
690 760 746 808 et
773 760 920 808 actu.
969 753 1076 809 Sed
1101 764 1155 808 et
1175 754 1242 811 de
1264 755 1418 810 stella
1449 771 1570 826 quae
1595 757 1676 810 eis
1707 770 1865 824 appa-

301 847 416 912 ruit,
475 845 706 916 quidam
757 843 945 899 dicunt
978 844 1046 899 ab
1099 843 1312 900 oriente
1361 860 1530 916 usque
1557 845 1624 899 ad
1665 845 1864 902 vicinia

298 937 580 1001 Bethleem,
610 935 804 990 ducem
832 934 911 990 eis
935 934 1146 990 itineris
1165 935 1461 1000 exstitisse,
1493 935 1636 1006 quod
1662 950 1865 1004 nequa-

299 1041 447 1098 quam
477 1025 554 1079 ita
585 1039 729 1090 esse,
781 1022 898 1094 ipsa
928 1023 1204 1096 Evangelii
1261 1024 1462 1080 veritas
1489 1024 1745 1093 inquisita
1769 1025 1858 1078 de-

299 1121 572 1180 monstrat,
606 1113 700 1168 sed
730 1113 913 1182 potius
941 1111 995 1166 in
1031 1113 1243 1168 oriente
1285 1121 1492 1168 tantum
1521 1127 1614 1169 eos
1655 1113 1864 1168 stellam

298 1207 525 1272 vidisse,
589 1205 882 1274 statimque
927 1203 1291 1272 intellexisse,
1348 1206 1474 1275 quia
1520 1207 1638 1260 haec
1687 1213 1868 1260 ortum

297 1297 400 1352 nati
449 1297 504 1350 in
553 1293 740 1351 Iudaea
787 1295 950 1367 Regis
993 1296 1264 1366 signaret,
1312 1296 1432 1352 ideo
1463 1305 1729 1351 venerunt
1774 1295 1870 1351 Ju-

297 1388 478 1440 daeum.
537 1384 780 1454 Cumque
836 1385 1160 1440 testimoniis
1193 1385 1546 1456 propheticis,
1578 1387 1658 1442 -in
1708 1386 1868 1442 Beth-

297 1477 428 1532 leem
479 1475 629 1530 illum
685 1483 871 1530 natum
921 1476 1322 1548 cognovissent,
1382 1491 1506 1530 mox
1536 1463 1542 1468 ⁷
1569 1475 1698 1531 illuc
1755 1477 1862 1530 iter

295 1574 526 1640 agentes,
574 1565 784 1620 stellam
813 1580 975 1636 quam
1027 1565 1078 1619 in
1108 1565 1318 1621 oriente
1369 1565 1640 1631 viderant,
1675 1567 1864 1621 ducem

297 1658 489 1714 habere
531 1665 864 1712 meruerunt.
903 1655 1034 1725 Quae
1060 1673 1164 1712 non
1191 1659 1244 1712 in
1277 1673 1484 1713 summa
1512 1657 1636 1714 coeli
1678 1658 1860 1712 altitu-
1887 1662 1938 1720 B

298 1749 415 1805 diue
465 1747 611 1802 inter
663 1755 889 1803 caeteras
939 1749 1145 1816 stellas,
1197 1750 1292 1804 sed
1347 1749 1400 1804 in
1457 1750 1654 1804 vicinia
1705 1761 1866 1805 terra:

297 1839 406 1894 visa
429 1848 514 1894 est
548 1837 675 1892 illis.

361 1929 591 1984 Audiens
617 1939 788 1983 autem
812 1928 1046 1984 Herodes
1076 1946 1184 1995 rex,
1225 1933 1464 1985 turbatus
1501 1941 1597 1998 est,
1625 1941 1672 1985 et
1699 1933 1866 1986 omnis

299 2003 659 2094 Hierosolyma
701 2041 819 2077 cum
859 2023 970 2078 illo.
1011 2023 1109 2096 (Ex
1135 2024 1322 2096 Greg.)
1359 2025 1494 2101 Caeli
1551 2027 1696 2096 Rege
1738 2035 1867 2080 nato

297 2129 388 2168 rex
411 2123 570 2169 terra:
597 2115 845 2170 turbatus
873 2123 976 2180 est,
1003 2116 1128 2185 quia
1179 2116 1435 2171 nimirum
1493 2124 1710 2173 terrena
1749 2117 1867 2172 alti.

295 2207 419 2262 tudo
444 2203 814 2270 confunditur,
868 2221 988 2260 cum
1020 2206 1280 2262 celsitudo
1311 2207 1554 2264 caelestis
1583 2209 1864 2280 aperitur;

295 2305 348 2351 et
372 2305 430 2350 ut
453 2296 544 2350 alii
587 2295 795 2360 volunt,
825 2294 942 2350 ideo
963 2295 1202 2352 llerodes
1227 2298 1369 2368 regis
1406 2313 1602 2353 nomen
1633 2299 1687 2354 in
1710 2297 1869 2354 Chri-

295 2396 377 2443 sto
407 2386 739 2458 indignatur,
776 2385 900 2457 quia
949 2386 1220 2456 Augustus
1253 2389 1575 2443 decreverat
1623 2403 1691 2444 ne
1742 2389 1868 2458 quis

296 2495 409 2543 rex,
435 2479 521 2533 vel
550 2479 712 2544 Deus,
774 2478 890 2535 sine
911 2493 1008 2533 suo
1037 2478 1263 2534 consilio
1311 2479 1600 2536 diceretur.
1639 2479 1867 2536 Omnem

294 2569 435 2626 enim
471 2569 900 2641 Hierosolymam
929 2585 1052 2626 cum
1107 2568 1199 2624 illo
1226 2569 1358 2624 dicit
1392 2585 1513 2626 esse
1572 2571 1864 2635 turbatam,

294 2665 418 2734 quia
449 2663 685 2719 turbatio
715 2663 854 2734 regis
883 2661 1116 2717 turbatio
1142 2662 1322 2733 populi
1345 2672 1447 2717 est.

366 2775 436 2830 Et
464 2789 788 2844 congregans
811 2790 984 2828 omnes
1011 2773 1270 2844 principes
1294 2772 1648 2838 sacerdotum,
1677 2782 1726 2827 et
1746 2773 1870 2826 scri-

293 2868 390 2921 lms
415 2863 614 2937 populi,
641 2863 1002 2920 sciscitabatur
1031 2863 1096 2918 ab
1122 2864 1216 2928 eis,
1243 2861 1332 2916 ubi
1369 2861 1608 2917 Christus
1632 2877 1892 2938 nascere-_

291 2967 403 3010 tur.
432 2953 572 3026 Magi
631 2953 997 3009 tantummodo
1049 2953 1252 3024 Regem
1296 2953 1568 3019 nuntiant,
1629 2951 1875 3009 Herodes

192 3054 198 3058 ’
294 3044 572 3101 Christum
615 3043 862 3114 requirit.
895 3043 1074 3114 ipsum
1123 3043 1288 3114 igitur
1315 3041 1516 3115 Regem
1547 3042 1616 3099 de
1641 3057 1752 3114 quo
1788 3043 1872 3098 in-

297 3141 556 3206 terrogat,
587 3134 894 3190 conﬁtetur.
949 3133 1152 3188 Deinde
1180 3132 1273 3188 ubi
1324 3142 1662 3201 nasceretur,
1693 3134 1873 3205 inqui-

297 3227 456 3292 ritur,
489 3227 675 3294 utique
697 3225 1108 3294 prtenuntiatus,
1143 3224 1462 3279 ostenditur.
1515 3223 1701 3295 Neque
1723 3225 1873 3283 enim

297 3315 467 3386 quaeri
493 3320 730 3386 poterat,
757 3313 848 3383 qui
872 3328 980 3368 non
1005 3321 1127 3369 erat
1145 3313 1444 3370 nuntiatus.
1477 3313 1656 3383 Quare
1684 3305 1868 3371 tamen

296 3407 465 3462 voluit
491 3406 633 3460 Dens
659 3405 760 3460 hoc
782 3420 812 3459 a
832 3403 1034 3460 Judtcis
1059 3405 1279 3475 inquiri,
1311 3413 1373 3460 ut
1399 3405 1526 3462 dum
1555 3407 1867 3473 ostendunt,

299 3498 352 3551 in
373 3511 534 3567 quem
565 3511 670 3549 non
699 3495 945 3561 credunt,
984 3495 1084 3567 ipsi
1111 3511 1208 3550 sua
1236 3497 1696 3553 demonstratione
1721 3499 1873 3553 dam-

297 3594 516 3639 nentur.
581 3583 719 3638 Nam
779 3593 1134 3656 perrexerunt
1173 3585 1310 3658 Magi
1369 3594 1424 3642 et
1483 3589 1868 3652 adoraverunt,

300 3685 681 3732 remanserunt
705 3665 894 3742 Judaei,
925 3677 1019 3748 qui
1047 3677 1575 3734 demonstraverunt.

369 3789 436 3844 At
465 3791 546 3846 illi
569 3791 814 3847 dixerunt
837 3806 856 3844 :
887 3791 955 3848 In
984 3791 1248 3848 Bethleem
1271 3793 1454 3860 λυξιαν,
1483 3795 1560 3848 sic
1577 3795 1716 3848 enim
1738 3796 1873 3850 scri-

294 3894 444 3951 ptum
466 3893 540 3938 est
565 3901 658 3954 per
675 3885 978 3956 prophetam
1001 3900 1022 3938 :
1063 3885 1136 3940 Et
1173 3896 1231 3940 tu
1250 3871 1514 3940 Bethleem
1551 3896 1694 3942 terra
1727 3887 1874 3941 Iuda

294 3991 632 4044 nequaquam
665 3975 882 4030 ntinima
943 3975 1074 4030 esin
1135 3976 1458 4048 principibus
1516 3975 1683 4042 Iuda,
1732 3993 1800 4032 ea:
1825 3987 1875 4032 te

291 4065 436 4116 enim
500 4064 632 4118 κάει
657 4063 780 4120 Dus:
832 4066 921 4136 qui
954 4076 1100 4136 regat
1159 4065 1410 4137 populum
1470 4083 1640 4122 meum
1702 4067 1876 4123 Israel

293 4153 492 4220 (Jlich.
530 4171 564 4207 ν
589 4155 630 4225 ).
671 4155 747 4210 Ac
777 4157 820 4210 si
849 4157 1072 4224 diceret,
1103 4173 1209 4213 una
1240 4175 1300 4215 es
1331 4159 1382 4214 in
1420 4160 1754 4231 principibus
1783 4177 1875 4214 ur-

291 4246 446 4299 lrinm
510 4247 868 4316 principatum
926 4251 1256 4315 tenentibus,
1307 4252 1434 4320 quia
1465 4267 1493 4305 a
1539 4261 1594 4306 te
1645 4255 1751 4306 duo
1782 4269 1876 4306 na-

287 4343 524 4390 scentur
549 4337 839 4407 principes,
866 4339 920 4393 id
943 4349 1030 4394 est
1049 4339 1214 4394 David
1237 4349 1292 4396 et
1320 4342 1588 4397 Christus.

373 4449 512 4504 Tum
550 4449 783 4505 Herodes
804 4451 936 4506 clam
965 4455 1156 4508 vocatis
1193 4452 1384 4525 Magis,
1431 4455 1708 4526 diligenter
1737 4455 1878 4508 didi-

288 4543 363 4593 rit
391 4552 600 4610 tempus
652 4541 815 4596 stella:
860 4560 977 4614 qua:
1029 4546 1272 4615 apparuit
1319 4548 1413 4600 eis.
1453 4547 1704 4601 'l‘imebat
1731 4547 1876 4599 enim

295 4632 512 4702 Magos,
543 4631 612 4687 ad
635 4647 693 4686 se
750 4633 931 4702 aliqua
957 4649 1122 4690 causa
1171 4651 1278 4690 non
1301 4651 1638 4699 reversuros,
1667 4644 1728 4690 ut
1755 4651 1876 4690 eve-

290 4725 402 4784 nit,
421 4731 480 4776 et
500 4723 624 4778 ideo
647 4733 858 4794 tempus
888 4725 1054 4780 stellae
1078 4725 1214 4781 clam
1245 4726 1450 4781 vocatis
1480 4726 1647 4796 Magis
1667 4727 1874 4781 didicit.

292 4813 461 4866 [inde
487 4822 543 4868 et
569 4814 659 4868 hic
705 4813 886 4870 deﬁcit
921 4816 1167 4881 historia,
1219 4831 1341 4870 cum
1373 4824 1582 4871 secrete
1638 4817 1879 4870 indicant

289 4916 523 4975 tempus
553 4905 742 4960 stellae.

369 5016 445 5070 Et
478 5018 688 5072 mittens
714 5017 833 5072 illos
855 5019 912 5073 in
937 5018 1222 5084 Bethleem,
1267 5019 1402 5074 dixit
1430 5033 1448 5070 :
1481 5019 1564 5074 [te
1581 5029 1628 5073 et
1662 5020 1885 5093 interro-

281 5119 416 5176 gate
443 5107 730 5180 diligenter
751 5109 816 5163 de
833 5126 1014 5179 puero,
1030 5119 1076 5164 et
1094 5126 1221 5185 cum
1247 5111 1571 5174 iuvenentis,
1593 5111 1886 5163 renuntiate

284 5201 454 5266 mihi,
484 5209 538 5254 ut
564 5210 611 5254 et
637 5216 730 5272 ego
773 5202 998 5264 veniens,
1022 5201 1234 5256 adorem
1271 5217 1420 5265 eunt;
1445 5202 1538 5269 qui
1561 5216 1679 5253 cum
1705 5201 1885 5254 audis-

280 5299 412 5342 sent
442 5306 646 5360 regem,
669 5291 928 5344 abierunt.
955 5289 1248 5344 Nativitate
1267 5290 1430 5360 Regis
1451 5289 1622 5345 nostri
1648 5289 1882 5360 cognita,

287 5379 552 5436 llcmdes
587 5381 652 5436 ad
678 5380 868 5436 callida
893 5388 1206 5450 argumenta
1235 5381 1592 5446 convertitur,
1618 5394 1687 5434 ne
1719 5386 1887 5432 terre-

287 5491 370 5525 tm
402 5488 582 5545 regno
608 5475 932 5543 privaretur.
974 5473 1292 5528 Renuntiari
1325 5473 1428 5528 sibi
1458 5473 1548 5528 ubi
1576 5487 1710 5542 puer
1739 5473 1886 5526 inve-

285 5567 520 5621 niretur
554 5563 806 5635 postulat.
856 5566 1096 5620 Adon-are
1125 5565 1260 5620 velle
1288 5579 1346 5620 se
1378 5564 1616 5630 simulat,
1646 5572 1706 5642 ut
1735 5566 1887 5622 uuasi

717 5658 989 5716 Parnm.
1042 5656 1172 5717 CII.

1242 5733 1272 5754 δ

1963 397 2233 466 quaesivit,
2269 397 2510 452 invenire
2533 412 2640 451 non
2669 396 2888 451 meruit.

2034 507 2101 562 Et
2125 525 2241 562 ecce
2262 507 2435 572 stella,
2473 525 2632 574 quam
2681 505 2916 563 viderant
2963 509 3020 562 in
3052 506 3288 579 Oriente,
3331 520 3539 569 antece-

1961 598 2113 651 debat
2173 614 2278 660 eos,
2307 614 2466 668 usque
2505 598 2629 652 dimi
2669 599 2874 653 veniens
2920 609 3083 654 staret
3113 599 3344 656 abierat
3386 615 3536 674 puer.

1964 686 2064 741 Ubi
2093 693 2177 740 est
2209 686 2464 750 Herodes,
2493 685 2646 740 stella
2674 688 3036 754 nonvidetur;
3065 690 3158 744 ubi
3189 695 3274 745 est
3289 689 3542 747 Christus

1964 777 2195 838 videtur,
2235 785 2292 830 et
2338 777 2482 831 viam
2512 779 2861 848 pergentibus
2882 781 2951 834 ad
2977 779 3252 836 Christum
3280 784 3540 848 ostendit,

1964 867 2089 936 quia
2117 868 2230 937 ipse
2248 869 2544 923 secundum
2572 868 2958 926 incarnationis
2976 872 3318 942 mysterium,
3343 881 3400 930 et
3419 877 3544 931 stel-

1965 955 2016 1010 la
2046 964 2101 1010 et
2129 958 2213 1025 via
2241 967 2347 1023 est,
2379 966 2436 1012 et
2465 973 2564 1013 nos
2591 973 2690 1029 per
2716 975 2778 1015 se
2811 961 2958 1016 ducit
2985 962 3054 1018 ad
3079 977 3156 1017 se.
3250 1001 3254 1004 -

2046 1066 2288 1122 Videntes
2318 1078 2498 1125 autem
2523 1067 2748 1135 stellam,
2777 1071 2942 1141 gavisi
2991 1075 3333 1144 suntgaudio
3355 1092 3546 1148 magno

1965 1157 2135 1222 valde,
2171 1166 2219 1211 et
2247 1157 2500 1212 intrantes
2551 1157 2765 1213 domum
2804 1160 3107 1218 invenerunt
3152 1181 3372 1234 puerum
3423 1183 3543 1220 cum

1969 1243 2146 1300 Maria
2179 1258 2350 1302 matre
2380 1247 2514 1318 ejus.
2545 1247 2727 1303 Gavisi
2755 1257 2880 1304 sunt
2913 1253 3108 1318 gaudio
3135 1265 3329 1325 magno
3356 1253 3538 1318 valde,

1966 1337 2093 1404 quia
2124 1337 2295 1406 majus
2317 1338 2570 1408 gaudium
2601 1337 2660 1393 tit
2684 1340 2755 1394 de
2775 1339 3009 1396 inventis
3048 1353 3208 1412 quam
3237 1345 3306 1399 de
3325 1357 3545 1414 posses-

1967 1429 2060 1484 sis.
2096 1429 2237 1484 Puer
2290 1429 2380 1484 ille
2414 1429 2688 1484 invenitur
2711 1444 2855 1485 cum
2892 1437 3083 1497 matre,
3119 1433 3186 1488 de
3235 1447 3344 1504 quo
3371 1435 3542 1491 Isaias

1968 1521 2085 1574 ait:
2123 1515 2266 1574 Puer
2326 1531 2481 1574 natus
2541 1531 2615 1574 est
2647 1521 2815 1586 nobis,
2879 1520 3024 1590 ﬁlius
3071 1523 3230 1578 datus
3292 1533 3368 1580 est
3402 1529 3548 1582 nobis

1973 1609 2107 1678 (Isa.
2139 1609 2238 1680 rx).
2332 1632 2337 1638 ·

2039 1721 2110 1776 Et
2134 1723 2458 1793 procidentes
2487 1722 2841 1778 adoraverunt
2865 1740 3003 1790 eum,
3033 1733 3080 1780 et
3122 1727 3314 1798 apertis
3341 1729 3548 1784 thesau-

1968 1814 2040 1868 ris
2063 1814 2196 1879 suis,
2231 1815 2524 1870 obtulerunt
2553 1816 2603 1868 ei
2654 1831 2892 1883 munera,
2940 1831 3152 1886 aurum,
3183 1819 3302 1875 thus
3329 1829 3378 1876 et
3407 1839 3548 1894 myr-

1968 1904 2139 1957 rham.
2196 1905 2452 1960 Veterum
2499 1905 2719 1960 traditio
2750 1903 2867 1971 fuit,
2909 1913 2968 1961 ut
2994 1907 3171 1964 nullus
3226 1908 3294 1964 ad
3343 1899 3556 1982 regem,

1967 1994 2082 2048 sive
2107 1994 2174 2049 ad
2204 1995 2492 2050 Dominum
2541 1994 2839 2066 rogandum
2891 2010 3094 2053 vacuus
3153 1996 3400 2052 intraret.
3436 1999 3544 2068 (hic

1967 2081 2149 2158 Greg.)
2175 2085 2313 2158 Magi
2343 2101 2472 2141 vero
2527 2099 2653 2140 eum
2686 2100 2844 2154 quem
2876 2086 3124 2152 adorant,
3153 2087 3394 2159 mysticis
3425 2083 3554 2140 inn-'

1968 2175 2190 2230 neribus
2211 2175 2522 2244 prmdicant.
2553 2172 2702 2230 Auro
2726 2173 2948 2244 Regem,
2977 2173 3159 2231 Thure
3185 2173 3374 2242 Deum,
3405 2175 3548 2248 Myr-

1967 2265 2064 2318 rha
2092 2263 2398 2319 mortalem.
2432 2263 2586 2318 Sicut
2625 2262 2864 2318 haeretici
2917 2263 3010 2334 qui
3035 2265 3180 2321 hunc
3225 2266 3394 2320 Deum
3421 2282 3541 2321 cre-

1966 2355 2122 2422 dunt,
2146 2356 2240 2412 sed
2288 2356 2486 2426 ubique
2541 2367 2769 2424 regnare
2821 2369 2928 2408 non
2957 2355 3200 2418 credunt,
3254 2354 3308 2410 hi
3337 2357 3387 2413 ei
3420 2356 3550 2411 thus

1965 2447 2198 2503 offerunt
2231 2463 2340 2502 non
2366 2462 2578 2502 aurum.
2612 2444 2752 2500 Sunt
2788 2445 2880 2516 qui
2924 2445 3068 2500 hunc
3122 2459 3304 2516 regem
3357 2447 3545 2502 existi-

1966 2545 2140 2604 mant,
2168 2537 2264 2593 sed
2292 2535 2463 2592 Deum
2494 2543 2724 2608 negant;
2751 2534 2806 2590 hi
2837 2535 2884 2590 ei
2917 2549 3107 2589 aurum
3150 2533 3404 2602 olfernnt,
3437 2553 3544 2590 non

1969 2633 2114 2690 thus.
2151 2631 2293 2690 Sunt
2319 2633 2410 2703 qui
2443 2633 2590 2688 hunc
2638 2639 2695 2686 et
2728 2631 2899 2688 Deum
2953 2627 3193 2685 fatentur
3233 2637 3288 2685 et
3327 2629 3547 2702 Regem.

1969 2725 2065 2780 sed
2096 2723 2454 2794 assumpsisse
2477 2737 2696 2777 carnem
2728 2721 3012 2776 mortalem
3034 2723 3250 2792 negant.
3289 2717 3356 2776 Ili
3379 2725 3426 2774 ei
3453 2736 3547 2773 au-

1971 2827 2090 2866 rum
2116 2819 2171 2866 et
2199 2812 2326 2866 thus
2350 2811 2606 2877 olferunt,
2639 2823 2748 2866 non
2796 2811 3094 2880 myrrham.
3127 2808 3236 2864 Nos
3263 2803 3551 2864 aderamus

1971 2918 2160 2958 aurum
2195 2904 2268 2968 ci,
2295 2911 2358 2958 ut
2385 2903 2584 2973 ubique
2635 2915 2758 2957 eum
2789 2897 3028 2972 regnare
3071 2900 3375 2956 credamus.
3407 2895 3550 2955 Oll‘c-

1897 3009 1942 3070 ρ
1971 3009 2158 3050 ramus
2184 2994 2330 3059 thus,
2379 3003 2441 3050 ut
2473 2993 2776 3060 credamus,
2822 2985 2966 3064 quod
2987 2985 3055 3048 is
3081 2991 3174 3064 qui
3204 2992 3258 3046 in
3308 2999 3552 3063 tempore

1973 3084 2224 3156 apparuit
2276 3085 2422 3140 Deus
2485 3089 2612 3139 ante
2663 3091 2904 3153 tempora
2959 3080 3186 3138 exstitit.
3240 3081 3546 3138 Oﬂ'eramus

1971 3177 2271 3248 myrrham,
2297 3183 2360 3230 ut
2384 3188 2509 3231 eum
2539 3189 2702 3244 quem
2743 3172 3016 3230 credimus
3042 3173 3096 3228 in
3145 3188 3242 3230 sua
3276 3173 3554 3230 divinitate

1973 3266 2376 3340 impassibilem,
2394 3266 2684 3322 credamus
2705 3265 2868 3320 etiam
2892 3263 2947 3318 in
2975 3273 3162 3321 nostra
3191 3263 3359 3321 fuisse
3388 3277 3553 3320 carne

1972 3359 2276 3415 mortalem.
2305 3355 2566 3424 Quamvis
2591 3357 2646 3412 in
2675 3372 2833 3423 auro,
2867 3355 3027 3412 thure
3055 3365 3111 3412 ct
3139 3357 3359 3428 myrrha
3393 3357 3555 3411 intel-

1971 3452 2062 3521 ligi
2089 3458 2144 3506 et
2167 3449 2312 3506 aliud
2360 3455 2558 3520 potest.
2595 3447 2800 3502 Aurum
2833 3460 3066 3517 namque
3111 3446 3438 3516 sapientiam
3463 3447 3554 3500 dc-

1971 3544 2174 3616 signat,
2205 3539 2494 3596 Salomone
2517 3545 2833 3602 attestante,
2865 3537 2956 3608 qui
2979 3535 3056 3591 ait
3084 3554 3098 3590 :
3123 3533 3438 3590 Thesanrus
3464 3533 3554 3588 de-

1972 3633 2278 3689 siderabilis
2328 3629 2624 3701 requiescit
2670 3625 2724 3684 in
2767 3641 2862 3684 ore
2888 3623 3388 3704 sapientis.(Prov.
3415 3629 3551 3684 xxi).

1975 3725 2124 3779 Thus
2150 3731 2351 3788 autem,
2380 3721 2523 3790 quod
2553 3720 2664 3776 Deo
2712 3719 3038 3790 incenditur,
3076 3719 3248 3774 virtus
3293 3719 3556 3772 orationis

1972 3814 2315 3885 exprimitur.
2369 3811 2654 3868 Psalmista
2687 3819 3020 3867 attestaote:
3058 3810 3336 3882 Dirigatur
3388 3811 3556 3864 oratiu

1973 3923 2110 3970 mea,
2157 3906 2288 3959 sicut
2331 3905 2597 3960 incensum
2642 3905 2700 3959 in
2747 3915 3024 3976 conspectu
3071 3913 3162 3957 tuo
3207 3897 3381 3975 (Psal.
3407 3902 3552 3961 csa).

1973 3996 2077 4052 Per
2113 3979 2387 4070 myrrham
2421 4014 2548 4053 vero
2595 3995 2776 4052 carnis
2804 4004 3004 4052 nostra:
3033 3995 3384 4052 mortiﬁcatio
3413 3996 3553 4048 des}-

1973 4096 2183 4160 gnatur.
2223 4088 2370 4143 Unde
2397 4097 2452 4142 et
2481 4095 2667 4142 sancta
2724 4084 2968 4140 Ecclesia
3003 4085 3171 4139 dicit:
3205 4083 3398 4136 Manus
3426 4099 3551 4134 turi:-

1973 4179 2356 4232 distillavertmt
2415 4178 2681 4246 myrrham
2741 4175 2917 4248 (Cant.
2952 4178 3028 4241 ν).
3070 4172 3210 4230 Nato
3267 4184 3395 4244 ergo
3424 4173 3552 4242 Rei

1975 4287 2169 4324 aurum
2199 4270 2494 4334 oll‘crimus,
2532 4269 2574 4322 si
2628 4269 2680 4322 in
2711 4276 3002 4336 conspectu
3031 4263 3149 4335 ejus
3197 4267 3444 4322 claritate
3469 4285 3555 4320 sn-

1899 4349 1951 4406 Ῐ)
1977 4377 2155 4432 perme
2187 4361 2464 4431 sapientia:
2488 4347 2935 4429 'rcsplcndetims.
2969 4357 3118 4414 Thus
3171 4358 3471 4422 offerimus,
3509 4360 3553 4412 si

1979 4453 2333 4522 cogitationes
2382 4451 2560 4505 carnis
2588 4466 2684 4520 per
2717 4459 2903 4505 sancta
2957 4451 3264 4505 orationum
3297 4451 3472 4505 studia
3506 4452 3556 4505 in

1984 4559 2078 4596 ara
2107 4541 2288 4596 cordis
2317 4541 2670 4596 incendimus.
2709 4540 2983 4612 Myrrham
3011 4539 3306 4605 oﬂ'erimus,
3343 4542 3386 4596 si
3437 4558 3558 4596 car.

1980 4634 2062 4688 nis
2090 4633 2216 4687 vitia
2242 4648 2339 4702 per
2361 4631 2737 4686 abstinentiam
2768 4632 3178 4688 mortilicamus.

2055 4746 2122 4800 Et
2153 4760 2396 4816 responso
2423 4753 2632 4812 accepto
2658 4743 2713 4796 in
2743 4743 2960 4807 somnis,
2985 4759 3046 4797 ne
3075 4739 3303 4796 redirent
3329 4741 3398 4794 ad
3446 4739 3555 4794 Ile-

1983 4837 2178 4900 rodem,
2213 4843 2317 4890 etc.
2380 4833 2627 4905 Magnum
2683 4847 2812 4887 vero
2847 4832 3004 4886 nobis
3065 4831 3268 4902 aliquid
3315 4829 3450 4900 Magi
3480 4831 3562 4884 in-

1987 4934 2174 4988 nnunt,
2211 4925 2353 4993 quod
2381 4923 2433 4978 in
2465 4923 2736 4994 regionem
2789 4936 2941 4976 suam
2971 4935 3068 4990 per
3099 4921 3240 4978 viam
3286 4919 3446 4975 aliam
3484 4935 3562 4974 re

1984 5024 2288 5068 vertuntur.
2319 5012 2486 5082 Regio
2519 5012 2716 5081 quippe
2744 5020 2924 5064 nostra
2956 5009 3239 5080 paradisus
3263 5018 3369 5066 est.
3402 5010 3446 5064 A
3476 5027 3564 5064 re-

1987 5105 2143 5176 gione
2165 5103 2363 5157 ctenim
2397 5110 2582 5155 nostra
2613 5099 2996 5170 superbiendo,
3021 5100 3400 5164 inobediendo,
3434 5101 3566 5154 visi-

1989 5201 2116 5255 bili-3
2131 5199 2425 5270 sequendo,
2447 5196 2626 5252 cibum
2643 5195 2868 5250 vetitum
2891 5193 3177 5264 gustando,
3194 5193 3562 5256 discessimus,

1990 5293 2084 5348 sed
2113 5293 2178 5346 ad
2225 5307 2345 5346 eam
2375 5304 2596 5345 necesse
2631 5297 2732 5350 est.
2771 5295 2832 5343 ut
2860 5287 3057 5353 ﬂendo,
3088 5287 3407 5351 obediendo,
3439 5285 3564 5338 visi-

1992 5382 2116 5436 bilia
2149 5379 2562 5444 contemnendo,
2615 5387 2776 5446 atque
2827 5379 3122 5448 appetitum
3168 5375 3348 5432 carnis
3401 5371 3564 5426 refre-

1995 5472 2172 5526 nando
2199 5470 2502 5524 redeamus.
2531 5467 2637 5522 Per
2673 5468 2834 5522 aliam
2865 5468 3006 5521 viam
3055 5465 3121 5518 ad
3169 5465 3436 5532 regionem
3467 5475 3564 5512 no-

1995 5572 2162 5618 stram
2217 5561 2568 5630 regredimur,
2607 5560 2857 5628 (muniam
2883 5559 2972 5627 qui
3006 5573 3033 5610 a
3082 5555 3315 5625 paradisi
3346 5553 3574 5623 gaudio,

3139 5647 3178 5706 3
