3998 6198
406 234 476 289 75
741 238 766 256 ί
1694 227 2043 283 summum
2085 227 2371 285 sonans
2896 285 2900 289 ι
3406 206 3421 221 “
3592 232 3662 287 76

399 360 502 417 per
531 344 912 401 diloetamonta
966 343 1332 407 discessimus,
1394 339 1465 396 ad
1492 338 1598 394 hoc
1626 352 1724 410 per
1749 338 1985 394 lamenta
2013 340 2061 401 Α
2089 340 2225 406 culi,
2257 349 2313 395 et
2342 341 2386 395 si
2421 342 2514 411 qni
2545 348 2669 396 sunt
2696 340 2789 410 qui
2817 346 3002 394 amant
3032 353 3270 408 praesens
3311 339 3566 395 saeculum
3608 353 3665 396 et

404 449 741 493 revocamur.

1041 515 1356 556 εοιιαοιιιιιλ.

473 597 703 652 Istorum
731 595 957 649 duarum
1015 592 1303 664 perspicua
1334 599 1418 646 est
1436 597 1494 646 et
1525 590 1832 663 gratissima
1854 605 1986 647 con-

379 695 588 751 'cordia
625 691 940 755 lectionum,
969 689 1142 744 ambae
1162 688 1307 742 enim
1332 687 1399 743 de
1442 686 1720 744 vocatione
1746 686 1985 757 gentium

378 781 854 849 «misericorditer,
878 787 935 835 et
956 778 1129 832 ambae
1158 777 1226 834 de
1272 776 1471 833 oblatis
1498 776 1728 833 Domino
1756 777 1987 848 mystice

404 874 746 931 concorditer
773 873 1063 942 loquuntur
1089 867 1423 924 muneribus.
1515 884 1519 888 '

556 979 881 1038 DOMINICA
913 976 1129 1031 PRIMA
1164 975 1340 1033 POST
1380 975 1842 1032 THEOPHANIA.

386 1088 599 1130 ἰι-ΖΟἝΙΟ
628 1086 901 1128 ενιδτοιιε
925 1085 1097 1125 ’ΒΕᾹΊΊ
1132 1084 1288 1124 PAULI
1327 1083 1585 1125 Αροετοιι
1622 1084 1691 1123 Δί)
1723 1082 1985 1132 ΒΟΙΑΝΟΒ,

1021 1155 1223 1197 -ΩΛΡιτΕ
1258 1153 1359 1193 ΧΠ.

459 1271 503 1306 ιι
527 1253 771 1311 Obsecro
806 1264 908 1321 per
933 1248 1368 1305 misericordiam
1406 1246 1534 1311 Dei,
1582 1255 1645 1302 ut
1687 1246 1990 1303 exhibeatis

409 1364 428 1397 ι
459 1357 690 1413 corpora
729 1348 913 1397 vestra
949 1340 1187 1395 hostiam
1223 1338 1521 1405 viventem,
1565 1346 1832 1403 sanctam,
1878 1338 1990 1394 Deo

402 1452 428 1485 4
459 1433 783 1505 placentem,
807 1428 1131 1484 rationabile
1161 1427 1482 1498 obsequium
1509 1438 1769 1484 vestrum.
1803 1427 1870 1483 Et
1894 1442 1992 1482 no-

395 1543 428 1575 4
459 1524 555 1579 lite
599 1518 932 1578 conformari
967 1519 1096 1577 huic
1132 1517 1352 1582 seculo,
1391 1519 1489 1574 sed
1520 1517 1894 1574 reformamlni
1934 1517 1990 1572 in

406 1634 427 1665 ι
461 1613 701 1669 novitate
729 1625 924 1667 sensus
941 1609 1142 1675 uestri,
1181 1617 1242 1664 ut
1280 1608 1525 1679 probetis
1550 1624 1671 1679 quae
1700 1609 1774 1665 sit
1799 1608 1988 1665 volun-

2085 444 2149 484 ea
2175 445 2295 499 qua:
2320 430 2501 485 saeculi
2531 440 2689 496 sunt,
2733 428 3028 485 secundum
3059 426 3287 484 formam
3318 429 3499 483 szeculi
3528 446 3666 500 prm-

2085 522 2257 576 sentis
2300 531 2571 592 aptantur,
2626 522 2717 592 qui
2767 536 2896 576 vero
2945 536 3053 575 non
3102 521 3399 591 respiciunt
3441 538 3505 578 ea
3547 540 3668 595 quae

2086 612 2357 677 videntur,
2406 615 2500 668 sed
2545 627 2664 682 quae
2709 628 2830 691 non‘
2863 612 3139 677 videntur,
3184 619 3389 669 aeterna
3442 623 3585 680 sunt,
3611 626 3669 669 et

2086 702 2565 769 transformamur,
2604 710 2659 758 et
2682 711 3016 761 renovantur
3040 703 3106 757 ad
3133 703 3300 758 futuri
3340 705 3521 760 saeculi
3560 707 3669 762 for-

2088 808 2253 853 mam.
2300 793 2435 849 Vide
2481 807 2612 864 ergo
2655 807 2722 847 ne
2764 792 2903 847 forte
2932 809 3057 848 cum
3101 795 3311 849 venerit
3352 796 3434 850 ira
3478 797 3532 850 in
3574 814 3673 853 cor

2089 891 2257 944 tuum,
2290 890 2346 938 et
2371 884 2809 954 concupiscentia
2837 883 2977 938 mala
3004 892 3060 939 et
3083 885 3335 949 avaritia,
3364 895 3673 958 eaeteraque

2087 970 2283 1040 quibus
2324 973 2578 1027 saeculum
2623 989 2864 1044 praesens
2909 974 3227 1039 delectatur,
3282 975 3517 1033 formam
3568 981 3671 1035 tibi
3760 1024 3775 1035 .

2088 1060 2271 1116 szeculi
2294 1064 2575 1131 praesentis
2600 1064 2897 1132 imponant.
2915 1063 2973 1119 Si
2999 1080 3130 1119 vero
3151 1080 3183 1120 e
3198 1068 3491 1136 contrario,
3516 1086 3671 1124 mau-

2088 1151 2335 1215 suetudo,
2377 1152 2660 1221 patientia,
2703 1154 2923 1219 lenitas,
2952 1156 3307 1221 continentia,
3342 1158 3493 1224 ﬁdes,
3527 1164 3672 1217 veri-

2089 1247 2194 1305 tas,
2227 1248 2542 1310 czeterteque
2570 1241 2799 1296 virtutes
2823 1238 3071 1297 habitent
3101 1244 3155 1298 in
3183 1245 3346 1301 corde
3384 1253 3496 1311 tuo,
3535 1263 3671 1304 cou-

2089 1327 2316 1384 formem
2364 1338 2416 1385 te
2459 1330 2627 1385 futuri
2667 1333 2846 1387 saeculi
2886 1332 3120 1400 faciunt,
3170 1345 3226 1390 et
3270 1336 3342 1391 ita
3386 1339 3669 1408 pulchram
3744 1334 3749 1343 ’

2084 1420 2324 1476 animam
2354 1430 2525 1489 tuam,
2558 1432 2619 1478 ut
2643 1425 2856 1480 dicatur
2879 1426 2952 1481 illi
2985 1442 3015 1480 a
3040 1427 3206 1483 verbo
3231 1427 3325 1483 Dei
3350 1443 3365 1483 :
3389 1429 3519 1485 Tota
3546 1434 3669 1504 pul-

2089 1514 2215 1567 chra
2242 1531 2317 1578 es,
2345 1517 2518 1570 amica
2540 1534 2679 1584 mea,
2705 1527 2754 1572 et
2780 1519 2987 1573 macula
3015 1537 3117 1575 non
3142 1530 3219 1575 est
3243 1521 3297 1575 in
3324 1530 3373 1576 te
3399 1523 3689 1595 (Cant.tv).

2164 1603 2275 1659 Sed
2298 1606 2659 1675 reformamini
2699 1610 2754 1663 in
2795 1610 3021 1664 novitate
3060 1627 3241 1665 sensus
3268 1615 3442 1667 uestri.
3492 1614 3674 1670 Reno—

406 1722 427 1752 ‹
460 1711 543 1758 tas
560 1701 656 1757 Dei
677 1700 842 1765 bona,
867 1706 921 1754 et
941 1697 1302 1768 beneplacens
1321 1708 1378 1755 et
1396 1698 1655 1771 perlecta.
1686 1699 1818 1755 Dico
1843 1700 1990 1754 enim
2017 1686 2066 1746 Β
2090 1702 2251 1749 vatur
2277 1706 2457 1751 autem
2498 1711 2689 1753 sensus
2725 1706 2912 1754 noster
2952 1714 3051 1770 per
3094 1702 3354 1756 exercitia
3397 1705 3676 1775 sapientiae

401 1810 428 1842 4
463 1807 562 1862 per
586 1790 842 1862 gratiam,
875 1803 997 1858 qua:
1022 1788 1147 1843 data
1174 1795 1260 1843 est
1286 1790 1442 1855 mihi,
1467 1790 1721 1863 omnibus
1744 1789 1837 1859 qui
1864 1797 1993 1844 sunt

396 1899 432 1933 οι
461 1880 604 1935 inter
630 1893 748 1935 vos.
792 1877 911 1933 Non
945 1877 1068 1947 plus
1104 1892 1300 1948 sapere
1325 1894 1488 1949 quam
1516 1887 1730 1949 oportet
1766 1894 1988 1948 sapere,

403 1991 429 2022 1
461 1971 558 2028 sed
586 1985 778 2042 sapere
803 1971 872 2025 ad
898 1968 1272 2026 sobrietatem.
1319 1969 1386 2024 Et
1413 1968 1707 2040 unicuique
1735 1969 1879 2023 Deus
1910 1969 1992 2023 di-

405 2079 429 2114 ι
461 2060 591 2115 visit
629 2073 941 2115 mensuram
974 2057 1120 2113 ﬁdei.
1171 2057 1325 2112 Sicut
1365 2058 1511 2114 enim
1542 2058 1596 2112 in
1625 2073 1733 2112 uno
1764 2072 1991 2128 corpore

410 2168 429 2200 ι
464 2147 633 2203 multa
678 2147 923 2203 membra
961 2147 1247 2213 habemus,
1294 2147 1476 2202 omnia
1520 2158 1702 2201 autem
1746 2147 1990 2203 membra

409 2258 428 2290 ι
463 2255 570 2299 non
597 2238 848 2294 eumdem
879 2245 1060 2292 actum
1090 2238 1333 2293 habent:
1369 2238 1444 2293 ita
1475 2238 1628 2291 multi
1666 2254 1830 2292 unum
1870 2253 1992 2293 cor-

407 2351 428 2384 ι
458 2346 560 2403 pus
584 2345 771 2386 sumus
792 2329 854 2386 in
877 2328 1117 2396 Christo,
1157 2328 1354 2400 singuli
1383 2338 1566 2383 autem
1604 2329 1742 2383 alter
1766 2329 1987 2386 alterius

411 2439 432 2473 e
466 2420 734 2477 membra.
758 2441 778 2473 ι

475 2511 589 2587 (Ea:
616 2509 888 2584 Origene.)
930 2510 1067 2568 Cum
1103 2510 1356 2581 superius
1393 2510 1667 2566 docuisset
1697 2508 1990 2581 Apostolus

405 2603 679 2674 quomodo
706 2618 738 2658 a
762 2600 964 2660 Iudaeis
990 2604 1059 2660 ad
1084 2613 1291 2675 gentes,
1317 2603 1387 2658 ab
1411 2603 1756 2659 observantia
1783 2603 1989 2657 carnali

410 2696 479 2751 ad
499 2694 906 2751 observantiam
929 2693 1252 2766 spiritalem,
1275 2693 1554 2765 religionis
1575 2709 1787 2749 summa
1815 2701 1992 2747 trans-

407 2794 518 2848 lata
559 2790 668 2855 sit,
718 2789 1033 2861 aggreditur
1081 2787 1345 2860 spiritalis
1415 2785 1576 2855 hujus
1634 2787 1994 2842 observantiae

405 2899 586 2943 mores
608 2891 666 2942 et
692 2883 945 2943 instituta
967 2880 1335 2945 sanctiﬁcare,
1362 2888 1419 2935 et
1441 2880 1536 2935 ait.

475 2975 706 3033 Obsecro
732 2976 909 3047 itaque
934 2990 1043 3040 uos,
1071 2973 1284 3044 fratres,
1312 2988 1405 3043 per
1428 2970 1842 3025 misericordiam
1871 2969 1989 3024 Dei.

407 3068 546 3136 Quia
574 3080 767 3123 omnes
804 3063 1047 3121 conclusi
1076 3070 1235 3118 erant
1271 3061 1373 3116 sub
1401 3067 1647 3131 peccato,
1697 3074 1840 3113 nunc
1880 3059 1994 3129 jam

405 3175 514 3215 non
542 3158 598 3214 in
625 3156 854 3222 meritis,
879 3155 975 3212 sed
998 3154 1054 3210 in
1080 3152 1456 3210 misericordia
1478 3151 1573 3206 Dei
1595 3149 1740 3206 salus
1758 3150 1992 3205 humana

403 3248 678 3307 consistit.
714 3247 840 3304 Ideo
866 3246 1023 3317 quasi
1047 3243 1141 3316 qui
1165 3242 1398 3299 ollicium
1426 3241 1728 3312 susceperit
1752 3241 1994 3297 reconci-

405 3339 575 3397 liandi
603 3355 700 3396 vos
726 3339 860 3405 Deo,
887 3335 1116 3403 obsecro
1140 3350 1237 3391 vos
1265 3349 1373 3390 non
1401 3347 1497 3404 per
1521 3332 1822 3404 potentiam
1842 3372 1858 3392 .
1897 3333 1993 3388 sed

405 3446 504 3505 per
528 3414 960 3491 misericordiam
987 3428 1106 3485 Dei.
1142 3425 1283 3497 Quid
1307 3441 1402 3482 vos
1429 3426 1700 3481 obsecro?

481 3519 550 3577 Ut
593 3517 881 3579 exhibeatis
925 3533 1147 3590 corpora
1184 3526 1357 3572 vestra
1383 3556 1398 3582 ,
1446 3515 1673 3570 hostiam
1718 3515 1988 3569 viventem.

406 3612 688 3668 Viventem
710 3609 843 3667 dicit
862 3607 1098 3664 hostiam
1120 3621 1240 3678 qua:
1258 3606 1446 3671 vitam,
1463 3604 1566 3660 hoc
1588 3612 1671 3659 est
1691 3602 1990 3668 Christum,

409 3702 464 3755 in
492 3715 551 3757 se
583 3699 743 3769 gerit,
766 3705 823 3753 et
845 3697 993 3756 dicit.
1017 3703 1249 3751 mortem
1270 3692 1399 3749 Jesu
1426 3695 1482 3749 in
1505 3706 1735 3764 corpore
1758 3694 1993 3747 circum;

408 3789 664 3853 ferimus,
711 3795 775 3844 ut
812 3795 869 3842 et
894 3788 1004 3842 vita
1038 3785 1165 3842 Jesu
1200 3784 1406 3841 Christi
1444 3786 1497 3839 in
1532 3800 1760 3853 corpore
1804 3792 1992 3839 nostro

411 3874 810 3932 manifestetur.

481 3963 754 4021 Sanctam.
793 3963 1050 4019 Sanctam
1081 3962 1215 4017 dicit
1252 3963 1306 4018 in
1346 3977 1453 4033 qua
1494 3973 1714 4019 sanctus
1755 3964 1991 4036 Spiritus

410 4056 640 4123 habitat,
673 4065 734 4112 ιιι
760 4054 929 4112 illud:
962 4052 1193 4109 Nescitis
1218 4061 1341 4126 quia
1368 4054 1616 4126 templum
1648 4055 1744 4111 Dei
1779 4058 1901 4112 estis
1941 4067 1988 4112 et

406 4146 622 4218 spiritus
652 4145 746 4207 Dei
775 4145 975 4200 habitat
1006 4146 1063 4198 in
1089 4145 1231 4201 vobis
1256 4144 1309 4217 (1
1339 4144 1463 4200 Cor.
1493 4145 1598 4217 ιιι).

477 4236 589 4291 Deo
616 4236 923 4308 placentem.
964 4233 1279 4292 Placentem
1307 4236 1420 4292 Deo
1454 4237 1624 4304 dicit,
1675 4247 1734 4293 ut
1781 4249 1908 4310 pote
1956 4257 1988 4295 a

408 4326 647 4398 peccatis
675 4334 731 4380 et
756 4325 904 4379 vitiis
949 4334 1288 4395 separatam,
1331 4325 1387 4382 hi
1429 4328 1575 4382 enim
1616 4328 1707 4398 qui
1748 4329 1988 4383 membra

408 4436 506 4475 sua
551 4416 900 4482 mortiﬁcant,
949 4416 1018 4471 ab
1062 4416 1336 4473 incentivo
1376 4419 1615 4473 libidinis
1664 4427 1718 4473 et
1764 4418 1985 4484 furoris,

408 4523 562 4567 actus
590 4509 835 4580 corporis
860 4509 943 4564 sui
968 4508 1197 4563 Domino
1228 4508 1458 4578 placitos
1491 4509 1722 4573 habent,
1755 4509 1987 4564 hostiam

405 4604 700 4666 viventem,
722 4608 990 4669 sanetam,
1008 4597 1234 4655 Domino
1254 4598 1576 4669 placentem.
1593 4599 1989 4654 rationabiliter

408 4692 665 4746 offerunt.

478 4781 809 4838 Rationabile
836 4781 1157 4853 obsequium.
1197 4779 1528 4849 Obsequium
1557 4780 1645 4834 hic
1671 4780 1874 4833 cultum
1905 4781 1987 4834 di-

410 4872 524 4938 cit,
575 4872 668 4942 qui
712 4872 913 4927 dudum
956 4872 1011 4926 in
1053 4872 1320 4940 pecudum
1358 4880 1630 4925 mutorum
1669 4870 1987 4940 corporibus

407 4965 761 5020 consistebat.
818 4962 1002 5029 Nunc,
1052 4962 1254 5033 inquit,
1304 4962 1622 5032 incorpore
1651 4963 1985 5018 rationabilis

409 5054 644 5110 hominis
686 5052 974 5121 olfera‘tur,
1021 5062 1077 5110 et
1121 5066 1350 5124 corpora
1395 5054 1569 5125 magis
1606 5062 1786 5108 vestra
1824 5070 1986 5124 quam

407 5144 672 5217 pecudum
699 5146 832 5201 ﬁant
859 5144 1187 5202 sacriﬁcium
1218 5144 1351 5213 Deo,
1375 5147 1501 5216 quia
1526 5146 1746 5217 dignum
1775 5156 1860 5201 est
1884 5147 1989 5202 Do—

408 5238 576 5301 mino,
599 5238 737 5294 tales
755 5238 965 5295 hostias
985 5238 1287 5304 immolare,
1312 5239 1511 5294 arietes
1529 5246 1709 5293 autem
1732 5247 1788 5292 et
1807 5239 1988 5295 hircos

409 5338 466 5387 et
496 5330 715 5399 vitulos;
746 5329 1042 5387 immortali
1080 5339 1138 5386 et
1175 5331 1495 5400 incorporeo
1523 5330 1749 5385 Domino
1769 5330 1988 5399 oﬁ‘erre,

412 5420 557 5478 nulla
576 5422 720 5478 ratio
742 5429 892 5479 recta
919 5430 975 5479 et
998 5421 1227 5476 honesta
1243 5421 1487 5490 suscipit.

483 5511 554 5567 Et
592 5512 753 5571 nolite
786 5511 1109 5584 conformari
1151 5511 1272 5566 huic
1310 5511 1526 5566 steculo‘.
1580 5510 1829 5582 Ostendit
1868 5524 1990 5566 esse

414 5602 706 5670 quamdam
735 5600 967 5662 formam
998 5601 1158 5671 hujus
1187 5601 1392 5667 saeculi,
1420 5612 1475 5658 et
1504 5601 1665 5656 aliam
1695 5600 1861 5657 futuri
1890 5617 1991 5657 sa:-

2016 4370 2068 4428 D

2087 1790 2146 1836 et
2173 1783 2576 1839 meditationem
2604 1785 2756 1840 verbi
2799 1786 2930 1851 Dei,
2979 1795 3035 1842 et
3060 1787 3195 1859 legis
3224 1787 3342 1859 ejus
3370 1786 3671 1863 intelligen-

2090 1873 2252 1938 tiam,
2291 1881 2348 1930 et
2372 1884 2578 1953 quanto
2601 1877 2723 1947 quis
2752 1877 2997 1947 quotidie
3025 1893 3093 1932 ex
3122 1878 3524 1951 Scripturarum
3552 1901 3676 1954 pro-

2093 1961 2204 2017 ﬁcit
2235 1964 2483 2030 lectione,
2510 1974 2712 2035 quanto
2740 1967 2902 2021 altius
2933 1968 3238 2025 intellectus
3263 1971 3380 2041 ejus
3409 1976 3671 2038 ascendit,

2094 2062 2244 2108 tanto
2265 2070 2477 2125 semper
2495 2073 2665 2113 novus
2685 2067 2741 2112 et
2759 2060 2999 2128 quotidie
3020 2076 3191 2117 novus
3211 2061 3461 2119 eﬁicitur.
3493 2066 3678 2123 Potest

2092 2145 2256 2199 etiam
2276 2154 2332 2200 ct
2348 2161 2540 2202 sensus
2555 2149 2801 2203 renovari
2824 2149 2890 2203 ad
2905 2149 3170 2218 justitiam
3191 2160 3245 2208 et
3261 2156 3671 2219 continentiam.

2091 2242 2147 2285 et
2173 2232 2240 2286 ad
2267 2234 2424 2289 ﬁdem
2451 2245 2505 2289 et
2531 2238 2871 2306 patientiam,
2899 2248 3004 2296 etc.

2165 2320 2232 2375 Ut
2266 2323 2491 2392 probetis
2522 2341 2641 2394 qua:
2677 2328 2744 2379 sit
2782 2327 3025 2383 voluntas
3056 2330 3152 2385 Dei
3181 2332 3316 2387 bona
3353 2343 3401 2388 et
3433 2335 3673 2400 beaepla-

2091 2430 2213 2468 cem
2237 2424 2283 2468 et
2306 2414 2558 2485 perfecta.
2598 2415 2653 2469 ln
2673 2416 2858 2472 multis
2877 2419 3021 2473 enim
3043 2429 3266 2488 putatur
3284 2438 3406 2479 esse
3428 2425 3676 2480 voluntas

2092 2503 2221 2567 Dei,
2254 2512 2309 2559 et
2336 2519 2441 2559 non
2472 2512 2587 2571 est,
2619 2505 2672 2559 in
2702 2520 2809 2575 quo
2839 2506 2885 2562 is
2913 2508 3098 2577 utique
3131 2512 3222 2579 qui
3259 2526 3474 2569 sensum
3514 2516 3676 2571 habet

2094 2604 2408 2651 renovatum
2436 2604 2585 2652 errat
2611 2605 2664 2652 et
2694 2597 2912 2653 fallitur.
2953 2600 3049 2656 Est
3071 2611 3251 2658 autem
3278 2619 3384 2660 non
3413 2605 3678 2677 cujusque

2093 2700 2308 2750 sensus,
2326 2687 2419 2741 sed
2442 2687 2595 2743 valde
2618 2690 2881 2754 renovati,
2899 2691 3130 2760 probare
3151 2692 3207 2747 in
3230 2694 3453 2763 singulis
3474 2698 3676 2766 quibus

2095 2776 2329 2846 agimus,
2357 2792 2478 2847 qua:
2502 2776 2794 2847 loquimur,
2822 2794 2942 2849 quae
2965 2781 3284 2851 cogitamus,
3314 2785 3358 2838 si
3391 2785 3461 2840 sit
3489 2788 3677 2843 volun—

2099 2876 2184 2923 tas
2225 2868 2353 2934 Dei,
2401 2877 2455 2924 et
2496 2869 2631 2925 nihil
2664 2872 2888 2927 Omnino
2913 2871 2996 2926 vel
3028 2888 3212 2944 agere,
3239 2875 3323 2931 vel
3353 2876 3559 2944 dicere,
3591 2882 3676 2935 vel

2096 2960 2357 3029 cogitare,
2389 2962 2532 3031 quod
2558 2961 2818 3017 voluntati
2844 2963 2939 3018 Dei
2969 2980 3076 3019 non
3106 2967 3340 3022 senserit
3362 2974 3675 3036 convenire,

2021 3027 2065 3089 (ἶ
2097 3027 2220 3119 quia
2247 3027 2498 3106 volun-tas
2524 3052 2621 3107 Dei
2644 3060 2748 3119 est,
2776 3054 3036 3125 quidquid
3062 3056 3264 3112 bonum
3289 3066 3344 3115 et
3368 3027 3675 3132 beneplaci;

2096 3150 2209 3196 tum
2239 3150 2294 3197 et
2320 3143 2617 3214 perfectum
2645 3152 2747 3201 est.

2154 3231 2295 3286 .Dico
2329 3234 2466 3289 enim
2500 3251 2593 3305 per
2616 3237 2841 3306 gratiam
2870 3253 2987 3309 qute
3015 3238 3141 3293 data
3171 3248 3250 3293 est
3276 3240 3424 3294 mihi.
3468 3240 3695 3305 Paulus,

2094 3324 2238 3380 sicut
2281 3334 2338 3379 et
2377 3326 2431 3380 in
2478 3326 2600 3383 aliis
2638 3327 2919 3395 dieit,non
2971 3329 3025 3383 in
3085 3331 3347 3387 suasoriis
3400 3333 3675 3403 sapientia:

2095 3415 2329 3471 carnalis
2353 3415 2558 3481 verbis,
2603 3417 2697 3472 sed
2738 3432 2837 3489 per
2864 3427 3096 3489 gratiam
3132 3435 3251 3489 quae
3282 3421 3385 3476 sibi
3429 3422 3550 3477 data
3592 3438 3675 3479 est

2096 3502 2158 3574 (I.
2206 3502 2330 3558 Cor.
2359 3502 2686 3575 It)loquitur.
2722 3506 2818 3561 Est
2846 3507 2992 3562 enim
3024 3508 3189 3563 multa
3221 3494 3547 3576 differentia,
3579 3529 3676 3584 per

2092 3594 2325 3663 gratiam
2371 3594 2680 3665 loquentis,
2736 3607 2792 3652 et
2838 3612 2937 3668 per
2988 3599 3279 3654 humanam
3330 3604 3671 3679 sapientiam.

2092 3687 2334 3758 Denique
2354 3689 2595 3744 nonnulli
2615 3689 2929 3760 eloquentes
2949 3702 3002 3746 et
3022 3692 3217 3747 eruditi
3238 3693 3342 3747 viri
3363 3710 3483 3749 cum
3508 3696 3674 3749 multa

2092 3780 2327 3836 dixerint
2353 3782 2647 3852 composite
2675 3792 2730 3839 et
2751 3785 2999 3850 erudite,
3040 3794 3220 3840 tamen
3254 3788 3381 3855 quia
3423 3803 3530 3843 non
3577 3805 3674 3859 per

2091 3872 2344 3941 gratiam,
2374 3873 2645 3928 neminem
2673 3875 3009 3938 auditorum,
3040 3885 3132 3931 aut
3160 3879 3227 3932 ad
3256 3880 3413 3935 ﬁdem
3435 3922 3449 3944 ,
3488 3892 3580 3936 aut
3607 3883 3672 3936 ad

2089 3966 2342 4019 timorem
2363 3965 2479 4028 Dei,
2501 3974 2594 4018 aut
2614 3966 2682 4018 ad
2708 3969 3173 4035 compunctionem
3196 3970 3375 4025 cordis
3395 3980 3691 4040 potuerunt

2088 4055 2335 4110 incitare.
2369 4054 2475 4108 Alii
2507 4070 2612 4108 non
2640 4069 2832 4122 magna
2861 4055 3187 4125 eloquentia,
3221 4057 3317 4113 sed
3348 4059 3675 4128 simpliciter

2086 4146 2392 4215 loquentes,
2420 4143 2620 4198 multos
2646 4143 2942 4199 inﬁdelium
2969 4152 3323 4211 convertunt,
3364 4157 3420 4202 et
3456 4149 3561 4205 hoc
3592 4162 3675 4205 est

2086 4251 2188 4307 per
2210 4236 2442 4306 gratiam
2467 4235 2614 4306 loqui
2641 4252 2762 4307 quae
2787 4237 2913 4293 data
2938 4246 3022 4293 est
3046 4238 3232 4293 Paulo.

2164 4326 2418 4381 Omnibus
2451 4328 2541 4399 qui
2569 4337 2690 4382 sunt
2719 4328 2858 4383 inter
2883 4345 2993 4395 vos,
3025 4346 3129 4383 non
3154 4328 3271 4400 plus
3303 4347 3487 4401 sapere
3514 4349 3671 4404 quam

2092 4426 2290 4488 oportet
2318 4434 2518 4489 sapere.
2557 4416 2711 4485 Quod
2735 4417 2868 4474 dicit
2891 4419 3129 4473 omnibus
3155 4421 3244 4489 qui
3274 4430 3393 4474 sunt
3424 4422 3562 4474 inter
3587 4438 3675 4474 ros

2090 4507 2266 4563 simile
2298 4515 2382 4562 est
2408 4522 2471 4562 ac
2504 4507 2549 4562 si
2587 4507 2826 4563 diceret:
2862 4508 3018 4563 Omni
3048 4509 3138 4578 qui
3167 4510 3219 4563 iu
3249 4509 3359 4564 Deo
3386 4518 3488 4575 est,
3519 4510 3676 4577 cujus

2092 4615 2307 4670 semper
2333 4614 2455 4655 esse
2482 4607 2587 4654 est.
2625 4598 2777 4668 Quod
2806 4600 2959 4666 dicit,
2994 4600 3117 4655 Non
3145 4601 3262 4672 plus
3297 4620 3492 4673 sapere,
3522 4604 3673 4657 vicie-

2093 4701 2181 4744 tur
2211 4692 2279 4747 ad
2324 4691 2699 4761 superbientes
2742 4707 2923 4746 ramos
2958 4691 3218 4756 oleastri,
3266 4702 3321 4747 et
3350 4694 3674 4749 insultantes

2093 4782 2259 4838 ramis
2288 4783 2380 4852 qui
2425 4783 2492 4838 de
2534 4783 2677 4838 bona
2705 4782 2847 4838 oliva
2887 4783 3046 4839 fracti
3095 4794 3252 4848 sunt,
3300 4786 3444 4842 hunc
3482 4795 3671 4856 aptare

2094 4889 2430 4939 sermonem,
2474 4882 2530 4929 et
2573 4874 2755 4929 dicere
2787 4874 2899 4940 eis,
2946 4891 3054 4929 non
3082 4875 3274 4930 debere
3318 4874 3436 4945 plus
3479 4890 3672 4945 sapere

2093 4982 2254 5036 quam
2285 4975 2533 5036 oportet,
2582 4967 2685 5022 hoc
2724 4974 2842 5032 est,
2884 4965 3003 5035 plus
3044 4981 3235 5037 sapere
3261 4981 3421 5036 quam
3459 4979 3669 5037 oportet

2093 5074 2319 5129 sapere:
2354 5058 2467 5129 Ego
2495 5066 2677 5113 autem
2703 5059 2823 5113 dico
2848 5059 2990 5127 quod
3021 5059 3262 5114 haeretici
3303 5059 3426 5130 plus
3454 5060 3673 5130 sapiunt

2095 5150 2161 5207 de
2181 5150 2398 5207 Christo
2425 5166 2587 5219 quam
2614 5158 2828 5219 oportet
2849 5165 3059 5220 sapere,
3085 5150 3173 5220 qui
3203 5162 3400 5222 negant
3423 5166 3546 5206 eum
3574 5151 3667 5207 Dei

2093 5240 2353 5294 creatoris
2375 5254 2495 5294 esse
2519 5239 2737 5304 Filium,
2763 5246 2819 5294 et
2839 5238 2945 5293 alia
2968 5240 3133 5294 multa
3155 5239 3275 5310 plus
3296 5240 3364 5296 de
3390 5240 3480 5298 illo
3506 5256 3668 5312 quam

2092 5338 2305 5400 oportet
2330 5329 2612 5399 ﬁngentes.

2166 5420 2272 5475 Sed
2302 5437 2483 5491 sapere
2511 5419 2580 5474 ad
2615 5419 2964 5475 sobrietatem.
2998 5420 3096 5492 (Ex
3128 5419 3315 5493 Greg.)
3354 5421 3491 5476 Dum
3523 5417 3666 5477 enim

2094 5527 2192 5582 per
2220 5526 2509 5582 supernam
2538 5511 2787 5583 gratiam,
2815 5514 2881 5568 ad
2908 5512 3097 5567 altiora
3128 5512 3472 5583 intelligenda
3508 5514 3669 5567 dedu-

2094 5603 2285 5665 cimur,
2333 5611 2537 5671 quanto
2580 5602 2829 5656 subtilius
2871 5603 3133 5663 levamur,
3165 5610 3314 5656 tanto
3357 5615 3569 5670 semper
3612 5602 3665 5654 in
