3994 6204
314 196 401 252 Ἳο
1640 174 1989 234 SMARAGDI
2027 174 2311 232 ABBATIS
2648 174 2652 178 ·
3512 152 3582 220 30

308 310 460 363 dannt
480 276 762 362 annorum.
798 301 909 357 Nos
928 308 1108 355 autem
1133 298 1367 352 scientes
1391 295 1534 348 hunc
1559 305 1679 345 esse
1703 289 1771 343 de
1795 302 1902 357 quo
1930 291 1981 350 Α
2005 288 2149 343 mine
2178 284 2477 342 Salvatoris
2517 281 2835 338 mortalibus
2866 286 3085 351 prmstct
3103 320 3118 346 ,
3162 287 3281 356 etx
3308 281 3580 351 quomodo

311 399 457 457 olim
502 395 766 466 propheta
806 387 1229 463 gratulabundus
1267 382 1588 439 exsultabat.
1640 375 1902 431 Parvulas

308 502 485 545 natus
522 497 597 542 est
636 484 809 549 nobis,
850 481 993 552 ﬁlius
1023 480 1180 533 datus
1220 484 1297 530 est
1337 473 1504 538 nobis,
1547 479 1600 524 et
1636 467 1905 541 vocabitur

323 598 515 636 nomen
540 595 657 652 qus
670 571 1028 637 Admirabilis,
1044 567 1410 627 Consiliarius.
1426 563 1570 618 Deus
1591 560 1743 652 fortis
1765 556 1817 629 (1
1820 573 1899 652 sa.

310 674 429 747 'IX),
468 647 806 740 nequaquam
844 664 1107 720 miremur
1133 673 1282 723 eum,
1309 656 1400 726 qui
1428 654 1508 710 sic
1534 649 1793 723 parvulus
1818 647 1902 701 fa-

300 777 449 822 ~'ctus
491 773 579 819 est
616 762 800 821 homo,
844 764 904 812 ut
938 750 1311 815 nihilominus,
1349 747 1494 818 quod
1519 753 1639 799 erat
1666 755 1900 812 semper,

302 860 472 913 :Deus
499 870 565 911 ac
589 853 764 918 fortis,
789 852 1153 924 permaneret.
1196 896 1209 905 η

368 950 469 1006 "Et
492 949 627 1005 dixit
652 954 823 1002 mater
849 942 964 1013 ejus
989 938 1060 993 ad
1087 936 1237 992 illum
1254 948 1273 986 :
1296 929 1429 998 Fili,
1446 930 1574 1004 quid
1603 927 1774 999 fecisti
1804 941 1901 979 no-

322 1043 407 1097 bis
430 1039 545 1095 sic?
574 1035 711 1091 Ecce
733 1040 885 1104 pater
908 1037 1029 1083 tuus
1053 1034 1102 1080 et
1126 1041 1239 1096 ego,
1265 1021 1517 1086 dolentes,
1539 1015 1906 1104 qumrebamus

232 1173 241 1201 ;
328 1146 406 1199 te,
446 1142 499 1186 et
537 1130 613 1184 ait
647 1125 716 1181 ad
741 1122 873 1178 :illos
905 1139 925 1176 :
964 1118 1105 1186 Quid
1143 1126 1218 1171 est
1255 1113 1394 1186 quod
1430 1128 1513 1165 me
1545 1103 1906 1181 qua'rebatis?

325 1221 631 1280 nesciebutis
680 1218 805 1290 quia
818 1216 887 1270 'in
912 1214 994 1268 his
1021 1227 1140 1284 qum
1186 1207 1368 1261 Patris
1394 1207 1497 1259 mei
1534 1211 1677 1266 sunt,
1708 1206 1907 1270 oportet

324 1336 410 1374 me
434 1332 563 1372 esse.
608 1311 729 1368 Non
770 1307 912 1379 quod
949 1320 1074 1361 eum
1105 1301 1259 1372 quasi
1289 1298 1458 1354 ﬁlium
1489 1300 1738 1379 quierunt
1762 1290 1907 1344 vitu-

327 1416 514 1481 perat,
561 1402 659 1460 sed
702 1400 833 1472 quid
878 1398 931 1455 ei
974 1396 1154 1469 potius
1194 1392 1281 1449 cui
1322 1398 1562 1446 aeternus
1604 1392 1688 1440 est
1714 1380 1907 1481 Filius,

329 1475 543 1567 debeat,
566 1496 712 1569 cogit
735 1491 920 1549 oculos
942 1487 1141 1545 mentis
1165 1483 1431 1548 attollere,
1453 1479 1579 1550 quia
1601 1476 1745 1533 enim
1766 1475 1911 1569 Deus

326 1601 386 1647 ct
424 1564 588 1645 homo
616 1564 720 1641 est.
772 1580 928 1638 Nunc
967 1576 1183 1632 excelsa
1228 1570 1468 1635 deitatis,
1513 1581 1656 1623 nunc
1701 1564 1909 1621 inﬁnita

331 1682 611 1758 ptmsefert
636 1680 887 1736 humanae
912 1671 1241 1744 fragilitatis,
1273 1665 1430 1739 quasi
1463 1665 1690 1758 homo_s

331 1751 663 1846 interrogat,
708 1766 1181 1840 quas'i’Deusqute
1219 1759 1461 1816 seniores
1498 1765 1553 1810 et
1589 1753 1767 1809 edocti
1804 1751 1908 1806 mi-

331 1876 520 1924 rentur
546 1844 853 1935 respondet.
876 1856 1055 1926 'Quas'i
1081 1855 1177 1909 Dei
1207 1851 1378 1906 Filius
1405 1846 1608 1917 templo
1632 1844 1730 1901 Dei
1758 1858 1911 1898 com-

334 1969 598 2021 moratur,
622 1962 677 2011 et
702 1950 859 2023 quasi
883 1947 1026 2003 filius
1042 1942 1291 2001 hominis
1313 1955 1439 1996 cum
1464 1935 1781 2010 parentibus
1802 1947 1911 2005 quo

328 2051 522 2122 iubent
548 2041 873 2117 regreditur.

406 2141 473 2196 Et
510 2139 608 2211 ipsi
645 2151 749 2192 non
785 2130 1152 2188 intellexerunt
1189 2125 1397 2182 verbum
1432 2120 1808 2211 quodlocutus
1835 2123 1911 2172 est

332 2232 402 2287 at!
432 2209 574 2294 illos,
607 2237 654 2283 et
681 2223 944 2281 descendit
971 2234 1090 2276 cum
1119 2216 1250 2283 illis,
1287 2226 1335 2271 et
1368 2213 1503 2269 venit
1536 2209 1829 2274 Nazareth,
1863 2215 1913 2261 et

332 2332 444 2378 erat
474 2320 715 2375 subditus
739 2315 868 2371 illis.
908 2311 1047 2380 Quid
1083 2309 1229 2365 enim
1266 2305 1528 2376 magister
1551 2301 1770 2357 virtutis
1805 2298 1913 2355 uisi

335 2411 565 2469 ddicium
589 2408 727 2481 picta
738 2410 808 2464 tis
825 2401 1108 2474 impleret?
1131 2398 1258 2471 quid
1277 2397 1424 2452 inter
1445 2409 1542 2450 nos
1563 2392 1728 2458 aliud,
1750 2406 1913 2481 quam

335 2502 477 2573 quod
504 2516 536 2557 a
565 2479 829 2568 ndbis’agi
859 2493 1020 2549 vellet
1049 2487 1260 2563 ageret?
1271 2486 1551 2542 deferebat
1576 2483 1741 2555 patri,
1769 2479 1916 2537 defe-

334 2596 491 2652 rebat
514 2590 741 2651 ancillze.
776 2589 905 2660 lpsa‘
923 2585 1068 2643 enim
1096 2581 1227 2639 dicit
1251 2603 1263 2635 :
1295 2579 1438 2635 Ecce
1460 2576 1655 2633 ancilla
1677 2573 1912 2631 Domini.

333 2682 623 2742 Deferebat
668 2678 922 2736 simulato
968 2673 1149 2747 patri,
1203 2668 1481 2726 deferebat
1518 2667 1749 2723 Domino
1784 2679 1916 2720 vero

335 2774 512 2848 patri,
543 2779 599 2828 et
625 2770 811 2839 utique
839 2774 1014 2822 matre
1041 2773 1221 2829 natus,
1252 2759 1517 2833 virginem
1547 2762 1914 2823 conservarat,

337 2873 393 2919 et
416 2869 644 2919 castam.
683 2857 880 2928 Utique
905 2866 1130 2926 a'patrc,
1154 2866 1260 2907 non
1282 2850 1580 2913 voluntate,
1601 2863 1709 2902 non
1731 2860 1913 2917 opere,

338 2967 445 3007 non
480 2957 720 3019 tempore
744 2945 1067 3007 distabat,ut
1094 2940 1213 3011 ejus
1240 2938 1493 2994 videlicet
1518 2936 1777 3007 exemplis
1804 2951 1916 2990 am-

340 3042 550 3107 moniti,
580 3039 708 3111 quid
734 3034 1052 3108 parentibus
1074 3031 1388 3096 debeamus,
1414 3027 1507 3099 qui
1532 3034 1681 3082 tanta
1703 3042 1805 3098 pro
1828 3043 1921 3083 no-

340 3136 426 3191 bis
447 3133 1127 3205 patiuntur,agnoscamus.

412 3224 480 3279 Et
503 3231 671 3278 ntater
690 3221 804 3291 ejus
824 3214 1163 3272 conservabat
1183 3213 1361 3269 omnia
1384 3211 1539 3267 verba
1561 3210 1670 3264 haec
1691 3211 1746 3264 in
1767 3207 1922 3263 corde

343 3335 459 3373 suo.
497 3313 626 3382 Sive
652 3326 771 3382 qua:
796 3306 1078 3371 intellexit,
1109 3321 1205 3361 seu
1227 3319 1346 3375 qua:
1370 3303 1598 3359 necdum
1622 3300 1923 3373 intelligere

343 3409 510 3466 verba
538 3380 813 3475 Evangelii
833 3400 1047 3472 potuit,
1080 3397 1263 3454 omnia
1291 3410 1391 3453 suo
1417 3395 1624 3468 pariter
1650 3394 1707 3449 in
1735 3393 1920 3459 corde,

346 3500 500 3573 quasi
531 3496 848 3554 ruminauda
868 3535 884 3561 ,
914 3502 972 3549 e't
998 3490 1312 3565 diligentius
1339 3489 1635 3545 scrutanda
1664 3486 1924 3545 reconde-

347 3599 461 3652 bat.
492 3592 775 3649 Discamus
797 3602 926 3660 ergo
945 3586 1009 3642 in
1036 3583 1288 3641 omnibus
1312 3580 1641 3647 castitatem,
1668 3595 1790 3659 qua:
1814 3594 1923 3634 non

352 3688 529 3742 minus
566 3696 664 3739 ore
700 3680 920 3752 pudico,
961 3690 1126 3747 quam
1164 3686 1392 3742 corpore
1434 3678 1757 3742 argumenta
1800 3668 1926 3724 [idei

350 3770 710 3831 conservabat
736 3769 791 3823 in
820 3764 1003 3823 corde.
1047 3762 1117 3818 Et
1137 3761 1184 3818 si
1212 3760 1302 3816 illa
1330 3768 1457 3816 ante
1481 3767 1754 3830 praecepta
1796 3773 1926 3829 apo~

352 3864 543 3921 stolica
571 3867 740 3924 tacet,
768 3870 868 3914 cur
892 3864 951 3912 tu
976 3862 1101 3926 post
1140 3847 1434 3923 apostolica
1459 3857 1727 3921 praecepta
1753 3847 1928 3919 magis

353 3953 508 4024 cupis
531 3951 746 4017 docere,
775 3963 938 4020 quam
965 3945 1197 4003 discere.
1782 3976 1789 3980 .
1916 4014 1921 4017 ι

424 4045 491 4101 Et
516 4042 673 4099 Iesus
698 4040 1002 4115 proﬁciebat
1026 4036 1282 4110 sapientia
1307 4047 1357 4092 et
1382 4044 1558 4101 wtate,
1588 4042 1697 4091 etc.
1716 4032 1820 4090 ilic
1846 4033 1928 4089 lo-

354 4154 450 4192 cus
486 4133 811 4190 Manichacus
849 4129 1054 4201 pariter
1089 4135 1146 4183 et
1181 4125 1598 4197 Apollinaristas
1632 4132 1924 4197 expugnat.

354 4228 652 4286 Ostendens
690 4225 975 4281 Dominum
1014 4235 1200 4276 veram
1239 4230 1459 4275 carnem
1496 4231 1684 4273 veram
1724 4216 1930 4272 habere

2004 378 2301 448 Decalogns
2325 375 2459 448 legis
2487 375 2680 430 debeat
2717 373 2928 443 impleri
2963 387 3075 427 suae
3104 386 3202 425 nos
3227 371 3584 426 resurrectio-

2002 468 2090 523 nis
2116 469 2376 523 Dominus
2405 466 2590 537 ﬁguris
2618 464 2914 519 instituerit
2937 463 3143 533 pariter
3169 470 3222 516 et
3246 460 3450 530 juverit
3471 504 3483 524 ,
3523 472 3585 516 nt

2002 559 2272 629 quomodo
2302 558 2419 629 ipse
2446 555 2747 612 resurrexit
2783 552 3094 625 amortuis,
3144 551 3219 606 ita
3262 560 3318 607 et
3356 568 3456 608 nos
3487 552 3582 606 illo

2005 650 2292 720 adjuvaute
2335 659 2619 717 resurgere
2645 644 2951 707 valeamus,
2999 651 3055 698 et
3098 642 3154 697 in
3191 658 3219 696 c
3250 656 3370 710 quae
3399 657 3498 696 nos
3529 643 3584 696 in

2003 740 2186 794 futuro
2207 747 2465 809 sequatur
2484 737 2656 809 gloria
2680 738 3036 791 demonstrat.
3060 733 3416 790 Centcnarius
3440 750 3588 788 nam-

2004 847 2110 902 que
2136 845 2394 886 numerus
2422 830 2513 900 qui
2541 829 2606 882 de
2635 827 2765 881 larva
2797 825 2995 881 transit
3024 826 3077 879 in
3105 825 3409 886 dexteram,
3440 823 3586 878 illius

2005 923 2264 992 temporis
2284 919 2595 976 felicitatem
2625 918 2950 989 prmﬁgurat,
2969 918 3035 972 de
3063 931 3169 987 quo
3190 915 3451 968 Dominus
3472 915 3545 967 ait
3571 932 3583 966 :

2006 1011 2208 1066 lterum
2230 1010 2409 1065 videbo
2433 1026 2522 1062 vos
2542 1018 2590 1062 et
2612 1008 2854 1079 gaudebit
2882 1025 2973 1061 cor
2996 1004 3423 1077 vestrum(Jomt.
3452 1006 3582 1075 xvi).

2639 1115 2956 1155 CONCOBDIA.

2076 1171 2306 1226 latarum
2339 1172 2568 1225 duarum
2606 1170 2852 1239 quamvis
2894 1184 3003 1224 non
3044 1170 3101 1223 in
3137 1167 3338 1232 verbis,
3364 1168 3417 1221 in
3461 1176 3584 1219 actu

2008 1274 2188 1320 tamen
2219 1265 2277 1319 [it
2301 1263 2591 1319 concordia
2617 1262 2929 1317 lectionum.
2962 1261 3332 1317 Ascendentes
3362 1260 3505 1314 enim
3533 1260 3586 1331 in

2009 1353 2346 1409 Hierusalem
2389 1368 2512 1407 cum
2552 1351 2729 1407 hostia
2768 1358 3051 1422 parentes,
3103 1350 3311 1405 Domini
3356 1352 3586 1421 ingressi

2010 1452 2137 1500 sunt
2180 1444 2437 1514 templum
2478 1443 2625 1513 quod
2654 1457 2756 1497 nos
2786 1442 3103 1512 spiritaliter
3130 1455 3308 1511 agere,
3341 1441 3591 1495 hortatur

2010 1534 2300 1604 Apostolus
2341 1533 2528 1589 dicens
2558 1551 2571 1587 :
2617 1532 2858 1588 Obsecro
2884 1546 2983 1587 vos
3019 1546 3119 1602 per
3156 1531 3586 1586 misericordiam

1692 1660 1907 1717 amores
1933 1641 1983 1701 Β
2008 1627 2105 1683 Dei
2133 1634 2194 1680 ut
2220 1626 2525 1681 exhibeatis
2551 1639 2779 1696 corpora
2806 1631 2988 1678 vestra
3015 1622 3250 1677 hostiam
3282 1621 3587 1684 viventem,

2009 1725 2274 1782 sanctam,
2303 1717 2535 1771 Domino
2556 1712 2883 1787 placentem,
2913 1726 2968 1772 et
2990 1716 3218 1787 reliqua.

2236 1806 2562 1863 DOMINICA
2599 1808 2641 1862 l'l
2680 1808 2856 1863 POST
2893 1805 3355 1862 ΤΙΙΕΟΡΗΑΝΙΑ.

2010 1894 2204 1939 ιΕϐτιο
2238 1894 2510 1934 81³151⁵01ιὲ
2546 1894 2704 1934 BEATI
2743 1894 2895 1934 PAULI
2930 1894 3185 1934 AI‘OSTOLI
3223 1892 3290 1931 AD
3322 1891 3585 1940 κοιμηθῇ,

2633 1965 2825 2003 CAPITE
2863 1965 2962 2003 XII.

2087 2039 2105 2071 s
2137 2021 2411 2076 Habentes
2461 2019 2784 2075 donationes
2837 2019 3134 2073 secundum
3190 2020 3421 2089 gratiam
3472 2034 3591 2088 qua:

2016 2132 2036 2166 ι
2066 2114 2192 2170 data
2219 2123 2304 2170 est
2332 2114 2488 2169 nobis
2517 2111 2844 2176 dilferentes,
2882 2112 2995 2167 sive
3029 2111 3370 2181 prophetiam
3397 2126 3591 2165 secun-

2015 2226 2036 2260 ‹
2067 2207 2195 2262 dum
2216 2207 2481 2262 rationem
2502 2205 2648 2273 ﬁdei,
2673 2205 2787 2260 sive
2808 2204 3161 2259 ministerium
3191 2203 3245 2258 in
3276 2204 3592 2259 ministran—

2018 2314 2037 2348 ι
2067 2297 2158 2363 do,
2173 2297 2287 2351 sive
2305 2296 2396 2364 qui
2421 2296 2576 2351 docet
2599 2297 2651 2349 in
2674 2295 2939 2350 doctrina.
2967 2295 3067 2362 Qui
3091 2296 3408 2351 exhortatur
3432 2295 3483 2351 in
3506 2311 3595 2349 cx—

2021 2406 2040 2440 s
2071 2388 2364 2455 hortando,
2393 2387 2484 2458 qui
2509 2387 2694 2442 tribuit
2721 2388 2773 2441 in
2799 2386 3165 2457 simplicitate.
3190 2388 3292 2456 Qui
3314 2401 3511 2457 praeest
3540 2389 3591 2442 in

2019 2497 2040 2531 ι
2069 2479 2451 2544 sollicitudine,
2483 2478 2576 2548 qui
2612 2477 2902 2532 miseretur
2933 2478 2989 2530 in
3024 2477 3319 2533 hilaritate.
3365 2478 3595 2532 Dilectin

2021 2562 2184 2624 (sine
2242 2569 2629 2625 simulatione:
2672 2566 2929 2623 Odientes
2980 2567 3211 2633 malum,
3258 2567 3596 2621 adhaerentes

2021 2678 2040 2712 s
2067 2660 2230 2716 bono.
2263 2659 2597 2716 Charitatem
2629 2658 2989 2714 fraternitatis
3021 2658 3250 2713 invicem
3282 2658 3593 2728 diligentes.

2023 2772 2043 2805 ι
2071 2753 2280 2809 honore
2331 2753 2562 2809 invicem
2607 2752 3022 2823 prtevcnientes.
3067 2750 3442 2804 Sollicitudine
3488 2766 3597 2804 non

2023 2861 2043 2895 ι
2066 2843 2250 2916 pigri,
2298 2844 2492 2913 spiritu
2522 2841 2816 2906 ferventes,
2864 2841 3093 2896 Domino
3124 2840 3455 2903 servientes,
3505 2856 3599 2910 spe

2026 2952 2044 2985 ι
2074 2935 2403 3006 gaudentes,
2450 2934 2506 2988 in
2538 2931 2887 2988 tribulatione
2914 2933 3200 3004 patientes.
3248 2931 3489 2986 Orationi
3523 2934 3603 2985 in—

2028 3042 2047 3075 ι
2078 3032 2308 3089 stantes,
2336 3024 2749 3079 necessitatibus
2777 3032 3086 3078 sanctorum
3113 3023 3599 3085 communicantes,

2025 3132 2045 3165 s
2075 3112 2501 3183 hospitalitatem
2538 3121 2829 3168 sectantes.
2878 3112 3191 3168 Benedicite
3228 3114 3602 3183 persequenti-

2023 3223 2043 3256 ‹
2073 3205 2176 3260 bus
2201 3218 2323 3270 vos,
2351 3203 2659 3260 benedicite
2698 3213 2752 3259 et
2789 3203 3326 3259 holitemaledieerc.
3359 3203 3602 3260 Gaudete

2027 3314 2048 3349 ι
2076 3311 2202 3352 cum
2232 3295 2612 3368 gaudentibus,
2646 3293 2769 3350 flete
2795 3310 2918 3350 cum
2949 3295 3222 3350 ﬂentibus.
3259 3296 3492 3366 ldipsnm
3522 3298 3604 3350 in-

2027 3406 2046 3440 s
2077 3388 2252 3443 vicem
2284 3386 2604 3451 sentientes,
2640 3401 2749 3441 non
2780 3385 2889 3440 alta
2919 3386 3215 3457 sapientes,
3252 3386 3347 3441 sed
3384 3387 3605 3441 humili-

2028 3496 2049 3530 s
2077 3478 2178 3533 bus
2203 3476 2631 3532 consentientes.
2666 3496 2684 3529 ι

2096 3568 2358 3625 Habentes
2384 3568 2694 3623 donationes
2734 3567 3021 3623 secundum
3051 3568 3302 3640 gratiam,
3331 3586 3449 3641 quae
3474 3570 3603 3623 data
3678 3580 3683 3583 ‘

2023 3670 2099 3717 est
2127 3660 2293 3727 nobis,
2322 3661 2639 3731 differentes.
2666 3659 2768 3731 (Ex
2796 3661 3055 3734 Primus.)
3084 3662 3290 3717 Donum
3310 3678 3416 3716 non
3436 3679 3500 3718 ex
3519 3679 3612 3716 no-

2025 3760 2157 3815 stro,
2189 3751 2285 3807 sed
2307 3766 2375 3807 ex
2397 3750 2651 3807 donantis
2673 3750 2869 3820 pendet
2889 3751 3138 3808 arbitrio.
3185 3750 3450 3807 Omnibus
3492 3753 3612 3822 qui-

2026 3848 2149 3903 dem
2172 3848 2518 3905 credentibus
2536 3847 2706 3919 gloria
2734 3848 3073 3918 promittitur
3092 3849 3147 3905 in
3168 3851 3370 3915 futuro,
3395 3852 3489 3906 sed
3519 3854 3611 3920 qui

2027 3947 2138 3996 tam
2165 3938 2424 3993 mundum
2454 3953 2550 3992 cor
2590 3938 2861 4002 habuerit,
2891 3947 2953 3992 ut
2980 3940 3242 3993 virtutum
3268 3938 3495 4010 gratiam
3523 3957 3615 3995 ae-

2028 4034 2208 4105 cipere
2235 4038 2509 4087 mereatur
2529 4029 2695 4084 etiam
2727 4030 2778 4085 in
2802 4031 3074 4100 pmsenti.

2103 4126 2222 4182 Sive
2250 4123 2534 4196 prophetia:
2564 4123 2850 4178 secundum
2878 4123 3137 4178 rationem
3172 4123 3316 4193 ﬁdei.
3349 4124 3498 4180 Fidei
3539 4127 3616 4181 di-

2031 4218 2130 4284 xit,
2158 4232 2266 4272 non
2303 4214 2455 4286 legis,
2484 4213 2599 4268 sive
2628 4214 2753 4283 quia
2804 4212 2937 4268 fides
2966 4212 3054 4268 illa
3080 4214 3300 4281 meruit,
3332 4218 3617 4285 unusquis-

356 4331 409 4376 ct
436 4322 690 4384 animum.
719 4315 856 4371 Nam
877 4315 1018 4370 sicut
1038 4312 1218 4368 carnis
1236 4318 1323 4367 est
1341 4317 1519 4375 aetate,
1539 4309 1618 4365 sic
1636 4315 1720 4364 est
1736 4309 1931 4362 anima:
1955 4342 2008 4402 Β
2033 4330 2140 4385 que
2161 4313 2305 4368 enim
2326 4317 2536 4364 tantum
2559 4308 2759 4378 accipit
2782 4316 3043 4378 quantum
3067 4308 3258 4364 credit,

354 4410 618 4483 sapientia
643 4407 932 4479 prolicere,
963 4411 1018 4459 et
1046 4403 1241 4473 gratia,
1271 4417 1390 4471 qua:
1418 4408 1601 4456 tamen
1628 4400 1684 4453 in
1717 4398 1926 4467 sapien-

357 4506 431 4558 tia
456 4501 762 4556 nullatenus
805 4492 1163 4566 proﬁceret,si
1189 4491 1491 4547 naturalem
1513 4488 1929 4557 intelligentiam

357 4608 478 4663 quae
502 4586 811 4647 hominibus
840 4581 1064 4639 rationis
1091 4595 1255 4636 causa
1282 4592 1539 4635 concessa
1564 4585 1670 4641 est,
1700 4591 1807 4630 non
1837 4576 1930 4630 ha-

360 4686 530 4738 beret.
585 4679 661 4733 De
700 4674 852 4745 cuius
892 4670 1110 4728 nomine
1150 4669 1242 4725 hic
1282 4683 1454 4738 pauca
1498 4666 1726 4723 dicenda
1763 4674 1930 4720 sunt:

358 4772 518 4827 Jesus
550 4768 692 4824 enim
721 4764 961 4822 salvator
1000 4759 1403 4830 interpretatur.
1454 4755 1620 4826 Cujus
1654 4755 1796 4811 sacri
1830 4770 1933 4810 no-

362 4862 526 4916 minis
560 4874 667 4914 non
716 4854 891 4911 solum
936 4849 1293 4922 etymologia.
1325 4848 1420 4904 sed
1448 4856 1502 4903 et
1528 4850 1645 4918 ipse
1675 4862 1935 4902 numerus

310 4932 331 4947 ’
360 4956 663 5008 litterarum
690 4955 961 5019 perpetuze
986 4952 1185 5001 nostrte
1210 4941 1398 4998 salutis
1420 4940 1679 5013 mysteria
1704 4939 1932 4995 redolet.

363 5043 471 5098 Sex
515 5042 711 5113 quippe
752 5036 950 5092 litteris
992 5034 1135 5105 apud
1173 5032 1391 5089 Grzccos
1431 5031 1689 5086 scribitur
1720 5027 1936 5095 Ἰησοῦς,

362 5133 615 5187 videlicet
656 5153 673 5186 ι
703 5137 759 5184 et
784 5151 815 5187 η
842 5137 898 5182 et
924 5149 959 5183 σ
989 5133 1045 5180 et
1071 5146 1096 5180 ο
1122 5132 1178 5180 et
1200 5147 1231 5179 υ
1269 5130 1325 5179 et
1350 5146 1405 5186 σ,
1451 5135 1681 5192 quorum
1726 5120 1937 5173 numeri

365 5230 519 5283 sunt,
564 5236 598 5274 ι
638 5227 694 5275 et
715 5234 812 5273 vm
846 5226 902 5272 et
927 5232 988 5272 cc
1021 5222 1077 5270 et
1106 5231 1212 5270 Lxx
1252 5222 1306 5270 et
1344 5227 1470 5268 cccc
1499 5220 1553 5266 et
1582 5226 1643 5267 cc
1682 5210 1773 5280 qui
1806 5209 1941 5265 fiunt

366 5311 520 5367 simul
558 5321 962 5371 ucccnxxxvm,
1008 5304 1099 5376 qui
1139 5318 1397 5359 numerus
1429 5302 1657 5374 ﬁguram
1689 5319 1939 5360 resurre-

363 5404 561 5457 ctionis
587 5400 832 5469 adauget.
869 5396 1004 5451 Nam
1030 5395 1174 5465 quod
1198 5411 1296 5449 vin
1330 5394 1649 5464 simpliciter
1674 5396 1778 5450 hoc
1815 5405 1872 5452 et
1909 5413 1939 5451 x

367 5505 420 5547 et
447 5510 475 5546 (ι
503 5490 854 5561 multiplicata
879 5486 1208 5558 signiﬁcant.
1243 5483 1521 5540 Possimus
1549 5494 1605 5540 et
1634 5486 1706 5541 ita
1737 5486 1937 5552 dicere,

369 5584 509 5647 quod
540 5601 631 5639 vm
672 5579 920 5637 absolute
948 5575 1363 5634 resurrectionis
1399 5576 1700 5648 exemplum
1747 5577 1799 5631 in
1839 5592 1939 5631 no-

2109 4402 2228 4457 Sive
2262 4399 2604 4453 ministerium
2630 4398 2685 4452 in
2721 4398 3091 4454 ministrando.
3134 4399 3236 4471 (Ex
3256 4398 3430 4472 Orig.)
3488 4400 3613 4456 limo

2037 4491 2218 4547 omnia
2272 4504 2558 4561 possumus
2586 4488 2657 4543 ad
2702 4487 2850 4543 illam
2895 4490 3137 4560 regulam
3185 4505 3463 4557 revocare,
3494 4509 3615 4562 qme

2039 4582 2285 4653 superius
2313 4584 2456 4638 dicta
2482 4589 2586 4646 est,
2614 4580 2717 4637 hoc
2759 4588 2863 4646 est,
2910 4596 3018 4636 non
3057 4581 3181 4652 plus
3235 4598 3426 4653 sapere
3454 4601 3613 4653 quant

2040 4679 2252 4740 oportet
2286 4686 2493 4741 sapere.
2542 4670 2706 4726 Verbi
2746 4686 2929 4737 causa,
2983 4686 3092 4728 non
3139 4672 3337 4743 debere
3372 4668 3494 4728 eum
3524 4676 3615 4744 qni

2040 4760 2331 4825 ministrat,
2367 4760 2422 4814 in
2448 4760 2807 4816 ministrando
2833 4760 2955 4831 plus
2983 4776 3177 4832 sapere
3204 4777 3365 4830 quam
3401 4773 3618 4834 oportet

2041 4867 2249 4922 sapere,
2272 4859 2327 4907 et
2355 4852 2446 4921 qui
2476 4853 2631 4908 docet
2678 4853 2731 4908 in
2773 4854 3043 4920 doctrina,
3092 4863 3149 4908 et
3172 4855 3263 4923 qui
3297 4857 3619 4912 exhortatur

2042 4939 2097 4994 in
2131 4939 2525 5003 exhortatione,
2566 4957 2689 5021 non
2744 4942 2866 5010 plus
2918 4956 3127 5011 sapere.
3188 4941 3338 4999 Multi
3395 4960 3619 5018 accepto

2044 5029 2366 5092 ministerio,
2425 5029 2510 5084 vel
2555 5039 2775 5100 accepta
2830 5031 3096 5096 doctrina,
3156 5032 3277 5102 plus
3324 5050 3618 5105 sapuernnt

2044 5136 2207 5190 quam
2229 5121 2465 5190 oportuit
2486 5137 2698 5192 sapere,
2734 5129 2788 5176 et
2822 5120 2949 5175 elati
2996 5121 3052 5175 in
3084 5128 3414 5197 arrogantia,
3448 5129 3529 5183 vel
3564 5132 3619 5184 in

2049 5209 2255 5265 deliciis
2281 5210 2526 5274 resoluti,
2556 5210 2859 5279 prmcipites
2885 5221 3224 5267 corruerunt.

2120 5302 2227 5374 (Ea:
2253 5301 2506 5375 Primos.)
2539 5305 2613 5358 De
2641 5304 2943 5359 ministerio
2970 5305 3292 5361 sacerdotali
3321 5307 3401 5361 vel
3431 5307 3619 5365 diaco-

2049 5399 2206 5447 natus
2233 5394 2377 5448 dicit.

2122 5486 2242 5541 Sive
2270 5489 2357 5558 qui
2402 5487 2546 5541 docet
2592 5486 2647 5540 in
2697 5487 2955 5541 doctrina.
2988 5489 3089 5556 Qui
3126 5490 3283 5545 docet
3333 5487 3505 5557 major
3534 5498 3623 5544 cst

2050 5594 2113 5635 eo
2138 5580 2228 5648 qui
2258 5579 2593 5634 exhortatur.
