3994 6204
341 506 401 559 8|
1162 496 1680 554 COI.LECT|UNES
1720 496 1783 551 IN
1825 497 2204 552 El’lSTOLAS
2243 495 2328 549 ΕΤ
2372 495 2782 551 EVANGELIA.
3524 496 3594 551 8‘2

416 615 519 681 Qui
546 614 856 670 exhortatur
904 614 958 665 in
988 612 1328 667 exhortando.
1372 612 1471 681 (Ex
1502 611 1674 681 Orig.)
1704 609 1913 663 Exhor—
1943 618 1991 677 Α
2023 614 2106 659 ret
2134 605 2358 660 Domino
2383 621 2522 660 unus
2542 606 2764 675 spiritus
2789 614 2888 666 est,
2920 606 2992 660 ita
3020 612 3076 661 el:
3102 604 3191 661 llic
3212 604 3378 660 dicit':
3404 605 3601 662 Adha-

346 710 477 764 tatio
504 706 713 775 species
742 703 999 758 doctrinae
1025 710 1109 755 est
1134 710 1191 755 ot
1218 703 1386 764 verbi,
1422 718 1530 769 quo
1551 699 1764 759 afﬂicta}
1796 698 1916 751 ani—

345 815 468 861 mm,
509 778 915 866 Scripturarum
946 793 1250 847 divinarum
1296 788 1599 861 prudenter
1624 792 1822 860 aptatis
1868 795 1923 844 et

344 893 396 944 in
427 904 595 943 unum
649 885 888 941 collectis
945 884 1287 940 sermonibus
1340 882 1664 944 relevantur,
1718 883 1763 936 si
1790 895 1920 935 vero

343 994 522 1036 sermo
552 978 757 1032 habens
784 976 1039 1030 virtutem
1079 974 1265 1045 gratiae
1289 972 1410 1040 Dei,
1439 971 1604 1029 fuerit
1647 973 1922 1028 adhibitus

343 1068 536 1120 animae.
557 1066 876 1136 desperatae,
905 1072 1035 1119 tunc
1064 1079 1158 1119 cor
1205 1063 1323 1133 ejus
1347 1071 1618 1134 penetrat,
1661 1072 1715 1118 et
1736 1079 1922 1117 conso-

344 1160 603 1213 lationem
656 1157 877 1228 praebet,
933 1171 998 1211 ac
1055 1170 1205 1227 spem
1242 1162 1481 1222 revocat,
1545 1153 1922 1225 desperatione

340 1255 613 1308 submota.
1828 1247 1832 1250 ’

419 1344 522 1409 Qui
589 1342 768 1397 tribuit
803 1343 858 1396 in
901 1339 1249 1410 simplicitate.
1317 1339 1560 1409 Oportet,
1620 1339 1819 1409 inquit,
1863 1339 1919 1394 in

341 1432 691 1502 simplicitate
712 1432 908 1493 cordis,
936 1431 1039 1486 hoc
1082 1429 1268 1496 faciat,
1299 1432 1404 1485 hoc
1425 1438 1527 1497 cst,
1582 1446 1651 1485 ne
1672 1430 1923 1486 videatur

342 1524 562 1592 quidem
591 1523 729 1578 bene
778 1522 957 1577 facere
1005 1522 1389 1593 indigentibus.
1432 1522 1607 1579 Corde
1656 1539 1785 1579 vero
1810 1522 1924 1578 lau-

342 1617 465 1669 dem
516 1621 723 1685 quaerat
756 1614 824 1669 ab
875 1613 1201 1668 hominibus.
1231 1612 1347 1668 Non
1395 1621 1479 1670 est
1502 1614 1843 1683 simplicitas,
1875 1614 1921 1669 si

341 1706 487 1761 aliud
536 1704 624 1776 agi
675 1705 922 1760 videatur
977 1706 1034 1759 in
1080 1705 1352 1770 manibus,
1406 1713 1463 1760 et
1525 1705 1670 1772 aliud
1716 1713 1924 1775 quaerat

341 1797 399 1850 in
449 1797 634 1852 corde.

416 1889 523 1954 Qui
559 1896 745 1960 pra'est
776 1890 831 1942 in
881 1887 1253 1943 sollicitudine.
1293 1886 1395 1954 Qui
1423 1902 1555 1943 vero
1581 1896 1780 1956 praeest
1807 1886 1923 1942 fra-

2018 712 2234 751 reamus
2264 697 2425 760 bono,
2451 696 2570 751 sine
2601 695 2787 763 dubio,
2817 703 2878 750 ut
2921 696 3197 765 contingat
3225 695 3384 751 nobis
3424 712 3601 754 unum:

2018 801 2139 841 esse
2163 802 2286 842 cum
2311 779 2472 841 bono.
2539 818 2551 831 ι

2090 877 2413 931 Charitatem
2441 878 2786 947 fraternitatis
2829 879 3049 933 invicem
3102 878 3396 950 diligentes.
3444 878 3521 934 Ac
3545 880 3620 934 εἰ·
3661 889 3668 895 ”

2019 967 2185 1035 dicat,
2228 978 2288 1024 ut
2321 968 2542 1035 fratres,
2588 979 2644 1025 et
2667 970 2820 1040 quasi
2855 986 2920 1025 ex
2967 986 3074 1026 una
3098 980 3271 1026 matre
3322 973 3613 1043 generati,.

2020 1059 2095 1113 ita
2123 1075 2219 1113 vos
2245 1059 2468 1130 diligite,
2503 1059 2606 1115 hoc
2643 1060 2958 1115 mandatum
3007 1061 3338 1130 accepimus,
3382 1068 3443 1116 ut
3474 1060 3611 1116 (ηιξ-ι

2021 1165 2208 1220 gamus
2234 1165 2333 1205 nos
2356 1149 2606 1215 invicem,
2632 1151 2772 1205 sicut
2789 1158 2849 1206 et
2863 1151 3006 1206 Deus
3026 1151 3363 1207 dilexit'nos.’

2091 1239 2199 1311 (Ex
2226 1240 2493 1312 Origene.)
2523 1241 2744 1299 Fratres
2771 1258 2899 1314 ergo
2922 1242 3178 1313 iubemur
3200 1245 3444 1316 diligere,
3482 1262 3595 1302 non

2012 1330 2282 1399 judicare,
2311 1332 2358 1385 si
2402 1333 2548 1387 enim
2601 1341 2763 1403 putas
2811 1334 3046 1403 aliquem
3103 1336 3326 1405 impium
3370 1350 3515 1402 esse,
3542 1344 3599 1390 et

2022 1420 2143 1475 ideo
2164 1422 2286 1476 eum
2314 1437 2421 1476 non
2449 1420 2663 1489 judicas
2689 1422 3062 1494 diligendum?
3094 1423 3259 1490 Audi,
3288 1426 3415 1494 quia
3442 1423 3598 1479 Chri-

2020 1519 2138 1564 stus
2162 1510 2260 1579 pro
2312 1509 2490 1579 impiis
2537 1519 2782 1567 mortuus
2821 1519 2925 1579 est,
2962 1520 3055 1568 aut
3096 1513 3142 1569 si
3172 1513 3297 1584 quia
3345 1523 3599 1585 peccator

2021 1609 2105 1656 est
2144 1600 2315 1656 frater
2363 1609 2533 1668 tuus,
2568 1603 2689 1659 ideo
2722 1619 2846 1659 eum
2878 1619 2983 1660 non
3018 1613 3177 1676 putes
3225 1604 3602 1678 diligendum?

2020 1694 2182 1759 Audi,
2208 1695 2336 1765 quia
2381 1694 2630 1751 Christus
2679 1695 2837 1753 Iesus
2886 1697 2941 1752 in
2971 1698 3117 1753 hunc
3154 1699 3411 1753 mundUm
3456 1698 3603 1752 venit

2020 1796 2335 1856 peccatores
2363 1787 2540 1843 salvos
2569 1788 2774 1854 facere,
2800 1787 2844 1844 si
2866 1784 2996 1844 vero
3014 1786 3197 1857 iustus
3223 1796 3328 1854 est,
3356 1788 3601 1844 dilectio-

2023 1892 2092 1933 ne
2117 1878 2287 1933 multo
2320 1878 2493 1948 magis
2546 1878 2742 1950 dignus
2794 1888 2898 1941 est.
2940 1880 3198 1936 Dominus
3233 1880 3379 1935 enim
3428 1879 3605 1952 diligit

341 1981 538 2043 tribus,
566 1978 649 2035 vel
676 1978 767 2047 qui
795 1987 992 2048 praeest
1013 1978 1289 2043 Ecclesiae,
1320 1978 1374 2032 in
1405 1977 1768 2034 sollicitudine
1800 1993 1921 2033 esse
1948 1968 1996 2027 B
2017 1968 2211 2038 iustos.

341 2070 524 2135 debet,
554 2084 661 2123 non
690 2068 1047 2122 humanarum
1095 2084 1402 2130 causarum,
1434 2082 1534 2123 nec
1578 2067 1921 2124 smcularium

340 2176 546 2225 rerum,
572 2163 688 2216 haec
708 2161 851 2215 enim
878 2160 1180 2218 sollicitudo
1195 2162 1374 2217 aliena
1401 2162 1562 2217 debet
1586 2177 1707 2217 esse
1746 2163 1814 2217 ab
1837 2162 1921 2217 his

341 2251 432 2316 qui
477 2249 734 2305 Ecclesia:
758 2258 1019 2319 praesunt,
1048 2251 1142 2305 sed
1167 2249 1326 2304 talem
1360 2250 1624 2319 recipiant
1660 2248 1923 2305 sollicitu-

343 2340 543 2403 dinem,
600 2338 815 2408 qualem
863 2324 1153 2409 Apostolus
1196 2339 1346 2395 dicit.
1394 2339 1706 2396 Concursus
1754 2340 1807 2394 in
1836 2356 1923 2396 me

343 2430 706 2497 quotidianus,
742 2428 1041 2484 sollicitudo
1095 2431 1328 2484 omnium
1383 2429 1757 2486 Ecclesiarum.
1790 2429 1922 2495 Quis

343 2519 662 2587 inﬁrmatur,
690 2529 739 2575 et
761 2537 853 2591 ego
882 2537 985 2574 non
1012 2521 1299 2585 inﬁrmor?
1341 2520 1471 2587 Quis
1499 2519 1920 2588 scandalizatur,

342 2618 391 2661 et
422 2625 514 2678 ego
540 2626 642 2663 non
666 2626 791 2663 uror
811 2609 900 2678 (II
932 2607 1053 2662 Cor.
1069 2609 1193 2678 1|)?
1358 2598 1361 2601 λ

368 2689 372 2693 “
418 2697 521 2762 Qui
548 2698 821 2752 miseretur
847 2694 902 2752 in
923 2698 1210 2754 hilaritate.
1250 2699 1350 2770 (Ex
1383 2698 1638 2771 Primus.)
1690 2688 1923 2753 Maxime

339 2788 505 2871 circa.
529 2796 761 2858 mgrotos
814 2788 1187 2843 misericordia
1236 2788 1537 2843 exhibenda
1572 2798 1674 2853 cst,
1703 2789 1921 2843 miseri-

343 2877 553 2931 cordia:
586 2879 767 2933 titulus
798 2878 1060 2949 generalis
1086 2887 1191 2943 est,
1223 2878 1313 2948 qui
1336 2879 1482 2951 circa
1505 2894 1693 2934 omnes
1714 2879 1926 2949 placido

246 2950 251 2959 ’
342 2967 683 3022 exhibendas
709 2976 792 3023 est
817 2971 1020 3036 animo,
1051 2970 1278 3026 hilarem
1300 2950 1545 3025 datorem
1570 2969 1742 3041 diligit
1760 2968 1921 3036 Deus,

320 3045 402 3110 ἐι
429 3056 638 3110 tristem
677 3058 795 3113 sine
824 3059 989 3114 dubio
1017 3060 1132 3115 odit
1159 3058 1248 3132 (II
1274 3057 1397 3113 Cor.
1426 3058 1526 3132 Ix).

420 3148 528 3220 (Ea:
547 3148 720 3221 Orig.)
747 3151 850 3218 Qui
871 3151 1018 3206 enim
1047 3159 1237 3223 erogat
1260 3152 1543 3222 pecuniam
1567 3167 1742 3217 suam,
1773 3152 1819 3207 si
1848 3151 1925 3206 in-

348 3240 520 3297 ﬁdelis
559 3243 651 3309 sit,
682 3253 737 3298 et
791 3253 1132 3314 recepturum
1181 3260 1241 3301 se
1291 3244 1567 3314 desperet,
1608 3243 1925 3300 necessario

2100 2058 2318 2114 Honore
2366 2061 2584 2116 invicem
2615 2061 3007 2131 prtvvenieutes.
3049 2060 3161 2134 (Ex
3191 2059 3451 2132 Primas.)
3488 2058 3607 2116 Hoc

2029 2152 2075 2209 si
2111 2167 2325 2222 semper
2353 2167 2719 2218 servaremus,
2748 2161 2803 2207 et
2827 2152 3176 2217 charitatem,
3206 2158 3261 2206 et
3284 2151 3628 2222 patientiam:

2030 2251 2357 2309 teneremus,
2403 2244 2576 2298 sinos
2600 2243 2745 2298 enim
2790 2242 3042 2299 omnibus
3067 2243 3305 2298 minores
3340 2240 3606 2311 judicare-

2030 2351 2174 2402 mus,
2205 2351 2305 2392 nec
2327 2334 2469 2390 ultro
2491 2334 2651 2390 alicui
2705 2334 2956 2404 injuriam
3000 2333 3324 2400 faceremus,
3368 2348 3471 2388 nec
3496 2332 3622 2387 illa."

2032 2414 2140 2484 min
2176 2430 2331 2486 nobis
2364 2429 2605 2502 graviter
2629 2428 2952 2486 doleremus.

2102 2520 2211 2592 (Ea:
2241 2520 2509 2593 Origene.)
2549 2519 2663 2577 Hoc
2711 2528 2815 2589 est,
2840 2520 2983 2594 quod
3016 2526 3075 2577 et
3124 2518 3390 2576 Dominus
3417 2519 3604 2575 docuit

2030 2627 2152 2666 cum
2199 2619 2419 2666 notaret
2456 2611 2665 2667 scribas
2687 2618 2742 2666 et
2780 2611 3095 2682 pharlszeos,
3143 2612 3319 2682 prima
3347 2610 3450 2667 sibi
3480 2608 3601 2667 loca

2031 2701 2085 2756 in
2117 2701 2380 2757 conviviis
2427 2701 2788 2768 vindicantes,
2815 2709 2871 2756 et
2899 2702 3057 2758 docet
3111 2709 3173 2756 ut
3230 2716 3353 2758 cum
3380 2708 3606 2757 vocatus

2030 2793 2199 2850 fueris
2267 2803 2325 2849 tu
2362 2794 2430 2849 ad
2484 2792 2725 2862 caenam,
2767 2795 2821 2851 in
2880 2795 3179 2852 novissimo
3216 2796 3335 2854 loco
3396 2811 3606 2854 recum-

2028 2884 2128 2939 bas
2151 2880 2301 2954 (Luc.
2327 2882 2459 2956 xw).

2103 2974 2471 3031 Sollicitudine
2495 2992 2599 3029 non
2642 2975 2796 3047 pigri.
2839 2974 2941 3044 (Ex
2982 2972 3239 3047 Primas.)
3278 2974 3356 3032 Ne
3380 2988 3478 3047 per
3504 2976 3605 3030 sol-

2030 3065 2365 3122 licitudinem
2412 3064 2597 3122 Stecttli
2648 3066 2790 3139 pigri
2851 3068 2904 3122 in
2953 3067 3049 3122 Dei
3079 3083 3242 3138 opere
3293 3067 3606 3124 efﬁciamini

2034 3158 2251 3213 inertes.
2309 3157 2571 3228 Superius
2597 3172 2723 3213 eum
2768 3157 2861 3228 qui
2905 3166 3122 3228 praeest,
3157 3157 3211 3211 in
3247 3148 3609 3213 sollicitudine

2033 3249 2228 3313 debere
2283 3262 2403 3303 esse
2448 3247 2800 3313 commonuit,
2856 3262 3001 3303 nunc
3044 3261 3176 3303 vero
3222 3248 3609 3303 omnibusdat

347 3344 605 3403 tanquam
644 3336 737 3406 qui
764 3352 884 3392 eam
907 3337 1221 3407 perdiderit,
1249 3337 1623 3401 contristatur,
1677 3336 1767 3407 qui
1793 3353 1923 3392 vero
1953 3319 1997 3381 (ἶ
2030 3338 2504 3394 hoelucommune
2554 3339 2891 3403 mandatum,
2921 3353 2989 3393 ne
3009 3338 3131 3412 quis
3154 3347 3398 3394 nostrum
3423 3339 3608 3394 audiat

348 3440 470 3478 eum
500 3425 604 3481 ﬁde
624 3435 679 3481 et
720 3443 817 3498 spe
865 3428 970 3483 hoc
1013 3429 1146 3498 agit,
1205 3429 1259 3483 in
1315 3428 1590 3483 hilaritate
1642 3436 1697 3483 et
1739 3427 1928 3482 laetitia

348 3516 476 3586 agit,
514 3526 696 3571 certus
723 3518 867 3586 quo]
910 3533 1077 3589 parva
1098 3519 1213 3573 haec
1241 3534 1360 3587 qua:
1394 3533 1497 3588 pro
1546 3517 1802 3572 mandato
1832 3516 1927 3572 Dei

348 3606 623 3675 expendit,
654 3607 899 3679 ingentes
946 3608 1049 3664 sibi
1093 3622 1226 3679 epes
1250 3608 1555 3663 caelestium
1593 3608 1925 3673 divitiarum,

352 3693 573 3764 insuper
595 3706 777 3752 autem
804 3709 862 3752 et
886 3706 1144 3754 aeternam
1173 3697 1466 3755 conferant
1492 3699 1688 3754 vitam.

424 3786 642 3841 Dilectio
669 3789 778 3843 sine
820 3788 1176 3845 simulatione.
1212 3790 1344 3846 Tota
1380 3790 1589 3870 puritas
1614 3789 1777 3844 debet
1806 3805 1929 3845 esse

352 3877 407 3930 in
432 3875 759 3945 Christiano,
816 3879 898 3935 sic
924 3881 1067 3935 Deus
1094 3897 1229 3951 pura
1259 3881 1350 3936 lux
1377 3890 1485 3946 est,
1526 3880 1733 3952 ﬁngere
1782 3881 1928 3935 enim

352 3982 631 4022 servorum
678 3977 782 4024 est.
816 3969 1110 4040 Diligamus
1160 3987 1268 4026 non
1324 3971 1507 4042 lingua
1565 3978 1796 4037 tantum,
1832 3970 1929 4025 sed

351 4070 511 4126 opere
531 4065 588 4111 et
610 4058 860 4113 veritate.
899 4057 979 4114 lta
1007 4059 1172 4116 etiam
1212 4060 1258 4115 si
1287 4076 1509 4118 necesse
1537 4058 1705 4117 fuerit
1725 4077 1824 4132 pro
1854 4062 1931 4115 in-

357 4164 527 4203 vicem
548 4164 865 4205 moriamur.
1587 4197 1591 4200 .

421 4237 530 4307 (Ex
560 4237 735 4310 Orig.)
778 4239 888 4311 Ego
916 4249 1046 4310 puto
1074 4242 1218 4312 quod
1240 4242 1417 4297 omnis
1441 4240 1659 4297 dilectio
1681 4256 1800 4309 quae
1820 4255 1927 4295 non

350 4338 433 4381 est
480 4330 780 4384 secundum
828 4331 996 4386 Deum
1030 4333 1280 4389 simulata
1335 4334 1425 4401 sit,
1457 4341 1513 4389 et
1549 4347 1679 4387 vera
1704 4348 1810 4387 non
1835 4331 1925 4399 sit,

351 4420 552 4474 etenim
583 4430 797 4477 creator
823 4424 1018 4480 animae
1042 4424 1201 4489 Deus,
1238 4425 1441 4481 idcirco
1462 4425 1536 4492 ei,
1570 4440 1693 4480 cum
1716 4425 1930 4480 caeteris

351 4509 666 4581 virtutibus,
718 4511 884 4567 etiam
936 4512 1187 4569 affectum
1231 4514 1537 4571 dilectionis
1576 4515 1826 4581 inservit,
1870 4523 1931 4570 ut

353 4599 540 4669 diligat
570 4600 743 4655 Deum
800 4610 856 4657 et
895 4618 958 4659 ea
1003 4619 1123 4673 qua:
1169 4603 1284 4659 vult
1331 4605 1493 4663 Deus.
1526 4606 1667 4676 Ergo
1698 4607 1929 4677 quicun-

353 4704 457 4755 que
485 4688 633 4745 aliud
657 4689 905 4746 dilexerit
926 4708 1087 4763 quam
1113 4694 1303 4759 Deum,
1329 4702 1386 4751 et
1408 4711 1527 4768 qua:
1548 4696 1661 4754 Deo
1685 4697 1924 4767 placent,

352 4780 572 4839 dilectio
602 4781 655 4835 in
685 4798 751 4837 eo
776 4782 904 4839 ﬁcta
941 4793 996 4840 et
1046 4785 1294 4842 simulata
1347 4786 1573 4843 dicenda
1620 4796 1724 4852 est,
1751 4788 1846 4842 sed
1877 4794 1934 4842 ct
1974 4779 1978 4782 ⁴

354 4870 397 4923 si
430 4872 556 4940 quis
605 4874 910 4942 proximum
939 4890 1097 4930 suum
1147 4886 1421 4935 errantem
1471 4878 1685 4945 viderit,
1742 4887 1931 4935 etnon

351 4963 677 5029 correxerit,
710 4964 957 5021 simulata
978 4967 1194 5025 dilectio
1214 4968 1442 5023 dicenda
1467 4977 1569 5023 est.
1620 4969 1764 5025 Nihil
1786 4971 1932 5026 enim

354 5057 561 5112 habere
582 5058 964 5126 adulatorium,
1000 5063 1135 5118 nihil
1161 5063 1401 5121 fucatum
1428 5065 1646 5121 dilectio
1667 5066 1846 5123 debet.

430 5147 682 5204 Odientes
710 5150 929 5207 malum.
963 5153 1155 5211 Mirum
1199 5153 1434 5210 fortasse
1490 5155 1570 5210 sit
1599 5158 1745 5225 quod
1793 5157 1937 5213 inter

352 5245 551 5291 cetera
589 5239 729 5294 bona
774 5242 1057 5310 virtutum,
1113 5245 1409 5300 assumitur
1457 5244 1621 5300 etiam
1650 5245 1852 5309 odium,
1881 5253 1938 5301 et

352 5339 617 5398 tanquam
670 5333 1041 5389 necessarium
1084 5334 1153 5391 ab
1197 5334 1455 5405 Apostolo
1498 5334 1735 5405 ponitur.
1781 5333 1937 5390 Unde

348 5428 568 5473 certum
619 5433 706 5476 est
736 5422 917 5479 inesse
953 5424 1150 5482 anima:
1183 5425 1345 5480 etiam
1373 5424 1482 5480 odii
1528 5424 1805 5480 affectum.
1837 5423 1937 5479 Est

346 5511 502 5563 enim
564 5510 838 5568 laudabile
902 5514 1084 5570 odisse
1112 5515 1267 5580 vitia,
1312 5515 1493 5571 odisse
1552 5522 1796 5585 peccata,
1829 5512 1935 5568 nisi

346 5600 504 5655 enim
534 5602 658 5671 quis
687 5604 811 5659 odio
848 5604 1047 5661 habeat
1068 5606 1219 5672 vitia,
1245 5621 1352 5662 non
1379 5613 1558 5675 potest
1600 5620 1805 5671 amare,
1834 5619 1939 5660 nec

346 5708 685 5751 conservare
715 5696 963 5753 virtutes.

432 5788 771 5847 Adka'rentes
810 5792 965 5846 bona.
1022 5792 1408 5848 Adhzereamus
1456 5793 1618 5855 bono,
1650 5792 1939 5847 observan-

355 5880 495 5936 dutn
520 5882 685 5937 ctiutu
712 5885 835 5950 hoc,
868 5886 1011 5954 quod
1040 5886 1179 5940 sicut
1229 5884 1283 5939 in
1312 5883 1427 5938 aliis
1462 5883 1611 5949 dicit,
1639 5882 1730 5952 qui
1762 5881 1937 5935 adhae-

2032 3446 2059 3483 a
2094 3428 2320 3483 Domino
2345 3444 2501 3485 serve
2536 3428 2674 3483 male
2697 3435 2752 3481 et
2773 3428 2942 3498 piger.

2102 3517 2303 3587 Spiritu
2365 3518 2637 3587 ferventes.
2697 3516 2833 3582 Quia
2894 3514 3118 3586 frigidos
3183 3515 3443 3571 Dominus
3499 3532 3607 3570 non

2031 3616 2197 3673 amat,
2256 3615 2311 3660 et
2352 3607 2405 3661 in
2456 3606 2652 3677 tepidis
2691 3612 3006 3672 nauseatur,
3051 3615 3181 3662 tunc
3227 3607 3388 3677 plane
3413 3607 3609 3678 spiritu

2030 3699 2317 3759 fervcmus,
2355 3698 2399 3752 si
2425 3696 2621 3753 szeculo
2648 3697 2823 3768 frigidi
2857 3712 3063 3755 sumus.

2102 3787 2210 3861 (Ea:
2246 3786 2516 3860 Origene.)
2556 3786 2684 3843 Vult
2706 3788 2852 3843 enim
2900 3796 2960 3842 ut
2993 3804 3092 3844 nos
3116 3789 3207 3858 qui
3238 3790 3337 3845 sub
3366 3788 3482 3861 lege
3504 3790 3608 3858 spi-

2031 3882 2168 3935 ritus
2193 3880 2442 3945 vivimus,
2474 3878 2608 3936 nihil
2637 3880 2942 3945 rcmissum,
2978 3880 3112 3935 nihil
3143 3880 3382 3953 tepidum
3407 3882 3607 3936 hahea-

2030 3987 2151 4026 nms
2187 3971 2240 4027 in
2263 3970 2439 4035 nobis,
2490 3969 2585 4025 sed
2629 3985 2753 4026 cum
2799 3969 3015 4027 fervore
3057 3971 3301 4043 spiritus,
3344 3978 3401 4026 ct
3425 3970 3606 4027 calore

2031 4062 2153 4117 ﬁdei
2180 4070 2372 4117 cuncta
2407 4069 2747 4133 peragamus;

2101 4151 2325 4205 Domino
2353 4150 2651 4204 servientes.
2690 4148 2785 4204 Ille
2833 4148 3064 4205 Domino
3099 4149 3269 4204 servit
3307 4149 3402 4219 qui
3430 4160 3610 4221 potest

2031 4240 2212 4296 dicere
2265 4240 2441 4304 nobis,
2495 4255 2636 4294 unus
2686 4239 2947 4295 Dominus
2995 4238 3154 4295 Iesus
3200 4239 3467 4309 Christus,
3511 4257 3609 4314 per

2028 4346 2188 4404 quem
2237 4330 2437 4395 omnia,
2467 4336 2523 4384 et
2567 4344 2665 4386 nos
2688 4345 2787 4401 per
2831 4329 3032 4400 ipsum,
3076 4345 3181 4388 nec
3226 4330 3367 4387 ultra
3410 4334 3484 4400 ei,
3515 4346 3607 4390 aut

2029 4423 2217 4489 libido,
2255 4430 2348 4477 aut
2385 4422 2632 4487 avaritia,
2663 4429 2756 4477 aut
2795 4421 2972 4479 inanis
3009 4423 3182 4496 gloria
3218 4423 3602 4481 dominabitur.

2103 4512 2206 4586 Spe
2255 4514 2563 4586 gaudentes.
2606 4512 2715 4585 Spe
2762 4514 2980 4586 gaudet,
3015 4514 3107 4585 qui
3145 4530 3254 4571 non
3294 4516 3515 4587 respicit
3545 4532 3608 4574 ea

2033 4621 2154 4676 qua:
2180 4592 2454 4670 videntur,
2504 4602 2599 4659 sed
2627 4618 2693 4661 ea
2720 4619 2842 4675 qua:
2868 4619 3001 4659 non-
3028 4604 3283 4661 videntur
3306 4617 3606 4677 exspectat,

2033 4702 2089 4749 et
2109 4693 2199 4764 qui
2230 4693 2352 4759 scit,
2394 4692 2655 4763 quoniam
2700 4710 2805 4748 non
2846 4700 2967 4748 sunt
3012 4693 3286 4766 condignae
3337 4696 3607 4767 passiones

2033 4784 2193 4854 hujus
2229 4785 2475 4855 temporis
2503 4783 2573 4838 ad
2602 4783 2837 4853 futuram
2866 4782 3111 4856 gloriam,
3149 4802 3266 4857 guw
3298 4787 3613 4842 revelabitur

2031 4876 2087 4931 in
2115 4875 2260 4930 nobis
2287 4875 2463 4949 (Rom.
2496 4874 2637 4948 vni).

2104 4963 2172 5019 In
2213 4964 2550 5019 tribulatione
2609 4965 2881 5035 patientes.
2924 4963 3025 5037 (Ex
3082 4963 3339 5039 Primas.)
3378 4964 3608 5039 Propter
3653 4953 3656 4955 Α

2036 5055 2289 5127 gaudium
2311 5057 2422 5128 spei
2449 5054 2643 5111 futura:
2670 5056 2851 5111 omnia
2877 5057 3162 5123 sustinete,
3185 5058 3325 5114 sicut
3346 5058 3610 5128 scriptum

2040 5153 2126 5202 est
2155 5164 2168 5199 :
2203 5145 2369 5228 Omne
2390 5147 2643 5218 gaudium
2687 5147 3004 5214 existimate,
3036 5147 3246 5218 fratres,
3278 5130 3397 5203 cum
3441 5150 3494 5202 in
3521 5167 3609 5205 va-

2042 5239 2149 5295 rias
2176 5241 2482 5295 tentationes
2510 5240 2802 5295 incideritis
2841 5238 3050 5312 (Iacob.
3099 5237 3161 5312 ι),
3192 5248 3248 5296 ει
3273 5241 3398 5311 quia
3445 5240 3608 5294 tribu-

2040 5328 2168 5385 latio
2189 5331 2495 5401 patientiam
2521 5340 2788 5402 operatur,
2815 5330 3069 5401 patientia
3094 5331 3474 5404 probationem,
3495 5346 3610 5402 pro-

2040 5420 2180 5475 batio
2204 5438 2345 5491 spem
2384 5418 2553 5493 (Rom.
2581 5419 2658 5495 v).

2112 5509 2355 5566 Orationi
2397 5511 2668 5566 instantes.
2730 5510 2986 5568 lnstantia
3029 5512 3174 5569 enim
3217 5507 3485 5567 orationia
3510 5521 3605 5561 now

2039 5601 2122 5657 bis
2148 5610 2369 5672 praestat
2413 5601 2670 5657 auxilium
2717 5602 2772 5656 in
2800 5602 3058 5665 adversis,
3105 5601 3159 5654 in
3186 5613 3295 5668 quo
3316 5595 3462 5652 enim
3498 5614 3603 5651 non

2040 5691 2243 5746 sufﬁcit
2270 5692 2505 5745 humana
2533 5690 2813 5763 fragilitas,
2847 5690 3104 5749 auxillum
3149 5686 3608 5747 Deiorationilus

2039 5782 2429 5857 implorandum
2452 5789 2554 5837 est.
3151 5775 3163 5785 ’

2112 5874 2517 5929 Necessitatibus
2538 5882 2837 5929 sanctorum
2861 5870 3319 5927 communicantes.
3349 5868 3429 5926 Ac
3458 5869 3507 5930 Si
3535 5869 3609 5923 di-
