3998 6198
423 473 493 528 85
1694 477 2044 534 SllAllACDl
2082 478 2375 537 ADBATIS
2844 508 2847 511 -
3608 479 3677 535 Si

423 595 512 640 cat
550 586 848 641 ministrate
874 586 977 641 eis.
1016 585 1103 656 qui
1136 594 1353 656 propter
1381 587 1653 643 Christum
1680 607 1776 644 sua
1804 591 1985 645 omnia
2015 595 2064 652 Α
2091 606 2210 644 cum
2240 591 2456 646 talibus.
2493 591 2601 648 Sed
2642 609 2762 650 cum
2810 595 2918 648 illis
2953 594 3187 649 ﬂendum
3218 602 3324 662 est,
3391 592 3461 648 de
3486 594 3679 663 quibus

424 685 854 744 contemnentes,
890 677 1084 751 alienis
1128 677 1195 731 ad
1228 685 1437 746 tempus
1474 679 1712 750 indigent
1740 682 2006 736 ministra-

424 766 683 821 tionibus.

495 853 604 928 (Ea:
659 852 929 929 Origene.)
968 855 1207 913 llonestc
1255 867 1312 914 et
1353 859 1629 926 decenter,
1681 878 1787 918 non
1846 863 2001 932 quasi

423 951 617 1020 stipem
659 949 1025 1018 indigentibus
1074 952 1280 1007 sanctis
1333 955 1600 1022 praebere,
1640 955 1734 1010 sed
1778 970 2002 1010 censum

422 1048 669 1097 nostrum
696 1041 1093 1110 quodammodo
1117 1056 1242 1097 cum
1270 1041 1401 1115 ipsis
1444 1038 1646 1099 habere
1691 1060 2000 1110 commune,

424 1138 481 1184 et
522 1128 835 1184 meminisse.
874 1138 1187 1185 sanctorum
1225 1132 1338 1187 sive
1373 1132 1427 1186 in
1456 1132 1699 1188 collectis
1742 1132 2001 1188 solemni-

425 1220 547 1293 bus,
576 1219 691 1274 sive
727 1233 828 1289 pro
863 1233 951 1286 eo,
989 1230 1049 1275 ut
1092 1235 1160 1275 ex
1199 1222 1574 1279 recordatione
1612 1238 1799 1279 comm
1837 1222 2003 1292 protl-

424 1313 653 1368 ciamus.

493 1401 920 1474 Hospitalitatem
946 1412 1220 1457 sectantes.
1262 1403 1436 1470 Quam
1468 1403 1625 1474 digne
1667 1404 2002 1475 hospitalita-

422 1492 493 1548 tis
516 1490 995 1563 magnificentiam,
1037 1507 1145 1547 uno
1172 1506 1423 1547 sermone
1452 1493 1891 1563 comprehcndit!
1914 1491 2001 1547 Di-

418 1598 548 1661 ccns
571 1584 715 1638 enim
759 1583 1068 1639 sectandam
1116 1598 1238 1639 esse
1276 1583 1725 1652 hospitalitatem,
1768 1601 1874 1640 non
1914 1601 2002 1641 so-

419 1673 525 1727 lum
557 1673 814 1737 ostendit,
839 1683 899 1727 ut
946 1674 1248 1729 venientem
1285 1673 1353 1728 ad
1395 1689 1494 1729 nos
1522 1675 1790 1745 hospitem
1831 1679 2002 1733 susci-

417 1764 652 1834 piamus,
715 1766 808 1820 scd
842 1773 898 1819 et
937 1767 1298 1835 requiramus,
1363 1776 1419 1822 et
1446 1767 1661 1823 solliciti
1721 1768 1915 1833 simus,
1947 1776 2004 1823 et

417 1862 687 1908 metemur
742 1868 806 1908 ac
837 1856 1214 1924 perquiramus
1248 1856 1447 1926 ubique
1491 1857 1752 1927 hospites,
1783 1874 1884 1915 nec
1907 1859 1998 1915 ubi

2103 681 2236 734 dicit
2261 679 2523 737 Dominus
2552 698 2566 736 :
2591 682 2742 737 Beati
2772 686 2864 755 qui
2893 684 3043 751 ﬂent,
3073 685 3326 755 quoniam
3354 685 3453 755 ipsi
3486 702 3680 740 conso—

2104 769 2379 824 labuntur.
2414 770 2470 826 Si
2502 772 2626 842 quis
2652 770 2742 828 ﬂet
2773 788 2872 843 pro
2904 777 3153 845 peccatis
3172 774 3308 839 suis,
3334 774 3382 829 si
3412 774 3536 844 quis
3561 786 3682 844 post

2103 860 2301 916 delicta
2363 863 2699 917 convertitur
2755 863 2821 918 ad
2884 863 3278 934 paenitentiam,
3340 870 3396 919 et
3434 852 3680 918 errorem

2102 964 2263 1005 suum
2319 950 2575 1022 lacrymis
2626 952 2791 1007 lavat.
2825 951 2883 1007 Si
2912 953 3034 1023 quis
3080 953 3246 1008 etiam
3290 953 3597 1021 ingemiscit
3627 955 3680 1009 in

2102 1036 2417 1093 habitaculo
2448 1039 2552 1095 isto
2580 1042 2807 1110 positus,
2863 1049 2920 1096 ct
2944 1042 3012 1095 ad
3039 1040 3315 1097 Christum
3342 1042 3521 1097 redire
3542 1042 3682 1097 desi-

2102 1125 2283 1189 derat,
2315 1136 2372 1182 ct
2400 1142 2498 1198 per
2522 1138 2765 1184 sanctum
2793 1130 3121 1186 desiderium
3164 1131 3525 1202 lacrymarum
3554 1148 3682 1203 pro—

2104 1213 2321 1272 fusione
2348 1216 2583 1273 lavatur.
2635 1217 2932 1290 Jungamus
2987 1236 3110 1276 cum
3141 1220 3355 1290 talibus,
3406 1222 3683 1294 lacrymas

2102 1318 2322 1365 nostras
2372 1318 2429 1367 et
2488 1311 2722 1383 gemitus
2777 1313 3067 1369 sociemus.
3102 1313 3344 1371 Tristitia
3385 1317 3529 1371 enim
3565 1335 3684 1389 quae

2104 1403 2403 1457 secundum
2456 1396 2625 1459 Deum
2662 1412 2767 1467 est,
2796 1403 3026 1460 salutem
3087 1405 3333 1462 stabilem
3362 1422 3463 1476 per
3510 1410 3683 1478 poeni-

2105 1490 2329 1545 tentiam
2359 1482 2634 1561 operatur.

2175 1577 2243 1633 Id
2270 1579 2441 1650 ipsum
2493 1571 2710 1638 invicem
2741 1586 3034 1640 sentientes.
3077 1584 3272 1641 Sermo
3322 1585 3426 1642 iste
3452 1602 3559 1641 non
3589 1602 3682 1641 na-

2104 1676 2224 1723 tura
2251 1669 2358 1737 sui,
2411 1671 2506 1728 sed
2548 1673 3000 1744 interpretatione
3040 1676 3325 1733 obscurior
3370 1675 3544 1742 factus
3572 1689 3678 1743 est,

2066 1800 2075 1803 -
2102 1758 2205 1815 hoc
2228 1771 2313 1817 est
2334 1763 2480 1818 enim
2505 1766 2648 1834 quod
2676 1765 2810 1821 dicit
2838 1784 2852 1823 :
2887 1776 2947 1821 ut
2975 1768 3050 1822 ita
3079 1768 3147 1823 de
3172 1767 3340 1823 fratre
3385 1770 3683 1827 sentiamus

2104 1862 2164 1907 ut
2186 1863 2242 1908 et
2269 1854 2336 1908 de
2356 1856 2518 1911 nobis
2570 1857 2721 1927 ipsis.
2761 1859 2826 1912 Et
2852 1859 2927 1913 ita
2964 1858 3194 1915 velimus
3244 1852 3510 1929 proximo,
3541 1863 3681 1916 sicut

417 1943 555 1999 forte
580 1944 637 1999 in
662 1945 856 2016 plateis
891 1945 1141 2009 sedeant,
1170 1962 1273 2003 nec
1321 1956 1476 2019 extra
1509 1957 1709 2005 tectum
1753 1950 1996 2021 jaceant.
2028 1931 2074 1991 Β
2102 1952 2158 1999 et
2182 1945 2337 2000 nobis
2362 1946 2630 2013 volumus,
2663 1957 2724 2004 ut
2750 1961 2800 2005 et
2831 1950 3094 2006 Dominus
3115 1949 3170 2004 in
3195 1950 3486 2022 Evangelio
3506 1953 3677 2007 diiit:

420 2032 725 2090 Recordare
746 2034 904 2101 Loth,
931 2044 987 2091 et
1035 2036 1276 2093 invenies
1313 2039 1458 2108 quod
1488 2039 1635 2094 illum
1683 2056 1789 2098 non
1814 2043 2002 2113 hospi-

422 2136 521 2191 tes,
562 2126 656 2183 sed
684 2127 799 2197 ipse
853 2129 1129 2199 qumsierit
1161 2130 1405 2199 hospites
1442 2130 1595 2201 (Gen.
1642 2132 1779 2207 xix),
1815 2142 1872 2191 et
1896 2136 2002 2191 hoc

414 2225 535 2271 erat
568 2216 987 2287 hospitalitatem
1012 2220 1231 2286 sectari.

483 2304 782 2361 Benedicite
798 2310 1225 2379 persequentibus
1262 2325 1369 2364 vos.
1412 2310 1668 2366 Moralem
1697 2313 1873 2369 locum
1906 2313 1989 2368 la-

372 2380 383 2400 ’
417 2398 528 2452 tius
567 2397 859 2467 Apostolus
899 2413 1205 2468 exsequens
1245 2408 1417 2462 actus,
1458 2410 1715 2465 mentem,
1751 2402 1992 2473 proposi-

416 2499 552 2555 tum,
596 2504 660 2546 os
708 2505 924 2562 quoque
972 2490 1165 2560 ipsum,
1209 2489 1597 2560 discipulorum
1649 2491 1997 2564 linguamque

415 2580 713 2650 componit.
752 2579 869 2637 Non
913 2580 1029 2637 vult
1054 2650 1059 2653 ν
1085 2581 1372 2638 credentes
1401 2578 1621 2638 Christo
1666 2582 1735 2638 de
1772 2597 1869 2639 ore
1897 2598 1997 2638 suo

415 2674 661 2745 proferre
694 2674 1060 2739 malcdictmn,
1111 2676 1205 2729 sed
1253 2674 1391 2729 bene
1438 2674 1606 2744 loqui,
1655 2675 1996 2739 benedicere,

415 2766 553 2823 bene
590 2764 904 2837 praedicare,
950 2772 1011 2819 ut
1047 2779 1113 2818 ex
1172 2763 1295 2827 hoc,
1334 2770 1390 2817 ct
1417 2760 1546 2817 boni
1574 2762 1786 2818 Domini
1828 2760 1993 2826 servi,

416 2862 472 2911 et
496 2844 618 2909 boni
656 2853 898 2925 magistri
926 2855 1217 2909 credantur
1245 2868 1364 2909 esse
1391 2852 1661 2923 discipuli.
1704 2852 1997 2909 Sciendum

417 2956 603 3005 tamen
628 2956 732 3011 est,
756 2947 901 3017 quod
944 2961 1125 3002 sermo
1153 2945 1545 3002 benedictionis
1591 2945 1645 2999 in
1693 2943 1998 3016 Scripturis

417 3040 629 3097 diverse
668 3038 877 3108 positus
919 3037 1209 3100 invenitur,
1260 3051 1386 3090 nam
1426 3045 1483 3091 et
1507 3020 1648 3090 Dens
1678 3036 1998 3092 benedicere

417 3130 632 3193 dicitur,
667 3137 724 3184 et
749 3128 1017 3194 homines,
1047 3128 1132 3183 vel
1158 3137 1370 3184 caetera:
1399 3135 1665 3182 creatura:
1702 3126 1873 3182 Deum
1898 3129 1964 3184 be

420 3221 670 3277 uediccre
703 3218 985 3289 iubentur,
1027 3219 1123 3274 sed
1152 3216 1244 3273 Dei
1296 3216 1600 3272 benedictio
1639 3212 1841 3284 aliquid
1869 3232 1993 3272 mu-

2101 2032 2231 2102 Quze
2254 2036 2418 2091 vultis
2452 2045 2512 2094 ut
2554 2036 2754 2095 faciant
2786 2041 2940 2096 vobis
2979 2040 3249 2105 homines,
3294 2043 3483 2099 eadem
3507 2053 3561 2100 et
3586 2060 3681 2100 vos

2101 2124 2264 2183 facite
2290 2127 2418 2184 illis.

2172 2216 2297 2272 Non
2328 2217 2439 2272 alta
2497 2220 2772 2291 sapientes,
2808 2221 2898 2276 sed
2945 2220 3232 2278 humilibus
3284 2225 3679 2282 consentientes.

2101 2302 2422 2373 Superbiam
2470 2322 2570 2377 per
2624 2309 2805 2364 omnia
2861 2308 3168 2383 fugiendam
3201 2314 3376 2380 docet,
3408 2315 3511 2370 hoc
3536 2317 3680 2371 enim

2098 2390 2229 2446 dicit
2279 2392 2388 2447 alta
2446 2394 2691 2450 sentire:
2736 2404 2793 2451 ct
2840 2399 3038 2454 merito
3109 2402 3363 2469 superbia
3392 2403 3680 2476 ‘l'ugicnda

2098 2489 2203 2542 est,
2239 2497 2363 2537 cum
2418 2481 2696 2553 Scriptura
2748 2485 2878 2540 dicit
2910 2505 2922 2540 :
2966 2488 3102 2555 Quia
3131 2490 3346 2546 initium
3373 2494 3681 2550 discedendi

2100 2587 2132 2626 a
2160 2573 2412 2639 Domino,
2451 2574 2707 2644 superbia
2730 2583 2832 2631 est.
2862 2576 3010 2632 Bene
3046 2587 3227 2634 autem
3264 2596 3373 2636 uno
3401 2599 3655 2641 sermone

2101 2663 2494 2722 institutionem
2523 2667 2843 2723 humilitatis
2869 2671 3140 2739 exposuit,
3192 2674 3501 2729 consentire
3532 2678 3679 2730 enim

2100 2751 2418 2822 humilibus,
2446 2763 2502 2810 et
2520 2772 2702 2812 amare
2734 2758 2983 2823 humiles,
3011 2768 3173 2829 atque
3221 2761 3483 2819 inclinare
3526 2780 3584 2819 se
3610 2767 3679 2820 ad

2100 2860 2216 2910 eos,
2249 2845 2351 2902 hoc
2375 2855 2480 2913 est,
2539 2862 2897 2904 consuescere
2928 2849 3133 2904 imitari
3161 2866 3283 2905 eum
3355 2855 3443 2923 qui
3469 2870 3591 2910 cum
3621 2858 3674 2912 in

2100 2935 2276 2992 forma
2312 2938 2406 2993 Dei
2436 2949 2599 3005 esset,
2628 2939 2855 2995 formam
2887 2939 3028 2996 servi
3072 2943 3327 3013 suscepit,
3356 2953 3412 2999 et
3436 2946 3682 3003 humilia-

2100 3030 2178 3085 vit
2200 3045 2258 3085 se
2285 3046 2457 3099 usque
2482 3030 2548 3085 ad
2578 3041 2807 3087 mortem
2839 3029 3060 3103 (Philip.
3098 3030 3183 3094 ni.
3536 3104 3543 3109 ι

2172 3119 2281 3191 (Ea:
2322 3118 2580 3192 Primus.)
2621 3121 2883 3192 Superbia
2931 3122 3069 3191 sapit
3098 3122 3217 3184 istc,
3252 3123 3344 3192 qui
3399 3140 3551 3181 suam
3583 3144 3678 3197 per

2100 3227 2159 3268 se
2196 3211 2381 3268 ulcisci
2406 3212 2552 3283 cupit
2579 3212 2852 3282 iniuriam,
2885 3222 2940 3270 et
2968 3230 3072 3269 non
3102 3214 3395 3271 humilibus
3424 3216 3599 3284 rebus,
3624 3220 3677 3273 id

421 3314 567 3370 neris
614 3277 829 3384 semper
867 3277 1084 3381 his-qui
1113 3313 1181 3367 ab
1218 3325 1284 3367 co
1313 3309 1704 3366 benedicuntur
1731 3308 1991 3378 impertit,
2022 3277 2066 3339 (ἶ
2096 3311 2198 3367 est,
2232 3303 2522 3358 humilitati
2551 3302 2837 3359 consentit.

422 3403 669 3459 homines
725 3417 856 3458 vero
900 3402 1070 3458 Deum
1115 3399 1434 3457 benedicere
1469 3413 1570 3470 pro
1599 3397 1701 3453 hoc
1742 3398 1886 3468 quod
1913 3407 1998 3452 est

420 3496 644 3554 laudare
685 3501 741 3550 et
766 3493 968 3564 gratias
992 3491 1196 3549 referre
1220 3491 1489 3547 dicuntur.

494 3582 789 3638 Benedicite
811 3592 858 3638 et
886 3582 1044 3638 nolite
1082 3581 1408 3637 malcdicere.
1450 3579 1708 3635 Hortatur
1740 3594 1837 3634 nos
1858 3578 1998 3649 Apo-

417 3673 588 3728 stolus
621 3681 682 3727 ut
705 3688 830 3729 cum
860 3687 1214 3742 provocamur
1238 3673 1307 3729 ab
1338 3671 1595 3736 inimicis,
1620 3685 1727 3725 non
1756 3685 1856 3739 pro
1883 3685 1998 3724 ma-

418 3764 627 3823 ledictis
652 3763 937 3820 maledicta
973 3763 1280 3828 reddamus,
1309 3766 1403 3819 sed
1426 3761 1695 3817 faciamus
1715 3762 1857 3833 quod
1882 3762 1997 3832 ipse

418 3858 485 3913 de
509 3854 807 3925 semetipso
831 3853 1037 3915 scribit,
1066 3852 1154 3909 ubi
1185 3852 1338 3919 dicit,
1368 3852 1732 3907 maledicimur
1777 3860 1827 3906 et
1854 3851 2001 3907 bene-

417 3945 644 4009 dicimus
685 3944 737 4018 (1
766 3942 892 4000 Cor.
923 3942 1021 4014 tv).

487 4033 725 4091 Gaudete
751 4051 870 4090 cum
913 4034 1279 4105 gaudentibus.
1328 4032 1581 4089 llabcnzfa
1636 4042 1721 4089 est
1746 4032 1912 4088 etiam
1941 4032 1996 4089 in

418 4131 521 4185 hoc
547 4136 864 4200 competens
891 4136 948 4184 et
975 4136 1103 4201 apta
1125 4128 1425 4193 distinctio,
1455 4141 1563 4182 non
1593 4125 1737 4180 enim
1767 4125 1996 4197 quibus-

413 4238 633 4296 cunquo
695 4221 933 4295 gaudiis,
995 4220 1431 4277 Christianorum
1491 4219 1683 4291 gaudia
1738 4217 1996 4274 socianda

414 4320 564 4378 sunt,
592 4327 772 4384 neque
796 4311 941 4370 enim
972 4311 1020 4367 si
1045 4311 1257 4367 videam
1290 4308 1526 4382 gaudere
1554 4308 1787 4381 aliquem
1832 4323 1997 4378 super

413 4409 626 4471 quaestu
675 4400 943 4472 pecuniae,
997 4408 1094 4454 aut
1136 4398 1413 4456 scecnlaris
1466 4398 1693 4455 honoris
1746 4396 1996 4453 eminen-

418 4490 533 4554 tiae,
559 4488 932 4560 congratulari
960 4486 1132 4544 debeo
1159 4488 1358 4543 talibus
1382 4488 1474 4556 qui
1503 4488 1696 4551 sciam,
1727 4486 1873 4555 quod
1896 4485 1996 4541 bu-

407 4576 648 4648 jusmodi
713 4577 911 4648 gaudia
963 4575 1141 4632 luctus
1193 4584 1455 4646 sequatur
1512 4566 1570 4632 et
1594 4576 1864 4647 lacrymae,
1897 4575 1995 4631 sed

412 4666 544 4736 quia
593 4665 856 4724 Dominus
900 4660 1158 4735 apostolis
1178 4662 1255 4721 ait
1281 4682 1295 4720 :
1326 4662 1569 4720 Gaudete
1618 4664 1746 4733 quia
1770 4663 1990 4719 nomina

414 4762 596 4811 vestra
630 4754 834 4830 scripta
860 4763 990 4810 sunt
1034 4752 1088 4808 in
1115 4753 1271 4809 cmlo.
1308 4753 1377 4811 Et
1400 4768 1521 4818 nos,
1543 4753 1589 4808 si
1615 4753 1895 4808 videamus
1924 4753 1993 4808 ab

415 4845 599 4917 aliquo
634 4843 740 4900 tale
781 4852 923 4915 opus
955 4841 1071 4915 geri
1109 4842 1255 4913 quod
1302 4842 1358 4898 in
1384 4840 1526 4898 coelo
1575 4841 1740 4897 scribi
1770 4841 1993 4914 dignum

414 4939 513 5004 sit,
540 4938 660 4997 sive
678 4935 906 5009 iustitiae
955 4950 1116 5005 opus,
1145 4934 1261 4990 sive
1312 4932 1622 4998 charitatis,
1677 4932 1794 4989 sive
1817 4933 1988 5004 pacis,

412 5027 499 5084 vel
529 5026 934 5091 misericordia),
961 5034 1019 5082 et
1045 5022 1118 5080 ita
1145 5032 1379 5098 gestum,
1407 5034 1467 5078 ut
1497 5023 1550 5081 in
1577 5023 1713 5079 libro
1738 5022 1861 5079 vita:
1906 5040 1992 5079 rc-

417 5120 553 5176 tcrri
585 5127 885 5183 mereatur,
916 5117 1178 5175 debemus
1217 5114 1456 5192 gaudere
1481 5130 1605 5171 cum
1635 5113 1854 5169 talibus.
1881 5113 1991 5169 Sed

410 5221 467 5267 et
499 5211 544 5267 si
573 5210 795 5280 quidem
820 5209 1102 5265 videamus
1131 5207 1201 5263 ab
1226 5221 1415 5262 errore
1449 5220 1796 5269 conversum,
1824 5212 1882 5260 et
1902 5220 1990 5259 re-

410 5304 557 5360 lictis
582 5301 901 5375 ignorantia:
915 5301 1169 5363 tenebris,
1195 5301 1263 5355 ad
1291 5298 1464 5354 lucem
1490 5296 1733 5353 veritatis
1758 5297 1984 5359 venisse,
2040 5364 2047 5371 ι

412 5392 787 5467 remissionem
812 5401 1161 5461 peccatorum
1186 5397 1242 5445 et
1277 5388 1508 5459 gratiam
1553 5386 1728 5443 sancti
1757 5385 1991 5456 Spiritus

413 5481 698 5547 meruisse,
728 5481 985 5537 debemus
1018 5478 1254 5551 gaudere
1280 5492 1403 5533 cum
1432 5475 1647 5533 talibus.

490 5568 638 5627 Flete
665 5586 784 5625 cum
819 5568 1083 5641 ﬂentibus.
1123 5565 1242 5624 Non
1265 5583 1388 5622 cum
1443 5568 1550 5623 illis
1575 5569 1665 5637 qui
1699 5567 1824 5623 ﬂent
1851 5583 1994 5623 mor-

419 5668 540 5716 tuos
567 5676 717 5728 suos,
768 5658 1025 5732 jubcmur
1055 5656 1204 5724 ﬂere,
1243 5665 1339 5712 aut
1365 5658 1458 5728 qui
1506 5656 1638 5712 llcnt
1662 5657 1858 5713 damna
1894 5675 1995 5713 sm-

420 5748 642 5805 eularta.
700 5749 951 5809 Scientcs
1001 5748 1143 5818 quod
1181 5748 1339 5819 huius
1382 5747 1563 5803 smculi
1598 5748 1823 5802 tristitia
1854 5765 1995 5803 utor-

419 5845 528 5895 tem
583 5851 857 5907 operatur.
898 5839 1014 5899 Non
1046 5847 1172 5896 sunt
1225 5854 1354 5911 ergo
1406 5838 1655 5911 lacryma'
1705 5839 1994 5910 iungenda:

2278 3406 2613 3447 EVANGELIUM
2655 3409 2930 3452 SECUNDUM
2976 3415 3233 3465 JOANNEM,
3264 3416 3382 3455 CAP.
3412 3414 3474 3457 Π.

2174 3499 2191 3528 ι
2238 3479 2448 3550 Nuptiae
2479 3480 2634 3537 facta:
2655 3493 2782 3539 sunt
2805 3485 2858 3540 in
2887 3485 3032 3543 Cana
3063 3488 3316 3557 Galilazze,
3348 3498 3404 3545 ct
3420 3496 3538 3545 erat
3561 3504 3674 3542 ma-

2104 3591 2121 3622 ‹
2173 3581 2254 3627 ter
2279 3570 2406 3627 Jesu
2438 3572 2531 3627 ibi.
2588 3574 2819 3633 Vocatus
2869 3586 2953 3635 est
3003 3590 3184 3637 autem
3241 3581 3400 3639 lcsus
3428 3589 3484 3636 ct
3507 3582 3672 3636 disci-

2105 3681 2121 3711 c
2170 3662 2278 3731 puli
2304 3663 2421 3734 ejus
2450 3663 2775 3736 adnuptias.
2810 3667 2878 3723 Et
2903 3670 3187 3727 deﬁciente
3219 3674 3365 3739 vino,
3401 3672 3539 3726 dixit
3560 3687 3669 3726 ma-

2104 3774 2121 3806 i
2171 3766 2251 3808 ter
2273 3753 2399 3811 Jesu
2433 3756 2500 3810 ad
2526 3772 2648 3811 cum
2674 3776 2687 3812 :
2717 3759 2913 3814 Vinum
2944 3778 3051 3817 non
3100 3762 3317 3819 habent.
3354 3764 3421 3819 Et
3448 3762 3581 3818 dicit
3622 3762 3672 3817 ei

2104 3864 2120 3896 ι
2168 3843 2324 3901 Jesus
2351 3863 2364 3898 :
2396 3846 2532 3913 Quid
2558 3849 2686 3903 mihi
2716 3858 2771 3905 et
2798 3851 2893 3906 tibi
2915 3862 3017 3918 est,
3043 3855 3269 3910 mulier?
3296 3855 3544 3911 Nondum
3576 3869 3670 3909 ve—

2107 3956 2121 3987 ι
2170 3938 2246 3990 uit
2272 3936 2406 3991 hora
2440 3953 2581 3992 mea.
2614 3936 2754 3995 Dicit
2794 3951 2967 3999 mater
2990 3944 3105 4015 eius
3148 3946 3451 4002 ministris:
3489 3944 3671 4012 Quod-

2102 4044 2120 4077 ‹
2166 4043 2378 4099 cunque
2429 4028 2628 4082 dixerit
2655 4029 2806 4084 vobis
2854 4030 3036 4087 facite.
3077 4034 3247 4089 Erant
3289 4043 3469 4090 autem
3497 4036 3570 4089 ibi
3594 4035 3673 4090 la-

2103 4135 2120 4165 ι
2169 4116 2337 4186 piderc
2359 4115 2563 4187 hydriae
2582 4131 2675 4173 sev
2695 4117 2902 4187 positzc,
2923 4123 3217 4177 secundum
3235 4122 3670 4193 purificationem

2104 4228 2121 4257 ι
2168 4207 2494 4273 Judzeorum,
2538 4207 2815 4278 capientes
2843 4209 3064 4281 singula:
3092 4220 3352 4270 metretas
3400 4213 3560 4270 binas
3588 4215 3673 4270 vel

2104 4321 2123 4352 α
2172 4288 2385 4363 ternas;
2414 4298 2547 4354 dicit
2574 4299 2656 4354 eis
2680 4296 2838 4356 Jesus
2865 4319 2879 4355 :
2908 4299 3132 4373 implete
3155 4303 3375 4374 hydrias
3406 4319 3565 4373 aqua.
3605 4304 3674 4357 Et

2105 4413 2120 4441 ι
2170 4391 2524 4462 impleverunt
2554 4406 2649 4447 eas
2697 4407 2868 4462 usque
2911 4393 2980 4448 ad
3021 4408 3311 4449 summum.
3342 4393 3411 4450 Et
3434 4395 3565 4450 dicit
3589 4393 3672 4450 eis

2102 4501 2118 4531 ι
2166 4479 2325 4537 .lesus
2361 4499 2373 4535 :
2409 4477 2635 4535 Ilauritc
2686 4497 2849 4549 nunc,
2880 4492 2937 4538 et
2980 4481 3117 4539 ferte
3160 4485 3554 4541 architriclino.
3607 4484 3673 4539 Et

2104 4590 2141 4652 «ι
2173 4571 2431 4626 tulerunt.
2464 4569 2536 4626 Ut
2564 4578 2744 4627 autem
2787 4574 3023 4644 gustavit
3052 4574 3450 4631 architriclinus
3477 4592 3672 4646 aquam

2104 4681 2120 4710 ι
2172 4659 2353 4715 vinum
2399 4659 2622 4727 factam,
2647 4668 2838 4716 etnon
2886 4662 3094 4719 sciebat
3125 4665 3267 4720 unde
3294 4672 3463 4730 esset,
3515 4665 3674 4718 mini—

2103 4770 2120 4799 ι
2170 4750 2265 4805 stri
2315 4759 2497 4806 autem
2546 4750 2815 4819 sciebant,
2862 4753 2956 4823 qui
2992 4752 3292 4810 hauserant
3316 4770 3532 4825 aquam.
3565 4753 3675 4809 Vo-

2100 4862 2119 4893 ‹
2164 4850 2253 4897 cat
2312 4857 2570 4914 sponsum
2621 4843 3045 4912 architriclinus,
3101 4854 3159 4902 et
3183 4845 3318 4901 dicit
3352 4847 3446 4903 ei:
3480 4846 3672 4903 Omnis

2099 4953 2117 4982 ι
2168 4933 2327 4987 homo
2378 4933 2612 5004 primum
2651 4935 2849 4990 bonum
2886 4936 3069 4990 vinum
3117 4937 3287 5006 ponit,
3317 4945 3526 4993 etcum
3555 4939 3670 4992 ineo

2100 5043 2115 5072 ι
2166 5022 2568 5087 briatifucrint,
2621 5031 2749 5079 tunc
2775 5024 2826 5079 id
2852 5025 2994 5094 quod
3029 5026 3272 5083 deterius
3323 5016 3663 5083 est.'Tuau-

2104 5133 2120 5163 ι
2171 5124 2276 5166 tem
2302 5112 2530 5167 servasti
2559 5114 2759 5168 bonum
2788 5114 2968 5168 vinum
3007 5130 3178 5184 usque
3206 5118 3401 5173 adhuc.
3457 5117 3568 5173 lloc
3597 5117 3664 5174 fe-

2102 5221 2118 5252 ι
2167 5202 2240 5256 cit
2286 5201 2501 5256 initium
2537 5201 2809 5274 signorum
2863 5201 3020 5261 Iesus
3064 5206 3116 5259 in
3155 5204 3301 5262 Caua
3328 5206 3583 5269 Galilmm,
3616 5218 3676 5262 et

2101 5313 2118 5341 ι
2167 5292 2529 5367 manifestavit
2556 5292 2778 5364 gloriam
2808 5310 2981 5350 suam.
3014 5297 3080 5356 Et
3105 5299 3451 5354 crediderunt
3474 5299 3526 5353 in
3547 5315 3673 5353 eum

2100 5403 2117 5435 ι
2164 5384 2408 5456 discipuli
2443 5383 2576 5453 ejus.
2608 5403 2627 5435 ι

2168 5476 2382 5547 Nuntia:
2406 5476 2561 5546 factm
2586 5484 2708 5530 sunt
2738 5477 2791 5531 in
2825 5476 2973 5534 Cana
2999 5478 3256 5548 Galilwtv,
3283 5491 3331 5536 et
3367 5491 3477 5536 erat
3509 5489 3677 5534 mater

2090 5568 2219 5625 Iesu
2244 5569 2337 5623 ibi.
2385 5567 2486 5639 (Ex
2534 5567 2725 5641 Beda.)
2766 5568 2877 5625 Nec
2914 5580 3071 5627 vacat
3103 5572 3382 5644 mysterio,
3414 5572 3555 5643 quod
3583 5572 3675 5626 die

2094 5660 2253 5716 tertio
2302 5666 2426 5730 post
2472 5657 2582 5724 illa,
2638 5673 2761 5729 qua:
2786 5661 3050 5732 superiori
3104 5662 3382 5731 Evangelii
3421 5676 3676 5716 sermone

2093 5738 2474 5819 descripserat.
2517 5751 2724 5821 Nuptiae
2784 5752 2937 5807 factm
2992 5751 3323 5816 referuntur,
3352 5752 3445 5806 sed
3510 5750 3675 5803 tertio

2098 5852 2337 5913 tempore
2380 5844 2560 5899 seculi
2611 5843 2895 5899 Dominum
2926 5842 2991 5896 ad
3015 5843 3301 5911 aptandam
3351 5841 3455 5897 sibi
3485 5840 3676 5895 Eccle-
