3994 6204
308 426 381 482 85
1153 422 1669 481 COLLECTIONES
1698 423 1766 477 IN
1804 424 2179 481 EPISTOLAS
2217 426 2304 482 ΕΤ
2342 426 2752 482 EVANGELIA.
3504 429 3572 486 86

308 540 451 592 siam
481 536 716 600 venisse.
742 535 1006 606 designat.
1036 534 1279 589 Primum
1319 535 1516 605 quippe
1544 534 1725 613 saeculi
1753 543 1889 588 tem-
1916 540 1964 597 Α
1991 537 2130 603 Quid
2159 538 2289 599 mihi
2313 545 2371 593 et
2400 538 2492 592 tibi
2519 546 2626 604 est,
2655 538 2869 603 mulier,
2894 539 3168 610 signiﬁcat
3191 556 3250 597 se
3270 540 3572 609 divinitate,

309 646 437 699 pus,
484 627 834 698 antelcgem,
890 626 1327 696 patriarcharum
1366 624 1645 695 exemplis.
1698 624 1899 679 Secun-

308 721 441 774 dum
475 720 579 774 sub
628 717 766 788 lege,
796 717 1183 787 prophetarum
1236 714 1473 786 scriptis.
1528 714 1768 769 Tertium
1799 715 1898 771 sub

307 810 485 877 gratia
544 807 830 879 prteeoniis
904 805 1372 874 Evangelistartim
1401 808 1556 875 quasi
1610 806 1768 859 tertia
1791 805 1897 860 diei

310 906 454 967 luce,
513 900 716 957 mundo
767 897 996 954 refulsit.
1027 899 1109 969 ἰρι
1142 912 1250 966 quo
1275 897 1535 952 Dominus
1559 903 1615 951 et
1646 896 1898 952 Salvator

310 1002 502 1050 uoster
527 1008 626 1062 pro
662 991 1035 1061 redemptione
1071 991 1288 1061 generis
1318 989 1540 1049 humani
1580 990 1898 1046 incarnatus

309 1082 583 1153 apparuit,
608 1082 705 1137 sed
734 1088 790 1135 et
817 1081 922 1135 hoc
941 1080 1086 1154 quod
1113 1080 1165 1134 in
1189 1077 1338 1135 Cana
1364 1077 1620 1145 Galilazaa,
1656 1080 1708 1135 id
1731 1088 1816 1134 est
1842 1080 1896 1134 in

310 1175 432 1229 zelo
465 1172 962 1243 transmigrationis
1004 1179 1329 1242 perpetratae
1352 1172 1541 1226 eadem
1586 1172 1787 1241 nuptim
1814 1171 1896 1226 fa-

309 1275 415 1321 ctae
438 1263 816 1334 perhibentur,
859 1263 1038 1335 typice
1080 1264 1364 1318 denuntiat
1383 1278 1479 1318 eos
1508 1263 1742 1318 maxime
1771 1278 1893 1333 gra-

314 1357 388 1410 tia
413 1355 618 1421 Christi
668 1355 861 1424 dignos
884 1354 1142 1421 existere,
1193 1355 1287 1423 qui
1334 1353 1451 1408 zelo
1471 1369 1535 1408 ac
1564 1352 1774 1407 fervore
1797 1353 1898 1422 pia:

309 1446 638 1511 devotionis,
687 1454 743 1500 et
765 1444 1005 1501 aemulari
1061 1444 1396 1500 charismata
1457 1443 1705 1507 meliora,
1741 1458 1807 1497 ac
1831 1443 1899 1497 de

309 1537 462 1591 vitiis
490 1536 560 1591 ad
614 1535 843 1590 virtutes
887 1536 1028 1593 bona
1075 1534 1371 1604 operando,
1424 1534 1492 1588 de
1545 1533 1777 1588 terrenis
1829 1533 1897 1587 ad

309 1636 518 1681 mtcrna
539 1632 760 1689 norunt,
791 1623 1061 1693 sperando
1092 1630 1148 1678 et
1167 1623 1399 1677 amando
1421 1623 1824 1693 transmigrarc.

389 1713 609 1783 Nuptiae
642 1711 799 1780 [actia
825 1721 945 1766 sunt
971 1712 1030 1769 in
1053 1708 1202 1767 Caua
1229 1708 1487 1766 Galilazw.
1515 1711 1612 1781 (Ex
1647 1710 1895 1781 llieron.)

312 1803 579 1858 Dominus
620 1802 688 1857 ad
711 1802 925 1872 nuptias
973 1801 1029 1856 in
1081 1803 1226 1857 hunc
1279 1801 1540 1856 mundum
1567 1801 1738 1864 venit,
1768 1800 1895 1870 quia

1997 642 2103 695 qua
2131 627 2450 682 miraculum
2477 635 2595 683 erat
2627 629 2970 699 patrandum,
3021 646 3129 685 non
3166 630 3490 701 principium
3517 645 3577 687 se

2000 716 2369 787 temporalitcr
2417 718 2695 789 accepisse
2721 718 2789 773 de
2835 727 3036 788 matre,
3083 721 3181 776 sed
3217 719 3576 777 aeternitatem

1998 822 2212 878 semper
2234 808 2492 864 habuisse
2519 808 2587 864 de
2614 807 2794 863 Patre.

2070 897 2323 953 Nondum
2355 899 2489 954 venit
2513 899 2644 952 hora
2672 915 2807 953 mea.
2849 898 3097 954 Nondum
3149 900 3299 956 venit
3339 900 3497 965 hora,
3519 910 3578 955 ut

1998 987 2341 1059 fragilitatem
2400 990 2756 1046 humanitatis
2814 1005 2882 1046 ex
2913 998 2966 1047 te
2995 1000 3246 1063 sumptae,
3295 994 3578 1049 moriendo

1998 1079 2385 1135 demonstrem.
2438 1080 2582 1136 liora
2639 1096 2770 1152 ergo
2823 1081 3062 1138 nondum
3119 1092 3359 1149 venerat,
3417 1083 3578 1141 id.cst

1998 1172 2284 1241 passionis,
2327 1173 2454 1242 quia
2497 1173 2755 1229 faciendas
2802 1183 2958 1230 erant
3010 1176 3261 1244 virtutes,
3306 1192 3591 1234 comment

2000 1262 2175 1317 danda
2196 1271 2315 1317 erat
2335 1263 2588 1321 divinitas
2611 1264 2846 1331 Domini,
2884 1268 3311 1324 commendanda
3330 1279 3461 1324 erat:
3478 1272 3589 1326 λιι-ν

1998 1353 2230 1409 manitas
2280 1353 2512 1419 Domini,
2563 1356 2618 1411 in
2644 1357 2759 1426 ipsa
2797 1359 3172 1429 compassione
3211 1362 3572 1420 mortalitatis.

2001 1444 2159 1497 Venit
2184 1453 2362 1499 autem
2396 1445 2549 1510 hora,
2582 1454 2642 1500 ut
2667 1449 2796 1517 quid
2845 1449 2950 1504 sibi
2976 1458 3033 1503 et
3080 1450 3244 1505 matri
3288 1467 3599 1508 commune.-

1997 1542 2145 1588 essct
2177 1534 2510 1597 ostenderet,
2550 1549 2671 1588 cum
2709 1551 2830 1591 eam
2881 1537 3179 1592 moriturus
3205 1537 3260 1592 in
3286 1554 3473 1607 cruce,
3498 1541 3585 1595 di—

2000 1623 2206 1693 scipulo
2233 1623 2425 1692 virgini
2474 1624 2736 1693 virginem
2789 1627 3209 1682 commendavit.
3243 1627 3413 1698 Hujus
3448 1645 3604 1685 vero~

2000 1715 2159 1791 bene
2215 1714 2476 1769 Dominus
2513 1715 2569 1769 in
2618 1732 2784 1772 cruce
2834 1718 3077 1787 pendens
3126 1736 3594 1787 commemorans,

2001 1804 2140 1860 dixit
2162 1806 2322 1859 matri
2352 1823 2367 1859 :
2401 1804 2611 1871 Mulier,
2643 1822 2772 1862 ecce
2794 1807 2937 1864 ﬁlius
2964 1815 3119 1878 tuus;
3149 1811 3304 1880 quasi
3331 1811 3607 1878 dixisset,

311 1902 562 1950 sanctam
606 1893 906 1950 Eeclesiam
957 1892 1059 1948 sibi
1094 1892 1383 1963 copulavit.
1427 1893 1503 1947 De
1539 1907 1646 1960 qua
1670 1891 1897 1961 Aposto-
1922 1897 1969 1955 B
1996 1910 2143 1961 ecce,
2172 1896 2277 1951 hoc
2297 1895 2443 1965 quod
2468 1896 2535 1952 de
2580 1904 2633 1951 te
2655 1897 2863 1968 sumpsi
2889 1900 3049 1956 modo
3097 1901 3402 1957 ostenditur
3460 1918 3578 1957 mo-

313 1989 398 2042 las
422 1986 542 2051 ait;
571 1986 762 2055 Aptavi
791 2000 889 2040 vos
920 1985 1015 2040 uni
1042 1985 1160 2040 viro
1202 1984 1469 2054 virginem
1521 1991 1726 2038 castam
1751 1983 1898 2037 exhi—

314 2079 442 2132 bere
466 2077 685 2133 Christo
717 2074 806 2147 (II
837 2072 961 2129 Cor.
992 2073 1092 2145 XI),
1146 2073 1311 2128 habet
1355 2087 1485 2144 ergo
1511 2087 1764 2142 sponsam
1792 2072 1896 2126 Ec-

310 2168 557 2234 clesiam,
582 2181 744 2236 quam
775 2165 1004 2221 redemit
1027 2164 1288 2235 sanguine
1319 2179 1438 2228 suo,
1483 2170 1540 2218 et
1580 2162 1668 2218 cui
1703 2162 1898 2234 pignus

314 2259 465 2313 dedit
524 2257 787 2328 Spiritum
851 2262 1118 2319 sanctum,
1154 2269 1319 2323 quam
1380 2253 1483 2308 sibi
1536 2251 1815 2320 conjunxit
1844 2251 1898 2306 in

314 2357 473 2402 utero
502 2346 749 2417 virginis.
785 2347 1022 2401 Verbum
1066 2345 1210 2400 enim
1239 2359 1470 2414 sponsus
1501 2383 1517 2408 ,
1545 2357 1742 2412 sponsa
1767 2357 1899 2398 caro

317 2437 577 2501 lmmana,
601 2444 658 2491 et
684 2445 977 2505 utrumque
1004 2451 1141 2489 unus
1168 2434 1337 2491 Filius
1366 2433 1483 2500 Dei,
1514 2442 1571 2490 et
1591 2434 1732 2489 idem
1757 2433 1899 2489 ﬁlius

319 2529 573 2594 hominis,
604 2528 782 2583 factus
808 2534 893 2581 est
943 2533 1106 2596 caput
1133 2525 1414 2602 Ecclesiae,
1457 2533 1513 2579 et
1538 2523 1803 2595 processit
1834 2522 1901 2578 de

317 2617 579 2682 thalamo,
608 2617 765 2685 quasi
790 2630 1043 2687 sponsus.
1071 2614 1366 2670 Thalamus
1403 2613 1548 2668 enim
1574 2612 1692 2682 ejus
1712 2619 1902 2667 uterus

318 2709 544 2779 virginis
564 2708 698 2763 fuit:
720 2708 884 2765 Venit
909 2708 977 2763 ad
1003 2707 1220 2778 nuptias
1246 2706 1302 2760 in
1328 2703 1477 2760 Cana
1503 2702 1755 2766 Galilzeae,
1782 2716 1903 2756 eer-

318 2798 357 2851 ti
396 2798 760 2863 Sacramenti,
806 2798 954 2853 Cana
1011 2812 1245 2867 namque
1295 2795 1443 2851 zelus
1490 2795 1899 2864 interpretatur,

319 2890 548 2945 Calibea
575 2889 971 2960 transmigratio
995 2888 1157 2943 facta.

394 3001 467 3054 Et
513 3011 626 3055 erat
682 3012 855 3055 mater
906 3001 1039 3056 Iesu
1068 3002 1161 3058 ibi.
1203 3001 1374 3056 Mater
1437 2998 1566 3056 Iesu
1605 3000 1661 3054 in
1698 3000 1904 3069 nuptiis

321 3093 623 3148 ostenditur
666 3109 954 3165 synagoga,
986 3110 1052 3151 eo
1079 3095 1224 3165 quod
1252 3094 1530 3150 Christum
1568 3092 1636 3147 ad
1663 3091 1903 3147 miracu-

323 3182 432 3236 lum
457 3192 734 3253 provocet.

1997 1984 2204 2049 riendo,
2264 1986 2395 2055 quid
2441 1992 2555 2051 est,
2608 2001 2729 2055 qua:
2775 1995 2956 2042 tamen
2995 1999 3189 2044 natura
3237 1991 3593 2060 postmodum.

1997 2073 2339 2130 clariﬁcanda
2361 2075 2471 2130 erit
2493 2075 2548 2130 in
2576 2077 2991 2133 resurrectionis
3016 2078 3207 2148 gloria.

2066 2164 2209 2218 Dicit
2233 2175 2403 2220 mater
2436 2166 2551 2235 ejus
2579 2167 2851 2232 ministris,
2901 2167 3247 2240 quodcunque
3278 2168 3468 2223 dixerit
3496 2186 3582 2224 vo-

1997 2253 2076 2307 bis
2100 2252 2280 2322 facite.
2321 2254 2542 2311 Sciebat
2565 2262 2739 2311 mater
2764 2257 3159 2311 immanitatem
3189 2255 3286 2312 ﬁlii
3309 2258 3416 2325 sui,
3446 2258 3590 2313 licet

1999 2345 2103 2400 hoc
2126 2345 2289 2401 modo
2318 2345 2594 2400 videretur
2640 2345 2908 2415 negando,
2932 2346 3077 2419 quod
3104 2348 3383 2417 poscebat,
3409 2357 3584 2404 mater

1998 2441 2183 2488 tamen
2209 2431 2416 2487 sciebat
2436 2432 2694 2502 pietatem
2721 2433 2817 2488 ﬁlii
2843 2433 2988 2507 quod
3007 2450 3204 2506 negare
3223 2436 3414 2502 noluit,
3438 2440 3581 2507 quod

1996 2521 2306 2592 petebam,
2331 2522 2650 2581 ﬁducialiter
2677 2523 2956 2579 mandavit
3001 2525 3290 2592 ministris,
3342 2535 3403 2582 ut
3426 2542 3580 2583 man-

1999 2614 2126 2669 data
2164 2613 2258 2668 ﬁlii
2293 2614 2537 2686 jubentis
2562 2615 2867 2688 implerent.

2070 2703 2243 2775 Erant
2303 2714 2481 2762 autem
2503 2707 2579 2761 ibi
2605 2705 2829 2778 lapideae
2854 2708 3060 2779 hydria:
3091 2725 3187 2764 sea:
3228 2710 3436 2779 positae.
3476 2709 3587 2781 ily-

2001 2794 2134 2849 dria:
2175 2805 2437 2852 vocantur
2472 2812 2600 2854 vasa
2629 2812 2917 2867 aquarum,
2945 2798 3133 2856 Graece
3156 2799 3297 2876 ὕδωρ
3336 2817 3476 2872 aqua
3500 2800 3582 2856 di-

2002 2885 2169 2942 citur.
2213 2885 2369 2956 Aqua
2400 2901 2531 2942 vero
2575 2886 2871 2957 Scriptura:
2905 2904 3075 2944 sacra:
3125 2890 3413 2947 scientiam
3444 2891 3587 2948 desi—

1999 2984 2152 3047 gnat,
2208 2991 2331 3046 qua:
2376 2992 2507 3033 suos
2566 2976 2842 3031 auditores
2871 2985 2927 3032 et
2952 2993 2985 3033 a
3036 2987 3386 3048 peccatorum
3425 2983 3588 3041 sorde

2002 3066 2243 3132 abluere,
2276 3075 2332 3123 et
2357 3067 2553 3123 divinas
2603 3067 2931 3138 cognitionis
2985 3068 3127 3124 solet
3170 3067 3322 3125 fonte
3373 3078 3582 3141 potare.

2006 3157 2145 3214 Vasa
2169 3173 2287 3224 sex,
2322 3157 2519 3227 quibus
2568 3156 2965 3222 continebatur,
3019 3159 3183 3216 corda
3240 3167 3369 3215 sunt
3394 3162 3586 3218 devota

402 3245 628 3327 γᾶωωε
662 3281 737 3327 m
772 3282 947 3327 autem
981 3272 1161 3340 lem,
1200 3283 1251 3328 et
1280 3272 1526 3345 discipuli
1558 3274 1676 3344 eius
1701 3272 1771 3327 ad
1799 3289 1901 3327 nu-
1929 3250 1974 3313 C
2005 3255 2597 3345 sanctorumg-quorum
2613 3245 2879 3345 perfectio
2900 3247 3025 3302 vita:
3049 3248 3119 3303 ad
3165 3249 3474 3345 exemplum
3501 3266 3586 3309 re-

321 3360 479 3423 ptias.
522 3359 675 3428 Quod
700 3361 961 3417 Dominus
985 3362 1135 3417 venit
1160 3363 1227 3417 ad
1269 3362 1502 3432 nuptias,
1532 3369 1758 3431 excepta
1788 3377 1903 3432 my-

323 3450 459 3505 stica
495 3451 892 3523 signiﬁcatione
916 3452 1239 3509 conﬁrmare
1288 3452 1475 3519 voluit,
1512 3453 1655 3524 quod
1685 3453 1800 3523 ipse
1826 3452 1903 3508 fe-

323 3542 414 3594 cit.
447 3540 540 3596 Sic
562 3542 707 3597 enim
735 3542 852 3612 ipse
880 3542 987 3598 alio
1031 3543 1152 3599 loco
1177 3544 1252 3598 ait
1277 3562 1291 3597 :
1327 3543 1468 3614 quod
1500 3543 1754 3597 Dominus
1780 3559 1903 3596 con.

320 3629 519 3698 iunxit,
549 3631 707 3686 homo
730 3648 834 3685 non
859 3641 1065 3702 s.‘paret
1099 3630 1318 3703 (Matth.
1349 3630 1489 3703 xxx).

394 3719 504 3791 (Ea:
525 3720 716 3792 Beda.)
751 3722 969 3778 Primus
1012 3723 1321 3793 nuptiarum
1349 3724 1498 3779 locus
1523 3722 1708 3779 Iudaea
1735 3733 1903 3782 exsti-

327 3812 411 3875 tit,
438 3813 493 3866 in
520 3828 626 3883 qua
680 3814 849 3870 Filius
900 3815 995 3871 Dei
1017 3817 1179 3872 homo
1212 3817 1352 3882 ﬁeri,
1382 3826 1438 3873 ct
1487 3819 1787 3875 Ecclesium
1814 3820 1900 3875 sui

324 3904 571 3972 corporis
591 3919 657 3960 ac
674 3906 957 3977 sanguinis
992 3908 1403 3978 participatione
1449 3924 1792 3975 consecrare,
1820 3911 1903 3966 sui

326 3994 564 4065 Spiritus
578 3996 806 4067 pignore
823 3997 884 4052 in
914 3997 1021 4053 ﬁde
1055 3998 1380 4055 conﬁrmare
1405 4000 1657 4070 dignatus
1674 4010 1777 4067 est,
1808 4003 1905 4057 sed

324 4087 530 4140 vocatis
549 4087 620 4141 ad
660 4086 821 4142 ﬁdem
840 4089 1113 4159 gentibus,
1138 4105 1311 4160 usque
1362 4092 1432 4146 ad
1461 4091 1599 4148 ﬁnes
1620 4092 1771 4147 orbis
1798 4102 1907 4147 ter-

325 4192 420 4241 ηιξ,
473 4177 787 4233 earumdem
824 4180 1131 4250 nuptiarum
1183 4181 1365 4236 votiva
1417 4182 1609 4250 gaudia
1645 4197 1906 4252 pervene-

322 4276 469 4323 sunt.

401 4359 464 4413 Et
503 4359 774 4429 deﬁciente
800 4361 939 4415 vino.
977 4362 1360 4418 Discumbente
1383 4370 1565 4417 autem
1584 4360 1655 4416 ad
1685 4362 1908 4432 nuptias

324 4451 555 4507 Domino
574 4452 757 4507 vinum
790 4453 1011 4521 defecit,
1065 4464 1126 4509 ut
1152 4456 1280 4511 vino
1336 4455 1561 4511 meliore
1607 4469 1706 4526 per
1732 4455 1906 4526 ipsum

2001 3345 2094 3393 cte
2117 3336 2461 3392 credentibus
2508 3336 2683 3406 posita
2738 3343 2843 3403 est,
2891 3352 2989 3407 per
3017 3353 3114 3394 sex
3165 3340 3347 3395 saeculi
3375 3350 3584 3405 aetates,

2002 3443 2177 3497 usque
2203 3425 2271 3482 ad
2328 3426 2617 3483 adventum
2663 3425 2900 3493 Domini,
2933 3435 2990 3483 et
3031 3428 3171 3505 bene
3223 3427 3437 3499 lapidea
3461 3439 3591 3486 sunt

2003 3534 2157 3585 vasa,
2192 3518 2319 3588 quia
2346 3516 2507 3573 fortia
2537 3526 2665 3573 sunt
2700 3520 2864 3574 corda
2884 3517 3180 3588 iustorum,
3205 3529 3267 3575 ut
3285 3530 3414 3592 pote
3442 3523 3589 3578 illius

2002 3609 2198 3680 lapidis
2246 3608 2536 3664 dilectione
2566 3607 2816 3664 solidata.
2846 3609 2924 3664 De
2945 3623 3053 3679 quo
3079 3610 3274 3666 Petrus
3293 3609 3589 3683 Apostolus

2002 3699 2216 3754 dicebat
2245 3716 2259 3754 :
2296 3697 2378 3752 Ad
2408 3714 2561 3770 quem
2598 3697 2904 3753 accedentes
2927 3697 3156 3765 lapidem
3188 3700 3378 3767 vivum,
3409 3711 3459 3757 et
3490 3703 3601 3774 ipsi.

2004 3801 2257 3862 tanquam
2284 3789 2485 3860 lapides
2515 3790 2616 3845 vivi
2638 3789 3139 3861 superaediﬁcamiui
3168 3789 3219 3863 (1
3251 3789 3400 3851 Petr.
3427 3796 3516 3865 tt).

2074 3902 2373 3960 Secundum
2391 3903 2811 3974 puriﬁcationem
2840 3902 3173 3960 Iudteorum.
3215 3905 3362 3961 Bene
3394 3915 3576 3963 autem

2004 3993 2210 4066 hydriee
2267 3994 2561 4050 secundum
2593 3993 3029 4064 puriﬁcationem
3057 3991 3367 4050 Iudaeorum
3396 3997 3586 4067 posin

2003 4092 2185 4150 erant,
2198 4084 2327 4153 quia
2351 4082 2663 4139 Judaeorum
2688 4091 2897 4139 tantum
2921 4084 3142 4154 populo,
3156 4083 3241 4139 lex
3259 4100 3358 4154 per
3372 4084 3587 4155 Moysen

2005 4175 2131 4230 data
2159 4182 2264 4239 est,
2292 4174 2469 4242 gratia
2491 4182 2671 4228 autem
2696 4182 2755 4228 et
2775 4174 2977 4229 veritas
2996 4172 3299 4244 Evangelii,
3325 4176 3588 4232 tamam»

2006 4265 2177 4329 tibus,
2230 4279 2392 4333 quam
2440 4263 2606 4317 etiam
2632 4260 2833 4321 Judaeis
2871 4259 3221 4317 credentibus
3269 4275 3371 4332 per
3399 4261 3587 4321 Iesum

2006 4353 2287 4430 Christum
2312 4354 2457 4409 facta
2483 4364 2569 4409 est
2590 4352 2773 4424 (Ioan.
2798 4353 2865 4424 ι).

2077 4443 2355 4514 Cupientes
2377 4442 2600 4514 singula:
2644 4452 2890 4499 metretas
2922 4443 3073 4500 binas
3126 4443 3205 4501 uel
3230 4454 3448 4503 ισηιω..
3486 4447 3586 4520 (Ex

323 4542 560 4597 mirabili
594 4544 784 4599 ordine
824 4544 969 4600 facto
993 4545 1439 4603 manifestaretur
1484 4547 1659 4618 gloria
1682 4546 1904 4602 latentis
1931 4594 1984 4618 η
2008 4541 2263 4614 August.)
2298 4542 2439 4610 Quid
2464 4548 2551 4601 est
2576 4555 2707 4611 ergo
2747 4558 2763 4595 :
2812 4538 3112 4612 Capiebant
3145 4548 3406 4601 metretas
3433 4542 3591 4599 binas

1929 4594 1985 4655 D

326 4634 380 4688 in
411 4635 630 4691 homine
654 4638 774 4702 Dei,
824 4646 879 4692 et
905 4639 1241 4694 credentium
1292 4640 1348 4694 in
1383 4655 1508 4695 eum
1554 4647 1715 4694 aucta
1771 4632 1983 4695 ﬁdes”
2006 4633 2096 4688 vel
2121 4634 2346 4690 ternas?
2400 4632 2717 4704 Mysterious
2767 4632 2928 4689 nobis
2954 4633 3193 4690 maxime
3236 4633 3338 4689 ista
3389 4633 3594 4691 locutio

325 4728 633 4796 proﬁceret.
665 4728 819 4797 Quod
843 4731 888 4786 si
917 4734 1230 4803 mysterium
1259 4734 1574 4804 quzerimus,
1605 4741 1906 4805 apparente

328 4817 556 4873 Domino
586 4819 639 4873 in
664 4836 851 4885 carne,
883 4836 1099 4877 meraca
1152 4824 1243 4878 illa
1271 4823 1460 4895 legalis
1506 4838 1699 4881 sensus
1724 4825 1907 4880 suavi-

328 4918 435 4972 tas,
460 4910 721 4979 paulatim
767 4921 1031 4983 carperet,
1078 4916 1155 4970 ob
1188 4915 1464 4970 carnalem
1509 4914 1907 4970 Pharismorum

328 4998 833 5069 interpretationem
881 5018 911 5057 a
934 5004 1119 5073 prisca
1158 5019 1254 5059 sua
1286 5005 1486 5059 virtute
1523 4991 1777 5070 deﬁcere,
1812 5004 1906 5075 qui

327 5108 453 5146 mox
480 5108 544 5147 ea
565 5109 688 5163 qtae
724 5096 961 5150 carnalia
1012 5098 1334 5153 videbantur
1368 5098 1622 5153 mandata
1650 5100 1716 5154 ad
1746 5099 1909 5165 spiri-

328 5185 531 5251 tualetn
554 5187 823 5242 convertit
853 5188 1174 5244 doctrinam.
1219 5189 1590 5261 Cunctamque
1619 5191 1813 5247 littera:
1842 5191 1914 5247 le-

329 5278 467 5348 galis
516 5280 861 5348 superﬁciem
915 5281 969 5335 in
1010 5282 1391 5352 Evangelicam
1436 5284 1674 5339 cmlcstis
1726 5285 1915 5355 gratia:

328 5367 586 5421 virtutem
625 5371 879 5434 mutavit,
905 5374 1049 5441 quod
1072 5381 1178 5430 est.
1202 5373 1388 5427 viuum
1434 5372 1629 5428 fecisse
1656 5375 1723 5428 de
1753 5389 1912 5444 aqua.

399 5458 540 5512 Dicit
567 5469 736 5514 mater
757 5459 887 5515 Iesu
908 5462 978 5516 ad
1015 5479 1155 5528 eum,
1185 5465 1363 5518 uiuum
1378 5481 1479 5519 non
1508 5464 1719 5528 habent,
1747 5476 1794 5519 et
1831 5467 1911 5520 di-

329 5551 401 5603 cit
443 5550 491 5603 ei
516 5550 698 5617 Iesus,
725 5552 859 5623 quid
880 5554 1008 5608 mihi
1034 5564 1080 5608 et
1123 5555 1217 5609 tibi
1237 5564 1333 5620 est,
1365 5554 1556 5610 mulier
1571 5554 1720 5626 ?-(Ex
1743 5555 1901 5628 Aug.)

329 5642 517 5710 Neque
541 5642 686 5697 enim
714 5652 942 5699 matrem
990 5660 1144 5699 suam
1175 5647 1545 5712 inltonorarct,
1573 5647 1664 5715 qui
1703 5662 1801 5700 nos
1821 5646 1910 5715 ju-

327 5731 423 5788 ltct
449 5733 719 5789 honorare
762 5744 1038 5803 parentes,
1067 5743 1158 5788 aut
1186 5736 1285 5790 sibi
1329 5751 1448 5791 esse
1490 5746 1716 5791 matrem
1750 5752 1911 5806 nega-

332 5831 433 5889 rut,
466 5825 560 5905 qui
591 5825 657 5879 de
671 5840 734 5880 ea
764 5841 984 5881 carnem
1009 5826 1261 5896 suscepit,
1294 5827 1387 5882 sed
1416 5828 1470 5881 in
1495 5842 1559 5881 eo
1581 5828 1722 5897 quod
1746 5828 1903 5882 dicit:

2006 4725 2370 4781 commendat.
2385 4723 2609 4780 Metreta
2631 4725 2777 4780 enim
2794 4738 2828 4780 a
2848 4739 3102 4781 mensura
3133 4725 3348 4795 accepit
3371 4740 3588 4789 nomen.

2005 4818 2149 4874 sicut
2172 4833 2311 4873 urna
2352 4817 2710 4886 velampbora
2766 4832 2865 4873 seu
2881 4815 3069 4873 etaliat
3089 4829 3374 4872 mensum.
3400 4819 3603 4895 uit-pos

2006 4907 2153 4964 enim
2176 4907 2678 4964 mensuramdicuut
2698 4907 2895 4962 Grieci.
2947 4905 3066 4961 Non
3091 4906 3239 4961 enim
3257 4905 3464 4963 dictum
3483 4918 3589 4969 est,

2007 4997 2282 5067 capientes
2305 5005 2587 5062 metretas,
2613 4996 2733 5052 alia
2750 4997 2928 5061 binas,
2955 4994 3076 5051 alia:
3101 5003 3304 5061 ternas,
3334 4995 3434 5050 sed
3460 4997 3591 5066 ipsa:

2013 5105 2111 5146 sex
2130 5089 2333 5160 hydria:
2351 5089 2633 5158 capiebant
2659 5096 2920 5145 metretas
2958 5088 3117 5143 binas
3143 5086 3228 5143 vel
3266 5096 3470 5144 ternas.
3532 5090 3599 5145 Si

2016 5191 2199 5238 ternas
2228 5190 2433 5236 tantum
2473 5180 2700 5244 diceret,
2734 5196 2841 5236 non
2879 5187 3125 5236 curreret
3151 5178 3366 5235 animus
3386 5189 3588 5244 noster,

2016 5274 2119 5328 nisi
2155 5274 2221 5327 ad
2248 5271 2566 5343 mysterium
2590 5271 2870 5326 trinitatis.
2893 5270 3028 5325 Cum
3067 5279 3248 5326 autem
3281 5271 3590 5330 nominatur

2018 5364 2179 5417 l‘ater
2205 5370 2261 5416 ct
2284 5360 2472 5424 Filius,
2499 5369 2759 5429 tanquam
2789 5360 2908 5416 dum
2932 5371 3199 5417 metrette.
3240 5361 3376 5418 Cum
3401 5372 3584 5417 autem

2019 5454 2090 5509 ibi
2120 5451 2437 5521 intelligitur
2465 5450 2711 5520 Spiritus
2733 5458 2975 5517 sanctus,
3006 5460 3121 5507 tres
3145 5459 3411 5507 metretae.

2086 5551 2276 5605 Aliter.
2313 5550 2461 5606 Bina:
2490 5559 2752 5619 metretze,
2777 5553 3120 5609 circumcisio
3167 5562 3223 5605 et
3246 5550 3590 5619 praeputium.

2015 5642 2073 5697 ln
2099 5643 2306 5696 duobus
2338 5643 2456 5697 istis
2486 5643 2815 5709 nominibus,
2846 5643 3015 5698 habes
3041 5655 3227 5696 omnes
3255 5639 3482 5700 Gentes,
3513 5639 3595 5693 bi-

2018 5751 2099 5789 me
2128 5743 2369 5789 metrcur
2397 5742 2543 5791 sunt.
2605 5734 2703 5790 llis
2750 5733 2957 5788 duobus
2985 5730 3304 5801 parietibus,
3333 5727 3472 5798 lapis
3500 5745 3597 5781 au-

2019 5826 2219 5896 gularts
2259 5824 2434 5882 factus
2481 5835 2564 5882 est
2599 5822 2867 5893 Christus,
2919 5823 3269 5881 ostendamus
3313 5829 3370 5876 et
3413 5825 3601 5876 ternas
