3998 6198
414 406 485 477 87

1713 422 2059 483 SMARAGDI
2099 429 2381 497 ABBATIS

3590 427 3658 483 88

412 540 669 588 metretas
706 534 759 588 in
814 535 945 604 ipsis
986 533 1252 603 gentibus.
1322 526 1457 589 Tres
1509 545 1664 590 erant
1713 537 1805 591 ﬁlii
1844 538 1976 604 Noe,
2008 547 2056 601 Α
2084 543 2193 596 ﬁlto
2232 544 2542 598 immolatur
2570 543 2733 603 aries.
2755 544 2869 611 ipse
2900 551 3078 597 tamen
3104 555 3202 612 pro
3229 542 3539 597 obedientia
3564 544 3654 598 he-

413 638 513 691 pcr
538 637 675 693 quos
702 632 1007 692 reparatum
1060 632 1144 678 est
1191 638 1360 695 genus
1406 625 1710 680 hominum.
1778 628 1986 695 Quibus

413 711 699 781 Apostolus
725 713 800 767 ait
824 732 836 766 :
867 714 1189 783 Aeeepimus
1214 728 1524 769 mensuram
1546 717 1880 786 pertingendi
1898 733 1984 772 us-

412 819 515 870 que
539 803 747 887 ad’vos.
778 804 916 859 Ecce
938 805 1106 859 habes
1134 812 1201 859 et'
1216 811 1328 860 tres
1348 814 1605 861 metretas
1626 807 1678 861 in
1700 805 1980 862 Gentibus.

486 890 584 961 (Ex
615 891 804 963 Beda.)
858 891 1130 963 Cupientes
1157 894 1380 965 singqu
1419 905 1660 950 metretas
1710 896 1859 950 binas
1907 914 1982 950 cet

409 997 606 1049 ternas,
632 984 755 1053 quia
779 982 1074 1054 Scriptura:
1094 992 1293 1039 sanetae
1322 994 1591 1050 auctores,
1617 986 1778 1039 modo
1797 986 1864 1039 de
1882 984 1958 1038 Pa

409 1084 493 1128 tre
535 1082 744 1141 tantum
768 1071 1061 1142 loquuntur
1088 1082 1145 1127 et
1173 1072 1332 1137 Filio,
1363 1073 1524 1128 modo
1554 1073 1718 1128 etiam
1748 1072 1983 1141 Spiritus

409 1164 582 1218 sancti
613 1162 816 1217 faciunt
835 1163 1185 1218 mentionem.
1223 1164 1281 1218 In
1302 1164 1444 1219 binis
1472 1165 1557 1219 vel
1579 1165 1765 1227 ternis,
1787 1172 1977 1231 totam,

406 1270 525 1322 qna:
551 1267 694 1308 unus
724 1261 811 1308 est
828 1252 991 1317 Deus,
1031 1254 1269 1325 intellige
1292 1254 1608 1309 trinitatem.
1679 1252 1785 1308 Sed
1810 1266 1982 1323 quan—

409 1354 521 1396 tum
543 1343 689 1397 inter
705 1357 901 1412 aquam
925 1351 983 1399 et
1007 1345 1190 1398 vinum
1220 1344 1405 1410 distat,
1462 1354 1669 1399 tantum
1716 1344 1881 1399 distat
1900 1344 1981 1398 in-

407 1444 490 1485 trr
529 1446 748 1488 sensum
802 1433 976 1499 illum,
1027 1448 1133 1504 quo
1182 1433 1478 1504 Scriptura:
1520 1442 1648 1488 ante
1686 1435 1978 1489 adventum

407 1523 706 1579 Salvatoris
727 1524 1183 1596 intelligebantur,
1198 1534 1253 1580 et
1278 1540 1589 1595 cum-quem
1620 1526 1844 1582 veniens
1863 1526 1979 1596 ipse

409 1614 702 1670 revelavit.‘
1647 1664 1664 1689 ο

476 1705 615 1760 Dicit
640 1706 717 1761 eis
731 1704 889 1761 Iesus
912 1722 931 1761 :
978 1706 1195 1778 Implete
1230 1708 1446 1777 hydria:
1483 1723 1640 1776 aqua.
1692 1705 1830 1773 Quid
1880 1720 1977 1774 per

404 1796 683 1852 ministros
724 1798 818 1866 qui
847 1798 961 1853 hiec
982 1798 1241 1863 fecerunt,
1279 1799 1385 1853 nisi
1419 1796 1620 1854 Christi
1665 1797 1976 1868 signiﬁcan-

2088 635 2372 689 nedicitur.
2430 634 2508 689 Tu
2556 635 2780 691 audiens
2825 635 2960 698 hac,
3000 641 3055 687 et
3083 633 3200 701 ipse
3228 633 3485 688 obediens
3534 650 3656 690 esse

2085 709 2316 795 satagis,
2382 725 2623 795 hydriam
2674 737 2827 792 aqum
2875 721 3125 777 invenisti
3180 736 3290 792 qua
3352 724 3653 780 tnunderis.

2085 814 2235 880 Quod
2261 815 2304 869 si
2337 808 2700 869 immolatione
2742 811 3023 876 ﬁliiuniei,
3050 811 3359 882 passionem
3404 811 3659 881 intelligis

2083 900 2303 969 Christi,
2347 904 2438 973 qui
2464 903 2801 958 humanitate
2827 916 3039 973 passus,
3074 899 3129 954 in
3160 900 3440 956 divinitate
3467 902 3658 972 impas-

2082 991 2255 1046 sibilis
2277 995 2493 1060 mansit,
2507 995 2633 1064 quia
2674 991 2818 1048 ﬁlius
2829 991 3075 1056 oﬁ‘ertur,
3093 991 3188 1045 sed
3208 991 3350 1046 aries
3367 1000 3654 1058 mactatur,

2084 1082 2178 1137 sed
2204 1084 2250 1137 si
2273 1083 2526 1155 intelligis
2543 1084 2975 1140 benedictionem
2996 1081 3229 1136 Abrahae
3270 1082 3324 1136 in
3349 1090 3419 1145 te,
3468 1085 3562 1152 qui
3592 1086 3659 1139 de

2081 1172 2343 1228 Gentibus
2366 1173 2564 1240 credis,
2588 1188 2710 1228 esse
2730 1171 3074 1240 completam,
3112 1170 3370 1225 nimirum
3414 1173 3481 1226 de
3516 1189 3655 1242 aqua
3724 1204 3731 1209 ἡ

2080 1264 2267 1318 vinum
2290 1263 2387 1319 tibi
2408 1263 2553 1330 fecit,
2583 1264 2675 1333 qui
2697 1262 2996 1332 spiritalem
3025 1277 3240 1317 sensum
3269 1262 3364 1316 tibi
3391 1263 3557 1318 dedit.
3597 1265 3655 1318 ln

2079 1363 2273 1424 quarta
2324 1364 2518 1421 anate,
2572 1353 2740 1409 David
2772 1352 3009 1417 humilis,
3066 1352 3325 1407 innocens
3371 1359 3427 1408 et
3486 1354 3651 1418 mitis,

2080 1444 2243 1505 Saule
2299 1446 2529 1514 superbo
2585 1443 2815 1513 abjecto,‘
2852 1456 3078 1513 regnum
3107 1443 3354 1497 sortitur.
3426 1445 3485 1502 Si
3540 1445 3655 1500 haec

2079 1538 2323 1601 audiens,
2348 1536 2638 1590 humilitati
2663 1543 2717 1588 et
2740 1533 3062 1588 innocentia:
3095 1533 3332 1594 studere,
3384 1541 3438 1588 et
3470 1549 3654 1603 supcr-

2078 1626 2222 1681 biam
2245 1625 2478 1696 coeperis
2505 1625 2572 1680 de
2596 1624 2687 1680 tuo
2713 1624 2878 1679 corde
2897 1622 3176 1692 repellere,
3209 1623 3461 1678 haustum
3500 1638 3655 1693 aqua!

2077 1715 2468 1785 limpidissimae
2480 1731 2587 1786 quo
2603 1713 2867 1770 reﬁciaris
2881 1712 3152 1777 invenisti,
3171 1713 3223 1766 in
3235 1709 3425 1783 hydria
3437 1726 3626 1783 quarta
3637 1757 3651 1780 ,

2078 1806 2225 1861 fonte
2252 1805 2476 1861 salutari
2513 1805 2737 1875 repleta.
2810 1802 2947 1858 Nam
2972 1801 3017 1856 si
3050 1802 3105 1856 in
3132 1799 3296 1856 Saule
3330 1800 3562 1869 Judazos,
3598 1807 3651 1859 in

403 1896 494 1939 ιιιι·
529 1886 794 1956 discipuli.
837 1888 928 1956 qui
981 1888 1333 1957 impleverunt
1382 1887 1598 1957 hydrias
1650 1902 1810 1956 aqua.
1866 1902 1972 1942 non
2001 1895 2049 1954 B
2077 1900 2243 1955 David
2286 1894 2599 1965 Christum,
2630 1904 2686 1953 et
2723 1896 3028 1953 Iudaeorum
3085 1907 3311 1964 regnum
3364 1897 3654 1952 carnaliter

401 1974 618 2041 quidem
657 1976 759 2047 ipsi
785 1975 1049 2048 legalibus
1073 1992 1137 2032 ac
1169 1977 1498 2049 propheticis
1522 1977 1828 2046 scripturis,
1871 1976 1975 2030 im-

399 2065 613 2134 plendo,
644 2069 737 2123 sed
759 2068 857 2138 ipsi
889 2068 1232 2140 intelligendo
1253 2068 1563 2138 prudenter,
1596 2077 1650 2123 et
1681 2067 1972 2137 aperiendo

403 2156 650 2219 ﬁdeliter.
1010 2180 1021 2187 ν
1864 2167 1873 2171 '

472 2247 826 2320 Impleverunt
847 2260 1022 2304 autem
1051 2267 1211 2320 usque
1238 2252 1609 2304 ad'summum.
1657 2249 1794 2318 Quia
1825 2256 1974 2304 recte

402 2338 783 2395 intellexerunt
825 2339 1030 2394 nuilum
1057 2340 1219 2395 fuisse
1247 2348 1457 2408 tempus
1477 2339 1655 2393 muli
1708 2353 1740 2393 a
1769 2339 1972 2393 sanctis

400 2428 631 2485 alienum
658 2430 991 2495 doctoribus,
1022 2431 1113 2501 qui
1159 2430 1274 2486 sive
1302 2429 1502 2495 verbis,
1530 2429 1643 2483 sive
1687 2427 1967 2498 exemplis,

398 2520 515 2575 sive
542 2520 708 2576 etiam
735 2520 974 2590 scriptis,
996 2522 1138 2575 viam
1162 2521 1288 2575 vitae
1325 2518 1644 2581 mortalibus
1668 2524 1967 2588 aperirent.

396 2607 465 2665 Et
483 2610 699 2680 quidem
714 2611 887 2681 potuit
913 2610 1055 2666 Deus
1074 2624 1274 2666 vacuas
1310 2609 1535 2681 implere
1579 2608 1799 2680 hydrias
1820 2608 1966 2670 vino,

397 2700 489 2769 qui
516 2700 571 2756 in
606 2700 831 2756 exordio
862 2698 1045 2756 mundi
1070 2710 1266 2758 cuncta
1289 2700 1493 2757 creavit
1525 2715 1594 2755 ex
1638 2698 1827 2766 nihilo,
1874 2700 1971 2755 sed

400 2790 589 2847 maluit
629 2792 698 2847 de
725 2806 865 2863 aqua
909 2792 1088 2848 facere
1117 2792 1320 2857 vinum,
1369 2807 1476 2862 quo
1508 2791 1686 2863 typiee
1725 2790 1967 2857 doceret,

395 2896 502 2936 non
532 2896 593 2938 se
620 2882 688 2938 ad
715 2882 1025 2938 solvendam
1046 2883 1582 2952 improbandamque,
1628 2880 1724 2937 sed
1774 2880 1842 2935 ad
1866 2879 1969 2935 im-

393 2972 645 3042 plendam
670 2973 848 3044 potius
873 2973 1044 3045 legem
1075 2972 1480 3044 Prophetasque
1497 2974 1728 3029 venisse.
1777 2972 1971 3027 Videa-

391 3079 516 3121 mus
551 3080 682 3138 ergo
718 3082 813 3123 sex
852 3066 1072 3138 hydrias
1123 3065 1527 3137 Scripturarum
1565 3078 1703 3134 aqua
1741 3062 1966 3119 salutari

298 3180 309 3185 -
395 3157 649 3227 repletas.
706 3157 995 3212 Videamus
1030 3163 1085 3211 et
1111 3156 1356 3211 eamdem
1398 3169 1592 3226 aquam
1623 3154 1676 3209 iit
1706 3154 1998 3233 suavissig

2074 1990 2428 2056 destructum,
2456 1989 2657 2045 Christi
2687 1995 2866 2042 autem
2904 1999 3128 2059 regnum
3153 1984 3485 2041 intellexeris
3511 2001 3653 2041 sem-

2073 2094 2172 2149 per
2212 2094 2550 2140 mansurum,
2627 2076 2812 2131 vinum
2843 2076 2907 2131 de
2923 2090 3061 2146 aqua
3083 2074 3285 2130 factum
3312 2075 3500 2139 sentis,
3547 2090 3652 2144 quo

2072 2177 2260 2240 potato
2284 2169 2337 2222 in
2370 2176 2632 2222 aeternum
2658 2167 2877 2221 laeteris.
2902 2167 2959 2221 in
2991 2166 3180 2235 quinta
3206 2174 3385 2231 aetate,
3426 2165 3653 2235 populus

2072 2273 2306 2328 peccans
2333 2256 2685 2328 Babyloniam
2711 2257 3149 2328 transmigratur,
3175 2255 3268 2312 sed
3293 2264 3416 2328 post
3435 2264 3650 2326 septua-

2071 2351 2217 2420 ginta
2274 2362 2445 2402 annos
2479 2349 2770 2415 paenitens,
2807 2356 2862 2402 et
2914 2356 3222 2416 correptus,
3264 2347 3505 2417 ’patriam
3552 2361 3651 2415 per

2068 2437 2251 2493 Jesum
2281 2437 2616 2493 sacerdotem
2667 2451 2919 2506 magnum
2963 2437 3258 2492 reducitur.
3312 2436 3439 2493 lizec
3472 2436 3518 2491 si
3545 2451 3645 2489 au—

2069 2528 2243 2594 diens,
2269 2526 2474 2598 peccati
2511 2535 2656 2581 metu
2688 2526 2756 2581 ad
2791 2526 3120 2596 poenitentia:
3142 2528 3441 2582 remedium
3463 2526 3650 2583 confu—

2070 2619 2236 2691 geris,
2266 2632 2404 2689 aqua
2430 2617 2640 2690 hydria:
2669 2617 2873 2688 quintae
2900 2616 3114 2673 ablutus
3160 2632 3242 2683 es,
3282 2618 3327 2671 si
3355 2626 3536 2671 autem
3564 2619 3648 2672 in-

2071 2710 2345 2765 tellexeris
2362 2707 2689 2780 Babylonem
2710 2722 2831 2764 esse
2856 2706 3225 2763 confusionem
3272 2716 3646 2777 peccatorum,

2071 2797 2571 2854 Nabuchodouozor
2600 2796 2887 2860 diabolum,
2915 2795 3099 2852 Jesum
3125 2797 3465 2851 sacerdotem
3510 2811 3647 2866 pon-

2072 2888 2274 2945 titicem
2299 2903 2441 2953 esse,
2489 2886 2674 2943 Jesum
2708 2886 3007 2951 Christum,
3055 2885 3392 2956 septuaginta
3444 2903 3636 2952 annos,

2069 2980 2336 3034 bonorum
2369 2977 2757 3049 plenitudinem
2790 2991 3015 3046 operum
3037 3015 3054 3041 ,
3109 2991 3229 3045 qua:
3269 2991 3367 3045 per
3412 2976 3649 3047 Spiritus

2070 3069 2244 3125 sancti
2271 3070 2408 3124 dona
2441 3068 2765 3139 largiuntur,
2832 3068 3021 3122 vinum
3049 3068 3116 3123 de
3149 3082 3288 3137 aqua
3312 3068 3510 3125 factum
3549 3071 3646 3124 ha-

2071 3161 2188 3226 bes,
2218 3159 2344 3230 quia
2373 3160 2440 3214 ad
2467 3169 2518 3214 te
2546 3160 2817 3229 pertinere
2838 3175 2958 3231 quae
2982 3160 3184 3231 scripta
3211 3169 3338 3215 sunt
3360 3161 3641 3232 intelligis.

394 3260 542 3306 mum
567 3249 679 3305 vini
714 3250 933 3306 odorem
963 3258 1283 3320 gustumque
1303 3263 1641 3305 conversam.
1708 3249 1765 3304 In
1790 3249 1965 3319 prima
1993 3254 2038 3318 (ζ
2069 3252 2127 3307 In
2151 3261 2301 3306 sexta
2325 3259 2485 3306 {etate
2527 3250 2786 3306 Dominus
2814 3265 3078 3321 apparens
3121 3251 3174 3306 in
3212 3266 3396 3317 carne,
3452 3262 3641 3307 octava

390 3351 548 3397 relate
570 3341 775 3408 smculi,
813 3342 945 3396 Abel
966 3342 1169 3412 justum
1200 3340 1369 3398 frater
1404 3340 1623 3407 occidit,
1658 3348 1713 3395 et
1757 3341 1826 3396 ob
1861 3341 1965 3396 hoc

271 3482 293 3501 ,
394 3433 654 3505 martyrio
677 3440 986 3498 coronatus,
1018 3432 1069 3487 in
1094 3431 1399 3502 Evangeliis
1427 3440 1481 3487 et
1527 3432 1581 3487 in
1601 3430 1856 3502 Epistolis
1872 3430 1962 3501 ju-

393 3530 508 3576 stus
552 3520 828 3589 scribitur,
860 3520 1135 3579 fratricida
1181 3522 1377 3594 impius
1411 3523 1743 3579 nominatur.
1808 3522 1965 3591 Quis-

391 3618 514 3687 quis
540 3617 625 3673 his
646 3618 863 3684 auditis,
919 3619 1111 3675 metuit
1137 3617 1465 3691 cumimpiis
1509 3617 1779 3683 damnari,
1817 3618 1967 3687 cupit

391 3705 637 3761 lenediel
685 3721 807 3764 cum
832 3706 957 3778 piis.
999 3708 1064 3763 Et
1093 3709 1213 3763 ideo
1233 3723 1450 3763 omnem
1475 3708 1722 3763 odiorum
1742 3716 1796 3762 et
1829 3708 1967 3763 invi-

391 3797 494 3851 dia:
517 3795 759 3852 fomitem
790 3797 995 3866 ahjicit,
1028 3808 1086 3854 et
1114 3798 1233 3869 Deo
1273 3798 1487 3870 placere
1510 3812 1609 3870 per
1632 3787 1980 3855 sacriﬁcium'

384 3889 610 3959 justitite
636 3889 937 3956 contendit,
965 3904 1169 3959 vasque
1189 3890 1242 3944 in
1273 3889 1555 3961 Scriptura
1584 3891 1966 3956 invenit,unde

392 3980 681 4036 salubriter
707 3979 922 4035 ablutus
944 3986 1267 4050 potatusque
1293 3980 1571 4051 gauderet.
1631 3979 1740 4034 Sed
1786 3980 1832 4035 si
1876 3980 1962 4035 in-

390 4071 680 4139 tullexerit,
722 4085 820 4142 per
839 4069 974 4128 Cain
1009 4070 1361 4136 homicidam,
1405 4069 1718 4126 Judzeorum
1759 4070 1964 4141 signiﬁ-

388 4163 502 4239 cari
530 4161 832 4239 perﬁdiam,
879 4160 1206 4217 occisionem
1234 4160 1386 4225 Abel,
1424 4159 1733 4230 passionem
1759 4159 1964 4231 signiﬁ-

388 4255 502 4309 cari
532 4251 743 4311 Domini
772 4251 1087 4323 salvatoris,
1172 4260 1380 4309 terram
1426 4265 1547 4320 qua:
1574 4252 1814 4322 suscepit
1843 4251 1964 4322 ejus

388 4345 726 4415 sanguinem,
758 4343 1054 4399 Ecelesiam
1082 4357 1223 4409 esse,
1252 4358 1372 4413 quae
1417 4342 1617 4398 Christi
1650 4343 1962 4415 sanguinem

388 4438 444 4489 in
490 4435 808 4506 mysterium
861 4448 973 4489 suae
1011 4434 1375 4488 renovationis
1415 4433 1646 4503 accepit,
1706 4434 1962 4488 nimirum

389 4541 584 4596 aquam
638 4527 693 4581 in
728 4526 913 4580 vinum
950 4532 1213 4581 mutatam
1246 4525 1471 4596 reperit,
1503 4526 1630 4596 quia
1656 4528 1801 4582 dicta
1828 4527 1963 4598 legis

2067 3341 2155 3396 die
2183 3339 2511 3403 Nativitatis,
2536 3340 2911 3406 circumcisus,
2933 3348 2990 3395 et
3024 3340 3078 3395 in
3101 3340 3372 3397 tricesima
3397 3341 3554 3396 tertia
3574 3340 3640 3394 ad

2066 3429 2325 3498 templum
2355 3438 2440 3483 est
2463 3428 2690 3495 delatus,
2743 3437 2799 3483 et
2826 3429 2880 3483 in
2916 3444 2984 3484 eo
3011 3446 3238 3486 munera
3292 3442 3418 3487 sunt
3463 3431 3641 3486 oblata

2064 3537 2164 3594 pro
2192 3520 2302 3575 illo.
2356 3521 2482 3575 lianc
2505 3519 2774 3577 intuentes
2802 3524 2869 3577 ad
2894 3523 3154 3593 litteram,
3258 3534 3440 3595 aperte
3482 3525 3642 3580 disci-

2065 3627 2186 3667 mus
2220 3620 2423 3682 quanta
2461 3610 2617 3666 nobis
2656 3611 2930 3681 diligentia
2982 3621 3110 3667 sunt
3148 3612 3274 3668 ﬁdei
3303 3614 3640 3684 Evangelicae

2065 3703 2342 3760 subeunda
2371 3702 2648 3774 mysteria,
2679 3703 2896 3773 quando
2922 3703 3054 3773 ipse,
3084 3704 3175 3773 qui
3202 3704 3636 3760 benedictionem
3698 3758 3707 3768 ,

2064 3799 2317 3856 adferens
2335 3799 2543 3870 gratiae,
2587 3807 2830 3853 veterum
2857 3798 3033 3869 primo
3052 3797 3407 3854 caeremonias
3446 3797 3636 3867 imple-

2062 3892 2160 3956 vit,
2207 3900 2264 3947 et
2285 3892 2365 3947 sic
2390 3906 2527 3946 nova
2554 3898 2892 3945 sacramenta
2922 3890 3216 3959 suscipere,
3263 3889 3424 3945 simul
3451 3897 3507 3944 et
3528 3897 3638 3944 trar

2062 3983 2191 4037 dere
2210 3981 2437 4036 curavit.
2470 3980 2610 4035 Ecce
2624 3980 2790 4034 habes
2804 3980 3053 4050 bydriam
3074 3986 3281 4034 sextam
3292 3979 3358 4032 ad
3375 3979 3642 4033 abluenda

2062 4082 2305 4144 peccata,
2337 4072 2405 4126 ad
2424 4071 2657 4141 potanda
2705 4070 2831 4124 vita:
2867 4069 3080 4139 gaudia,
3115 4068 3453 4123 mundiorem
3476 4077 3642 4123 caete-

2065 4167 2195 4222 teris
2214 4164 2529 4221 alferentem
2566 4154 2786 4218 undam.
2848 4161 3050 4216 Verum
3078 4170 3136 4217 et
3163 4161 3210 4216 si
3252 4160 3310 4215 in
3347 4160 3639 4238 circumci-

2063 4257 2214 4313 sione
2234 4255 2409 4313 octavi
2432 4254 2534 4309 diei
2578 4253 2846 4323 baptisma
2868 4252 3145 4323 intelligis,
3177 4252 3299 4308 etin
3328 4251 3643 4310 inductione

2062 4349 2117 4403 in
2148 4347 2429 4417 templum,
2471 4353 2529 4400 et
2553 4345 2606 4399 in
2627 4344 2898 4400 oblatione
2933 4343 3126 4399 hostiae
3176 4343 3460 4415 cognoscis
3504 4343 3641 4414 ﬁgu-

2062 4438 2173 4491 rari
2194 4436 2397 4501 ﬁdeles,
2414 4435 2482 4490 de
2499 4434 2819 4503 baptisterio
2855 4436 2921 4488 ad
2951 4433 3120 4488 altare
3134 4441 3382 4489 sanctum
3405 4432 3638 4503 ingredi,

2061 4537 2117 4582 et
2146 4528 2409 4583 Dominici
2435 4527 2676 4597 corporis
2703 4535 2759 4582 et
2784 4527 3065 4598 sanguinis
3115 4526 3492 4582 communione
3547 4525 3638 4580 de-

388 4617 655 4672 saeratius
706 4615 989 4671 intellexit.
1051 4614 1109 4668 ln
1160 4615 1395 4669 secunda
1447 4622 1609 4669 actate
1639 4614 1821 4670 saeculi
1861 4596 1959 4684 pro
1990 4596 2037 4656 θ
2060 4617 2189 4672 bere
2218 4617 2553 4681 consecrari,
2613 4615 2744 4670 vino
2770 4596 2988 4684 quidem
3011 4615 3079 4670 de
3098 4628 3239 4684 aqua
3289 4613 3435 4669 facto
3461 4627 3637 4668 mera-

374 4708 624 4779 -peccatis
650 4707 926 4764 hominum
953 4706 1183 4761 mundus
1215 4705 1422 4760 deletus
1439 4712 1540 4772 est,
1566 4705 1722 4774 aquis
1749 4704 1957 4771 diluvii,

294 4808 299 4814 '
372 4818 416 4855 ’κ
446 4814 555 4871 quo
581 4799 728 4855 solus
749 4797 862 4855 Noe
885 4804 1107 4869 propter
1120 4796 1389 4868 justitiam
1411 4811 1534 4851 eum
1547 4796 1735 4866 paucis
1762 4797 1963 4851 meruit

388 4890 626 4946 liberari.
666 4890 921 4961 Quisquis
947 4904 1075 4959 ergo
1098 4890 1201 4945 hac
1223 4888 1406 4944 audita
1434 4889 1735 4945 vastatione
1776 4904 1960 4945 emen-

388 4983 566 5038 datius
587 4983 770 5038 vivere
793 4982 1041 5053 coeperit,
1067 4980 1284 5036 liberari
1327 4978 1643 5036 desiderans
1677 4991 1800 5034 cum
1828 4993 1961 5048 pau-

385 5075 486 5140 cis,
505 5074 1055 5130 timensexterminari
1076 5088 1200 5129 cum
1224 5072 1491 5143 plurimis,
1515 5072 1759 5144 bydriam
1782 5086 1957 5140 aquae,

385 5185 494 5241 qua
519 5169 870 5225 mundaretur
889 5168 1125 5237 invenit;
1157 5168 1252 5223 sed
1289 5167 1336 5221 si
1373 5168 1427 5222 in
1458 5181 1587 5222 arca
1635 5164 1957 5231 Ecclesiam,

387 5264 442 5316 in
477 5259 589 5317 Noe
632 5261 929 5325 Christum,
966 5261 1020 5314 in
1047 5272 1187 5330 aqua
1221 5258 1570 5330 baptismum,
1602 5258 1657 5313 in
1710 5256 1960 5313 columba

390 5352 697 5408 unctionem
727 5349 962 5421 Spiritus
976 5344 1178 5413 sancti,
1205 5363 1312 5418 quo
1342 5347 1599 5417 baptizati
1623 5346 1957 5411 imbuuntur,

387 5441 736 5506 intellexerit,
758 5441 942 5495 vinum
966 5438 1208 5511 profecto
1230 5440 1295 5494 de
1321 5452 1457 5508 aqua
1479 5438 1677 5493 factum
1706 5437 1933 5492 miratur
1948 5480 1964 5505 ,

400 5534 526 5604 quia
555 5533 611 5589 in
639 5530 807 5588 veteri
837 5532 1063 5603 historia
1097 5543 1247 5583 suam
1294 5527 1619 5583 ablutionem
1647 5525 1957 5597 prophetari

390 5624 685 5691 cognoscit.
737 5621 795 5676 In
819 5621 976 5677 tertia
1022 5627 1178 5674 aetate
1229 5619 1458 5672 tentavit
1494 5619 1634 5672 Deus
1662 5617 1956 5683 Abraham,

389 5727 512 5765 cum
564 5713 733 5769 illium
767 5710 885 5780 ejus
927 5711 982 5767 in
1039 5709 1412 5765 holocaustum
1457 5709 1637 5763 oﬁ'erri
1682 5708 1953 5778 praecepit.

397 5801 509 5858 Non
551 5802 728 5859 ditiert
752 5803 1026 5861 Abraham
1051 5802 1227 5859 facere
1254 5801 1395 5871 quod
1421 5801 1660 5873 iubetur,
1716 5798 1807 5854 sed
1859 5813 1956 5868 pro

2058 4709 2280 4764 cissimo
2304 4711 2530 4764 donatus
2557 4720 2636 4760 es.
2680 4703 2882 4761 Verum
2904 4705 2951 4761 si
2971 4706 3150 4762 adhuc
3173 4705 3315 4775 quod
3338 4703 3510 4773 majus
3529 4712 3638 4769 est,

2058 4796 2487 4853 circumcisionis
2499 4795 2641 4851 diem
2681 4794 3067 4866 adgeneralem
3091 4794 3538 4851 resurrectionem
3554 4794 3637 4848 in-

2060 4888 2394 4958 terpreteris,
2409 4895 2463 4942 et
2476 4886 2824 4941 circumcisos
2846 4885 3027 4940 induci
3047 4885 3101 4939 in
3122 4885 3380 4955 templum
3401 4900 3521 4940 cum
3539 4884 3635 4938 ho-

2054 4968 2203 5033 stiis,
2225 4967 2445 5037 quando
2473 4970 2650 5026 sancti
2670 4968 2784 5040 jam
2819 4969 3267 5039 incorruptibiles
3296 4972 3363 5025 ad
3389 4984 3637 5025 Content-

2057 5064 2314 5133 piandatn
2355 5063 2595 5131 speciem
2627 5063 2828 5119 divina:
2867 5062 3186 5133 maiestatis,
3215 5080 3339 5117 cun.
3370 5066 3637 5119 bonorum

2061 5167 2292 5221 operum
2324 5154 2666 5216 muneribus,
2687 5152 2997 5216 intrabunt,
3025 5152 3388 5215 intellexeris.
3427 5164 3641 5208 tantum

2060 5246 2311 5319 profecto
2339 5247 2526 5301 vinum
2559 5247 2627 5301 de
2657 5261 2800 5315 aqua
2833 5245 2949 5300 ﬁeri
2980 5245 3214 5309 valebis,
3251 5256 3312 5301 ut
3340 5248 3642 5311 admirans,

2062 5341 2336 5400 conditori
2364 5340 2518 5395 dicas
2547 5358 2558 5392 :
2589 5338 2656 5393 Et
2687 5339 2946 5410 poculum
2984 5348 3137 5396 tuum
3166 5339 3449 5397 inebrians
3478 5356 3643 5412 quam

2064 5434 2388 5505 prmclarum
2421 5441 2506 5487 est
2526 5432 2539 5485 l

2134 5521 2206 5576 Et
2230 5520 2357 5575 dicit
2385 5518 2460 5573 eis
2483 5516 2640 5572 Iesus
2663 5531 2682 5570 :
2711 5512 2938 5570 Haurite
2964 5531 3121 5579 nunc,
3143 5522 3192 5569 et
3229 5513 3358 5583 ferte
3384 5511 3630 5567 at'cltitri-

2062 5612 2223 5677 cliuo,
2269 5620 2316 5664 et
2345 5608 2616 5672 tulerunt;
2648 5615 2704 5660 ut
2743 5615 2917 5660 autem
2959 5606 3180 5677 gustavit
3216 5604 3626 5665 arcltitriclinus,

2065 5719 2253 5774 aquam
2278 5702 2452 5755 riuum
2481 5698 2697 5766 factam,
2740 5707 2915 5752 etnon
2941 5696 3130 5750 sciebat
3163 5696 3298 5750 unde
3326 5704 3475 5757 esset,
3529 5694 3627 5746 mi-
3714 5742 3721 5747 .

2063 5795 2211 5851 nistri
2237 5803 2405 5847 autem
2429 5792 2693 5855 sciebant,
2742 5790 2829 5860 qui
2872 5788 3154 5871 hauserant
3182 5803 3393 5857 aqutmz.
3433 5786 3629 5843 Vinum
