3994 6204
312 378 384 441 89

1144 387 1656 449 COLLECTIONES
1696 396 1764 449 IN
1802 394 2180 454 EPISTOLAS
2217 400 2305 455 ET
2345 404 2752 464 EVANGELIA.

3492 418 3562 473 90

311 502 509 593 utique
529 498 905 593 architriclino
1046 516 1196 593 aqua
1200 505 1401 593 factum
1448 511 1786 578 propinatur,
1837 510 1891 565 in
1920 514 1973 572 A
1997 512 2050 566 in
2072 516 2322 584 gratiam,
2343 518 2480 575 fudit
2494 523 2770 593 sanguinis
2780 523 3049 592 poculum,
3073 534 3128 581 et
3144 526 3563 589 fecitmoriendo

314 588 483 640 domo
507 585 841 655 nuptiarum,
873 588 1015 656 quod
1040 597 1129 643 est
1155 590 1397 647 Ecclesia
1424 593 1648 649 Christi.
1704 596 1897 651 Tricli-

317 692 449 731 num
476 677 551 731 ibi
575 690 696 732 esse
721 677 1068 745 describitur,
1118 681 1245 751 quia
1270 684 1521 739 nimirum
1555 693 1667 740 tres
1687 695 1814 743 sunt
1842 688 1897 743 in

316 767 562 822 Ecclesia
584 767 821 823 ordines
863 768 1126 838 ﬁdelium,
1155 776 1558 843 conjugatorum
1576 815 1590 842 ,
1621 779 1901 833 continen-

317 859 458 913 tium
488 865 546 912 et
565 857 873 913 doctorum.

399 945 564 1001 Vocat
615 963 865 1018 sponsum
893 948 1302 1015 architriclinus,
1345 960 1391 1004 et
1416 951 1543 1005 dicit
1578 957 1625 1007 ei
1649 968 1668 1005 :
1715 955 1899 1010 0mm:

317 1039 475 1091 homo
500 1038 728 1108 primum
757 1037 948 1092 bonum
992 1038 1172 1093 vinum
1215 1040 1382 1110 ponit,
1430 1049 1479 1094 et
1512 1058 1629 1095 cum
1656 1044 1899 1098 inebriati

320 1128 539 1196 fuerint,
556 1136 687 1182 tunc
730 1127 789 1182 id
812 1128 952 1199 quod
984 1125 1214 1184 deterius
1254 1138 1355 1197 est,
1383 1139 1441 1185 tu
1481 1142 1655 1187 autem
1683 1135 1898 1189 seruasti

317 1214 513 1270 bonum
540 1218 714 1271 vinum
746 1233 910 1288 usque
949 1217 1141 1271 adhuc.
1173 1217 1465 1275 Doctorum
1510 1230 1597 1277 est
1622 1223 1766 1276 enim
1799 1238 1894 1279 co-

318 1320 584 1376 gnoscere
617 1305 934 1362 distantiam
978 1308 1112 1379 legis
1162 1316 1219 1364 et
1249 1309 1550 1381 Evangelii,
1570 1313 1815 1369 veritatis
1842 1322 1898 1368 et

318 1402 547 1470 umbrae,
582 1406 639 1459 et
675 1418 870 1459 novam
897 1404 1223 1475 evangelicae
1262 1405 1386 1461 ﬁdei
1416 1408 1667 1477 gratiam,
1696 1417 1749 1464 et
1772 1424 1897 1481 per-

316 1501 492 1563 petuze
522 1493 757 1548 cmlestis
783 1494 973 1564 patriae
999 1493 1143 1549 dona
1166 1494 1433 1564 proferre.

394 1581 510 1635 Hoc
550 1581 673 1651 fecit
717 1583 928 1636 initium
966 1582 1234 1653 signorum
1275 1582 1434 1639 Iesus
1469 1585 1525 1639 in
1568 1586 1715 1645 Cana
1754 1584 1900 1641 Gali-

316 1671 454 1735 la’rr,
484 1681 534 1726 et
564 1671 920 1741 manifestavit
942 1671 1166 1743 gloriam
1191 1689 1364 1741 suam,
1404 1683 1452 1729 et
1475 1675 1804 1730 crediderunt
1840 1676 1896 1730 in

315 1778 435 1815 eum
460 1761 705 1832 discipuli
729 1762 864 1831 ejus.
906 1760 1270 1818 Manifestavit
1288 1764 1390 1820 hoc
1415 1764 1586 1835 signo,
1612 1766 1757 1834 quod
1781 1766 1896 1836 ipse

1997 605 2319 660 convivium.
2368 608 2473 665 Sex
2500 610 2602 665 illa:
2628 612 2850 682 hydria),
2873 630 3102 684 quarum
3130 632 3269 687 aqua
3290 620 3347 673 in
3376 622 3560 677 vinum

1998 699 2202 747 mutata
2234 706 2336 763 est,
2372 712 2464 752 sex
2487 708 2674 755 aetates
2697 704 2879 756 mundi
2898 704 3221 774 ﬁgurabant.
3252 707 3308 761 In
3331 710 3450 766 istis
3468 730 3563 767 sex

1997 784 2263 848 mtatihus,
2295 788 2448 854 quasi
2495 789 2548 842 in
2581 804 2676 844 sex
2699 791 2905 862 hydriis
2932 795 3216 864 prophetia
3239 813 3343 852 non
3373 800 3562 855 defuit.

1999 874 2105 930 Sed
2133 878 2346 945 quando
2365 878 2611 937 Christus
2655 882 2709 936 in
2747 883 2853 938 illis
2870 886 3409 958 nonintelligebatur,
3454 907 3563 946 non

1997 980 2064 1019 ex
2087 967 2187 1020 illis
2211 968 2416 1035 vinum,
2451 972 2545 1025 sed
2573 987 2712 1042 aqua
2736 975 3041 1031 bibebatur.
3083 977 3262 1033 Prima
3306 995 3435 1051 ergo
3472 983 3564 1052 hy~

1998 1055 2113 1109 dria
2152 1057 2371 1126 impleta
2417 1069 2502 1114 est
2544 1061 2600 1114 in
2617 1062 2809 1129 Adam,
2858 1069 3075 1136 quando
3118 1069 3184 1124 de
3223 1069 3393 1126 latere
3425 1071 3563 1141 ejus,

1998 1146 2090 1201 illo
2111 1146 2433 1217 dormiente,
2463 1151 2728 1208 fabricata
2756 1164 2841 1210 est
2864 1157 2996 1212 Eva.
3044 1160 3308 1216 Dormivit
3328 1162 3385 1216 in
3405 1179 3567 1218 cruce

1998 1233 2265 1303 Christus,
2314 1249 2364 1294 et
2390 1241 2457 1295 de
2486 1242 2657 1297 latere
2692 1242 2807 1312 ejus
2852 1245 3121 1303 formatur
3152 1250 3411 1307 Ecclesia.
3460 1253 3565 1308 Sed

1997 1328 2122 1396 quia
2158 1329 2275 1385 haec
2309 1331 2361 1385 in
2392 1331 2610 1389 Christo
2632 1333 2938 1392 Iudaeorum
2960 1340 3188 1409 populus
3208 1341 3430 1410 implere
3458 1358 3567 1397 non

1997 1414 2344 1487 intelligebat,
2379 1435 2489 1474 non
2502 1419 2686 1474 vinum
2701 1422 2796 1476 sed
2807 1438 3001 1494 aquam
3019 1427 3282 1496 sapiebat.
3310 1427 3556 1482 Secunda

1998 1501 2185 1573 hydria
2216 1505 2432 1575 impleta
2454 1509 2611 1563 estin
2633 1509 2763 1575 Noe,
2802 1512 2880 1567 sic
2923 1527 3022 1581 per
3048 1515 3365 1584 mysterium
3403 1532 3567 1580 arae,

1999 1601 2088 1646 aut
2114 1594 2317 1663 diluvii,
2348 1612 2517 1666 genus
2561 1601 2858 1655 humanum
2890 1602 3146 1670 salvatur,
3176 1606 3445 1675 quomodo
3473 1623 3569 1676 per

1998 1685 2178 1740 crucis
2225 1687 2309 1740 vel
2353 1686 2612 1757 Baptismi
2667 1699 3068 1746 sacramentum
3114 1708 3147 1746 a
3200 1702 3373 1749 morte
3421 1703 3568 1750 totus

1997 1777 2229 1832 mundus
2260 1779 2504 1849 eripitur.
2532 1780 2712 1837 Tertia
2736 1784 2925 1854 hydria
2950 1785 3166 1856 impleta
3200 1796 3284 1842 est
3309 1787 3364 1842 in
3393 1788 3563 1843 Abra-

314 1860 582 1907 essetrex
616 1850 825 1923 gloriae,
869 1859 927 1907 et
963 1853 1087 1908 ideo
1108 1869 1338 1924 sponsus
1378 1855 1653 1921 Ecclesia,
1695 1858 1785 1927 qui
1836 1866 1897 1912 ut

1997 1869 2142 1922 ham.
2181 1869 2315 1923 Nam
2355 1874 2623 1939 quomodo
2660 1849 2812 1929 Isaac
2839 1877 2907 1930 ad
2932 1849 3107 1931 locum
3136 1877 3430 1933 holocausti
3502 1879 3566 1934 li-

315 1943 483 1997 homo
508 1936 812 1998 communis
835 1942 1048 1997 veniret
1066 1943 1132 1998 ad
1155 1944 1392 2014 nuptias,
1428 1945 1523 1999 sed
1559 1945 1712 2013 quasi
1751 1946 1894 2001 Deus

314 2029 437 2083 caeli
470 2037 527 2083 et
555 2037 712 2084 terrae
740 2030 1005 2086 elementa
1035 2040 1195 2101 prout
1230 2032 1488 2088 voluisset
1532 2041 1891 2089 converteret.

315 2119 457 2188 Ergo
472 2119 925 2175 Dominusvinum
948 2121 1003 2176 in
1033 2122 1226 2192 gaudia
1255 2123 1565 2191 nuptiarum
1586 2139 1692 2176 non
1720 2124 1784 2178 de
1811 2124 1894 2178 ni-

316 2207 425 2261 hilo
451 2206 632 2263 facere
648 2208 838 2275 voluit,
864 2207 959 2264 sed
979 2209 1204 2280 hydrias
1221 2225 1313 2265 sex
1340 2210 1551 2279 impleri
1571 2226 1708 2280 aqua
1758 2228 1894 2281 prte-

313 2299 539 2366 eipiens,
592 2298 735 2354 hanc
770 2299 1091 2354 mirabiliter
1130 2301 1397 2356 convertit
1430 2301 1484 2354 in
1509 2301 1715 2355 vinum.
1753 2302 1892 2368 Quia

314 2403 409 2443 sex
437 2389 625 2442 mundi
650 2395 842 2444 aetates
880 2389 1162 2459 sapientia:
1201 2390 1459 2445 salutaris
1510 2391 1761 2461 largitate
1795 2393 1892 2447 do-

314 2478 486 2543 navit,
531 2492 693 2548 quam
716 2485 898 2533 tamen
921 2478 1038 2548 ipse
1058 2479 1282 2534 veniens
1322 2479 1651 2536 sublimioris
1697 2495 1890 2538 sensus

313 2568 511 2622 virtute
538 2568 863 2624 fecundavit.
910 2568 1150 2639 Namque
1178 2570 1426 2625 carnales
1455 2572 1747 2626 carnaliter
1772 2580 1889 2626 tau-

312 2664 429 2711 tum
453 2658 758 2727 sapiebant,
774 2658 890 2728 ipse
911 2658 1245 2728 spiritalibus
1266 2661 1579 2730 spiritaliter
1605 2663 1886 2718 sentienda
1914 2646 1921 2647 ί

310 2750 644 2805 reservavit.

384 2841 597 2897 Dehinc
613 2839 957 2913 Augustinus.
997 2841 1068 2897 Et
1085 2841 1172 2898 die
1200 2844 1356 2898 tertio
1370 2844 1565 2914 nuptiae
1587 2843 1743 2913 facta:
1763 2851 1883 2897 sunt

305 2932 361 2987 in
389 2929 541 2987 Cana
566 2928 818 2987 Galiltew.
871 2932 1292 3002 Splendescente
1324 2933 1488 3004 igitur
1514 2946 1675 3003 super
1698 2932 1887 2987 obscu-

307 3036 430 3075 rum
459 3020 673 3076 delictis
723 3019 1134 3077 obfuscantibus
1177 3022 1433 3077 mundum
1499 3021 1758 3075 trinitatis
1795 3021 1906 3082 die,

306 3110 557 3166 Christus
591 3111 743 3167 venit
771 3111 840 3166 ad
865 3113 1104 3183 nuptias.
1178 3112 1282 3180 Qui
1324 3128 1485 3167 verus
1528 3112 1717 3168 botrus
1752 3129 1883 3168 con-

1995 1974 2159 2029 guum
2191 1960 2303 2029 ipse
2333 1963 2591 2030 portavit,
2618 1965 2692 2018 ita
2709 1973 2763 2019 et
2786 1964 3033 2022 Christus
3058 1968 3125 2021 ad
3148 1967 3324 2023 locum
3361 1971 3568 2037 passio-

1993 2048 2081 2103 nis
2150 2049 2264 2120 ipse
2293 2052 2394 2106 sibi
2425 2055 2605 2108 crucis
2618 2055 2914 2122 patibulum
2939 2056 3213 2125 hajulavit.
3243 2059 3444 2125 Quarta
3467 2062 3565 2132 hy-

1993 2137 2109 2191 dria
2131 2138 2353 2207 impleta
2378 2148 2461 2195 est
2487 2142 2542 2195 in
2569 2142 2758 2207 David,
2789 2144 2879 2212 qui
2907 2152 2961 2197 et
3004 2144 3057 2197 in
3088 2145 3391 2201 humilitate
3427 2155 3483 2202 et
3510 2148 3564 2202 in

1991 2225 2172 2280 multis
2216 2228 2651 2284 tribulationibus
2676 2229 2957 2285 Christum
2986 2232 3272 2288 Dominum
3294 2234 3563 2305 figuravit.

1989 2314 2184 2380 Quinta
2219 2316 2409 2386 hydria
2443 2318 2662 2389 impleta
2721 2327 2805 2374 est
2843 2328 3084 2391 tempore
3132 2322 3386 2388 Danielis,
3433 2325 3567 2380 vidit

1988 2407 2131 2460 enim
2172 2408 2457 2477 praecisum
2508 2409 2759 2478 lapidem,
2791 2412 2843 2467 id
2868 2420 2955 2467 est
2972 2420 3158 2467 natum
3179 2412 3455 2470 Christum
3500 2416 3567 2472 de

1987 2505 2187 2564 monte,
2214 2499 2269 2553 id
2289 2508 2393 2564 est,
2411 2501 2477 2555 de
2502 2515 2667 2573 regno
2685 2502 3014 2567 Iudaeorum,
3037 2504 3155 2559 sine
3166 2505 3411 2560 manibus
3422 2521 3573 2575 prie-1

1987 2588 2179 2652 cisum,
2198 2591 2323 2658 quia
2348 2592 2465 2645 sine
2489 2607 2653 2661 opera
2668 2593 2916 2663 nuptiali,
2941 2593 3034 2663 qui
3057 2593 3230 2664 gratia
3246 2609 3342 2649 sua
3356 2595 3573 2650 univer-

1985 2693 2104 2732 sum
2125 2681 2380 2734 mundum
2409 2682 2670 2751 implevit.
2723 2682 2889 2740 Sexta
2931 2685 3123 2757 hydria
3150 2685 3367 2756 impleta
3405 2687 3565 2741 estin

1982 2768 2188 2824 Joanne
2215 2771 2480 2840 Baptista,
2533 2774 2625 2842 qui
2648 2773 2849 2829 Judteis
2875 2775 3176 2845 praedicans
3215 2777 3328 2831 ait:
3380 2776 3565 2832 Facite

1983 2856 2191 2912 fructus
2236 2858 2425 2929 dignos
2445 2861 2799 2929 paenitentiae,
2828 2871 3021 2932 potens
3041 2873 3124 2919 est
3156 2867 3300 2920 enim
3328 2864 3469 2921 Deus
3500 2867 3564 2920 de

1981 2948 2246 3018 lapidibus
2268 2950 2385 3005 istis
2413 2951 2678 3006 suscitare
2701 2951 2840 3007 ﬁlios
2859 2952 3109 3008 Abrahte.
3164 2954 3284 3008 Ista:
3317 2968 3445 3023 ergo
3469 2970 3560 3007 sex

1980 3047 2169 3095 aetates
2191 3041 2395 3106 mundi,
2431 3043 2581 3097 velut
2607 3057 2702 3098 sex
2724 3044 2929 3114 hydria:
2953 3044 3186 3114 impleta:
3204 3053 3330 3100 sunt
3356 3060 3384 3100 a
3410 3045 3564 3101 mini-

1982 3132 2132 3195 stris,
2163 3131 2218 3186 id
2243 3139 2370 3186 esta
2393 3132 2718 3202 patriarehis
2736 3141 2791 3187 et
2819 3135 3116 3204 prophetis.

307 3203 513 3257 tinebat
538 3202 685 3256 intra
713 3217 773 3258 se
796 3200 922 3258 vita:
949 3204 1156 3269 vinum,
1194 3196 1289 3258 sed
1309 3202 1540 3258 necdum
1561 3204 1743 3260 crucis
1788 3218 1881 3259 ac-

2051 3218 2323 3290 Capientes
2343 3230 2587 3275 metretas
2618 3223 2767 3277 binas
2786 3223 2867 3277 vel
2895 3232 3089 3280 ternas.
3146 3225 3325 3293 Quare
3354 3228 3569 3282 ternas?

305 3300 543 3348 cesserat
560 3293 828 3363 praelium.

377 3384 515 3439 Dicit
540 3386 591 3440 ci
614 3395 784 3440 mater
805 3385 958 3456 ejus:
1002 3374 1188 3440 Vinu'm
1211 3401 1317 3441 non
1337 3386 1548 3440 habent.
1596 3385 1902 3458 Paulisper,

308 3475 467 3548 Virgo
508 3476 913 3543 ﬂorentissima,
961 3476 1234 3547 paulisper
1275 3483 1543 3547 praeparet
1565 3475 1781 3532 Judazus
1813 3477 1878 3532 li-

304 3582 485 3636 gnum,
506 3574 563 3621 et
592 3574 719 3622 tunc
755 3566 907 3621 exire
925 3567 1125 3637 poterit
1148 3567 1354 3621 vinum.
1420 3564 1560 3633 Quid
1587 3574 1713 3621 ante
1736 3574 1877 3621 tem-

303 3671 402 3725 pus
422 3657 601 3712 curris
629 3657 697 3712 ad
723 3656 919 3723 lacum,
949 3672 1073 3712 cum
1113 3657 1342 3713 necdum
1365 3655 1880 3726 impresseritJudas

304 3762 464 3817 super
487 3761 649 3804 uvam
673 3746 983 3802 calcaneum
1009 3748 1023 3802 l
1081 3747 1237 3801 Modo
1270 3747 1515 3807 meruisti
1548 3757 1875 3818 gemmatam

302 3838 540 3893 sobolem
588 3848 899 3909 procreare,
926 3838 1040 3908 jam
1082 3838 1301 3894 botrum
1332 3847 1486 3894 tuum
1529 3840 1746 3895 conaris
1780 3857 1877 3896 ex-

301 3930 572 3998 primere?
620 3932 717 3987 sed
764 3930 855 4000 qui
891 3930 958 3986 de
1010 3931 1153 4002 ligno
1179 3932 1384 4001 carpsit
1407 3931 1759 4002 supplicium,
1817 3933 1874 3988 in

302 4017 442 4088 ligno
498 4019 663 4075 debet
712 4029 1031 4089 exspectare
1068 4020 1386 4075 remedium.
1468 4020 1536 4075 Et
1575 4022 1666 4091 qui
1694 4037 1758 4077 ex
1786 4037 1872 4076 ar-

300 4110 432 4165 bore
455 4107 677 4182 inclyta
703 4110 1017 4178 demessuit,
1045 4111 1254 4182 frugem
1276 4121 1592 4183 exspectare
1607 4113 1766 4170 debet
1805 4116 1874 4170 ad

297 4214 538 4254 crucem.
1172 4256 1178 4269 ,

369 4289 508 4343 Dicit
526 4291 575 4344 ei
597 4290 754 4347 Iesus
774 4306 793 4344 :
811 4292 950 4359 Quid
973 4292 1099 4346 mihi
1124 4301 1171 4347 et
1194 4293 1286 4346 tibi
1306 4301 1405 4359 est,
1436 4291 1664 4347 mulier?
1699 4292 1871 4347 Extu-

294 4375 357 4431 lit
381 4378 472 4433 hic
495 4378 744 4437 Christus
764 4397 926 4452 super
954 4381 1178 4436 Matrem
1209 4382 1548 4437 divinitatem
1565 4396 1738 4455 suam,
1765 4398 1870 4438 non

295 4471 514 4540 negavit
550 4480 780 4527 matrem
823 4488 998 4528 suam.
1052 4474 1232 4544 Neque
1261 4490 1321 4529 se
1348 4481 1532 4528 natum
1565 4476 1778 4546 negavit
1800 4491 1868 4530 ex

294 4577 481 4628 carne,
520 4563 617 4619 sed
664 4563 930 4634 maiestati
973 4579 1087 4621 sua:
1145 4580 1298 4620 suam
1354 4564 1593 4620 subdidit
1648 4566 1869 4635 genitri-

291 4667 430 4708 cem.

364 4741 621 4797 Nondum
658 4746 790 4799 venit
823 4746 955 4800 liora
977 4761 1113 4799 mea.
1152 4744 1296 4799 Hora
1326 4744 1513 4814 utique
1557 4761 1664 4801 non
1713 4744 1866 4813 facti,

291 4833 386 4887 sed
414 4833 552 4899 voti,
572 4849 680 4889 non
694 4836 1052 4901 necessitatis,
1068 4835 1163 4891 sed
1187 4836 1497 4901 voluntatis,
1514 4851 1620 4891 non
1641 4852 1745 4906 qua
1770 4851 1865 4891 co-

291 4931 516 4992 geretur
539 4926 701 4990 mori,
743 4926 837 4982 sed
854 4942 961 4996 qua
992 4943 1090 4996 pro
1113 4927 1311 4982 mundo
1337 4927 1651 4997 dignaretur
1670 4925 1861 4982 occidi.
1889 4953 1900 4965 -

289 5013 512 5068 Interim
535 5013 786 5070 Christus
818 5016 1078 5086 insipidos
1112 5018 1340 5072 haustus
1364 5014 1635 5077 miriﬁcat,
1688 5015 1868 5072 fatuus

1979 3318 2199 3381 pI‘Opter
2232 3312 2545 3381 mysterium
2577 3314 2855 3370 trinitatis.
2921 3316 3103 3384 Quare
3132 3318 3313 3376 binas?
3343 3329 3562 3388 propter

1979 3400 2086 3455 duo
2110 3409 2394 3470 przecepta,
2427 3403 2732 3460 dilectionis
2754 3406 2850 3459 Dei
2878 3408 3195 3476 etproximi.
3228 3408 3294 3461 Et
3313 3409 3365 3461 in
3387 3408 3560 3462 Evan-

1978 3489 2158 3559 gelio:
2204 3490 2316 3561 Ego
2336 3500 2392 3546 et
2411 3491 2573 3547 Pater
2605 3509 2772 3548 unum
2822 3510 3026 3549 sumus.
3077 3496 3217 3551 Ecce
3240 3496 3414 3552 binas.
3456 3497 3554 3562 Ite,

1977 3578 2250 3646 baptizate
2271 3594 2460 3635 omnes
2497 3592 2704 3651 gentes,
2742 3582 2794 3636 in
2824 3585 3043 3638 nomine
3075 3583 3274 3649 Patris,
3324 3592 3379 3638 et
3413 3585 3557 3652 Filii,

1977 3675 2033 3722 et
2054 3666 2290 3736 Spiritus
2309 3669 2503 3723 sancti.
2556 3670 2699 3725 Ecce
2742 3671 2910 3728 habes
2944 3680 3143 3729 ternas.
3198 3672 3556 3729 Gustavitar-

1977 3759 2338 3826 chitriclinus,
2385 3760 2439 3815 id
2476 3769 2581 3828 est,
2624 3765 2809 3819 mundi
2832 3765 3110 3832 Dominus,
3144 3781 3341 3837 aquam
3366 3767 3553 3821 vinum

1974 3851 2193 3918 factam,
2217 3862 2272 3908 et
2293 3854 2425 3909 dicit
2446 3872 2459 3908 :
2497 3853 2685 3912 Omnis
2708 3857 2868 3913 homo
2888 3859 3122 3929 primum
3141 3859 3341 3913 bonum
3366 3859 3549 3912 vinum

1972 3943 2148 4013 ponit,
2177 3952 2376 3998 etcum
2397 3944 2648 4000 inchriati
2675 3946 2875 4002 fuerint
2890 3948 3153 4011 homines,
3182 3955 3311 4002 tunc
3333 3948 3386 4001 id
3413 3948 3556 4016 quod

1974 4026 2212 4091 deterius
2225 4047 2328 4093 est.
2386 4037 2466 4091 Tu
2492 4046 2674 4094 autem
2703 4040 2932 4095 servasti
2955 4040 3156 4094 bonum
3175 4039 3362 4092 vinum
3384 4052 3555 4106 usque

1973 4125 2170 4191 adhuc,
2195 4133 2250 4180 et
2271 4126 2357 4180 lex
2388 4127 2532 4181 enim
2559 4135 2763 4192 sancta,
2813 4137 2869 4182 et
2888 4127 3198 4181 mandatum
3228 4133 3474 4180 sanctum
3501 4134 3557 4179 et

1974 4209 2173 4282 iustum
2190 4223 2246 4268 et
2267 4215 2488 4269 bonum.
2518 4214 2627 4269 Sed
2645 4216 2732 4270 lex
2753 4215 3099 4283 etPropheta:
3119 4228 3290 4284 usque
3310 4214 3377 4268 ad
3390 4211 3555 4268 Joan—

1972 4319 2097 4358 nem
2132 4306 2610 4373 prophetaverunt,
2664 4314 2719 4360 et
2752 4305 2873 4360 ideo
2921 4304 3243 4360 adveniente
3298 4304 3546 4370 Domino,

1971 4397 2096 4451 vina
2126 4396 2358 4453 Mosaica
2383 4397 2716 4465 defecerunt,
2746 4405 2802 4454 et
2819 4398 2942 4453 vina
2965 4388 3245 4468 sanguinis
3273 4397 3551 4469 proﬂuxe-

1973 4498 2115 4543 runt.
2152 4488 2247 4542 llla
2273 4496 2597 4559 acceperunt
2619 4488 2930 4556 terminum,
2946 4488 3052 4544 ista
3076 4495 3424 4559 sumpserunt
3444 4489 3552 4543 ini-

1977 4578 2130 4636 tium.
2162 4579 2408 4649 Denique
2434 4580 2540 4635 hoc
2575 4588 2659 4636 est
2693 4579 2905 4634 initium
2934 4579 3234 4653 signorum,
3256 4582 3399 4652 quod
3425 4580 3552 4636 fecit

1971 4672 2148 4739 Jesus,
2200 4676 2418 4745 quando
2439 4675 2588 4744 pavit
2639 4683 2826 4746 gentes
2853 4676 3084 4740 occisus,
3144 4683 3198 4730 et
3226 4675 3293 4731 de
3314 4675 3438 4730 vino
3464 4675 3549 4730 sui

1972 4766 2250 4835 sanguinis
2277 4765 2404 4821 fecit
2432 4766 2759 4832 convivium,
2787 4766 3121 4823 vulneratus.

2613 4913 2929 4956 CONCORDIA.

2040 5028 2097 5083 In
2128 5027 2452 5095 dill'erentia,
2488 5028 2783 5084 secundum
2807 5028 3145 5099 Apostolum,
3194 5027 3543 5087 donationum

287 5103 435 5157 latex
458 5104 783 5160 fundebatur
812 5106 868 5160 in
895 5107 1142 5177 hydriam
1157 5106 1892 5166 ethauriebanturiuebrian-

1986 5118 2336 5175 :tdil‘ferentia
2360 5118 2671 5191 hydriarum
2702 5120 2931 5175 istarum
2957 5122 3017 5174 lit
3045 5120 3329 5176 concordia
3361 5122 3547 5178 lectio-

280 5196 359 5249 tia
373 5193 616 5261 ﬂumina,
645 5198 793 5251 nulla
823 5199 1225 5268 exprimebatur
1250 5214 1374 5265 uva,
1404 5208 1461 5254 ct
1493 5198 1867 5255 fervescebant
1965 5226 2115 5277 num,
2142 5198 2314 5267 corda
2342 5212 2485 5265 cnim
2513 5218 2824 5266 sanctorum
2851 5213 3055 5282 hydria:
3081 5220 3225 5279 sunt,
3260 5213 3408 5270 fonte
3456 5231 3539 5269 rc-

284 5287 405 5341 sine
429 5287 654 5358 palmite
680 5290 825 5345 vina.
865 5290 980 5346 Hoc
1008 5292 1136 5346 fecit
1154 5291 1403 5349 Christus
1430 5293 1480 5346 in
1508 5292 1686 5355 latice,
1720 5293 1863 5361 quod
1963 5298 2121 5367 picta:
2144 5299 2425 5355 donorum.
2479 5299 2712 5355 Ministri
2761 5300 2852 5371 qui
2903 5302 3204 5358 hauserunt
3232 5317 3446 5371 aquam,
3485 5310 3540 5356 et

283 5385 436 5433 certo
455 5386 697 5448 tempore
741 5378 870 5435 facit
905 5381 958 5434 in
977 5380 1107 5435 vite.
1159 5380 1462 5437 Transeunt
1492 5383 1557 5437 ad
1586 5382 1861 5437 Christum
1962 5387 2158 5459 quibus
2205 5398 2378 5445 mater
2408 5388 2543 5445 dixit
2571 5407 2584 5444 ε
2639 5389 3004 5461 Quodcunque
3033 5390 3229 5446 dixerit
3276 5392 3428 5445 vobis
3453 5389 3533 5441 fa-

283 5470 508 5538 nnptiaz,
536 5479 593 5525 et
615 5470 860 5527 Ecclesia
892 5474 1120 5528 mutavit
1146 5489 1422 5542 sponsum.
1466 5473 1767 5545 Aliquando
1808 5483 1864 5529 et
1961 5480 2091 5545 cite,
2134 5479 2387 5553 ministri,
2417 5488 2543 5535 sunt
2573 5479 2794 5557 Christi,
2844 5480 3039 5550 quibus
3085 5479 3374 5534 secundum
3392 5476 3534 5546 Apo-

281 5557 467 5614 Judzea
514 5562 702 5616 vinum
731 5578 841 5617 non
882 5564 1089 5629 habuit,
1131 5564 1257 5634 quia
1289 5580 1482 5619 munus
1509 5565 1706 5619 sacrati
1741 5580 1863 5620 san-

282 5651 460 5718 guinis
488 5667 599 5705 non
622 5653 849 5722 accepit,
878 5662 935 5708 et
975 5655 1101 5709 dum
1133 5654 1259 5724 Legi
1302 5655 1547 5718 nuberet,
1586 5672 1689 5711 non
1719 5656 1864 5709 imc-

284 5742 360 5797 uit
389 5743 535 5811 quo]
591 5743 820 5798 biberet.
903 5746 1053 5801 Venit
1080 5747 1350 5806 Christus.
1382 5748 1606 5800 mutavit
1667 5747 1859 5817 Legem

1962 5571 2157 5626 stolum
2218 5570 2237 5643 (
2288 5569 2441 5630 Rom.
2491 5570 2592 5645 xu)
2650 5573 2807 5628 datur
2854 5571 3211 5627 ministerium
3259 5569 3316 5624 in
3371 5564 3533 5623 mini-

1965 5665 2204 5720 strando.
