3998 6198
420 428 484 482 9i

641 534 964 594 DOMlNiCA
1004 532 1068 589 lll
1097 532 1269 590 POST
1309 529 1764 585 THEOPHANIA.

452 646 627 686 EPIST.
657 645 812 683 BEATI
855 642 1008 681 PAULI
1038 640 1219 679 APOS’I‘.
1252 639 1319 676 Al)
1358 636 1619 684 ROIANOB,
1694 637 1810 676 CAP.
1853 634 1947 672 λιι.

495 742 513 772 ι
559 720 734 775 Nolite
762 733 882 774 esse
916 717 1210 787 prudentes
1247 714 1387 784 apud
1408 715 1765 783 vosmetipsos
1790 755 1804 778 ,
1855 713 1987 769 nulli

422 830 444 864 ι
488 811 688 865 malum
711 824 810 879 pro
824 808 966 863 malo
994 807 1296 862 reddentes.
1332 806 1680 861 Providentes
1699 807 1860 869 bona,
1879 820 1987 859 non

422 921 441 949 ι
488 910 695 955 tantum
724 914 905 953 coram
936 896 1067 961 Deo,
1096 896 1191 950 sed
1215 895 1378 950 etiam
1407 910 1590 951 coram
1610 896 1862 950 omnibus
1892 896 1987 948 bo—

419 1008 441 1040 ε
486 990 737 1043 minibus.
808 985 865 1041 Si
894 985 1011 1040 ﬁeri
1050 988 1247 1055 potest,
1283 985 1426 1053 quod
1453 1000 1520 1039 ex
1552 985 1706 1041 vobis
1731 993 1835 1049 est,
1861 1000 1984 1039 cum

420 1100 440 1129 ι
484 1080 731 1135 omnibus
754 1078 1059 1135 hominibus
1082 1092 1268 1147 pacem
1294 1078 1571 1134 habentes.
1618 1079 1735 1133 Non
1755 1085 1988 1132 vosmet-

418 1191 440 1223 ‹
486 1173 629 1240 ipsos
658 1170 1024 1236 defendentes,
1049 1170 1374 1234 charissimi,
1405 1170 1498 1224 sed
1527 1169 1652 1225 date
1674 1170 1850 1224 locum
1868 1168 1980 1222 irae.

415 1283 435 1313 ι
486 1261 757 1330 Scriptum
782 1270 866 1316 est
890 1262 1036 1316 enim
1065 1278 1079 1314 :
1120 1260 1250 1315 Mihi
1291 1260 1581 1315 vindictam
1608 1269 1663 1314 et
1696 1276 1797 1331 ego
1827 1261 1986 1315 retri-

419 1344 455 1399 ‹’
484 1350 669 1416 buam,
720 1351 851 1405 dicit
878 1350 1158 1405 Dominus.
1203 1348 1311 1405 Sed
1343 1352 1388 1405 si
1436 1351 1689 1404 csurierit
1731 1351 1984 1406 inimicus

417 1458 436 1488 ι
480 1447 628 1502 tuus,
678 1440 796 1494 ciba
853 1439 1020 1494 illum.
1076 1438 1136 1494 Si
1187 1440 1320 1506 sitit,
1367 1448 1554 1510 potum
1606 1442 1673 1495 da
1724 1441 1820 1495 illi.
1870 1441 1982 1497 Hoc

410 1534 441 1577 4‘
481 1530 623 1583 enim
679 1530 881 1586 faciens
909 1571 924 1595 ,
991 1531 1256 1586 carbones
1312 1532 1451 1602 ignis
1506 1547 1770 1601 congeres
1821 1544 1983 1602 Super

410 1639 431 1668 ε
480 1628 637 1688 caput
661 1619 798 1688 ejus.
855 1619 973 1675 Noli
996 1621 1137 1676 vinci
1164 1637 1195 1675 a
1222 1622 1383 1687 malo,
1423 1622 1517 1678 sed
1569 1623 1723 1678 vince
1763 1623 1980 1678 inbono

408 1729 433 1758 vs
479 1710 699 1765 malum.
741 1731 758 1763 ι

478 1799 657 1854 Nolite
702 1818 811 1855 esse
850 1804 1130 1872 prudentes
1155 1803 1297 1873 apud
1323 1805 1675 1873 vosmetipsos.
1729 1805 1829 1871 Qui
1877 1805 1977 1859 sibi

1700 418 1833 472 ΒΜΔ
1844 416 2050 472 RAGDI
2089 417 2378 473 ABBATIS

3592 421 3664 479 9%

2021 529 2069 587 A
2096 530 2355 598 impedire
2380 530 2673 597 videretur,
2721 532 3249 588 moderantissimnm
3278 532 3430 589 dedit
3459 550 3661 605 praece-

2094 626 2268 686 ptum,
2295 628 2355 673 ut
2390 621 2607 674 interim
2645 628 2831 677 noster
2858 623 3088 686 animus,
3142 638 3356 693 semper
3382 625 3455 680 sit
3498 642 3657 697 para-

2093 716 2180 762 tus
2203 710 2269 763 ad
2293 725 2503 779 pacem,
2533 717 2590 765 et
2620 711 2904 769 discordiae
2927 713 3083 783 culpa
3103 729 3210 769 non
3233 730 3399 784 penes
3428 732 3553 781 nos,
3568 719 3658 774 sed

2088 811 2257 867 penes
2276 797 2504 853 alterum
2541 808 2770 855 constet.
2826 800 2954 856 ideo
2977 816 3107 873 ergo
3132 804 3270 860 bene
3293 805 3474 860 addit:
3509 805 3659 874 Quod

2090 900 2158 940 ex
2186 887 2339 942 vobis
2358 896 2460 953 est,
2487 890 2592 944 hoc
2611 898 2716 957 est,
2746 891 2887 960 quod
2905 892 3178 961 proposito
3200 896 3411 961 vestro,
3457 906 3510 951 et
3536 897 3658 953 fidei

2088 982 2287 1028 vestrae
2306 978 2572 1031 convenit.

2160 1061 2268 1134 (Ea:
2288 1062 2546 1136 Primos.)
2583 1066 2737 1133 Quod
2751 1075 2990 1124 vestrum
3012 1079 3119 1134 est,
3144 1084 3244 1126 vos
3261 1086 3387 1126 eum
3410 1074 3662 1130 omnibus

2086 1168 2275 1222 pacem
2302 1153 2577 1220 habetote,
2602 1166 2659 1211 et
2683 1157 2884 1213 dicite:
2915 1158 3050 1215 Cum
3082 1160 3173 1216 bis
3193 1161 3285 1229 qui
3314 1162 3542 1218 oderunt
3562 1181 3657 1234 pa-

2087 1257 2205 1297 cem
2232 1257 2382 1297 eram
2404 1243 2679 1312 pacillcus.

2126 1316 2131 1323 ’
2163 1332 2283 1393 Non
2306 1336 2637 1405 vosmetipsos
2670 1337 3023 1408 defendentes,
3059 1341 3375 1410 citatissimi,
3424 1347 3515 1401 sed
3536 1348 3657 1403 date

2085 1422 2257 1476 locum
2286 1424 2400 1479 ira’.
2445 1425 2546 1496 (Ex
2568 1427 2743 1500 Orig.)
2782 1428 2849 1484 lli
2868 1430 2957 1499 qui
2989 1432 3195 1502 seipsos
3223 1449 3332 1490 non
3358 1435 3657 1505 vindicant,

2083 1514 2351 1580 quomodo
2389 1515 2481 1568 ira:
2505 1516 2681 1573 locum
2701 1519 2849 1586 dent,
2875 1519 3163 1592 dupliciter
3184 1525 3316 1581 mihi
3336 1528 3548 1584 videtur
3572 1532 3653 1586 in-

2083 1602 2268 1688 telligi.
2326 1604 2461 1659 Nam
2488 1614 2544 1661 et
2566 1609 2668 1663 hoc
2697 1608 2835 1678 ipso,
2858 1612 3001 1680 quod
3024 1612 3197 1683 (verbi
3218 1623 3404 1688 causa)
3432 1634 3650 1674 manum

2082 1680 2244 1746 m'anu
2267 1709 2373 1747 non
2397 1693 2658 1760 referunt,
2686 1707 2780 1754 aut
2805 1701 3052 1758 convicio
3076 1705 3379 1761 convicium
3405 1724 3510 1762 non
3534 1710 3650 1764 red-

2081 1780 2238 1847 dunt,
2284 1783 2377 1838 irae
2406 1784 2548 1840 illius
2579 1789 2672 1857 qui
2699 1788 2825 1845 fecit
2866 1789 3139 1861 injuriam,
3166 1800 3577 1864 pertranseundi
3598 1810 3652 1854 et

404 1890 506 1958 ipsi
530 1888 765 1959 prudens
792 1904 913 1944 esse
937 1890 1170 1955 videtur,
1192 1872 1285 1945 hic
1311 1907 1431 1945 cum
1453 1872 1760 1961 arrogantia
1784 1893 1969 1948 stultus

2080 1874 2439 1929 cvanescendi
2490 1875 2667 1932 locum
2706 1878 2989 1943 dederunt.
3036 1882 3207 1939 Nemo
3229 1887 3374 1941 enim
3407 1888 3479 1943 ita
3502 1890 3656 1955 rabi-é

402 1986 505 2032 est.
564 1975 673 2031 Nec
721 1983 900 2047 potest
952 1992 1138 2032 veram
1175 1978 1492 2047 sapientiam
1538 1979 1629 2032 Dei
1667 1980 1826 2043 scire,
1888 1981 1982 2048 qui

402 2083 555 2121 suam
587 2067 894 2132 stultitiam,
944 2068 1099 2137 quasi
1153 2068 1674 2137 sapientiam,co|it.
1742 2069 1981 2137 Denique

401 2156 455 2209 in
497 2158 863 2225 superioribus
907 2158 1045 2212 hanc
1094 2157 1260 2213 fuisse
1310 2158 1705 2213 incredulitatis
1758 2175 1978 2214 causam

401 2245 623 2311 Judzeis,
670 2249 783 2316 ipse
808 2246 1007 2303 Paulus
1047 2248 1280 2313 edocuit,
1334 2249 1520 2304 dicens
1571 2251 1637 2303 de
1668 2250 1785 2304 eis:
1840 2249 1978 2316 Quia

400 2336 708 2405 ignorantes
732 2338 822 2392 Dei
850 2338 1113 2406 justitiam
1142 2347 1199 2392 et
1222 2355 1374 2393 suam
1398 2349 1699 2408 qumrcntcs
1714 2348 1976 2407 statuere,

390 2423 616 2492 justiti-.e
650 2426 744 2480 Dei
773 2442 879 2481 non
911 2437 1035 2482 sunt
1078 2429 1326 2499 subjecti.
1382 2428 1473 2484 Sic
1509 2443 1662 2499 ergo,
1710 2431 1801 2499 qui
1836 2432 1975 2499 apud

397 2516 742 2585 semetipsum
754 2517 969 2587 sapiens
985 2526 1087 2584 est,
1116 2534 1221 2573 non
1244 2528 1421 2589 potest
1448 2534 1568 2576 esse
1591 2521 1809 2591 sapiens
1832 2520 1977 2592 apud

395 2605 589 2659 Deum.
1272 2678 1275 2679 ν
1410 2624 1419 2635 ‘

465 2692 574 2767 (Ex
604 2694 860 2769 Primos.)
898 2695 1070 2753 Nolite
1091 2699 1146 2753 in
1168 2698 1407 2755 humana
1431 2702 1694 2771 sapientia
1723 2704 1969 2774 gloriari,

394 2786 489 2838 sed
515 2784 662 2838 stulti
698 2792 871 2841 estote
913 2787 1127 2853 smculo,
1182 2795 1239 2842 ut
1272 2789 1392 2844 sitis
1417 2790 1645 2846 Domino
1682 2793 1971 2862 sapientes,

393 2874 534 2928 sicut
559 2876 816 2944 scriptum
838 2886 922 2931 est
948 2893 962 2931 :
1018 2878 1211 2934 Beatus
1240 2882 1393 2936 homo
1414 2900 1566 2953 quem
1599 2893 1654 2938 tu
1692 2885 1970 2951 erudieris,

394 2965 637 3031 Domine,
667 2976 715 3019 et
743 2968 806 3019 de
839 2967 948 3038 lege
971 2978 1061 3022 tua
1088 2970 1328 3026 docueris
1357 2990 1474 3026 eum
1502 2972 1673 3045 (Psal.
1710 2977 1882 3047 xcm).

469 3055 621 3109 Nulli
648 3056 845 3111 malum
878 3076 971 3129 pro
1010 3060 1148 3115 malo
1198 3062 1486 3117 recidentes.
1535 3064 1593 3118 Si
1646 3065 1844 3120 malum
1891 3067 1972 3121 in—

390 3145 534 3200 ferre
586 3163 811 3217 peccare
839 3160 938 3211 est,
995 3153 1218 3207 reddere
1243 3154 1441 3206 malum
1484 3152 1687 3222 justum
1728 3172 1832 3212 non
1862 3167 1967 3223 cst,

2079 1962 2181 2018 dus
2206 1964 2500 2032 invenitur,
2540 1976 2600 2023 ut
2628 1970 2674 2025 si
2699 1972 2871 2029 vicem
2918 1988 3025 2029 non
3054 1976 3281 2046 recipiat
3328 1978 3525 2035 iterum
3551 1997 3651 2037 sa:-

2077 2057 2210 2122 viat,
2235 2059 2330 2113 sed
2348 2061 2508 2129 quasi
2530 2061 2699 2118 etl’uso
2724 2079 2789 2119 ac
2813 2064 3023 2135 digesto
3043 2065 3225 2124 furore
3250 2069 3503 2126 mitescit.
3554 2073 3650 2129 Est

2078 2155 2257 2200 autem
2287 2156 2344 2202 et
2392 2149 2495 2205 hoc
2525 2152 2687 2207 modo
2706 2154 2801 2208 ira:
2825 2154 3002 2211 locum
3028 2154 3182 2213 dare.
3236 2158 3337 2225 Qui
3360 2160 3503 2216 enim
3528 2177 3649 2232 pec-

2078 2244 2221 2299 cant,
2246 2237 2617 2296 thesaurizant
2642 2244 2743 2299 sibi
2767 2245 2903 2300 iram
2932 2246 2987 2301 in
3010 2247 3098 2303 die
3133 2248 3246 2312 ire,
3287 2251 3502 2320 quando
3530 2252 3649 2306 red-

2076 2322 2168 2378 det
2195 2324 2337 2381 Deus
2356 2328 2646 2398 unicuique
2665 2334 2962 2388 secundum
2985 2348 3149 2404 opera
3168 2352 3294 2405 sua;
3319 2339 3365 2393 si
3391 2354 3519 2410 ergo
3529 2355 3651 2413 pos-

2077 2416 2330 2486 mctipsos
2356 2419 2711 2486 vindicemus,
2748 2438 2854 2478 non
2875 2432 2962 2480 est
2992 2431 3430 2500 magnum,vcrbi
3459 2447 3641 2493 causa.

2075 2506 2121 2561 si
2146 2515 2235 2561 aut
2281 2508 2513 2577 palmam
2554 2527 2653 2582 pro
2675 2512 2875 2582 palma,
2907 2524 3002 2571 aut
3020 2532 3209 2573 saxum
3242 2536 3343 2589 pro
3367 2537 3500 2576 saxo
3521 2522 3644 2577 red-

2074 2597 2286 2653 damus.
2341 2599 2399 2654 Si
2425 2616 2557 2656 vero
2582 2618 2920 2661 reservemus
2948 2620 3013 2661 ea
3032 2608 3280 2664 vindicta:
3316 2610 3433 2676 Dei,
3462 2611 3649 2667 locum

2074 2685 2265 2741 damus
2300 2688 2414 2754 iraa,
2467 2692 2595 2760 quia
2621 2691 2764 2749 Deus
2815 2695 2871 2750 in
2902 2692 3107 2763 judicio
3151 2698 3324 2754 multo
3368 2697 3649 2770 graviores

2074 2790 2236 2844 quam
2266 2793 2366 2833 nos
2384 2778 2585 2836 inferre
2608 2797 2894 2850 possumus
2916 2786 3098 2856 exiget
3122 2800 3331 2856 ptenas.

2146 2867 2256 2938 (Ea:
2281 2867 2541 2942 Primos.)
2580 2871 2687 2928 Aut
2706 2872 2960 2945 fugiendo
2984 2876 3174 2934 damus
3198 2876 3375 2935 locum
3410 2878 3527 2947 ire,
3552 2891 3646 2935 aut

2073 2959 2437 3025 permittendo
2463 2975 2680 3017 nocere.
3198 3021 3202 3029 .

2146 3048 2414 3121 Scriptum
2454 3063 2529 3107 est
2564 3054 2702 3108 enim
2729 3070 2749 3109 :
2806 3055 2942 3111 Mihi
2967 3057 3274 3114 vindictam.
3338 3059 3453 3130 Ego
3489 3061 3653 3129 quasi

2074 3153 2273 3205 meam,
2303 3141 2432 3196 dicit
2453 3142 2735 3209 Dominus,
2766 3158 2873 3200 non
2905 3147 3065 3216 quasi
3107 3156 3350 3204 vestram
3392 3148 3655 3225 injuriam

391 3234 485 3288 sed
517 3235 691 3289 simile
713 3245 992 3305 peccatum
1021 3249 1124 3304 est,
1149 3250 1262 3303 aut,
1303 3250 1364 3295 ut
1384 3257 1484 3313 ego
1518 3243 1771 3310 arbitror,
1802 3246 1965 3300 etiam

2076 3229 2372 3296 vindicabo,
2397 3232 2528 3287 dicit
2550 3234 2693 3288 enim
2714 3236 2975 3304 propheta
3000 3253 3014 3290 :
3053 3237 3157 3304 Qui
3192 3252 3288 3294 vos
3314 3239 3505 3310 tangit.
3528 3247 3649 3294 tan-

393 3326 631 3394 gravius.
703 3326 836 3381 Nam
861 3328 947 3383 illc
975 3332 1068 3399 qui
1113 3331 1313 3386 malum
1337 3332 1483 3403 prior
1509 3334 1712 3400 intulit,
1740 3335 1968 3393 forsitan

392 3429 498 3467 non
527 3416 696 3469 sensit
722 3416 920 3471 malum
950 3432 1071 3473 csse
1087 3420 1231 3489 quod
1259 3420 1476 3476 laceret.
1522 3423 1624 3490 Qui
1647 3433 1824 3480 autem
1842 3428 1966 3481 ned-

388 3504 466 3557 dit
496 3505 719 3572 malum,
765 3520 832 3561 eo
857 3507 972 3577 ipso
992 3549 1006 3574 ,
1032 3524 1138 3578 quo
1163 3511 1229 3565 ad
1257 3511 1620 3567 ulciscendum
1655 3525 1834 3570 motus
1861 3526 1966 3582 est,

391 3593 670 3650 rtml‘cssus
706 3605 791 3651 est
840 3600 1076 3654 sensisse
1116 3600 1312 3655 malum
1336 3616 1457 3658 esse
1492 3604 1636 3673 quod
1665 3606 1861 3672 reddit,
1911 3618 1967 3663 ct

391 3684 512 3740 ideo
557 3687 953 3755 respiciendum
1005 3706 1217 3760 semper
1244 3702 1329 3748 est
1375 3695 1444 3749 ad
1483 3709 1605 3749 eum
1636 3697 1728 3766 qui
1777 3697 1962 3752 dixit:

397 3775 528 3829 Milli
556 3776 781 3830 vindicta
816 3788 861 3831 et
892 3795 985 3848 ego
1022 3781 1304 3834 retribuam
1336 3782 1514 3853 (Deut.
1554 3785 1749 3853 xxx").

461 3865 571 3937 (Ea:
594 3865 848 3938 Primus.)
886 3867 1130 3924 llumana
1152 3872 1415 3941 sapientia
1445 3882 1549 3941 est,
1574 3875 1618 3930 si
1657 3891 1967 3945 quaeramus

385 3956 561 4011 vicem
589 3958 817 4013 reddere
853 3959 1110 4027 inimicis,
1141 3964 1368 4020 stultitia
1405 3974 1490 4021 cst
1531 3966 1585 4021 in
1616 3967 1718 4022 hoc
1746 3970 1962 4034 sacculo,

385 4049 431 4102 si
465 4050 784 4119 percutienti
815 4059 868 4107 et
897 4051 1055 4113 aliam
1083 4057 1358 4112 maxillam
1394 4060 1749 4128 prmbeamus.
1813 4061 1966 4128 Quod

386 4139 429 4192 si
458 4145 620 4194 tanta:
643 4141 916 4209 patientia:
941 4152 995 4197 et
1018 4145 1336 4201 humilitatis
1367 4146 1646 4213 fuerimus,
1662 4163 1768 4204 non
1791 4150 1963 4205 solum

386 4232 525 4301 apud
553 4232 739 4298 Deum,
763 4231 856 4288 sed
877 4233 1042 4289 etiam
1066 4237 1207 4307 apud
1231 4236 1496 4304 homines,
1523 4239 1821 4309 poterimus
1839 4256 1964 4311 pro-

384 4323 589 4379 babiles
614 4340 897 4395 apparere.

456 4411 793 4469 Providentes
822 4415 978 4482 bona,
1002 4435 1106 4472 non
1123 4427 1328 4475 tantum
1344 4438 1520 4476 coram
1549 4424 1674 4489 Deo,
1695 4426 1787 4479 sed
1803 4427 1959 4480 etiam

382 4517 561 4582 rerum
589 4505 902 4561 hominibus.
942 4507 1043 4579 (Ex
1065 4509 1242 4582 Orig.)
1269 4512 1465 4567 Coram
1506 4518 1755 4572 omnibus
1782 4518 1959 4572 homi-

2068 3334 2228 3388 quam
2253 3320 2343 3389 qui
2369 3322 2538 3392 tangit
2556 3322 2816 3392 pupillam
2841 3325 2983 3380 oculi
3004 3326 3109 3381 mei
3129 3324 3314 3397 (Zach.
3340 3326 3424 3399 ιι).

2056 3450 2062 3455 .
2143 3409 2255 3480 Ego
2292 3411 2597 3478 retribuam,
2634 3414 2763 3468 dicit
2789 3414 3069 3473 Dominus.
3117 3417 3464 3474 Facientibus
3502 3419 3643 3475 bona

2067 3514 2127 3555 se
2156 3500 2455 3557 retribuere
2479 3504 2767 3572 promittit.

2138 3589 2245 3646 Sed
2278 3592 2325 3646 si
2371 3594 2612 3648 esurierit
2653 3593 2898 3649 inimicus
2920 3603 3067 3659 tuus,
3095 3596 3211 3650 ciba
3235 3596 3407 3661 illum,
3438 3598 3484 3651 si
3508 3598 3641 3658 sitit,

2064 3692 2244 3753 potum
2263 3683 2333 3738 da
2355 3683 2460 3750 illi,
2473 3685 2571 3739 hoc
2592 3686 2729 3740 enim
2752 3686 2972 3755 faciens,
2987 3687 3237 3742 carbones
3254 3687 3391 3759 ignis
3400 3704 3644 3759 congeres

2065 3789 2221 3843 super
2238 3784 2393 3844 caput
2406 3774 2544 3844 ejus.
2566 3774 2639 3831 Ut
2648 3791 2771 3831 cum
2790 3775 2891 3831 sibi
2914 3775 3243 3833 intellexerit
3260 3777 3525 3833 carbones
3544 3793 3642 3847 per

2067 3871 2213 3917 tuam
2240 3864 2533 3941 indebitam
2571 3866 2999 3923 misericordiam
3018 3868 3358 3940 congregari,
3403 3868 3647 3924 excutiat

2065 3970 2184 4020 eos,
2212 3956 2265 4009 id
2295 3966 2402 4022 est,
2428 3965 2771 4013 convertatur
2797 3966 2853 4012 et
2877 3959 3063 4029 diligat
3077 3967 3150 4026 te,
3176 3975 3336 4029 quem
3376 3960 3649 4015 habuerat

2065 4047 2353 4116 aliquando
2375 4064 2650 4117 perosum.
2701 4048 2971 4103 Caeterum
3011 4066 3120 4105 non
3162 4058 3247 4104 est
3266 4049 3649 4105 misericordia

2064 4138 2159 4194 sed
2186 4138 2509 4212 crudelitas,
2567 4139 2614 4194 si
2644 4139 2766 4193 ideo
2792 4139 2895 4195 hoc
2916 4138 3054 4195 facis
3074 4138 3226 4194 utilli
3258 4139 3462 4209 aliquid
3482 4141 3644 4211 pejus

2061 4229 2313 4294 eveniat,
2366 4244 2473 4300 pro
2508 4244 2616 4299 quo
2656 4238 2709 4284 te
2753 4230 3011 4286 Dominus
3056 4246 3217 4286 orare
3259 4232 3515 4303 praecepit
3555 4234 3639 4289 di-

2062 4334 2225 4375 cens:
2261 4318 2426 4375 Orate
2474 4334 2572 4389 pro
2614 4321 3059 4391 persequentibus
3083 4330 3140 4376 et
3182 4321 3646 4379 calumniantibus

2060 4426 2178 4464 vos.
2217 4410 2461 4475 Cibando
2509 4410 2656 4466 enim
2691 4410 2972 4467 inimicum
3017 4420 3073 4467 et
3112 4411 3351 4481 potando
3376 4427 3530 4478 eum,
3566 4414 3639 4468 ad

2059 4514 2248 4568 pacem
2272 4499 2679 4554 reconciliamus
2698 4500 3001 4556 uobiscum.
3051 4501 3204 4568 Quod
3231 4501 3277 4557 si
3329 4501 3415 4557 ille
3442 4502 3497 4557 in
3521 4517 3639 4556 ma-

383 4580 543 4647 nibus
564 4595 811 4663 providet
836 4597 957 4664 quis
976 4598 1137 4662 bona,
1160 4578 1269 4653 non
1298 4612 1358 4655 ut
1384 4602 1596 4670 placeat
1623 4605 1957 4674 singulorum

2076 4590 2175 4645 ,itia
2214 4591 2530 4659 perstiterit,
2552 4590 2666 4659 ipse
2692 4591 2872 4662 ignem
2893 4593 3137 4664 congerit
3154 4593 3319 4663 capiti
3340 4608 3440 4649 suo

384 4684 467 4738 vel
496 4685 661 4750 vitiis,
675 4686 760 4741 vel
786 4688 1047 4753 moribus,
1072 4690 1307 4760 alioquin
1334 4695 1663 4748 contrarium
1686 4696 1792 4750 erit
1815 4697 1959 4766 quod

383 4778 525 4831 idem
554 4778 687 4831 dixit
708 4777 1031 4848 Apostolus:
1084 4780 1196 4852 Ego
1222 4784 1265 4837 si
1294 4785 1590 4839 hominibus
1624 4786 1828 4855 placere
1854 4787 1957 4841 vel-

380 4868 500 4932 lent,
549 4869 745 4925 Christi
764 4889 940 4927 servus
974 4891 1078 4928 non
1106 4892 1270 4930 essem
1301 4875 1441 4947 (Gal.
1468 4876 1533 4948 l),
1573 4878 1667 4931 sed
1713 4878 1803 4946 qui
1835 4879 1957 4932 vita:

382 4974 493 5013 sua:
525 4976 733 5021 tuorum
762 4970 818 5016 et
846 4971 1063 5018 actuum
1093 4964 1167 5018 ita
1195 4976 1342 5031 tenet
1366 4967 1577 5029 libram,
1603 4978 1663 5020 ut
1688 4984 1792 5022 non
1828 4984 1953 5037 pos-

382 5049 453 5103 sit
475 5050 542 5103 ab
577 5050 684 5103 ullo
710 5052 930 5107 homine
964 5056 1302 5123 reprehendi,
1336 5058 1436 5112 iste
1460 5058 1600 5112 bona
1628 5074 1809 5112 coram
1838 5075 1957 5111 om-

384 5142 540 5196 nibus
568 5143 874 5200 buminibus
896 5148 1154 5215 providet.
1200 5148 1382 5218 Neque
1404 5150 1549 5203 enim
1572 5149 1709 5203 dixit
1732 5148 1958 5218 Aposto-

382 5230 499 5295 lus,‘
521 5244 577 5285 ut
603 5235 854 5288 omnibus
868 5236 1196 5304 placeamus,
1213 5240 1306 5293 sed
1338 5248 1395 5292 ut
1422 5239 1799 5308 provideamus
1814 5241 1955 5293 bona

382 5339 564 5377 coram
596 5324 865 5390 erunibus,
919 5326 1024 5381 hoc
1056 5339 1159 5391 est,
1199 5344 1420 5399 agamus
1450 5344 1548 5383 nos
1601 5327 1736 5382 bona
1775 5344 1956 5382 coram

381 5414 653 5479 omnibus,
694 5415 808 5469 sive
834 5416 939 5471 illis
961 5417 1208 5487 placeant
1235 5433 1354 5488 quo:
1374 5419 1514 5473 bona
1546 5428 1692 5485 sunt,
1714 5419 1826 5473 sive
1850 5434 1955 5471 non

382 5505 649 5574 placeant.

457 5596 517 5649 Si
540 5597 659 5666 ﬁeri
676 5608 865 5669 potest,
890 5600 1029 5670 quod
1053 5616 1119 5654 ex
1145 5602 1286 5654 vobis
1323 5611 1420 5667 est,
1452 5619 1573 5656 cum
1595 5602 1835 5655 omnibus
1857 5601 1955 5653 lto-

384 5686 607 5741 minibus
625 5707 802 5759 pacem
830 5692 1091 5746 habentes.
1146 5692 1453 5762 Apostolus,
1502 5710 1570 5749 ne
1597 5709 1694 5748 nos
1734 5693 1957 5747 alterius

388 5780 472 5830 ttat
500 5796 619 5842 nus,
676 5783 718 5836 si
745 5783 879 5838 forte
923 5786 1222 5855 imparatus
1267 5785 1528 5849 evenerit,
1586 5801 1614 5839 τι
1643 5784 1781 5838 llOllO
1808 5784 1956 5852 pacis

2137 4702 2243 4773 (Ea:
2266 4702 2534 4775 Origene.)
2573 4704 2861 4760 Videamus
2901 4718 2970 4761 ne
3009 4704 3146 4760 forte
3173 4705 3386 4776 dignius
3423 4705 3634 4775 aliquid

2065 4792 2300 4845 mandati
2325 4791 2480 4860 hujus
2503 4793 2781 4847 contineat
2808 4795 3130 4868 intellectus.
3170 4795 3314 4850 Dicit
3338 4796 3482 4850 enim
3511 4795 3639 4850 Ilie-

2064 4880 2265 4934 remias
2292 4882 2359 4934 ad
2384 4883 2739 4951 peccatricem
2772 4883 2936 4938 [illam
2959 4883 3281 4956 Babylonis:
3312 4884 3492 4940 Habes
3513 4901 3633 4940 car-

2062 4974 2232 5028 bones
2259 4975 2419 5044 iguis,
2445 4976 2571 5031 sede
2596 4992 2759 5046 super
2784 4992 2897 5042 eos,
2935 4978 2991 5032 hi
3012 4987 3172 5033 erunt
3206 4979 3304 5034 tibi
3343 4979 3397 5034 in
3422 4977 3635 5048 adjuto-

2056 5063 2216 5116 rium.
2252 5062 2523 5120 Fortassis
2544 5081 2695 5136 ergo,
2727 5074 2783 5119 et
2812 5066 2901 5121 isti
2930 5069 3197 5123 carbones
3226 5068 3366 5141 ignis
3383 5068 3475 5140 qui
3499 5084 3635 5125 con-

2055 5162 2349 5225 gregantur
2375 5171 2538 5224 supcr
2560 5165 2725 5227 caput
2750 5158 2977 5224 inimici,
3009 5160 3074 5214 ad
3104 5159 3431 5229 adiutorium
3462 5161 3637 5232 ipsius

2053 5254 2469 5319 (ongrcgantur.
2497 5245 2681 5301 Potest
2706 5248 2851 5301 enim
2891 5246 3033 5314 ﬁeri,
3060 5257 3119 5303 ut
3148 5265 3357 5318 amens,
3383 5249 3550 5317 ferus,
3577 5263 3637 5308 et

2052 5333 2319 5388 barbarus
2368 5334 2636 5396 inimicus,
2687 5337 2733 5390 si
2781 5337 2975 5392 sentiat
3009 5340 3329 5395 beneficium
3360 5351 3631 5403 nostrum,

2057 5422 2104 5476 si
2160 5422 2570 5487 humanitatem,
2622 5424 2667 5478 si
2722 5424 2995 5490 allectum,
3045 5427 3092 5481 si
3139 5428 3397 5498 pietatem
3429 5429 3634 5491 videat.

2036 5514 2508 5581 compunctioncm
2523 5515 2703 5570 cordis
2720 5516 2920 5586 capiat,
2944 5520 3218 5574 commissi
3239 5521 3634 5589 paenitudinem

2057 5610 2228 5671 gerat.
2266 5602 2333 5657 Et
2373 5619 2440 5659 ex
2469 5604 2589 5671 hoc,
2638 5606 2776 5676 ignis
2813 5609 2868 5662 in
2906 5623 2972 5663 co
3000 5609 3219 5678 quidam
3249 5611 3636 5677 succendatur,

2060 5692 2151 5760 qui
2186 5708 2307 5747 cum
2324 5710 2421 5766 pro
2436 5698 2710 5752 commissi
2758 5699 3105 5754 conscientia.
3120 5709 3369 5771 torqueat
3402 5710 3457 5755 et
3498 5703 3625 5756 adu-

2061 5792 2166 5836 rat.
2204 5782 2265 5835 Et
2296 5784 2383 5837 isti
2414 5797 2573 5841 erunt
2616 5788 2877 5843 carbones
2920 5788 3079 5857 ignis,
3123 5791 3213 5860 qui
3264 5806 3427 5860 super
3469 5801 3640 5859 caput
