3998 6198
253 456 333 513 93
562 462 572 477 ‘
1114 449 1634 508 COLLECTIONES
1674 449 1739 504 IN
1779 447 2157 505 EPISTOLAS
2196 447 2283 502 ET
2325 442 2731 501 EVANGELIA.
3452 442 3521 494 ω

256 574 386 643 ejus
416 586 483 625 ex
527 574 718 625 nostro
743 565 1133 622 misericordiae
1174 566 1232 621 et
1271 568 1489 637 pietatis
1528 579 1693 635 opere
1720 579 1852 619 con-
1882 566 1934 623 A
2030 562 2097 616 Et
2141 562 2411 630 confestim
2454 559 2706 612 mundata
2730 565 2804 610 est
2845 554 2989 624 lepra
3030 554 3163 623 ejus.
3202 552 3300 624 (Ex
3332 552 3522 619 Beda.)
3576 562 3583 567 '

261 669 586 733 gregantur.
613 658 789 724 Caput
817 671 970 720 vero,
999 656 1298 727 principale
1318 658 1500 711 cordis
1525 654 1846 724 appellatur,

262 769 326 813 et
345 756 544 812 merito
587 760 755 822 caput
792 749 1014 805 dicitur.
1048 749 1214 819 Cujus
1239 748 1517 804 intellectu
1537 756 1594 802 et
1616 745 1852 816 pruden-

263 851 342 905 tia
370 848 618 903 membra
649 848 914 913 reguntur
938 841 1215 896 universa.

342 939 470 995 Noli
503 937 640 993 vinci
666 953 701 988 (ι
726 933 889 998 male,
916 932 1009 987 sed
1047 933 1192 987 vince
1218 931 1276 985 in
1302 930 1434 984 bona
1474 928 1695 983 malum.
1720 927 1853 982 Vin-

267 1034 413 1087 citur
452 1047 483 1085 a
509 1028 676 1092 malo,
714 1026 805 1095 qni
852 1023 1012 1078 malis
1049 1028 1374 1093 provocatus
1413 1017 1592 1073 reddit
1626 1015 1846 1071 malum.

264 1122 326 1175 In
355 1121 500 1174 bono
521 1122 703 1171 autem
722 1114 895 1169 vincit
917 1111 1142 1175 malum,
1169 1109 1261 1179 qui
1288 1107 1529 1177 acceptis
1556 1105 1736 1169 malis,
1765 1118 1852 1158 re-

267 1210 448 1265 stituit
474 1209 641 1263 bona.
680 1206 778 1261 Ille
829 1204 1029 1261 dicitur
1051 1201 1254 1256 vicisse
1301 1199 1557 1263 alterum,
1590 1197 1684 1266 qui
1727 1210 1851 1250 eum

269 1302 338 1353 al
365 1313 525 1353 suam
550 1296 835 1352 adduxerit
860 1301 1092 1365 partem,
1123 1293 1268 1347 sicut
1300 1290 1617 1346 baereticum
1649 1286 1734 1342 vel
1758 1301 1851 1355 pa—

270 1406 493 1461 gmum.
525 1388 584 1443 Si
612 1403 745 1457 ergo
784 1393 837 1440 te
888 1384 1076 1440 fecerit
1120 1383 1222 1438 sibi
1260 1382 1435 1435 vicem
1467 1379 1714 1443 reddere,
1761 1376 1851 1431 ille

273 1490 326 1536 te
353 1482 490 1538 vicit
524 1480 629 1535 sibi
652 1477 883 1534 similem
923 1474 1192 1531 faciendo.
1221 1472 1278 1529 Si
1304 1481 1484 1527 autem
1503 1486 1604 1540 per
1635 1470 1849 1539 patien-

271 1576 408 1627 tiam
449 1581 595 1627 tuam
628 1568 823 1625 feceris
865 1582 990 1623 eum
1018 1580 1235 1622 cessare
1262 1563 1331 1618 ab
1358 1561 1576 1631 injuria,
1616 1568 1675 1615 tu
1717 1559 1850 1613 vici-

270 1674 342 1716 δι(
388 1675 535 1716 eum.

559 1761 895 1803 EVANGBLIUI
933 1758 1223 1808 ΙᾹΤἸἮΒῙ,
1278 1756 1398 1795 CAP.
1438 1754 1573 1795 Vill.-

350 1860 369 1890 ι
397 1840 535 1895 Cum
560 1836 930 1893 descendisset
946 1832 1109 1888 Iesus
1130 1833 1198 1887 de
1241 1838 1443 1893 monte,
1485 1834 1684 1883 secutae
1700 1833 1851 1905 -sunt

1950 650 2094 704 Nihil
2121 650 2356 705 medium
2391 657 2497 713 est,
2527 648 2669 702 inter
2694 662 2828 715 opus
2856 645 2950 699 Dei
2991 653 3151 713 atque
3175 653 3522 713 praeceptum.

1949 742 2074 810 quia
2106 742 2159 796 in
2199 749 2471 810 praecepto
2517 747 2603 793 est
2645 752 2800 806 Opus.
2832 736 3073 804 Denique
3103 735 3260 798 dixit,
3304 743 3358 788 et
3386 732 3523 787 facta

1947 836 2095 895 sunt,
2119 829 2247 899 quia
2271 828 2518 884 voluntas
2564 826 2657 880 Dei
2679 832 2918 895 potestas
2951 833 3054 888 est,
3080 832 3134 878 et
3164 822 3275 877 Lex
3305 823 3520 892 quidem

1950 920 2097 989 tangi
2126 919 2367 988 leprosos
2407 917 2675 986 prohibet,
2720 915 2814 969 sed
2841 914 2934 984 qui
2960 914 3219 968 Dominus
3250 912 3382 982 legis
3420 921 3519 968 est.

1947 1026 2057 1064 non
2082 1008 2397 1077 obsequitur
2422 1006 2543 1077 legi,
2574 1005 2668 1060 sed
2706 1004 2881 1075 legem
2903 1004 3050 1058 facit.
3093 1002 3209 1058 Non
3245 1017 3374 1070 ergo
3404 999 3526 1053 ideo

1950 1102 2144 1171 tetigit,
2170 1100 2296 1170 quia
2324 1099 2443 1153 sine
2471 1106 2618 1152 tactu
2645 1096 2908 1151 mundare
2950 1111 3061 1150 non
3091 1101 3321 1164 poterat,
3350 1092 3441 1144 sed
3469 1099 3527 1142 ut

1916 1193 2219 1262 ‘probaret,
2253 1189 2378 1258 quia
2404 1187 2510 1258 legi
2554 1184 2831 1253 subjectus
2871 1200 2978 1238 non
3023 1191 3163 1247 erat,
3208 1197 3307 1236 nec
3340 1190 3527 1235 conta-

1948 1283 2093 1353 gium
2115 1283 2359 1346 timebat,
2390 1289 2451 1334 ut
2470 1279 2737 1342 homines,
2760 1277 2856 1333 sed
2883 1276 3011 1347 quia
3031 1272 3395 1331 contaminari
3417 1288 3525 1327 non

1947 1380 2160 1441 poterat
2185 1371 2277 1440 qui
2307 1370 2443 1424 alios
2468 1368 2753 1423 liberabat.

2019 1483 2089 1537 Et
2110 1483 2185 1536 ait
2209 1481 2289 1535 illi
2315 1482 2493 1544 Jesus,
2534 1478 2685 1541 Vide,
2716 1476 2910 1530 nemini
2931 1476 3145 1529 dixeris.
3189 1473 3369 1539 Quare
3391 1487 3527 1541 pra:-

1948 1574 2145 1643 cipitur
2167 1571 2367 1626 nemini
2405 1567 2624 1633 dixeris,
2655 1567 2760 1622 nisi
2794 1575 2852 1620 ut
2881 1565 3099 1620 doceret
3126 1578 3231 1617 non
3254 1560 3521 1629 vulganda

1951 1672 2134 1720 nostra
2147 1663 2428 1727 beneficia,
2452 1662 2547 1715 sed
2568 1658 2880 1730 premenda,
2908 1665 2968 1711 ut
2989 1671 3096 1710 non
3126 1653 3299 1709 solum
3326 1668 3357 1706 a
3385 1667 3528 1705 mer-

1951 1758 2078 1813 cede
2097 1757 2460 1810 abstineamus
2487 1752 2752 1823 pecuniae,
2780 1750 3059 1805 sedetiam
3085 1747 3293 1819 gratiae.

2023 1845 2127 1901 Sed
2151 1845 2303 1909 vade,
2327 1841 2538 1897 ostende
2560 1850 2608 1894 te
2632 1839 2913 1894 sacerdoti.
2943 1836 3240 1891 Ostendere
3269 1848 3328 1887 se
3353 1848 3532 1886 sacer-

273 1953 291 1982 ⁴
325 1946 456 1984 cum
506 1930 675 1983 "mm
723 1924 925 1981 ωυιιω·
990 1924 1061 1978 Εί
1102 1937 1233 1979 ecce
1305 1921 1550 1990 199mm"
1598 1918 1846 1981 “mensi
1874 1913 1923 1971 Β
1950 1937 2062 1991 doti
2080 1935 2320 2006 jubetur,
2345 1941 2404 1988 ut
2443 1930 2768 2000 intelligeret
2803 1944 2928 1983 eum
2953 1926 3229 1987 sacerdos,
3268 1938 3374 1977 non
3395 1921 3531 1991 legis

276 2046 296 2073 ι
323 2021 591 2077 adorabat
623 2034 747 2076 eum
793 2017 981 2072 dicens
1011 2032 1027 2068 :
1072 2013 1321 2080 Domine,
1360 2012 1409 2066 si
1447 2010 1533 2065 vis
1581 2016 1738 2079 potes
1763 2022 1851 2063 me

275 2133 293 2163 ι
325 2111 616 2166 mundare.
657 2109 727 2163 Et
747 2105 1048 2162 extendens
1072 2101 1231 2159 Iesus
1256 2115 1498 2165 manum,
1529 2099 1707 2169 tetigit
1729 2113 1850 2154 eum

275 2224 294 2255 ι
323 2205 519 2258 dicens
546 2220 561 2255 :
596 2200 754 2266 Volo,
784 2196 1063 2253 mundare.
1093 2195 1165 2250 Et
1191 2194 1475 2250 confestim
1495 2193 1752 2247 mundata
1771 2198 1855 2246 est

275 2317 292 2345 ι
325 2297 481 2365 lepra
510 2293 650 2363 ejus.
680 2292 751 2346 Et
775 2291 855 2345 ait
874 2288 951 2342 illi
972 2286 1169 2344 Iesus:
1197 2286 1354 2349 Vide,
1397 2283 1598 2339 nemini
1629 2281 1852 2343 dixeris,

275 2412 292 2441 ‹
325 2388 425 2442 sed
442 2385 612 2451 vade,
640 2382 867 2439 ostende
889 2390 942 2436 te
961 2379 1230 2435 sacerdoti
1247 2384 1303 2433 et
1328 2375 1462 2431 oﬂ‘er
1494 2389 1688 2429 munus
1712 2372 1854 2442 quod

275 2502 294 2529 s
321 2476 593 2548 prmcepit
618 2473 827 2543 Moyses
851 2472 908 2525 in
932 2467 1302 2525 testimonium
1342 2464 1471 2519 illis.
1515 2461 1649 2517 Cum
1676 2467 1857 2515 autem

244 2565 293 2618 ἰ
323 2567 610 2622 introisset
637 2563 1035 2633 Capharnaum,
1080 2557 1313 2613 accessit
1358 2555 1425 2609 ad
1454 2568 1578 2608 eum
1612 2549 1858 2606 centurio

277 2679 294 2708 ι
332 2671 530 2728 rogans
548 2669 673 2709 eum
695 2662 752 2707 et
770 2652 961 2707 dicens
987 2667 1000 2704 :
1026 2648 1270 2710 Domine,
1296 2660 1432 2715 puer
1460 2658 1614 2697 meus
1634 2641 1781 2711 jacet
1806 2640 1858 2692 iu

277 2767 297 2796 σ
328 2748 495 2800 domo
515 2742 844 2815 paralyticos
870 2750 927 2795 et
953 2739 1096 2794 male
1125 2744 1421 2806 torquetur.
1464 2734 1530 2787 Et
1555 2732 1632 2786 ait
1670 2731 1742 2785 illi
1771 2728 1861 2784 Ie-

279 2855 296 2885 ι
329 2852 431 2889 sus
467 2851 482 2887 :
528 2832 639 2902 Ego
664 2831 891 2893 veniam,
924 2837 983 2884 et
1009 2828 1213 2883 curabo
1241 2841 1385 2881 eum.
1425 2823 1494 2877 Et
1537 2820 1863 2889 respondens

278 2944 296 2976 ο
332 2924 608 2979 centurio-
626 2922 743 2976 ait:
781 2920 1034 2986 Domine,
1064 2934 1171 2973 non
1219 2931 1339 2971 sum
1370 2913 1565 2983 dignus
1590 2917 1648 2964 ut
1693 2909 1865 2963 intres

280 3037 297 3067 ι
336 3017 442 3069 sub
470 3023 673 3069 tectum
693 3027 899 3077 meum,
936 3011 1031 3066 sed
1057 3017 1265 3064 tantum
1306 3006 1393 3061 dic
1421 3002 1586 3058 verbo
1619 3008 1677 3056 et
1702 3013 1864 3054 sana-

280 3129 298 3156 σ
336 3108 486 3159 bitur
509 3118 646 3175 puer
670 3118 847 3157 meus.
882 3099 1018 3155 Nam
1043 3107 1099 3154 et
1124 3106 1226 3169 ego
1249 3097 1411 3151 homo
1435 3107 1556 3148 sum
1581 3090 1683 3145 sub
1712 3096 1866 3159 pote.

280 3219 300 3248 ι
330 3206 474 3253 state
521 3197 867 3260 constitutus,
902 3194 1108 3249 habens
1136 3192 1236 3246 sub
1279 3204 1367 3244 me
1406 3185 1623 3249 milites,
1663 3191 1719 3239 et
1742 3182 1864 3236 dico

281 3312 300 3343 α
335 3292 465 3347 huic
487 3292 627 3346 vade
662 3297 720 3345 et
749 3288 918 3352 vadit,
942 3294 999 3340 et
1028 3285 1117 3341 alii
1145 3284 1265 3339 veni
1306 3290 1361 3337 et
1386 3281 1559 3343 venit,
1604 3286 1660 3333 et
1704 3291 1864 3331 servo

282 3405 300 3434 ι
331 3398 458 3438 meo
485 3381 573 3437 fac
601 3383 723 3444 hoc,
755 3388 813 3436 et
857 3379 1008 3434 facit.
1050 3376 1289 3430 Audiens
1317 3382 1493 3427 autem
1521 3370 1677 3426 Iesus
1701 3370 1865 3423 mira-

282 3493 303 3522 ι
338 3484 429 3527 tus
448 3481 556 3538 est,
584 3480 642 3527 et
664 3471 1019 3540 sequentibus
1040 3481 1100 3522 se
1124 3466 1294 3521 dixit:
1326 3463 1498 3516 Amen
1528 3461 1651 3515 dico
1687 3460 1864 3525 vobis,

285 3584 304 3613 ‹
337 3580 443 3619 non
474 3564 654 3618 inveni
680 3569 887 3616 tantam
913 3557 1075 3614 fidem
1111 3556 1164 3612 in
1188 3553 1373 3619 Israel,
1400 3552 1522 3606 dico
1550 3559 1730 3606 autem
1761 3565 1860 3604 vo—

285 3676 305 3707 (
338 3658 445 3719 bis,
472 3654 617 3724 quod
645 3652 798 3707 multi
845 3652 914 3705 ab
956 3649 1163 3703 oriente
1202 3654 1259 3700 et
1302 3644 1581 3699 occidente
1627 3642 1862 3701 venient,

288 3768 306 3799 ι
336 3756 395 3801 ct
418 3746 737 3801 recumbent
775 3756 897 3797 cum
944 3739 1218 3794 Abraham
1261 3744 1317 3790 ct
1355 3735 1506 3789 Isaac
1533 3742 1587 3787 et
1612 3730 1780 3786 Iacob
1811 3730 1864 3783 in

287 3856 306 3887 ι
342 3852 510 3906 regno
540 3834 821 3890 ctelorum.
854 3830 977 3885 Filii
1003 3837 1184 3883 autem
1215 3826 1363 3897 regni
1393 3824 1679 3895 ejicientur
1704 3822 1756 3875 in
1789 3828 1866 3874 te—

287 3948 307 3978 ‹
337 3929 535 3982 nebras
552 3923 874 3984 exteriores,
900 3919 971 3974 ibi
1000 3919 1107 3974 erit
1124 3918 1282 3971 ﬂetus
1305 3923 1362 3970 et
1385 3912 1585 3969 stridor
1605 3910 1863 3965 dentium.

290 4043 309 4071 σ
344 4025 409 4076 Et
434 4022 573 4077 dixit
599 4018 757 4074 Iesus
787 4013 1119 4071 centurioni:
1149 4011 1314 4073 Vade,
1351 4016 1408 4063 et
1427 4007 1568 4061 sicut
1589 4001 1867 4060 credidisti

290 4133 309 4164 ι
346 4114 439 4166 ﬁat
467 4111 593 4175 tibi,
632 4117 689 4164 et
712 4113 935 4162 sanatus
966 4111 1050 4158 est
1077 4117 1213 4171 puer
1242 4100 1297 4154 in
1328 4098 1417 4154 illa
1440 4098 1593 4151 hora.
1626 4114 1645 4147 ι

360 4206 493 4261 Cum
526 4202 875 4258 descendisset
902 4196 1058 4252 Iesus
1084 4194 1150 4248 de
1173 4196 1561 4259 monte,secutte
1604 4194 1726 4240 sunt
1749 4199 1868 4238 eum

285 4298 458 4351 turbes
480 4299 681 4349 multis.
712 4291 787 4345 De
817 4294 999 4343 monte
1022 4282 1248 4338 Domino
1271 4277 1650 4337 descendente,
1689 4273 1742 4327 id
1765 4279 1868 4336 est,

286 4391 355 4443 de
375 4386 536 4442 caelis
561 4385 616 4438 in
657 4380 937 4443 mundum,
967 4383 1164 4432 secutae
1186 4379 1311 4427 sunt
1335 4384 1459 4425 eum
1495 4366 1666 4421 turbae
1692 4362 1872 4417 multa!

291 4749 538 4811 Domine,
562 4746 608 4801 si
632 4746 705 4799 vis
739 4752 880 4813 potes
908 4756 986 4793 me
1008 4735 1284 4792 inundare.
1316 4733 1372 4785 In
1394 4730 1730 4784 voluntatem
1763 4725 1872 4778 Do-

292 4842 428 4898 mini
454 4838 645 4894 tribuit
665 4841 1002 4906 potestatem,
1030 4830 1096 4883 de
1133 4826 1407 4881 voluntate
1443 4828 1625 4874 autem
1658 4814 1866 4870 Domini

291 4949 402 4988 non
430 4927 714 4992 dubitavit,
756 4924 852 4980 sed
879 4919 1032 4991 quasi
1068 4917 1172 4973 sibi
1194 4912 1444 4971 conscius
1475 4923 1581 4963 non
1603 4918 1865 4977 praesum-

289 5020 698 5093 psit.l.eprosus
727 5016 828 5069 iste
846 5010 1101 5082 populum
1130 5004 1366 5077 gentium
1394 4995 1739 5071 significavit,
1778 4993 1872 5063 qui

291 5116 655 5178 compunctus
686 5103 755 5159 ad
782 5096 1212 5156 misericordiam
1241 5089 1452 5148 Domini
1476 5083 1739 5157 pervenit.

461 5197 695 5255 extendit
722 5193 879 5249 Iesus
921 5203 1138 5244 manum
1175 5200 1349 5249 suam,
1393 5178 1556 5250 tetigit
1600 5191 1736 5238 eum,
1793 5172 1875 5225 di-

287 5310 415 5349 cens
439 5305 458 5343 .'
497 5288 649 5354 Volo,
675 5283 952 5340 mundare.
989 5279 1091 5351 (Ex
1122 5272 1364 5345 Hieron.)
1392 5269 1685 5326 Considera
1713 5278 1875 5334 quam

293 5381 520 5438 humilis
548 5374 857 5447 responsio.
897 5370 990 5426 Ille
1015 5369 1227 5423 dixerat
1255 5363 1303 5419 si
1341 5361 1443 5416 vis.
1487 5354 1745 5411 Dominus
1784 5365 1874 5405 re-

294 5472 554 5543 spondit:
584 5442 737 5525 Volo.
760 5465 874 5530 llle,
897 5470 1053 5533 potes
1078 5472 1168 5543 me
1191 5453 1469 5511 mundare.
1498 5446 1764 5543 Dominus
1792 5442 1875 5497 di-

295 5528 395 5627 cit,
425 5560 775 5635 καθαρίσθητι,
806 5528 1109 5609 mundare:
1132 5546 1249 5601 Non
1288 5557 1421 5611 ergo
1457 5538 1597 5593 sicut
1634 5533 1877 5635 plerique

299 5621 619 5707 Latinorum
648 5621 841 5719 putant
872 5639 1203 5711 jungendum
1234 5641 1334 5700 est,
1359 5639 1415 5687 et
1430 5626 1712 5700 legendum
1738 5621 1855 5675 volo

302 5744 591 5805 mundare,
637 5738 731 5795 sed
779 5733 1091 5805 separatim,
1138 5737 1197 5783 ut
1241 5726 1474 5798 primum
1526 5720 1688 5783 dicat,
1736 5713 1876 5778 volo,

304 5835 500 5890 deinde
526 5834 774 5895 imperet.
805 5824 1081 5882 mundare.

1950 2027 2157 2091 ordine,
2186 2025 2281 2080 sed
2309 2022 2482 2094 gratia
2516 2020 2611 2075 Dei
2640 2034 2805 2088 supra
2832 2017 3005 2086 legem
3032 2030 3151 2070 esse
3178 2021 3448 2069 curatum.

2022 2140 2131 2212 (Ea:
2161 2138 2404 2208 Hieron.)
2442 2134 2635 2191 Varias
2673 2132 2744 2186 oh
2781 2143 2972 2184 causas
3000 2125 3165 2181 mittit
3192 2138 3315 2179 eum
3343 2122 3410 2176 ad
3440 2136 3529 2176 sa-

1952 2233 2220 2292 cerdotes,
2250 2229 2484 2298 primum
2506 2231 2730 2294 propter
2769 2218 3148 2280 humilitatem,
3194 2223 3255 2268 ut
3282 2212 3534 2267 sacerdo-

1953 2324 2096 2379 tibus
2118 2320 2324 2377 defcrre
2348 2317 2612 2372 videatur.
2634 2314 2765 2369 Erat
2784 2311 2931 2365 enim
2952 2309 3005 2363 in
3033 2307 3149 2377 lege
3169 2311 3525 2375 praeceptum,

1954 2421 2016 2467 ut
2049 2412 2141 2481 qui
2182 2408 2420 2464 mundati
2455 2405 2683 2460 fuissent
2713 2419 2746 2456 a
2794 2401 2966 2471 lepra,
3009 2398 3267 2453 offerrent
3309 2410 3531 2449 munera

1956 2501 2343 2557 sacerdotibus.
2388 2497 2593 2553 Deinde
2623 2502 2683 2550 ut
2727 2492 3044 2548 mandatum
3073 2488 3320 2543 videntes
3354 2486 3534 2556 lepro-

1957 2609 2115 2657 sum,
2165 2598 2259 2645 aut
2311 2589 2631 2649 crederent,
2680 2592 2736 2641 et
2786 2583 3147 2643 salvarentur,
3192 2586 3286 2632 aut
3336 2577 3382 2630 si
3430 2591 3536 2629 non

1958 2682 2260 2743 crederent,
2288 2675 2678 2732 incxcusabiles
2728 2672 2943 2736 tierent,
2987 2677 3043 2723 et
3087 2666 3247 2723 simul
3292 2678 3361 2719 ne
3387 2663 3535 2733 quod

1959 2772 2014 2826 in
2051 2785 2116 2824 eo
2135 2768 2432 2837 saepissime
2465 2764 2913 2834 criminabantur,
2942 2759 3120 2829 legem
3147 2756 3420 2812 videretur
3455 2752 3537 2805 in-

1960 2858 2214 2927 fringere.

2034 2968 2135 3041 (Ex
2161 2965 2353 3038 Beda.)
2385 2964 2455 3018 Et
2488 2964 2626 3033 oﬂ‘er
2665 2976 2855 3016 munus
2901 2957 3040 3029 quod
3065 2956 3306 3026 pra’cept't
3338 2953 3540 3021 Moyses

1961 3062 2018 3117 in
2039 3058 2390 3114 testimonium
2414 3055 2540 3109 illis.
2569 3052 2777 3109 Oll'erre
2801 3058 2980 3104 autem
3006 3045 3332 3101 sacrificium
3353 3041 3531 3111 jubet,

1963 3160 2025 3207 ut
2050 3150 2358 3206 ostenderet
2381 3147 2462 3201 eis
2507 3144 2634 3214 quia
2675 3157 2781 3197 non
2819 3139 3053 3194 solveret
3085 3135 3276 3205 legem,
3316 3132 3409 3186 sed
3442 3131 3541 3184 im-

1891 3246 1936 3308 C
1967 3242 2161 3311 pleret,
2194 3239 2286 3308 qui
2318 3236 2614 3292 secundum
2656 3232 2826 3302 legem
2867 3226 3118 3299 gradiens
3157 3237 3318 3292 supra
3345 3220 3540 3289 legem,

1966 3339 2181 3386 sanaret
2205 3343 2322 3387 eos,
2361 3342 2499 3394 quos
2538 3322 2777 3379 remedia
2807 3318 2942 3387 legis
2980 3332 3086 3371 non
3118 3319 3459 3370 sanaverant.
3488 3319 3542 3363 et

1966 3412 2104 3465 bene
2120 3408 2343 3462 additur
2363 3405 2449 3461 :ln
2466 3404 2838 3460 testimonium
2854 3403 2980 3461 illis.
3003 3402 3110 3456 huc
3125 3410 3229 3464 est,
3250 3402 3293 3454 si
3322 3401 3550 3453 Domino

1965 3501 2215 3566 credant,
2245 3503 2291 3555 si
2314 3497 2699 3567 abimpietatis
2731 3498 2885 3566 lepra
2916 3494 3224 3550 discedant.
3250 3494 3387 3560 Quia
3422 3509 3550 3546 vero

1968 3595 2149 3665 typice
2179 3594 2261 3648 vir
2301 3593 2425 3657 iste,
2460 3590 2701 3660 peccatis
2729 3588 3046 3659 languidum
3070 3600 3246 3656 genus
3304 3585 3554 3655 designat

1970 3687 2296 3748 humanum,
2330 3696 2477 3740 recte
2499 3699 2606 3737 non
2634 3682 2808 3736 solum
2845 3681 3116 3749 leprosus,
3141 3678 3237 3734 sed
3274 3685 3331 3732 et
3359 3677 3552 3747 plenus

1966 3776 2120 3847 lepra
2152 3774 2545 3832 ‘descrihitur.
2599 3772 2804 3828 Omnes
2863 3772 3009 3826 enim
3069 3778 3460 3838 peccaverunt.
3498 3778 3555 3820 et

1968 3879 2132 3943 egent
2161 3870 2329 3940 gloria
2363 3870 2478 3924 Dei.
2507 3869 2601 3923 llla
2628 3865 2860 3927 scilicet,
2905 3876 2965 3921 nt
2989 3873 3210 3920 extenta
3243 3878 3404 3917 manu
3437 3860 3558 3915 Sal-

1969 3962 2201 4023 vatoris,
2241 3960 2344 4014 hoc
2380 3970 2488 4018 est.
2535 3960 2821 4012 iuearuato
2858 3955 2953 4008 Dei
2999 3953 3177 4007 Verbo
3233 3951 3557 4004 humanam-

1972 4070 2081 4125 que
2103 4053 2457 4123 contingente
2483 4060 2757 4111 uaturam,
2784 4047 2853 4100 ab
2870 4046 3081 4100 erroris
3107 4042 3270 4112 prisci
3297 4040 3558 4094 varietate

1981 4147 2342 4209 mandentur,
2379 4143 2704 4212 possintque
2733 4153 2857 4192 cum
2878 4134 3142 4205 apostolis
3171 4130 3367 4185 audire
3393 4145 3407 4179 :
3439 4127 3556 4181 Iam

1977 4253 2075 4293 vos
2107 4235 2295 4289 mundi
2358 4233 2494 4286 estis
2523 4240 2747 4299 propter
2775 4240 3086 4282 sermonem
3137 4236 3301 4291 quem
3343 4220 3562 4272 loeutus

1978 4347 2098 4387 sum
2131 4327 2286 4381 Vobis
2315 4323 2497 4394 (Joan.
2520 4327 2629 4389 xv),
2657 4330 2712 4374 et
2739 4316 2831 4388 qui
2857 4315 3068 4370 diutius
3091 4310 3497 4368 abominabiles
3528 4328 3556 4362 a

1979 4421 2182 4495 populo
2209 4417 2301 4473 Dei
2330 4411 2707 4471 erantcastris
2737 4409 2961 4467 secreti.
2984 4403 3398 4477 jamaliquando
3426 4413 3563 4456 tem-

1985 4515 2075 4585 plo
2118 4509 2299 4574 reddi,
2362 4516 2416 4560 et
2449 4504 2725 4561 sacerdoti
2758 4508 2965 4571 queant
3022 4497 3233 4559 offerri,
3266 4495 3343 4549 illi
3377 4495 3567 4561 utique

1894 4580 1936 4639 Β
1983 4604 2069 4660 cui
2085 4603 2307 4657 dicitur:
2331 4597 2408 4653 Tu
2428 4615 2481 4652 es
2496 4594 2740 4650 sacerdos
2759 4594 2813 4647 in
2830 4602 3089 4647 internum
3111 4586 3285 4659 (Psal.
3306 4586 3438 4656 cu).
3457 4585 3572 4639 Au-

1983 4697 2201 4755 dientes
2218 4694 2288 4749 ab
2305 4691 2564 4763 Apostolo
2587 4687 2890 4755 :Templum
2907 4685 3054 4763 enim
3073 4680 3165 4736 Dei
3186 4690 3436 4734 sanctum
3463 4689 3567 4739 est,

1977 4785 2119 4852 quod
2150 4781 2284 4833 estis
2324 4761 2440 4838 vos,
2476 4769 2810 4838 offerantque
2856 4781 2956 4836 pro
3008 4761 3388 4819 einundatione
3434 4773 3556 4820 sua,

1977 4874 2115 4928 sicut
2140 4868 2395 4940 praecepit
2418 4864 2646 4935 Moyses.
2673 4861 2731 4915 ιιι
2753 4867 2858 4924 est,
2892 4856 3185 4912 exhibeant
3208 4866 3434 4921 corpora
3457 4865 3553 4903 sua

1979 4965 2204 5018 hostium
2222 4962 2493 5023 viventem,
2518 4963 2777 5019 sanctam,
2800 4951 2912 5006 Deo
2935 4947 3225 5020 placentem
3252 4944 3423 5017 (Rom.
3441 4946 3561 5012 xu).

2056 5072 2189 5129 Cum
2211 5070 2512 5126 introissent
2535 5065 2934 5138 Capharnaum,
2960 5060 3177 5115 accessit
3204 5057 3273 5111 ad
3300 5073 3420 5111 eum
3448 5073 3563 5109 cen~

1985 5171 2149 5235 tario,
2173 5183 2363 5239 rogans
2383 5180 2502 5220 eum
2527 5172 2577 5217 et
2619 5160 2818 5215 dicens.
2846 5156 3119 5224 Quaeritur
3142 5153 3411 5227 quomodo
3439 5166 3565 5205 con-

1986 5259 2187 5325 veniat,
2231 5256 2373 5327 quod
2424 5253 2599 5308 Lucas
2647 5248 3019 5325 centurionem
3066 5244 3284 5299 nuntios
3334 5241 3574 5306 misisse,

1987 5326 2273 5420 Matthaeus
2299 5352 2480 5399 autem
2522 5342 2698 5413 ipsum
2727 5337 3022 5393 accessisse
3049 5341 3238 5388 narrat
3279 5332 3347 5385 ad
3390 5326 3573 5383 Domi-

1988 5458 2138 5495 num.
2168 5437 2346 5492 Facile
2383 5442 2547 5507 patet,
2588 5434 2733 5502 quod
2773 5430 3055 5485 Matthaeus
3090 5424 3370 5481 brevitatis
3406 5434 3567 5476 causa

1990 5530 2187 5589 dixerit
2216 5529 2389 5600 ipsum
2417 5525 2731 5588 accessisse,
2763 5522 2918 5593 cujus
2950 5516 3273 5574 desiderium
3305 5520 3359 5564 ct
3383 5508 3569 5561 volun-

1991 5631 2073 5677 tas
2123 5621 2190 5674 ad
2237 5598 2526 5672 Dominum
2582 5613 2850 5669 veraciter
2914 5616 2997 5663 est
3050 5603 3289 5676 praelata.
3344 5598 3569 5669 Mystice

1991 5718 2153 5772 etiam
2186 5713 2339 5767 nobis
2365 5707 2768 5766 commendans,
2811 5704 2913 5756 hoc
2959 5696 3101 5768 quod
3143 5694 3400 5760 scriptum
3443 5700 3564 5745 est:

1993 5805 2229 5860 Accedite
2280 5801 2347 5854 ad
2392 5816 2528 5861 eunt,
2581 5807 2627 5851 ct
2686 5788 3075 5848 illuminamini.
3129 5782 3300 5851 (I‘sal.
3356 5781 3571 5849 xxxut.)
