3998 6198
1763 441 2106 506 SMARAGDI
2144 453 2432 514 ABBATIS

3659 485 3726 548 96

480 527 646 583 Porro
677 527 850 587 Lucas
887 541 1056 590 totum
1086 544 1534 606 quemadmodum
1563 561 1771 621 gestum
1814 559 1886 612 sit
1923 576 2050 630 ape-
2076 568 2128 628 Α
2152 580 2236 617 mo
2261 581 2377 631 sua,
2399 569 2597 637 faciens
2623 573 2976 648 elemosynas
3003 582 3192 639 utullus
3211 584 3350 653 plebi
3370 598 3418 646 et
3442 591 3727 663 deprecans

480 618 606 663 mit-

544 705 789 773 Domine,
829 727 962 780 puer
985 731 1130 770 meus
1164 719 1311 788 jacet
1333 725 1389 778 in
1429 727 1584 784 domo
1607 735 1953 808 paralyticus,
1998 751 2048 798 et

473 793 612 847 male
637 805 930 868 torquet-nr,
961 814 1009 857 et
1034 808 1110 859 ait
1149 809 1232 864 illi
1267 812 1422 870 Jesus
1447 831 1466 870 :
1510 793 1624 891 Ego
1663 793 1864 882 veniant
1887 841 1936 884 et
1956 847 2048 886 cu-

473 875 601 936 rabo
644 901 783 941 eum.
809 891 1010 948 Videas
1032 901 1366 960 centurionis
1405 906 1587 976 ﬁdem,
1613 913 1969 975 humilitatem
1993 930 2048 977 et

475 976 835 1045 prudentiam,
860 987 1041 1041 statim
1069 1005 1126 1044 se
1147 991 1348 1051 iturum
1377 1007 1432 1054 et
1459 1012 1772 1062 sanaturum
1794 1023 1914 1066 esse
1928 1029 2048 1082 pro-

472 1064 656 1120 mittit.
683 1068 868 1126 Fidem
894 1074 946 1129 in
969 1091 1055 1142 eo,
1075 1082 1215 1150 quod
1229 1100 1295 1140 ex
1311 1090 1560 1157 gentibus
1574 1097 1802 1153 credidit
1817 1064 2042 1169 paci-um

475 1167 504 1205 a
533 1152 816 1216 Salvatore
834 1179 990 1231 posse
1023 1171 1238 1228 salvari.
1264 1152 1652 1248 Humilitatem,
1681 1152 2044 1260 quodlsejudi-

471 1244 610 1298 cavit
635 1245 933 1320 indignum,
961 1256 1113 1326 cujus
1139 1269 1336 1320 tectum
1361 1268 1590 1327 intraret
1610 1274 1888 1333 Dominus.
1906 1281 2042 1336 Pru-

470 1333 728 1403 dentium,
761 1344 906 1409 quod
932 1346 1070 1401 ultra
1110 1356 1354 1422 corporis
1391 1366 1662 1428 tegumen,
1695 1366 2032 1427 divinitatem

467 1421 724 1481 latentem
747 1431 959 1499 viderit,
977 1437 1152 1494 sciens
1169 1421 1270 1497 non
1303 1446 1354 1500 id
1375 1421 1476 1519 sibi
1507 1451 1868 1522 profuturum,
1896 1463 2040 1529 quod

463 1521 628 1574 etiam
658 1523 727 1576 ab
771 1525 1059 1586 incredulis
1089 1536 1391 1607 videbatur,
1421 1546 1514 1599 sed
1563 1547 1614 1600 id
1655 1552 1798 1618 quod
1839 1521 2040 1610 latebat

463 1607 804 1670 intrinsecus.
833 1617 1134 1692 Allegorice
1163 1637 1342 1684 autem
1375 1632 1774 1706 Capharnaum,
1805 1656 1926 1710 quae
1951 1645 2035 1699 iu-

461 1708 790 1770 terpretatur
835 1724 965 1782 ager
1013 1719 1416 1790 consolationis,
1447 1727 1532 1780 vel
1568 1729 1691 1784 villa
1737 1733 2035 1800 pulcherri-

2149 651 2318 708 Deum
2342 673 2542 728 semper
2563 659 2702 731 (Act.
2742 665 2821 736 ι).

2220 742 2449 799 Audiens
2505 760 2678 804 autem
2717 753 2872 810 Iesus
2925 760 3150 816 miratus
3191 775 3286 820 est.
3343 767 3568 829 Miratus
3617 787 3723 839 est,

2146 831 2288 898 quod
2309 833 2440 888 vidit
2461 841 2834 899 centurionem
2857 861 3009 903 suam
3039 851 3342 927 intelligere
3361 862 3722 932 maiestatem.

2147 917 2258 973 Sed
2285 921 2408 990 quis
2450 925 2505 978 in
2531 927 2624 982 illo
2655 929 2862 988 fecerat
2897 935 3068 1006 ipsam
3097 917 3260 998 ﬁdem
3309 948 3394 1002 vel
3423 917 3725 1026 ἱῖιιεξιιίξίξξξἐ

2145 1006 2298 1075 tiam,
2327 1013 2432 1068 uisi
2457 1016 2570 1084 ipse
2595 1021 2686 1088 qui
2727 1038 2846 1078 eam
2875 1027 3386 1102 mirabatur?Quw
3423 1042 3470 1096 si
3497 1053 3554 1098 el.
3580 1006 3721 1103 silius

2142 1112 2262 1152 eam
2286 1101 2523 1172 fecisset,
2546 1111 2674 1177 quid
2699 1115 3010 1184 miraretur,
3047 1123 3140 1192 qui
3165 1129 3424 1194 praescius
3445 1144 3581 1189 erat.
3617 1138 3713 1191 No-

2144 1194 2362 1247 tandum
2401 1210 2530 1267 ergo
2559 1201 2683 1268 quia
2707 1207 2849 1272 quod
2879 1209 3112 1266 miratur
3135 1215 3396 1276 Dominus
3440 1227 3596 1281 nobis
3623 1231 3719 1284 mi—

2143 1284 2369 1340 randum
2395 1303 2516 1345 esse
2555 1293 2848 1364 signiﬁcat,
2883 1302 3082 1370 quibus
3109 1307 3286 1364 adhuc
3323 1328 3460 1382 opus
3505 1327 3590 1372 est
3639 1322 3720 1377 sic

2141 1375 2576 1439 moueri,omnes
2608 1384 2753 1438 enim
2783 1388 2918 1443 tales
2945 1399 3127 1448 motus
3149 1410 3269 1451 cum
3300 1400 3366 1455 de
3395 1402 3506 1459 Deo
3529 1406 3717 1462 dicun-

2140 1467 2230 1512 tur
2257 1478 2364 1516 non
2393 1470 2698 1535 perturbati
2731 1476 2894 1531 animi
2943 1480 3097 1552 signa
3143 1495 3294 1546 sunt.
3337 1492 3433 1546 sed
3472 1496 3714 1554 ducentis

2139 1551 2402 1619 llltlngll‘i.

2208 1639 2278 1692 Et
2321 1659 2598 1702 conversus
2636 1657 2964 1723 sequentibus
3009 1678 3064 1716 se
3110 1665 3277 1722 turbis
3321 1669 3498 1726 dixit:
3547 1675 3709 1734 Amen

2135 1729 2252 1783 dico
2278 1735 2438 1801 vobis,
2469 1755 2572 1794 non
2597 1742 2768 1798 inveni
2808 1757 3010 1806 tantam
3043 1755 3202 1822 [idem
3247 1759 3302 1814 in
3350 1761 3539 1818 Israel.
3593 1768 3706 1823 Non

2424 1794 2436 1801 ι
2809 1794 3010 1806 -ῆ-η--σ-
3043 1794 3202 1822 ,ηηηι
3248 1794 3302 1814 ι..
3350 1794 3539 1818 ηηηιι.
3593 1794 3706 1823 μυ..

457 1806 566 1858 tua,
597 1794 890 1854 Ecclesium
915 1804 1202 1874 signiﬁcat.
1225 1811 1484 1870 Centurio
1507 1830 1724 1888 propter
1749 1826 2034 1892 perfectio—
2059 1901 2102 1918 ἢ
2135 1820 2202 1874 de
2230 1825 2482 1918 omnibus
2529 1838 2675 1887 retro
2713 1837 3038 1902 patriarchis
3079 1855 3134 1900 et
3175 1851 3470 1918 prophetis,
3519 1857 3612 1910 sed
3639 1860 3706 1913 de

457 1895 576 1918 nmn
633 1890 842 1918 nlo-anna:
875 1896 1105 1918 ..ειμι-,2,
1172 1917 1196 1918 η
1239 1903 1252 1914 α
1318 1905 1374 1918 ο..
1501 1910 1512 1918 .
1595 1912 1643 1918 ,Α

454 1895 576 1935 nem
633 1890 844 1943 numeri
874 1896 1126 1962 nominis,
1169 1903 1440 1970 primitias
1469 1910 1738 1982 signiﬁcat
1764 1918 2025 1986 gentium,

467 1979 530 2024 ut
583 1973 866 2036 Cornelius
896 1985 979 2038 vel
1011 1992 1292 2048 eunuchus
1341 2012 1371 2049 a
1431 1973 1671 2072 Philippo
1725 1973 2030 2076 baptizatus

449 2061 588 2130 (det.
619 2083 738 2134 vm,
762 2072 1082 2146 x).Puerqui
1101 2079 1159 2136 in
1203 2084 1364 2140 domo
1405 2061 1924 2168 jacet-paralyticos
1973 2109 2028 2156 et

449 2156 590 2210 male
637 2167 919 2230 torquetur
967 2185 998 2223 a
1044 2173 1330 2243 daemonio,
1380 2156 1635 2250 populum
1687 2156 2027 2258 siéniﬁcabat

444 2246 704 2313 gentium,
746 2253 838 2320 qui
870 2255 922 2308 in
967 2257 1146 2326 domo,
1190 2263 1244 2318 id
1271 2246 1471 2332 est,vin
1508 2273 1611 2328 hoc
1653 2246 1852 2332 mundo
1881 2279 2024 2336 idola

442 2335 627 2392 colens
656 2342 1094 2418 diemonibusque
1128 2356 1370 2413 serviens
1399 2356 1628 2420 inlidelis
1653 2364 1888 2434 jacebat.

512 2448 611 2519 (Ex
647 2451 835 2526 Beda.)
874 2457 944 2512 Et
988 2468 1302 2535 respondens
1329 2472 1446 2528 ait:
1487 2474 1728 2546 Domine,
1775 2498 1878 2537 non
1901 2502 2020 2540 sum

439 2537 630 2608 dignus
659 2552 716 2596 ut
756 2547 916 2604 intres
943 2553 1038 2607 sub
1061 2565 1250 2614 tectum
1275 2577 1466 2619 meum.
1497 2566 1724 2638 Propter
1742 2573 1864 2630 vitae
1889 2592 2020 2646 gen-

439 2628 550 2684 tilis
588 2635 998 2704 conscientiam,
1040 2650 1253 2716 gravari
1288 2667 1347 2708 se
1374 2658 1546 2728 magis
1579 2660 1886 2733 dignatione
1913 2683 2016 2738 pu-

436 2721 572 2776 tavit
646 2741 809 2794 quam
859 2731 1058 2802 juvari.
1127 2739 1237 2798 Nec
1285 2760 1444 2814 posse
1465 2721 1696 2810 'babeie
1747 2721 2028 2829 hospitem.

429 2809 724 2880 Christum,
753 2817 908 2888 cujus
935 2834 990 2878 et
1029 2827 1076 2880 si
1115 2828 1222 2886 ﬁde
1245 2809 1522 2903 praeditus,
1566 2845 1803 2900 nondum
1831 2809 2010 2906 tamen

427 2909 544 2954 erat
567 2911 923 2968 sacramentis
957 2915 1214 2976 imbutus.
1249 2923 1356 2980 Sed
1383 2929 1511 2998 quia
1547 2948 1668 3002 qua:
1702 2945 1889 2994 nostra
1921 2941 2009 2997 in-

427 2989 656 3048 ﬁrmitas
686 3012 790 3052 non
816 3009 1116 3075 pnesumit,
1145 3013 1324 3070 divina
1363 2989 1538 3088 gratia
1563 2989 1711 3082 .dare
1737 3031 1920 3098 novit,
1951 3042 2010 3090 et

430 3079 570 3135 alius
603 3089 871 3155 centurio,
897 3095 989 3162 qui
1019 3097 1160 3154 sicut
1185 3112 1240 3157 et
1265 3105 1387 3173 iste,
1425 3112 1735 3170 credentem
1772 3133 1842 3174 ex
1876 3137 2009 3192 gen-

425 3172 566 3228 tibus
603 3180 858 3247 populum
899 3189 1228 3262 prasﬁgurat,
1274 3214 1484 3272 magna:
1519 3205 1644 3264 ﬁdei
1687 3219 1742 3266 et
1777 3172 2002 3284 jusliitite

2056 1901 2103 1958 B
2129 1914 2412 1980 praesentis
2442 1921 2544 1974 sevi
2580 1921 2818 1992 loquitur
2843 1929 3167 2003 hominibus,
3199 1941 3395 2009 quibus
3437 1945 3556 2001 ideo
3577 1964 3706 2004 ceu-

2131 2003 2361 2060 turionis
2401 2007 2536 2064 ﬁdes
2577 2013 2894 2071 antefertur.
2932 2020 3068 2088 Quia
3110 2025 3187 2080 illi
3215 2003 3374 2100 leges
3413 2031 3704 2106 Pr0pbcta-

2128 2103 2354 2160 rumque
2381 2098 2602 2153 monitis
2643 2103 2840 2171 edocti,
2870 2107 2960 2164 hic
2981 2119 3184 2181 autem,
3207 2119 3422 2176 nemine
3452 2123 3696 2194 docente,

2127 2193 2318 2250 sponte
2357 2191 2604 2246 credidit.

2192 2277 2325 2332 Dico
2349 2293 2525 2338 autem
2557 2289 2719 2357 vobis,
2763 2297 2904 2364 quod
2948 2301 3100 2357 multi
3143 2305 3208 2360 ab
3251 2309 3446 2367 oriente
3471 2325 3520 2368 et
3563 2319 3700 2371 occi-

2121 2363 2274 2421 dente
2317 2371 2542 2438 venient,
2571 2386 2620 2430 et
2671 2363 2967 2442 recumbam
3011 2407 3132 2447 cum
3171 2396 3438 2456 Abraham
3463 2414 3512 2458 et
3542 2405 3696 2462 Isaac

2119 2463 2170 2508 et
2195 2455 2361 2512 Iacob
2395 2463 2452 2515 in
2495 2480 2650 2536 regno
2703 2471 2970 2530 cie/orum.
3023 2479 3158 2546 Quia
3207 2485 3352 2544 Deus

2118 2545 2240 2600 cmli
2285 2552 2532 2610 conditor
2575 2566 2733 2626 pater
2759 2560 2963 2621 Christi
3011 2545 3118 2625 est.
3168 2573 3376 2634 Idcirco
3425 2581 3482 2636 in
3529 2601 3697 2656 regno

2116 2635 2375 2694 caelorum
2429 2651 2535 2710 est,
2581 2655 2636 2702 et
2679 2649 2974 2722 Abraham,
3023 2674 3147 2716 cum
3199 2679 3307 2734 quo
3361 2635 3696 2734 accubittine

2114 2734 2241 2779 sunt
2287 2731 2553 2800 nationes,-
2585 2753 2704 2807 qute
2738 2743 3069 2804 crediderint
3111 2752 3166 2806 in
3207 2731 3481 2816 Christum
3519 2764 3693 2824 ﬁlium

2111 2819 2398 2887 creatoris,
2435 2831 2491 2878 et
2539 2825 2634 2883 ille
2671 2832 2878 2899 pariter
2921 2851 3111 2896 sensus
3164 2843 3436 2917 impletur,
3487 2853 3552 2908 de
3580 2871 3692 2926 quo

2111 2920 2274 2978 supra
2321 2912 2558 2974 diximus
2607 2921 2663 2976 in
2719 2930 3052 2988 centurionis
3103 2912 3520 3011 [idm—gentium
3547 2912 3686 3007 .ﬁeri

2107 3003 2538 3074 praerogativam,
2569 3009 2698 3066 dum
2723 3015 2792 3070 ad
2813 3017 2956 3074 illius
2975 3003 3368 3096 credulitatem,
3395 3032 3462 3090 de
3475 3003 3686 3095 oriente

2105 3093 2160 3140 et
2185 3089 2466 3149 occidente
2501 3099 2760 3158 credituri
2785 3109 2965 3176 populi
2987 3127 3502 3180 connuemorantur.

2175 3173 2306 3234 Filii
2329 3193 2506 3240 autem
2541 3193 2684 3260 regni
2718 3195 2995 3278 ejicientur
3015 3203 3072 3259 in
3112 3209 3351 3267 tenebras
3373 3220 3676 3286 exteriores,

2596 3257 2612 3260 -
2738 3257 2755 3264 _
3058 3257 3066 3259 ν
3115 3257 3350 3267 ν-----.-ν
3373 3257 3676 3286 vanu-vecti,

533 3263 560 3291 ,.
714 3269 724 3280 .
765 3270 776 3281 .
1049 3257 1078 3292 .'
1215 3257 1223 3262 '
1365 3257 1396 3302 ξ’
1444 3257 1477 3260 "
1520 3257 1644 3264 ""'
1684 3257 1742 3314 ,⁷⁷
1765 3257 2002 3317 ,⁴“””“““¹⁴
2027 3257 2072 3319 C
2101 3265 2176 3320 ibi
2201 3271 2300 3324 erit
2324 3273 2478 3342 ﬂetus
2499 3288 2548 3332 et
2570 3283 2768 3338 stridor
2787 3272 3042 3347 dentium.
3083 3297 3250 3356 Filios
3285 3308 3437 3376 regni
3463 3308 3680 3370 Judtcos

425 3273 620 3319 mento
635 3265 870 3336 Spiritus
889 3288 1064 3366 sancti
1087 3281 1285 3340 donum
1305 3305 1616 3364 priusquam
1631 3302 2001 3372 baptizaretur
2104 3355 2303 3376 _.__..._
2352 3370 2363 3376 -
2425 3363 2437 3376 .

418 3356 647 3424 accepit,
679 3369 735 3414 et
763 3363 862 3418 iste
893 3353 1122 3426 necdum
1153 3380 1538 3454 cateehizatus,
1567 3399 1622 3446 et
1651 3393 1809 3452 ﬁdem
1843 3398 2001 3460 suam

488 3558 596 3615 Sed
637 3573 840 3622 tantum
891 3571 976 3626 die
1011 3579 1180 3645 verbo,
1236 3594 1287 3638 et
1331 3591 1608 3648 sanabitur
1647 3615 1781 3668 puer
1826 3621 1991 3660 meus.

1647 3645 1766 3668 Γπ-.
1827 3645 1991 3660 .......,.

411 3645 600 3718 Magna
645 3653 775 3711 ﬁdes
805 3666 1154 3734 centurionis,
1185 3674 1312 3742 quia
1345 3681 1494 3735 verbi
1527 3699 1664 3754 opus
1693 3687 1746 3766 in
1777 3689 1993 3751 Christo

411 3739 701 3766 ιιι-...ΩιΑι--μ
756 3756 798 3766 α·
930 3761 940 3766 ⁴
1213 3763 1223 3766 “
1308 3765 1313 3766 ⁷

408 3739 716 3805 conﬁtetur,
749 3756 803 3802 et
824 3761 1023 3810 nostra:
1051 3763 1372 3831 sanationis,
1396 3784 1459 3824 ac
1480 3759 1760 3832 commoda
1793 3793 1994 3852 myste-

1793 3831 1966 3852 ---ρ-ν

409 3831 524 3894 riis,
558 3835 650 3902 qui
679 3843 735 3890 et
780 3840 826 3894 si
869 3834 1196 3907 noveramus
1241 3861 1537 3918 secundum
1567 3879 1786 3924 carnem
1834 3872 1990 3931 Chri—

405 3925 570 3983 stum,
608 3924 702 3977 sed
721 3923 834 3994 jam
867 3945 973 3986 non
1004 3937 1252 3994 novimus
1284 3942 1372 4015 (II
1403 3947 1525 4003 Cor.
1557 3951 1632 4024 v).

479 4027 621 4086 Nam
655 4045 703 4088 et
727 4054 819 4108 ego
849 4041 1004 4097 homo
1027 4064 1144 4103 sum
1173 4053 1268 4108 sub
1289 4067 1542 4125 potestate
1561 4070 1871 4128 constitutus
1890 4075 1984 4132 ha-

403 4119 526 4174 bens
547 4125 646 4177 sub
666 4143 746 4181 me
772 4130 982 4188 milites.
1013 4135 1295 4200 Hominem
1323 4164 1381 4203 se
1407 4161 1459 4206 et
1484 4163 1762 4228 potestati,
1779 4166 1859 4220 vel
1890 4170 1986 4224 tri-

400 4209 531 4266 buni
579 4215 662 4268 vel
704 4223 954 4287 prmsidis
993 4231 1268 4290 subditum
1298 4240 1450 4309 dicit,
1482 4245 1748 4318 imperare
1801 4264 1980 4318 tamen

397 4314 558 4366 posse
585 4305 904 4380 minoribus,
931 4325 992 4371 ut
1031 4323 1384 4386 subaudiatur
1426 4351 1548 4392 eum
1602 4344 1771 4401 multo
1810 4353 1982 4423 magis

399 4392 491 4423 nn:
526 4395 661 4423 nm...
685 4399 752 4423 ..ει
806 4414 846 4423 _.
883 4421 892 4423 -
1193 4417 1205 4423 -

1810 4392 1981 4423 ..τυδισ

399 4392 491 4458 qui
526 4395 664 4450 Deus
685 4399 773 4464 sit,
797 4414 852 4458 et
877 4421 1040 4476 super
1061 4417 1241 4473 omnia
1265 4432 1458 4490 potens
1505 4430 1838 4492 innumeram
1871 4444 1981 4497 vir-

397 4481 525 4534 tutis
550 4488 827 4556 angelicis,
858 4510 978 4564 qua:
1005 4501 1071 4554 ad
1096 4503 1360 4574 imperata
1387 4515 1740 4594 obtemperet,
1776 4531 1977 4592 habere

397 4567 639 4594 τιμηταὶ-ι...

395 4567 662 4626 militiam.

463 4675 530 4730 Et
550 4678 668 4735 dico
691 4683 815 4741 huic
835 4691 982 4758 vade,
1019 4706 1068 4750 et
1091 4701 1256 4768 vadit,
1281 4717 1331 4760 et
1372 4709 1477 4768 alio
1502 4699 1634 4784 véni,
1669 4733 1717 4776 et
1739 4729 1894 4794 venit,
1919 4741 1970 4787 et

387 4780 532 4820 servo
558 4787 670 4828 meo
693 4777 781 4846 [ac
805 4781 903 4837 hoc
937 4795 986 4840 et
1022 4787 1172 4857 facit.
1206 4797 1328 4854 Vult
1355 4809 1640 4867 ostendere
1681 4814 1964 4880 Dominum

385 4869 598 4926 quoque
624 4878 730 4919 non
753 4882 852 4936 per
888 4875 1176 4936 adventum
1205 4893 1408 4946 tantum
1437 4903 1704 4970 corporis,
1747 4921 1839 4963 seu
1869 4929 1967 4982 per

385 4947 692 4982 attonitum.“
719 4958 896 4982 ...ξλεμ
916 4980 926 4982 μ
971 4966 981 4977 ο
1250 4977 1261 4982 -
1362 4981 1365 4982 ,

1447 4947 1704 4970 η-τυ--υ,
1747 4947 1838 4963 υνυ
1887 4947 1955 4968 ιυι

382 4947 692 5016 angelorum
718 4958 1017 5020 ministeria
1049 4984 1224 5040 posse.
1247 4977 1469 5050 implere
1508 4993 1650 5057 quod
1677 4947 1963 5065 muchln}

382 5037 638 5065 n..ll.....l..
673 5049 752 5065 -no
1121 5063 1130 5065 _

1050 5037 1063 5038 κ
1217 5037 1224 5040 .
1321 5037 1338 5050 ,
1449 5037 1463 5040 -
1513 5037 1650 5057 νη.
1687 5037 1958 5065 MM“?

382 5037 642 5103 pellenda:
665 5049 808 5104 enim
837 5066 1016 5125 erant,
1051 5063 1132 5116 vel
1177 5067 1520 5135 inﬁrmitates
1557 5099 1844 5156 corporum
1873 5096 1958 5150 vel

382 5123 720 5156 Γιιηιςι..,ιε..-,
762 5154 773 5156 ,
861 5151 872 5156 -
975 5149 986 5156 .

1003 5123 1007 5125 ν
1279 5123 1520 5135 ---η-..-νυ
1558 5123 1844 5156 ν-ιιγυιυιιι
1879 5123 1952 5150 VCI

375 5123 722 5191 fortitudines
751 5149 1054 5215 contrarim,
1101 5157 1296 5224 quibus
1331 5164 1492 5224 homo
1515 5173 1584 5228 ad
1625 5176 1952 5241 debilitatem

375 5228 516 5284 Saepe
541 5228 871 5298 conceditur,
895 5244 951 5291 et
979 5242 1144 5298 verbo
1169 5247 1400 5322 Domini,
1437 5267 1492 5314 et
1511 5262 1826 5327 ministeriis
1855 5291 1951 5332 au-

375 5306 607 5332 φάη-..μ-

371 5306 632 5376 gelorum.

437 5399 630 5460 Aliter.
669 5406 866 5470 Milites
903 5427 958 5474 et
987 5423 1151 5492 servi,
1183 5431 1274 5498 qui
1319 5441 1620 5500 centurioni
1665 5449 1940 5524 obedient,

437 5497 592 5524 ‘Inlnn
635 5507 757 5524 πη...
805 5513 895 5524 .__.
1001 5510 1016 5524 1

1138 5487 1146 5492 ,
1200 5487 1214 5498 _
1328 5487 1620 5500 -_---..-.v...
1666 5487 1940 5524 νιιιιυιυιιι,

368 5487 594 5550 virtutes
633 5507 760 5555 sunt
804 5510 1097 5578 naturales,
1130 5531 1356 5585 quarum
1396 5543 1502 5584 non
1537 5534 1814 5596 minimam
1851 5561 1942 5602 co-

1147 5581 1164 5585 _
1420 5581 1501 5584 ,--_
1537 5581 1814 5596 ---.----uulll
1851 5581 1933 5602 ιου-

365 5581 506 5646 piam
536 5589 688 5645 multi
726 5595 794 5650 ad
819 5598 1102 5660 Dominmn
1130 5612 1404 5674 venientes
1449 5636 1632 5681 secum
1667 5629 1933 5694 deferunt.

365 5663 439 5694 IL.
470 5675 575 5694 .---9I
712 5683 724 5694 ·
810 5686 841 5694 ’-
985 5693 991 5694 ί

1174 5663 1404 5674 νηηηνν
1449 5663 1632 5681 υννυιιι
1667 5663 1930 5694 υυιεινιιιιι.

365 5663 440 5721 De
467 5675 662 5740 quibus
710 5683 762 5740 in
801 5686 1037 5748 Cornelii
1077 5707 1131 5752 et
1157 5707 1490 5767 centurionis
1535 5714 1693 5774 laude
1714 5723 1930 5794 dicitur,

365 5762 483 5794 "nl"
516 5781 624 5794 η--ι-
660 5777 710 5794 ν’
773 5779 785 5790 ⁸
866 5792 872 5794 Α
1096 5791 1106 5794 ⁸

1383 5762 1487 5767 μμ-
1535 5762 1691 5774 --μ-,ν
1715 5762 1926 5794 ...ω-ιι,

361 5762 485 5828 quia
515 5781 629 5826 erat
660 5777 743 5830 vir
763 5779 966 5854 justus,
989 5800 1034 5844 et
1067 5791 1249 5850 timens
1280 5798 1466 5870 Deum,
1513 5823 1629 5865 cum
1667 5819 1806 5870 omni
1831 5821 1926 5875 do-

1998 4622 2052 4682 D
2079 4626 2213 4684 bona
2263 4651 2368 4690 non
2416 4649 2620 4698 tantum
2673 4665 2850 4708 coram
2891 4655 3024 4726 Deo,

2101 3355 2389 3428 signiﬁcat,
2422 3363 2475 3418 in
2501 3381 2636 3436 quos
2671 3383 2796 3430 ante
2833 3385 3079 3449 regnavit
3105 3386 3270 3456 Deus,
3309 3355 3594 3461 eiicientur
3621 3401 3677 3456 in

2101 3450 2355 3508 tenebras
2416 3459 2735 3518 exteriores.
2792 3467 3049 3527 Tenebrm
3109 3492 3326 3548 semper
3393 3485 3680 3547 interiores

2096 3547 2241 3604 sunt,
2269 3557 2378 3596 non
2405 3548 2726 3616 exteriores,
2759 3557 2852 3611 sed
2882 3563 3136 3628 quoniam
3159 3570 3251 3638 qui
3278 3571 3566 3632 Dominum
3587 3579 3668 3635 fo-

2096 3639 2186 3680 ras
2209 3643 2242 3681 a
2279 3645 2338 3686 se
2362 3635 2583 3703 expellit
2609 3638 2791 3698 lumen
2835 3647 3117 3722 relinquit,
3144 3658 3346 3716 idcirco
3374 3669 3674 3727 exteriores

2094 3719 2330 3776 tenebrae
2373 3726 2662 3786 nominatae
2691 3744 2816 3790 sunt
2846 3751 2866 3794 :
2897 3719 3123 3801 ibist-it
3168 3749 3326 3810 ﬂetus
3365 3766 3422 3812 et
3469 3763 3674 3819 stridor

2090 3804 2355 3878 dentium;
2378 3815 2424 3869 si
2469 3815 2626 3876 ﬂetus
2665 3826 2944 3885 oculorum
2976 3843 3080 3900 est,
3109 3849 3165 3894 et
3197 3844 3398 3902 stridor
3425 3850 3668 3911 dentium

2088 3908 2210 3950 ossa
2239 3899 2596 3963 demonstrat.
2621 3912 2758 3969 Vera
2781 3926 2868 3972 est
2889 3935 3021 3994 ergo
3059 3942 3346 3998 corporum
3365 3948 3420 3992 et
3439 3956 3664 4000 eorum-

2087 3984 2210 4038 dem
2232 3991 2597 4052 membrorum
2640 4017 2760 4070 quae
2781 4009 3090 4068 ceciderant
3121 4027 3471 4084 resurrectio.

2155 4077 2459 4140 Concordat
2481 4089 2628 4144 enim
2666 4094 2944 4157 humilitas
2966 4111 3318 4180 centurionis,
3341 4120 3467 4188 quia
3489 4123 3664 4182 dixit:
3711 4134 3718 4140 ’

3187 4164 3200 4166 _
3217 4164 3317 4180 ﬂ,
3343 4164 3467 4188 Ἴ...-
3490 4164 3628 4182 ...-..
3646 4166 3662 4182 .

2084 4164 2326 4240 Domine,
2350 4191 2454 4231 non
2473 4195 2590 4234 sunt
2625 4183 2816 4256 dignus
2839 4201 2892 4244 ut
2925 4193 3086 4251 intres
3119 4201 3215 4256 sub
3253 4212 3446 4265 tectum
3466 4229 3662 4284 ntemn,

2081 4249 2208 4314 cum
2241 4265 2408 4321 verbo
2433 4249 2805 4340 Apostoli'ubi
2847 4282 2962 4338 ait:
3005 4285 3186 4346 Nolite
3222 4297 3505 4364 prudentes
3547 4259 3663 4362 esse,

2080 4354 2222 4422 apud
2245 4362 2601 4432 vosmetipsos.
2627 4366 2734 4425 Sed
2761 4388 2926 4443 opera
2947 4354 3354 4456 misericordize,
3377 4354 3500 4460 quin

2080 4443 2096 4469 ,
2113 4461 2291 4469 ____-,_
2422 4464 2433 4469 Α

3318 4443 3354 4456 κ,
3388 4443 3498 4460 Γπ
3531 4443 3652 4469 νη,-

2080 4443 2349 4516 leprosum
2385 4464 2440 4510 et
2470 4473 2699 4526 puerum
2729 4473 3065 4532 centurionis
3104 4481 3352 4540 exhibuit
3379 4487 3652 4562 Salvator,

2079 4553 2201 4594 cum
2267 4543 2508 4616 Apostoli
2574 4557 2953 4620 exhortatione
2993 4570 3086 4638 qui
3148 4575 3272 4630 ait:
3317 4577 3656 4646 Providentes

2115 4664 2212 4684 υηι.
2263 4664 2368 4690 ηυιι
2416 4664 2620 4698 tantum
2673 4665 2850 4708 coram
2891 4664 3024 4726 Deo,
3067 4664 3158 4718 sed
3199 4670 3437 4728 omnibus
3477 4676 3652 4736 homi-

2115 4716 2243 4770 ibus.

2071 4731 2243 4774 mons.

2173 4871 2499 4937 DOMINICA
2535 4885 2822 4982 QUARTb
2860 4895 3035 4957 POST
3075 4905 3531 4974 ΤΗΕΟΡΗΑΝΙΑ.

2059 5001 2253 5044 ιεοτιο
2288 5007 2560 5051 ΕΡΙΘΤΟΙΑΒ
2624 5017 2786 5060 ΒΕΑΤΙ.
2823 5023 2978 5066 PAULI
3027 5030 3285 5079 APOS'I'OLI
3344 5042 3415 5082 ΔΙ)
3467 5044 3643 5089 κοιλο

2155 5087 2164 5095 -
2579 5087 2678 5130 nos
2693 5115 2708 5142 ,
2759 5092 2952 5136 curre
2991 5099 3112 5141 χιιι.

2130 5209 2150 5241 ι
2178 5191 2386 5252 Nemini
2425 5202 2720 5274 quidquam
2765 5209 3029 5281 debeatis,
3068 5219 3174 5276 nisi
3218 5231 3276 5279 ut
3301 5226 3533 5286 invicem
3559 5234 3639 5289 dia

2055 5295 2076 5330 t
2102 5279 2298 5351 ligatis.
2329 5287 2430 5356 Qui
2465 5294 2611 5349 enim
2653 5297 2828 5371 diligit
2868 5279 3196 5378 proximum,
3229 5314 3400 5388 legem
3441 5321 3635 5394 imple-

2759 5369 2770 5371 -
2868 5369 2886 5374 _
3183 5369 3194 5378 ι
3260 5369 3400 5388 “ῡ““““
3441 5369 3614 5394 ---'r""

2053 5384 2072 5418 ι
2095 5369 2192 5424 vit.
2233 5373 2366 5431 Nam
2394 5394 2500 5434 non
2531 5384 2880 5459 adulterabis,
2921 5410 3028 5451 non
3057 5402 3287 5470 occides,
3329 5423 3439 5465 non
3483 5411 3628 5468 funi-

2051 5475 2070 5508 ‹
2095 5457 2261 5530 beris,
2287 5479 2392 5523 non
2423 5469 2616 5529 falsum
2643 5480 3010 5550 testimonium
3051 5491 3220 5561 dices,
3250 5513 3356 5554 non
3371 5507 3628 5576 concupi-

2050 5566 2068 5599 t
2091 5565 2208 5608 sccs
2233 5572 2345 5612 rem
2370 5563 2598 5630 proximi
2625 5569 2722 5624 tui.
2749 5571 2814 5627 Et
2849 5575 3064 5649 siquod
3093 5591 3178 5639 est
3213 5586 3360 5646 aliud
3402 5563 3622 5652 manda-
3663 5621 3670 5626 ·

2049 5660 2066 5692 ι
2098 5651 2229 5712 tum,
2258 5649 2312 5704 in
2358 5653 2460 5710 hoc
2489 5661 2653 5718 verbo
2692 5663 3059 5728 instauratur:
3081 5676 3280 5750 Diliges
3312 5687 3618 5752 proximum

2045 5751 2062 5784 ι
2096 5741 2244 5792 tuum
2289 5741 2430 5797 sicut
2469 5748 2720 5820 teipsum.
2753 5756 2976 5816 Dilectio
3008 5741 3237 5834 proximi
3273 5741 3473 5832 malum
3509 5795 3620 5841 non

2041 5844 2058 5874 ι
2090 5839 2362 5897 Operalur.
2394 5835 2676 5900 Plenitudo
2706 5863 2834 5919 ergo
2871 5851 3003 5924 legis
3031 5867 3112 5914 cst
3143 5863 3375 5950 dilectio.
