3994 6204
263 165 337 222 97

1113 171 1630 232 COLLECTIONES
1667 175 1735 232 IN
1775 177 2154 234 EPISTOLAS
2191 180 2278 236 ET
2318 181 2728 241 EVANGELIA.
3047 183 3054 187 ’
3445 193 3515 248 98

335 281 447 349 (Ex
471 279 712 352 Origen.)
747 283 900 350 Quod
935 283 1066 340 dicit
1103 289 1305 343 nemini
1330 291 1619 360 quidquam
1645 291 1840 346 debea-
1865 293 1914 352 Α
1943 306 2060 345 sum
2084 293 2446 350 testimonium
2469 297 2634 352 dicit?
2661 314 2782 352 cum
2809 299 2946 354 sciat
2973 301 3166 370 ipsum,
3191 317 3348 372 quem
3389 305 3513 360 dili-

262 373 356 438 tis,
388 381 601 428 certum
627 381 715 428 est
749 373 817 428 ad
853 386 1137 434 peccatum
1165 377 1390 434 referre.
1422 381 1671 436 Debitum
1697 381 1842 435 enim

259 471 550 534 peccatum
576 476 720 528 esse,
754 464 810 518 in
838 465 1043 531 multis,
1069 475 1126 520 et
1152 465 1462 536 frequenter
1486 469 1840 524 ostendimus.

262 556 393 612 Vult
419 569 552 624 ergo
575 555 776 611 Paulus
797 557 1005 626 peccati
1031 559 1248 627 quidem
1275 575 1435 616 omne
1465 561 1702 616 debitum
1736 561 1845 616 sol-

258 650 313 702 vi
343 661 445 704 nec
485 662 774 703 remanere
798 649 1022 704 omnino
1049 651 1194 720 apud
1224 666 1324 705 nos
1353 652 1592 706 debitum
1612 651 1840 722 peccati.

257 741 594 796 Permanere
617 746 800 793 tamen
828 746 885 792 et
911 753 1185 809 nunquam
1209 755 1423 796 cessare
1457 755 1488 795 a
1513 741 1670 795 nobis
1689 741 1843 796 debi-

258 839 377 886 tum
403 829 710 896 charitatis,
728 831 835 885 hoc
851 831 1022 895 enim,
1037 839 1096 886 et
1110 833 1351 902 quotidie
1371 832 1602 899 solvere,
1624 845 1680 888 et
1701 847 1844 888 sem-

256 937 358 991 per
385 919 589 976 debere
623 921 844 992 expedit
871 923 1047 977 nobis.
1088 923 1330 992 Denique
1370 931 1586 992 quantat
1625 923 1842 978 virtutis

257 1015 329 1070 sit
355 1013 622 1079 cbaritas,
647 1013 706 1067 in
726 1013 1182 1082 consequentibus
1207 1013 1446 1084 exponit.

329 1103 436 1170 Qui
453 1104 617 1168 enim,
643 1103 839 1172 inquit,
875 1103 1048 1172 diligit
1076 1103 1372 1174 proximum
1404 1103 1566 1174 legem
1589 1104 1836 1173 implevit.

263 1192 408 1248 Nam
432 1209 540 1248 non
553 1192 898 1248 adulteram.
917 1192 1042 1247 Non
1063 1193 1288 1248 occides.
1308 1193 1430 1248 Non
1445 1193 1643 1262 furtum
1656 1195 1836 1264 facies.

260 1284 386 1339 Non
411 1283 612 1353 falsum
633 1285 987 1338 testimonium
1006 1283 1168 1338 dices.
1199 1283 1320 1340 Non
1341 1285 1690 1356 concupisces,
1722 1295 1770 1339 et
1793 1286 1840 1339 si

256 1375 398 1444 quod
416 1383 496 1430 est
519 1374 670 1429 aliud
689 1373 998 1428 mandatum
1018 1375 1072 1428 in
1096 1375 1194 1428 hoc
1213 1375 1365 1429 verbo
1379 1384 1734 1430 restauratur:
1745 1375 1840 1429 Di-

257 1471 390 1541 liges
405 1471 707 1541 proximum
726 1475 875 1523 tuum
891 1477 1140 1538 tanquam
1161 1467 1402 1538 teipsum.
1419 1467 1486 1520 Et
1507 1467 1576 1522 ad
1594 1467 1837 1522 ultimam

255 1561 525 1616 rationem
554 1559 692 1613 tanti
712 1557 872 1627 hujus
896 1558 1044 1623 boni,
1071 1557 1311 1612 breviter
1333 1555 1594 1627 colligens
1615 1556 1728 1610 ait:

1947 385 2041 453 git,
2083 383 2220 438 falso
2266 388 2575 442 testimonio
2611 391 2901 458 proditum.
2948 391 3268 448 Necessario
3309 403 3514 460 autem,

1944 474 2036 542 qui
2061 475 2546 546 diligitChristum,
2579 479 2750 550 diligit
2769 489 2825 534 et
2853 482 3160 550 proximum
3198 497 3374 536 suum.
3403 483 3518 539 Hoc

1945 565 2088 618 enim
2118 567 2233 621 solo
2282 567 2481 622 indicio
2537 568 2738 624 Christi
2777 585 2900 625 esse
2939 571 3235 641 discipulus
3271 573 3519 641 designa-

1945 661 2054 718 tur,
2085 655 2130 710 si
2156 657 2476 712 charitatem
2520 674 2642 714 cum
2668 659 2931 729 proximis
2955 659 3172 726 habeat,
3201 671 3411 716 certum
3434 675 3518 716 esr.

1945 747 2088 800 enim
2125 748 2268 816 quod
2305 749 2397 818 qui
2427 765 2531 805 non
2559 750 2733 822 diligit
2755 751 3083 819 proximum,
3118 753 3325 808 nesciat
3352 753 3508 808 Chri-

1943 843 2104 890 stum.

2221 983 2554 1024 EVANGELIUM
2588 986 2884 1039 ΠΔΤἹἮΕῘ,
2935 990 3055 1029 CAP.
3106 989 3224 1031 VIII.
3323 1001 3327 1004 '

2015 1142 2033 1174 ι
2066 1123 2400 1178 Ascendcutc
2433 1123 2560 1180 Jesu
2587 1127 2640 1181 in
2668 1127 2988 1194 naviculam,
3029 1131 3198 1186 secuti
3229 1137 3356 1186 sunt
3378 1146 3504 1186 eum

1947 1231 1965 1263 ι
1995 1213 2237 1284 discipuli
2267 1215 2402 1285 ejus.
2434 1215 2502 1268 Et
2528 1230 2656 1270 ecce
2682 1225 2860 1274 motus
2889 1235 3114 1290 magnus
3151 1219 3326 1277 factus
3352 1223 3511 1277 estin

1946 1320 1965 1352 ι
1997 1302 2152 1366 mari,
2199 1303 2272 1358 ita
2313 1315 2372 1358 ut
2433 1305 2676 1363 navicula
2728 1309 3033 1376 operiretur
3075 1307 3345 1364 ﬂuctibus.
3393 1309 3512 1380 Ipse

1945 1412 1963 1445 ι
1991 1409 2122 1448 vero
2165 1393 2486 1460 dormiebat,
2528 1403 2582 1450 et
2620 1407 2966 1452 accesserunt
3001 1407 3058 1453 et
3110 1401 3513 1453 suscitavcrunt

1944 1503 1962 1534 ‹
1989 1484 2136 1538 illum
2168 1485 2408 1539 dicentes
2432 1500 2446 1538 :
2474 1486 2716 1551 Domine,
2746 1487 2890 1542 salva
2913 1503 3032 1553 nos,
3053 1489 3314 1557 perimus.
3337 1489 3401 1542 Et
3429 1490 3513 1543 di-
3555 1479 3560 1484 ’

1943 1593 1964 1626 ι
1989 1576 2063 1630 cit
2085 1576 2163 1630 eis
2187 1593 2200 1629 :
2227 1575 2364 1642 Quid
2389 1577 2558 1631 timidi
2589 1577 2736 1644 estis,
2766 1579 2990 1634 modicae
3022 1575 3186 1633 ﬁdei?
3214 1578 3366 1634 Tunc
3395 1595 3513 1634 sur-

325 1649 554 1706 Dilectio
597 1650 828 1721 proximi
863 1648 1059 1704 malum
1099 1665 1203 1704 non
1229 1660 1497 1720 operatur.
1546 1647 1830 1704 Plenitudo

1939 1685 1958 1718 ε
1990 1680 2122 1737 gens
2164 1667 2448 1736 imperavit
2480 1667 2658 1722 ventis
2698 1676 2753 1722 et
2781 1669 2942 1733 mari,
2978 1675 3032 1724 et
3066 1667 3208 1724 facta
3251 1677 3334 1724 est
3359 1677 3510 1723 tran-

253 1758 380 1812 ergo
408 1741 538 1812 legis
573 1749 653 1796 est
695 1739 924 1795 dilectio.
965 1739 1141 1810 Supra
1167 1740 1412 1806 dixerat,
1439 1740 1565 1810 quia
1593 1741 1686 1809 qui
1707 1741 1833 1795 dili-

253 1835 332 1904 git
359 1834 670 1904 proximum
705 1832 880 1905 legem
917 1833 1176 1904 implevit,
1210 1842 1266 1888 et
1293 1834 1421 1904 quia
1451 1833 1666 1889 difﬁcile
1685 1834 1834 1889 vide-

252 1925 436 1989 batur,
465 1923 739 1994 quomodo
780 1923 954 1994 possit
983 1925 1104 1994 quis
1140 1939 1356 1979 omnem
1406 1924 1578 1993 legem
1625 1925 1678 1979 in
1725 1940 1834 1980 uno

251 2015 530 2085 complere
576 2029 828 2070 sermone
855 2055 871 2080 ,
919 2014 1288 2085 plenissimam
1343 2015 1518 2070 reddit
1569 2015 1832 2070 rationem

253 2109 479 2164 dicens:
528 2107 756 2163 Dilectio
799 2106 1034 2178 proximi
1083 2106 1284 2160 malum
1321 2122 1426 2160 non
1460 2114 1736 2176 operatur,
1779 2113 1834 2160 et

251 2199 375 2254 ideo
415 2198 698 2270 plenitudo
745 2197 883 2268 legis
922 2205 1006 2252 est
1053 2197 1288 2252 dilectio.
1341 2196 1487 2254 Pone
1533 2198 1679 2253 enim
1736 2211 1834 2268 per

251 2292 462 2363 singula
490 2288 744 2346 mandata
772 2289 908 2362 legis
931 2289 1295 2354 dilectionem,
1321 2297 1377 2344 et
1398 2289 1522 2345 vide
1547 2305 1712 2360 quam
1747 2289 1832 2343 fa-

250 2385 354 2440 cile
387 2392 583 2440 cuncta
612 2383 968 2454 complentur.
997 2381 1250 2452 Nunquid
1289 2380 1381 2450 qui
1427 2379 1604 2450 diligit
1645 2379 1832 2450 proxi-

251 2491 400 2530 mum
426 2475 676 2532 occidere
703 2489 827 2530 eum
873 2473 1086 2544 potest?
1125 2470 1346 2526 Certum
1377 2479 1464 2526 est
1503 2471 1644 2541 quod
1673 2485 1832 2525 nemo

183 2610 190 2614 .
249 2580 414 2634 quem
440 2563 620 2636 diligit
643 2547 958 2619 interﬁciat.
988 2562 1086 2618 Est
1108 2575 1242 2632 ergo
1268 2561 1505 2626 dilectio,
1534 2574 1632 2630 per
1669 2575 1832 2630 quam

246 2657 538 2728 impleatur
561 2656 875 2712 mandatum
903 2655 1048 2724 quod
1077 2653 1391 2724 praecipitur

322 2749 452 2806 Non
501 2749 723 2826 occides.
760 2748 830 2804 Et
855 2748 1071 2803 iterum.
1111 2745 1368 2817 Nunquid
1407 2747 1500 2816 qui
1528 2744 1832 2815 proximum

241 2861 412 2901 suum
443 2843 622 2915 diligit
653 2843 709 2898 in
735 2857 954 2900 uxorem
1001 2842 1118 2914 ejus
1141 2841 1466 2898 adulterium
1495 2839 1831 2896 committit?

243 2937 542 3008 Nunquam
570 2933 831 3006 profecto.
878 2934 938 2991 Si
965 2949 1096 3005 ergo
1123 2933 1304 3005 diligis
1345 2931 1676 3003 proximum,
1727 2944 1830 2984 nec

1939 1775 1958 1807 ι
1987 1756 2225 1826 quillitas
2253 1771 2466 1827 magna.
2498 1755 2668 1812 Porro
2693 1757 2938 1812 homines
2961 1758 3141 1812 mirati
3170 1766 3294 1812 sunt
3323 1757 3507 1814 dicen-

1938 1865 1958 1898 ‹
1991 1855 2070 1902 tes
2101 1865 2114 1901 :
2153 1846 2337 1914 Qualis
2380 1855 2464 1902 est
2498 1848 2609 1913 hic,
2650 1849 2774 1917 quia
2798 1847 2946 1904 venti
2974 1858 3030 1904 et
3073 1864 3224 1904 mare
3253 1849 3512 1906 obediunt

1941 1939 2062 1994 (ei.
2114 1959 2132 1992 ι

1999 2028 2318 2084 Ascendente
2359 2029 2487 2085 Iesu
2511 2033 2566 2086 in
2588 2031 2903 2098 naviculam,
2931 2032 3092 2086 secuti
3135 2040 3258 2086 sunt
3282 2047 3401 2086 eum
3427 2032 3506 2085 (li-

1931 2123 2117 2194 scipuli
2143 2125 2278 2193 ejus.
2311 2123 2410 2194 (Ex
2437 2122 2624 2193 Beda.)
2655 2123 2714 2178 ln
2743 2123 2846 2178 hac
2871 2124 3216 2193 navigatione
3243 2124 3504 2178 Dominus

1923 2223 2218 2282 utramque
2261 2213 2422 2268 unius
2449 2213 2800 2282 ejusdemque
2840 2229 2951 2267 sua:
2994 2227 3238 2282 persoure
3265 2223 3514 2267 naturam

1931 2305 2184 2375 dignatur
2221 2304 2540 2370 ostendere,
2563 2305 2689 2358 dum
2718 2303 2764 2358 is
2789 2304 2880 2372 qui
2925 2312 2985 2358 ut
3029 2304 3192 2358 homo
3225 2304 3423 2357 dormit
3453 2305 3507 2357 in

1931 2396 2078 2468 navi,
2109 2394 2343 2450 furorem
2383 2395 2568 2457 maris,
2596 2404 2654 2448 ut
2681 2393 2844 2460 Deus,
2874 2395 3041 2448 verbo
3069 2403 3302 2448 coercet.
3336 2395 3508 2450 Porro

1921 2483 2080 2556 juxta
2104 2485 2439 2556 allegoriam,
2465 2499 2613 2538 mare
2635 2484 2750 2539 sive
2773 2493 3044 2554 stagnum,
3070 2485 3212 2554 quod
3237 2500 3362 2538 cum
3393 2486 3507 2539 suis

1930 2574 2166 2630 transire
2222 2575 2529 2644 desiderat,
2579 2573 2900 2629 tenebrosus
2963 2589 3285 2644 amarusque
3329 2575 3512 2629 stcculi

1929 2671 2214 2741 przcsentis
2259 2671 2524 2740 accipitur
2579 2678 2762 2724 :cstus.
2826 2668 3082 2723 Navicula
3131 2675 3308 2722 autem
3355 2667 3514 2737 quam

1933 2762 2252 2826 ascendunt,
2309 2760 2454 2814 nulla
2496 2759 2687 2814 melius
2715 2774 2876 2829 quam
2924 2759 3218 2814 Dominicce
3251 2758 3516 2827 passionis

1932 2849 2250 2920 intelligitur
2279 2849 2460 2912 arbor,
2491 2848 2646 2918 cujus
2674 2847 2940 2902 beneflcio
2966 2849 3165 2917 quique
3205 2847 3388 2902 ﬁdeles
3411 2848 3510 2900 ad-

1924 2937 2052 3008 juti,
2094 2937 2330 2992 emensis
2357 2935 2543 2991 mundi
2573 2935 2844 3002 ﬂuctibus,
2889 2935 3279 2991 habitationem
3319 2935 3510 3004 patric

241 3003 911 3095 adultiariumfcommttis,
944 3003 1298 3093 similiter,“
1321 3027 1414 3097 qui
1441 3025 1616 3096 diligit
1639 3024 1828 3095 proxi-
1857 3003 1902 3066 C
1926 3003 2189 3095 cmlestis,
2221 3028 2376 3099 quasi
2418 3028 2769 3084 stabilitatem
2811 3027 2986 3082 securi
3013 3026 3214 3083 littoris
3245 3003 3510 3083 obtinent.

239 3134 419 3186 mum,
451 3131 576 3190 qua;
594 3115 714 3190 ejus
739 3125 870 3175 sum
892 3133 1001 3174 non
1030 3117 1262 3173 furatur.
1291 3117 1359 3172 Et
1377 3117 1471 3188 qui
1505 3115 1681 3187 diligit
1699 3130 1830 3188 pro-

242 3212 475 3274 ximam,
510 3209 710 3266 falsum
753 3209 1014 3267 adversus
1041 3224 1165 3266 eum
1211 3209 1580 3266 testimonium
1609 3223 1720 3263 non
1749 3208 1831 3263 di-

243 3301 342 3365 cit,
378 3299 632 3356 similiter
667 3309 724 3356 et
772 3308 970 3357 caetera
1013 3299 1264 3354 mandata
1295 3298 1458 3370 legis,
1507 3299 1551 3354 si
1583 3298 1654 3353 sit
1698 3313 1828 3369 erga

241 3390 552 3460 proximum
581 3390 816 3454 dilectio,
866 3389 1070 3460 absque
1096 3388 1277 3461 aliquo
1302 3387 1489 3442 labore
1517 3393 1824 3442 servantur.

249 3479 384 3536 Puto
423 3489 627 3546 tamen,
657 3479 803 3550 quod
839 3479 896 3534 in
938 3479 1043 3535 hoc
1075 3477 1246 3534 voluit
1288 3477 1578 3548 Apostolus
1625 3475 1830 3546 aliquid

245 3572 685 3643 compendiosius
714 3571 914 3627 dicere.
950 3569 1088 3626 Nam
1128 3571 1174 3626 si
1218 3569 1528 3640 diligentius
1558 3567 1826 3638 requiras,

247 3664 337 3733 qui
373 3664 448 3718 sit
473 3663 756 3734 proximus
797 3669 1006 3728 noster,
1035 3661 1212 3717 disces
1255 3659 1309 3714 in
1341 3659 1632 3730 Evangelia
1676 3657 1829 3712 illum

245 3767 366 3809 esse
395 3754 710 3825 proximum
750 3760 1018 3817 nostrum,
1065 3751 1160 3822 qui
1192 3751 1344 3806 venit
1372 3757 1429 3806 et
1445 3748 1690 3819 jacentes
1729 3764 1829 3803 nos

246 3844 557 3900 vulneratos
582 3858 616 3899 a
654 3843 978 3909 latronibus,
1020 3849 1076 3898 et
1119 3841 1350 3896 nudatos
1393 3855 1426 3894 a
1473 3837 1826 3903 daemonibus,

241 3935 492 4000 iumento
541 3933 788 4004 corporis
829 3932 914 3988 sui
959 3931 1327 4008 superposuit,
1357 3938 1414 3986 et
1447 3931 1513 3985 ad
1559 3931 1826 3986 stabulum

247 4027 503 4084 Ecclesia:
530 4027 742 4096 detulit,
773 4035 830 4084 et
865 4025 1164 4083 stabulario
1207 4040 1308 4097 pro
1352 4039 1482 4080 cura
1519 4033 1725 4090 nostra,
1773 4033 1828 4079 et

243 4119 545 4190 diligentia,
592 4119 681 4174 vel
727 4119 830 4189 ipsi
889 4117 1078 4182 Paulo,
1108 4115 1194 4170 vel
1237 4116 1382 4171 omni
1434 4115 1524 4186 qui
1577 4114 1829 4168 Ecclesia:

244 4218 460 4277 pneest,
506 4209 644 4264 duos
689 4207 964 4276 denarios,
987 4205 1122 4260 Novi
1145 4220 1212 4260 ac
1231 4205 1446 4260 Veteris
1472 4202 1824 4266 Testamenti,

245 4303 308 4354 all
331 4310 536 4356 nostrae
555 4316 702 4356 cura:
722 4299 990 4356 concessit
1009 4313 1294 4368 expensas.
1315 4295 1469 4350 llunc
1490 4299 1618 4364 ergo
1639 4295 1824 4364 proxi-

245 4408 386 4446 mum
416 4393 465 4447 si
493 4389 803 4462 diligamus,
833 4405 1049 4447 omnem
1095 4390 1266 4460 legem
1301 4397 1355 4444 et
1397 4387 1645 4442 universa
1674 4401 1828 4440 mau-

245 4483 365 4538 data
397 4484 452 4538 in
479 4483 654 4554 ipsius
681 4497 870 4538 amore
910 4482 1262 4553 complemus.
1307 4480 1460 4536 Finis
1504 4479 1646 4534 enim
1693 4477 1826 4548 legis

244 4573 519 4640 Christus,
543 4575 614 4630 ad
645 4573 913 4643 justitiam
943 4574 1090 4628 omni
1129 4572 1394 4638 credenti,
1426 4588 1524 4627 nec
1555 4571 1672 4625 ﬁeri
1715 4569 1826 4624 ullo

243 4671 400 4734 pacto
421 4673 628 4734 potest,
653 4671 715 4719 ut
740 4664 832 4734 qui
855 4678 920 4720 ex
953 4672 1064 4718 toto
1091 4664 1254 4719 corde
1296 4672 1350 4720 et
1373 4679 1440 4718 ex
1466 4663 1595 4718 totis
1617 4661 1826 4717 viribus

243 4755 356 4811 suis
395 4755 578 4826 diligit
609 4753 906 4819 Christum,
949 4753 1111 4809 faciat
1165 4753 1372 4824 aliquid
1405 4755 1546 4824 quod
1576 4768 1681 4807 non
1709 4753 1826 4822 pla-

244 4857 356 4900 ceat
387 4845 633 4901 Christo.
663 4845 814 4899 lllmn
841 4845 984 4900 enim
1013 4845 1107 4916 qui
1145 4845 1340 4916 diligit,
1370 4859 1475 4899 non
1514 4843 1684 4898 solum
1720 4858 1825 4896 non

244 4939 354 4990 o:-ci
379 4937 461 4998 lit,
495 4936 639 5004 quod
664 4935 915 5004 prohibet
957 4935 1062 5001 lex,
1107 4935 1201 4990 sed
1243 4950 1344 4990 nec
1393 4934 1644 4988 irascitur
1674 4932 1828 4986 fratri

245 5043 362 5092 Stin,
409 5027 540 5096 quia
588 5027 665 5081 ita
693 5027 996 5082 delectatur
1024 5029 1078 5082 in
1107 5027 1200 5082 illo
1231 5042 1390 5097 quem
1421 5025 1610 5096 diligit,
1641 5035 1697 5081 et
1723 5041 1828 5080 non

245 5117 414 5171 solum
443 5133 553 5171 non
579 5115 712 5172 facit
736 5117 1080 5182 adulterium,
1110 5119 1203 5172 sed
1224 5132 1323 5170 nec
1350 5115 1630 5170 mulierem
1662 5117 1832 5186 respi-

245 5206 316 5258 cit
357 5206 428 5259 ad
457 5205 978 5276 concupiscentiam,
1023 5207 1118 5260 sed
1161 5205 1290 5260 dicit
1323 5205 1390 5260 ad
1437 5205 1608 5274 ipsum
1641 5205 1828 5274 magis,

246 5294 593 5364 Concupiseit
614 5296 798 5350 anima
826 5310 945 5350 mea
977 5295 1032 5349 in
1062 5295 1230 5350 Deum
1259 5295 1456 5348 vivum-
1482 5293 1653 5363 (Psal.
1677 5309 1761 5347 xu
1790 5294 1830 5365 ).

248 5386 344 5451 Qui
379 5387 561 5458 diligit
604 5388 906 5454 Ch’ristum,
937 5387 1154 5456 quando
1199 5386 1265 5441 de
1307 5385 1452 5440 furto
1480 5386 1713 5453 cogitet?
1741 5386 1834 5456 qui

249 5479 408 5532 etiam
436 5495 536 5534 sua
579 5480 764 5534 omnia
793 5494 1128 5549 quaecunque
1181 5480 1344 5534 habet
1389 5479 1626 5548 reliquit,
1657 5487 1715 5532 ut
1749 5494 1834 5532 sc-

225 5569 442 5638 'quatur
461 5572 768 5628 Christum.
805 5571 906 5639 Qui
946 5570 1218 5626 Christum
1259 5571 1450 5642 diligit,
1490 5587 1629 5640 quau
1655 5573 1701 5624 le
1735 5570 1830 5624 lul-

1929 3123 2083 3190 Quod
2114 3131 2294 3177 autem
2323 3121 2440 3192 ipse
2465 3120 2518 3174 in
2554 3135 2716 3176 unam
2749 3119 3054 3174 naviculam
3079 3135 3202 3175 cum
3229 3118 3510 3190 discipulis

1915 3213 2168 3271 Salvator
2195 3213 2459 3275 ascendit,
2499 3212 2625 3267 alibi
2675 3211 2805 3282 quid
2836 3211 3102 3281 signiticet
3149 3211 3342 3282 aperit,
3389 3226 3512 3265 cum

1927 3305 2297 3376 prtcnunciato
2322 3317 2433 3358 sua:
2457 3303 2726 3372 passionis
2757 3303 3280 3372 resurrectionisque
3303 3311 3502 3373 myste-

1928 3395 2030 3458 rio,
2059 3409 2185 3450 mox
2231 3393 2446 3449 dicebat
2483 3392 2548 3446 ad
2583 3407 2811 3447 omnes:
2855 3389 2913 3446 Si
2959 3391 3080 3460 quis
3104 3391 3219 3444 vult
3257 3399 3377 3460 post
3421 3406 3506 3444 me

1928 3485 2136 3550 venire,
2165 3485 2394 3554 abneget
2420 3483 2768 3552 semetipsum
2817 3490 2874 3538 et
2917 3481 3072 3535 tollat
3111 3495 3326 3536 crucem
3356 3496 3506 3535 suam

1929 3583 1985 3630 et
2005 3581 2262 3644 sequatur
2296 3588 2400 3628 me.

1998 3664 2067 3719 Et
2108 3680 2222 3718 ecce
2248 3671 2416 3716 motus
2443 3677 2662 3731 magnus
2713 3659 2886 3730 factus
2931 3659 3091 3713 estin
3117 3657 3274 3720 mari,
3317 3655 3392 3710 ita
3442 3668 3500 3709 ut

1929 3755 2168 3812 uaricula
2198 3755 2488 3826 aperiretur
2515 3753 2782 3825 (luctibus.
2841 3749 3025 3822 Neque
3049 3750 3192 3806 enim
3221 3748 3507 3818 quisquam

1927 3858 2143 3920 poterat
2165 3849 2313 3903 hunc
2333 3847 2589 3902 mundum
2608 3846 2896 3918 enavigare
2917 3843 3284 3909 sinerristo,
3301 3845 3516 3913 quando

1928 3956 2023 3997 eos
2049 3955 2280 4012 quoque.
2311 3939 2508 4010 quibus
2536 3937 2796 3992 Dominus
2817 3936 2989 4022 adest,
3023 3933 3380 3989 teutatiomuu
3413 3947 3512 3984 sa!-

1929 4032 2191 4088 cularium
2214 4045 2353 4100 saepe
2374 4029 2606 4098 procella
2639 4027 2943 4098 perturbat,
3001 4031 3056 4078 et
3103 4025 3358 4094 οἰκονομία
3399 4036 3514 4075 scr-

1929 4131 2086 4175 vatur
2107 4121 2162 4174 in
2187 4117 2460 4188 apostolis,
2509 4125 2568 4168 ut
2590 4115 2839 4169 advertas
2864 4111 2981 4166 sine
3004 4109 3300 4164 tentatioue
3343 4107 3513 4160 nemi-

1929 4228 2052 4267 nem
2100 4225 2258 4280 posse
2294 4223 2360 4262 ex
2400 4209 2502 4260 hoc
2521 4206 2645 4259 vitae
2682 4202 2954 4258 curriculo
2996 4199 3324 4267 demigrare,
3378 4197 3504 4266 quia

1931 4299 2254 4355 exercitium
2301 4296 2426 4350 tidci
2499 4293 2724 4348 tentatio
2764 4300 2879 4356 est,
2909 4291 3003 4345 sed
3045 4288 3200 4359 quasi
3226 4285 3518 4356 pervigiles

1934 4398 2093 4445 nocte
2116 4387 2530 4459 gubernatorem
2553 4383 2849 4438 excitemus
2871 4393 3058 4434 verum
3085 4381 3272 4434 Deum.

2005 4477 2136 4532 Erat
2163 4487 2338 4531 autem
2363 4474 2468 4529 illis
2512 4484 2690 4528 ventus
2733 4471 3048 4526 contrarius.
3127 4469 3332 4524 Ventus
3381 4483 3508 4524 con-

1934 4572 2133 4628 trarius
2179 4568 2447 4625 diabolum
2468 4564 2753 4637 signiﬁcat,
2779 4571 2956 4618 motus
2977 4571 3033 4617 et
3053 4561 3247 4617 ﬂuctus
3267 4561 3514 4630 blaSphe-

1933 4663 2054 4718 miae
2105 4659 2564 4733 persequentium,
2597 4655 2941 4711 dtemoniacis
2972 4655 3190 4709 excitati
3237 4651 3512 4723 procellis,

1932 4756 2127 4825 quibus
2152 4771 2254 4808 non
2283 4755 2396 4822 ipse
2433 4751 2698 4813 turbatur,
2731 4749 2824 4804 sed
2851 4747 3237 4818 discipulorum
3271 4745 3514 4799 imbecil-

1931 4847 2055 4901 litas
2084 4845 2405 4899 concutitur.
3358 4897 3371 4910 η

2007 4937 2125 5007 Ipse
2149 4951 2264 4989 vero
2287 4932 2593 4986 dormiebat.
2626 4930 2910 5000 Discipulis
2941 4929 3336 5000 navigantibus,
3361 4927 3515 4981 Chri-

1935 5038 2050 5082 stus
2073 5025 2420 5089 obdormivit,
2463 5023 2589 5090 quia
2617 5019 3214 5075 calcantibuss'eculmn
3242 5017 3506 5072 ﬁdelibus.

1937 5117 2210 5184 futurique
2244 5114 2392 5181 regni
2433 5113 2668 5181 quietem
2711 5110 2890 5163 animo
2920 5107 3321 5169 meditantibus,
3345 5115 3400 5158 ct
3429 5109 3509 5157 vel

1935 5209 2171 5262 secundo
2214 5207 2445 5275 Spiritus
2486 5203 2656 5258 sancti
2693 5201 2841 5266 ﬂatu,
2893 5201 2976 5254 vel
3026 5200 3231 5270 proprii
3286 5199 3510 5267 remigi.»

1936 5307 2176 5362 conatus,
2206 5297 2397 5350 iulidos
2422 5294 2604 5348 mundi
2633 5291 2802 5346 fastus
2830 5293 3077 5366 certatim
3108 5299 3232 5361 post
3259 5299 3407 5358 terga
3429 5289 3511 5358 ja-

1935 5389 2226 5447 ctautihus,
2271 5397 2482 5455 tempus
2511 5385 2689 5439 subito
2719 5383 3010 5438 Domimca':
3055 5382 3320 5452 passionis
3350 5381 3509 5432 adve—

1935 5479 2032 5532 nit.
2085 5477 2232 5531 Unde
2254 5477 2388 5528 beue
2420 5473 2630 5528 Marcus
2674 5474 2772 5526 hoc
2827 5473 3144 5526 imminente
3170 5471 3344 5524 noctis
3377 5478 3508 5520 tem-

1933 5587 2062 5641 pore
2113 5577 2320 5640 gestum
2353 5567 2517 5620 fuisse
2543 5566 2806 5636 perhibet,
2845 5574 2901 5618 ut
2924 5565 3032 5620 veri
3057 5565 3182 5620 solis
3204 5561 3509 5617 occubitum
