3994 6204
445 179 514 234 99
1743 169 2088 226 SMARAGDI
2129 167 2408 225 ABBATIS

3618 165 3716 216 “)0

451 313 555 350 non
579 295 690 349 sola
711 294 922 349 Domini
946 292 1397 357 dormitio,sedet
1419 292 1533 359 ipsa
1560 289 1871 343 decedentis
1893 287 2030 348 lucis
2058 291 2104 346 Α
2135 287 2350 346 trarius,
2387 285 2436 337 id
2458 293 2559 346 est,
2595 283 2858 336 diaLolus.
2924 282 3073 334 Tunc
3107 281 3364 332 Dominus
3389 280 3714 343 dormiebat,

454 391 586 442 hora
630 386 920 455 signiticet.

522 476 585 528 Et
613 485 942 528 accesserunt
985 482 1036 527 et
1062 473 1440 526 suscitaverunt
1467 485 1607 532 eum,
1625 467 1852 520 dicentes
1879 479 1898 515 :
1923 465 2032 517 Do—

452 568 610 631 mine,
641 566 784 619 salva
816 582 930 625 nos,
954 564 1203 632 perimus.
1256 560 1534 614 Suscitant
1562 558 1846 612 Dominum
1868 554 2033 608 disci-

452 657 585 721 puli,
621 671 688 708 ne
728 670 792 707 eo
823 653 1122 707 dormiente
1148 649 1408 704 (luctuum
1445 649 1660 702 feritate
1702 646 2032 714 dispereunt,

453 750 576 816 quia
606 748 758 816 cujus
783 755 1009 799 mortem
1033 743 1300 807 viderant,
1338 740 1589 794 maximis
1626 737 1767 790 votis
1794 747 2038 789 resurre-

454 838 686 890 ctionem
715 835 1047 903 quaerebant.
1109 831 1187 886 Ne
1213 832 1258 885 si
1294 831 1497 884 diutius
1546 829 1660 896 ipse
1711 834 1886 879 morte
1919 838 2039 879 car-

454 928 538 980 nis
574 926 873 993 sopiretur,
933 939 1123 978 eorum
1165 937 1319 977 mens
1353 919 1584 990 spiritali
1617 918 1670 971 in
1718 925 2037 986 perpetuum

457 1027 632 1071 morte
655 1017 873 1085 periret.

524 1106 593 1158 Et
611 1104 732 1157 dicit
747 1105 819 1156 eis
836 1120 853 1157 :
871 1103 1009 1168 Quid
1023 1101 1191 1156 timidi
1203 1102 1345 1166 estis,
1362 1099 1580 1153 modica?
1592 1097 1736 1166 ﬁdei.
1754 1096 1852 1166 (Ex
1865 1093 2038 1165 Hier.)

452 1197 597 1249 Bene
618 1204 919 1264 arguuntur
946 1195 1036 1262 qui
1061 1201 1324 1263 praesente
1349 1191 1564 1245 Christo
1594 1189 1876 1253 timebant,
1917 1202 2040 1242 cum

454 1287 640 1355 utique
670 1287 760 1355 qui
789 1286 838 1339 ei
865 1287 1139 1340 adluereat
1159 1285 1341 1353 perire
1368 1298 1475 1337 non
1497 1290 1698 1350 posset.
1739 1281 1879 1350 Ergo
1916 1296 2044 1334 con-

457 1377 690 1430 firmavit
722 1376 906 1437 fidem,
938 1374 1138 1429 refudit
1169 1373 1633 1443 tranquillitatem,
1679 1379 1898 1423 ventum
1929 1385 2045 1423 ces-

458 1484 579 1521 sare
632 1466 907 1536 praecepit,
953 1480 1059 1519 non
1109 1463 1450 1533 Aquilonem,
1496 1476 1600 1514 non
1638 1458 1914 1522 Africum,
1951 1459 2044 1513 sed

458 1557 609 1610 illum
680 1556 865 1623 utique
906 1562 1168 1618 ventum,
1228 1552 1313 1606 cui
1364 1552 1566 1604 dictum
1621 1558 1706 1603 est
1742 1548 1809 1601 ab
1855 1547 2045 1615 angelo

2136 374 2352 441 «plaudo
2399 372 2798 441 persecutiones
2850 371 2966 424 fieri
3021 371 3250 432 sinebat,
3305 370 3396 437 qui
3423 375 3718 424 suscitatur

2137 464 2226 516 illo
2252 463 2487 517 clamore
2521 462 2796 526 Ecclesiae,
2826 463 2892 514 de
2926 475 3034 528 quo
3079 459 3366 513 Psalmista
3392 461 3501 512 ait:
3527 460 3570 512 A
3602 460 3718 514 lini-

2137 555 2236 607 bus
2269 563 2423 606 terra:
2451 555 2517 605 ad
2543 562 2593 606 te
2629 552 2880 614 clamavi,
2905 553 3031 605 dum
3056 551 3372 604 auxiaretur
3393 566 3489 604 cor
3515 565 3714 605 meum.

2136 643 2422 710 lmperavit
2449 645 2624 696 ventis
2643 650 2695 695 et
2725 643 2879 703 mari,
2925 642 3141 709 quando
3161 642 3565 708 persecutiones
3617 644 3714 696 lio-

2141 733 2342 785 miuum
2373 748 2400 784 a
2426 732 2638 784 diabolo
2663 733 2961 785 concitatas
2984 730 3408 784 misericorditer
3432 733 3595 801 jus-it
3635 749 3720 786 sc-

2139 819 2275 872 dari.
2349 821 2406 872 Et
2435 820 2572 874 facta
2602 832 2685 874 est
2712 820 3076 887 tranquillitas
3103 834 3318 889 magna,
3349 821 3566 889 quando
3615 837 3720 890 pax

2139 920 2223 965 est
2243 913 2528 966 universali
2567 913 2823 967 Ecclesia:
2851 912 3081 966 reddita.

2775 1017 3093 1056 CONCORDIA.

2212 1093 2468 1146 llortatur
2481 1109 2579 1146 nos
2593 1095 2901 1163 Apostolus,
2919 1101 2978 1148 ut
2999 1095 3202 1148 nemini
3217 1108 3511 1165 qumquam
3529 1099 3722 1152 debea-

2141 1198 2284 1247 mus,
2314 1184 2406 1236 sed
2431 1192 2490 1236 ut
2513 1184 2741 1237 invicem
2763 1185 3066 1253 diligamus,
3092 1191 3147 1238 et
3172 1185 3298 1252 quia
3325 1187 3487 1240 timor
3517 1204 3618 1240 non
3640 1198 3730 1241 est

2144 1271 2196 1323 in
2228 1271 2514 1335 eliaritate,
2544 1282 2626 1325 est
2658 1280 2836 1326 tamen
2868 1273 2920 1325 in
2944 1273 3148 1347 debito,
3191 1277 3436 1343 increpat
3465 1276 3723 1332 Dominus

2147 1361 2397 1414 timentes
2420 1361 2707 1430 Apostolos
2728 1363 2913 1416 dicens
2942 1379 2954 1416 :
3015 1363 3154 1429 Quid
3187 1365 3357 1419 timidi
3393 1367 3525 1421 estis
3554 1369 3724 1422 modi-

2144 1467 2220 1506 ca:
2244 1452 2390 1518 fidei,
2423 1467 2486 1506 ac
2514 1453 2558 1505 si
2589 1453 2736 1506 dicat
2762 1468 2775 1506 :
2809 1453 2900 1506 .llli
2929 1455 3172 1520 timeant,
3203 1456 3293 1524 qui
3335 1457 3579 1512 debitore
3611 1460 3724 1513 dia-

2146 1543 2269 1597 bolo
2296 1552 2546 1597 tenentur
2568 1546 2808 1612 obnoxii,
2866 1562 2963 1602 vos
2984 1549 3074 1618 qui
3097 1565 3220 1603 cum
3259 1549 3548 1605 liberatore
3567 1553 3722 1617 estis,

459 1645 689 1700 Michael
739 1645 791 1698 in
845 1645 1074 1714 epistola
1141 1641 1330 1697 Iudae:
1394 1640 1635 1710 Increpet
1691 1649 1743 1693 te
1786 1639 2044 1692 Dominus
2073 1633 2120 1691 B
2147 1649 2254 1687 non
2281 1642 2365 1688 est
2387 1635 2528 1689 ultra
2565 1637 2707 1705 quod
2736 1638 2991 1692 timeatis.

463 1735 643 1804 (Iudae
673 1734 733 1806 ι).
1485 1799 1499 1811 ο

529 1825 672 1877 Tunc
694 1840 934 1893 surgens,
959 1823 1226 1893 imperavit
1245 1824 1407 1876 ventis
1423 1833 1468 1875 et
1492 1821 1648 1874 mari.
1679 1821 1758 1874 Ex
1789 1821 1892 1874 hoc
1922 1819 2040 1872 loco

457 1917 825 1986 intelligimus,
869 1918 1010 1985 quod
1038 1932 1227 1970 omnes
1256 1925 1520 1970 creaturae
1563 1917 1800 1970 sentiant
1826 1925 2037 1969 creato—

456 2023 593 2072 rem,
642 2009 837 2076 quibus
883 2007 1027 2061 enim
1080 2005 1392 2074 increpatur
1435 2015 1491 2060 et
1543 2006 1876 2072 imperatur,
1923 2020 2039 2057 seu-

461 2099 603 2152 tiunt
632 2100 985 2167 imperantem
1034 2113 1140 2152 non
1167 2113 1353 2152 errore
1384 2097 1779 2157 luereticorum,
1814 2095 1904 2163 qui
1929 2110 2042 2147 om-

459 2191 548 2242 nia
575 2195 767 2258 putant
795 2187 1091 2241 animantia
1113 2187 1444 2241 insensibilia
1467 2199 1608 2246 esse,
1635 2186 1729 2238 sed
1763 2183 2042 2250 majestate

458 2281 780 2344 conditoris,
817 2294 936 2348 qua:
963 2279 1104 2348 apud
1136 2292 1232 2332 nos
1275 2276 1627 2337 insensibilia,
1659 2275 1730 2328 illi
1768 2275 2041 2328 sc:-.sibilia

461 2380 607 2424 sunt.

533 2462 676 2515 Tunc
703 2479 941 2531 surgens,
966 2460 1235 2530 impera-rit
1261 2460 1422 2513 rent-is
1447 2470 1493 2512 et
1519 2459 1674 2521 muri,
1699 2467 1744 2509 ct
1787 2455 1926 2524 [uua
1967 2469 2038 2509 cst

458 2553 812 2624 tranquillitas
836 2569 1026 2622 magna
1051 2552 1104 2604 in
1127 2551 1283 2604 mari.
1325 2552 1555 2604 Ventum
1573 2550 1768 2618 quippe
1793 2564 2037 2617 surgens,

459 2643 776 2711 increpavit,
817 2643 940 2711 quia
969 2642 1368 2697 resurrectione
1395 2641 1689 2704 celebrata,
1724 2640 1920 2692 diaboli
1952 2657 2040 2694 su-

459 2733 699 2802 perbiam
724 2733 935 2797 stravit,
969 2732 1095 2785 dum
1142 2748 1236 2802 per
1257 2741 1483 2785 mortem
1509 2731 1775 2786 destruxit
1798 2746 1918 2784 eum
1949 2731 2041 2800 qui

459 2825 688 2878 hauebat
708 2823 898 2876 mortis
929 2822 1236 2890 imperium.
1300 2821 1701 2889 Tcmpestatem
1725 2836 1898 2889 aqum,
1923 2835 2041 2873 sur-

459 2930 590 2984 gens
610 2929 826 2969 cessare
852 2913 1000 2978 fecit,
1043 2914 1168 2982 quia
1198 2928 1451 2968 vesanam
1486 2913 1788 2982 Judaeorum
1813 2915 2035 2974 rabiem,

457 3019 576 3072 qum
606 3003 1033 3072 caputquatiens
1059 3002 1418 3055 clamaverat:
1449 3001 1502 3054 Si
1528 3002 1695 3056 Filius
1718 3003 1806 3055 Dei
1832 3011 1930 3064 est,
1957 3002 2042 3054 de-
2070 2984 2112 3042 (ἶ

456 3095 682 3148 scendat
711 3110 852 3147 nunc
872 3095 938 3148 de
964 3109 1146 3158 cruce,
1181 3103 1233 3148 et
1259 3094 1544 3148 credemus
1585 3093 1652 3150 ei,
1702 3093 1767 3145 de
1797 3093 2042 3162 sepulcro

457 3184 786 3250 resurgendo
818 3182 1087 3237 labefecit.

529 3267 697 3323 Porro
746 3271 979 3325 homines
1007 3272 1182 3326 mirati
1217 3282 1362 3338 sunt,
1406 3274 1671 3327 dicentes:
1735 3274 1923 3339 Qualis
1966 3286 2039 3329 est

457 3361 563 3425 hic,
589 3362 710 3431 quia
733 3363 866 3415 venti
896 3370 942 3415 et
966 3379 1108 3416 mare
1137 3364 1382 3416 obedium
1404 3363 1469 3416 ei.
1507 3362 1619 3416 Non
1649 3365 1918 3432 discipuli,
1949 3381 2004 3418 se
2029 3367 2040 3417 l

459 3461 658 3516 natiue,
693 3461 750 3507 et
770 3455 950 3508 czeteri
989 3455 1079 3524 qui
1108 3455 1159 3507 in
1195 3454 1439 3508 navicula
1474 3465 1651 3519 erant,
1685 3457 2037 3518 mirabantur,

459 3543 539 3596 sin
565 3554 745 3598 autem
810 3545 933 3614 quis
983 3546 1314 3600 eontentiose
1339 3546 1569 3600 voluerit
1597 3563 1690 3601 eos
1737 3549 1830 3616 qui
1881 3549 2042 3601 mira-

457 3635 654 3687 bantur
673 3633 838 3688 fuisse
872 3635 1181 3704 discipulos,
1214 3636 1660 3705 respondebimus
1701 3647 1846 3691 recte
1868 3637 2041 3691 ltomi-

459 3740 554 3777 nes
582 3724 897 3793 appellatos,
936 3727 1025 3794 qui
1056 3727 1283 3780 necdum
1317 3728 1607 3796 potentiam
1632 3738 1894 3782 noverant
1921 3727 2042 3786 Sal-

463 3832 522 3868 va
532 3818 681 3870 toris.

532 3910 823 3963 Moraliter.
885 3910 991 3981 (Ea:
1013 3910 1200 3974 Beda.)
1247 3912 1312 3965 Et
1337 3928 1432 3966 nos
1457 3928 1670 3982 quoque
1701 3913 1896 3981 singuli
1917 3929 2039 3966 cum

460 4003 613 4072 signo
640 4002 930 4057 Dominica}
965 4005 1142 4058 crucis
1192 4005 1382 4058 imbuti
1430 4005 1682 4058 saeculum
1733 4007 2040 4074 relinquere

459 4094 808 4163 disponimus,
838 4110 1026 4149 navem
1049 4096 1291 4165 profecto
1313 4112 1433 4151 eum
1461 4096 1584 4151 Jesu
1608 4099 2038 4162 conscendimus,

459 4194 707 4256 stagnum
733 4185 1088 4242 transfretare
1113 4203 1392 4253 conamur,
1425 4189 1518 4243 sed
1541 4190 1630 4259 qui
1658 4206 1762 4242 non
1787 4177 2042 4242 dormita-

457 4279 534 4332 vit
571 4294 745 4348 neque
793 4281 1027 4334 dormiet
1072 4282 1381 4337 custodiens
1411 4298 1626 4351 semper
1657 4281 1839 4344 Israel,
1887 4281 2040 4334 nobis

2427 1745 2750 1801 DOMINICA
2791 1746 2857 1800 ΙΝ
2898 1747 3440 1804 SEPTUAGESIMA.

2211 1851 2402 1891 LECTIO
2452 1853 2720 1892 EPISTOLrE
2761 1853 2918 1892 ΒΕΔΤΙ
2959 1855 3114 1894 PAULI
3153 1856 3407 1896 APOSTOLI
3434 1881 3450 1905 ,
3499 1857 3516 1896 Ι
3561 1858 3654 1897 (20-

2773 1925 2961 1963 RINTH.
3005 1926 3081 1964 IX.

2217 2017 2234 2048 ι
2282 1997 2511 2052 Nescitis
2539 1999 2681 2068 quod
2730 2000 2794 2053 ‘ii
2835 2000 2928 2068 qui
2957 2001 3010 2054 in
3057 2002 3234 2056 stadio
3263 2013 3509 2068 currunt,
3536 2020 3727 2058 clunes

2149 2108 2164 2138 ι
2212 2090 2428 2158 quidem
2463 2100 2715 2156 currunt,
2769 2090 2863 2144 sed
2894 2107 3034 2146 unus
3059 2095 3258 2162 accipit
3290 2095 3556 2148 bravium.
3634 2096 3725 2148 Sic

2150 2205 2164 2230 ι
2211 2182 2414 2235 currite
2469 2191 2529 2236 ut
2577 2184 3072 2251 comprcliendatis.
3143 2173 3330 2240 Omnis
3369 2188 3512 2241 enim
3551 2189 3642 2255 qui
3671 2189 3724 2239 in

2147 2290 2163 2320 ι
2209 2288 2380 2340 agone
2402 2274 2698 2337 contendit,
2716 2275 2780 2328 ab
2806 2275 3056 2329 omnibus
3079 2290 3136 2328 se
3163 2275 3578 2339 abstinet,etilli
3608 2280 3726 2345 qui-

2147 2383 2162 2415 i
2211 2365 2350 2427 dem,
2382 2375 2441 2418 ut
2469 2366 2872 2441 corruptibilem
2902 2381 3157 2420 coronam
3186 2368 3476 2437 accipiant,
3506 2385 3605 2422 nos
3631 2385 3725 2422 au-

2151 2476 2164 2506 ι
2213 2465 2315 2510 tem
2336 2458 2720 2526 incorruptam.
2739 2458 2850 2528 Ego
2873 2459 3037 2527 igitur
3057 2461 3137 2514 sic
3157 2475 3339 2525 curro,
3366 2478 3470 2514 non
3493 2463 3645 2529 quasi
3674 2463 3726 2514 in

2147 2567 2163 2597 ‹
2213 2548 2492 2601 incertum.
2537 2547 2627 2602 Sic
2648 2563 2844 2619 pugno,
2879 2564 2983 2604 non
3010 2549 3163 2617 quasi
3193 2564 3372 2604 aerem
3406 2553 3703 2606 verberans

2149 2658 2164 2687 ε
2211 2640 2303 2693 sed
2333 2642 2537 2708 castigo
2562 2655 2758 2708 corpus
2788 2657 2985 2704 meum,
3018 2650 3072 2695 et
3099 2642 3151 2695 in
3178 2641 3495 2696 servitutem
3519 2645 3724 2711 redigo,

2149 2747 2164 2778 ι
2213 2746 2278 2783 ne
2303 2730 2438 2784 forte
2450 2746 2572 2784 cum
2597 2732 2718 2785 aliis
2740 2732 3160 2802 praedicaverim,
3181 2733 3294 2800 ipse
3325 2735 3588 2802 reprobus
3610 2737 3728 2789 el'ti-

2149 2843 2164 2871 ι
2213 2823 2346 2876 ciar.
2399 2823 2530 2877 Nolo
2564 2824 2706 2876 enim
2757 2839 2852 2878 vos
2891 2824 3164 2893 ignorare,
3221 2823 3438 2888 fratres,
3468 2827 3728 2895 quioniam

2153 2933 2169 2963 ι
2216 2923 2401 2982 patres
2436 2915 2609 2968 nostri
2667 2929 2856 2969 omnes
2897 2916 2997 2968 sub
3029 2915 3168 2968 nulic
3195 2913 3429 2974 fuerunt.
3457 2927 3510 2969 et
3536 2935 3728 2970 (illlllt‘S

2152 3025 2169 3056 ι
2218 3022 2367 3060 mare
2393 3007 2747 3072 transierunt,
2773 3017 2826 3060 et
2844 3023 3031 3061 omnes
3055 3007 3266 3062 inMosc
3289 3009 3548 3077 baptizati
3577 3020 3727 3071 sunt,

2152 3117 2168 3148 ι
2217 3099 2268 3152 in
2307 3099 2447 3152 nube
2477 3109 2531 3151 et
2557 3099 2609 3152 in
2637 3099 2792 3152 mari.
2835 3098 2900 3152 Et
2921 3115 3107 3152 omnes
3135 3100 3383 3154 eamdem
3418 3092 3598 3155 escam
3625 3104 3730 3171 spi-

2151 3207 2167 3238 ‹
2218 3188 2425 3241 ritalcm
2455 3191 2932 3251 manlucavcrunt,
2976 3200 3030 3244 et
3059 3204 3246 3244 omnes
3271 3191 3520 3244 eumdem
3542 3200 3727 3260 potum

2150 3300 2166 3331 ς
2216 3269 2516 3349 spiritalem
2546 3282 2821 3335 biberunt.
2878 3282 3143 3336 Biltel~ant
3167 3293 3346 3337 autem
3379 3284 3444 3336 de
3473 3283 3725 3352 spiritali,

2149 3391 2166 3421 ε
2213 3381 2575 3438 consequente
2599 3387 2690 3424 cos
2712 3381 2883 3440 petra.
2905 3373 3063 3426 Petra
3089 3382 3270 3427 autem
3287 3385 3404 3428 erat
3419 3374 3684 3428 Clu-Istus.
3703 3397 3719 3420 ν

2220 3459 2445 3513 Nescitis
2471 3462 2608 3529 quod
2671 3462 2704 3513 ii
2743 3461 2832 3530 qui
2867 3462 2920 3513 in
2952 3462 3122 3514 studio
3146 3473 3386 3525 currunt,
3416 3479 3590 3515 omnes
3610 3479 3733 3531 qm-

2143 3554 2259 3605 dcm
2287 3563 2526 3614 currunt,
2586 3552 2676 3604 sed
2707 3569 2841 3604 unus
2869 3555 3054 3621 accipit
3099 3555 3351 3607 brarimn.
3415 3553 3511 3608 llic
3559 3556 3723 3607 staolti

2143 3643 2596 3711 cursumjustitizc
2621 3644 2700 3695 vel
2735 3643 2854 3696 liilei
2887 3646 3244 3712 compilavit,
3298 3645 3420 3712 quia
3455 3647 3727 3713 quomodo

2145 3734 2251 3787 illic
2275 3750 2396 3787 cum
2422 3750 2609 3788 omnes
2639 3735 2779 3788 intra
2817 3733 3049 3789 stadium
3083 3747 3327 3799 currant,
3366 3754 3470 3790 non
3504 3737 3603 3790 nisi
3632 3738 3725 3806 qui

2127 3823 2792 3893 beuccucurreritplignus
2832 3827 3056 3893 puemio
3091 3826 3384 3893 judicatur.
3431 3827 3502 3880 ita
3530 3838 3586 3880 ct
3615 3828 3724 3889 hic,

2143 3917 2391 3982 quamvis
2421 3913 2560 3966 intra
2588 3913 2710 3966 lidei
2733 3923 2901 3967 metas
2915 3918 3092 3968 cuncti
3111 3917 3392 3969 credentes
3414 3917 3728 3970 commeau-

2145 4013 2252 4064 tur,
2280 4003 2376 4055 soli
2407 4011 2584 4054 tamen
2615 4004 2703 4070 qui
2723 4003 2867 4070 justc
2891 4005 3122 4057 vixerint
3171 4007 3448 4073 praemium
3479 4006 3723 4069 cuslrste,

2144 4094 2282 4160 quol
2311 4092 2495 4145 Gra‘ce
2532 4093 2728 4145 dicitur
2769 4095 3025 4165 ϐραϐεῖον,
3059 4095 3379 4162 percipiunt,
3413 4104 3466 4148 et
3491 4097 3615 4163 quia
3648 4098 3728 4148 in-

2145 4196 2228 4238 ter
2277 4200 2386 4245 eos,
2437 4184 2606 4252 quiin
2645 4185 2821 4237 stadio
2858 4195 3104 4248 currunt,
3155 4202 3318 4238 unum
3369 4187 3724 4256 accipientem

2146 4275 2373 4344 palmam
2397 4275 2685 4342 signiﬁcat,
2735 4274 2786 4327 id
2819 4282 2921 4338 est,
2972 4274 3061 4329 ille
3104 4274 3376 4344 quifulem
3407 4286 3610 4330 rectam
3640 4288 3725 4331 ιο·-

460 4378 803 4438 ιείιιιρηειερθ
835 4371 1231 4438 navigantibus,
1271 4373 1423 4441 quasi
1463 4371 1603 4425 inter
1647 4372 1880 4440 :equoris
1934 4370 2040 4424 fre—
2067 4348 2117 4406 Ῑ)
2145 4369 2342 4430 nuerit,
2389 4379 2441 4419 et
2487 4375 2750 4436 pl'tllt‘Cpla
2801 4370 3124 4437 servaverit,
3189 4369 3446 4424 hortatur
3486 4384 3582 4423 nos
3623 4371 3729 4424 hoc

465 4459 627 4512 initus
653 4459 1005 4523 obdormivit,
1030 4463 1246 4528 quando
1271 4462 1650 4515 crebrescente
1675 4462 1814 4513 inter
1837 4462 2041 4512 medios

461 4551 719 4602 virtutum
755 4550 925 4611 nisus,
985 4550 1066 4604 vel
1095 4551 1494 4604 immundorum
1531 4553 1815 4619 spirituum
1842 4551 1922 4602 vel
1949 4551 2042 4601 lm-

461 4639 667 4692 minum
695 4653 1008 4708 pravorum,
1043 4639 1124 4691 vel
1151 4641 1265 4707 ipse
1296 4650 1603 4694 nostrarum
1651 4658 1678 4693 c
1705 4641 2037 4707 igilatitmtim

463 4730 690 4798 impetu,
760 4729 883 4782 fidei
906 4729 1162 4799 splendor
1187 4730 1606 4792 obtcnebrcscit,
1636 4733 1748 4799 spei
1781 4731 2040 4785 celsitudo

462 4818 814 4884 contabescit,
851 4820 1052 4874 amoris
1074 4819 1288 4874 flamma
1319 4819 1643 4890 refrigescit,
1674 4837 1858 4873 verum
1902 4821 2040 4874 inter

463 4907 762 4974 liujusmodi
809 4909 1073 4978 procellas
1102 4911 1166 4963 ad
1219 4909 1366 4964 illum
1398 4925 1620 4963 necesse
1670 4911 2041 4978 estguberna-

466 5006 632 5051 torem
655 5014 955 5064 curramus,
980 4999 1126 5054 illmn
1157 5000 1326 5054 seduli
1355 5000 1670 5058 excitemus,
1693 5000 1782 5068 qui
1802 5017 1904 5053 nun
1930 5016 2040 5054 ser-

463 5087 592 5152 viat,
646 5090 739 5143 sed
769 5091 996 5158 imperet
1026 5091 1219 5151 ventis,
1270 5104 1393 5142 nios
1441 5097 1787 5157 tempestates
1821 5105 2036 5156 compe-

464 5187 595 5242 scet,
630 5187 686 5234 et
709 5180 955 5236 refundet
987 5181 1454 5250 tranquillitatem,
1500 5190 1713 5248 portum
1754 5180 2038 5234 salutisin-

463 5264 672 5338 dulgebi
683 5279 718 5324 t.

535 5345 858 5432 Allegorice.
897 5362 1004 5434 (Ex-
1035 5363 1281 5434 llieron.)
1315 5362 1569 5417 Navicula
1596 5363 1834 5415 Ecclesia
1859 5363 2043 5414 catho-

465 5455 568 5509 lica
599 5464 702 5521 est,
737 5464 914 5511 motus
957 5457 1010 5509 in
1055 5456 1189 5509 mari
1244 5455 1546 5524 persecutio
1586 5453 2039 5514 Christianorum,

467 5563 584 5616 qua:
609 5549 840 5619 primum
863 5549 1003 5604 facta
1033 5558 1117 5604 est
1139 5549 1191 5602 in
1209 5549 1429 5614 mundo,
1453 5548 1538 5603 cui
1561 5556 1750 5601 ventus
1778 5553 1892 5599 erat
1919 5559 2044 5598 con-

2146 4457 2303 4508 tnodo
2333 4471 2575 4517 currere,
2613 4467 2669 4507 ut
2698 4455 2938 4509 emlestia
2968 4458 3182 4524 ιιι-ιιιιιίὶλι
3239 4472 3542 4511 mereamur
3577 4475 3728 4512 cotu—

2145 4548 2495 4616 prclien'ict'e.
3508 4553 3510 4556 ’

2218 4638 2399 4691 Omnis
2436 4649 2605 4690 autem
2649 4641 2735 4708 qui
2770 4643 2822 4692 in
2869 4657 3031 4708 agone
3068 4640 3354 4702 contendit,
3402 4640 3463 4691 ab
3489 4641 3727 4693 omnibus

2143 4749 2195 4784 sc
2228 4732 2465 4783 ultslinel.
2505 4736 2656 4802 Ἀγὼν
2692 4732 2898 4794 Gnece,
2946 4733 3136 4785 Latine
3181 4742 3457 4785 certamen
3504 4730 3725 4785 dicitur.

2145 4822 2283 4891 Ergo
2312 4821 2487 4874 munis
2530 4825 2834 4893 ἀγωνιστής,
2867 4822 2917 4876 id
2954 4831 3057 4886 est,
3091 4830 3347 4882 certator,
3399 4820 3489 4887 qui
3535 4820 3600 4872 ad
3642 4836 3727 4873 ca-

2141 4913 2392 4980 piendum
2421 4914 2977 4976 contenditbravium,
3010 4915 3078 4967 ab
3105 4913 3354 4966 omnibus
3377 4927 3434 4966 se
3464 4911 3726 4973 abstinet,

2143 5002 2193 5056 iit
2224 5013 2324 5066 est,
2365 5007 2430 5057 ab
2458 5005 2707 5059 omnibus
2730 5007 2888 5070 escis,
2926 5022 3046 5074 qua:
3082 5021 3297 5059 cursum
3321 5002 3437 5072 ejus
3464 5004 3730 5070 impedire

2141 5107 2556 5148 COIISUC'YCI‘tllll.

2217 5184 2281 5238 Et
2308 5185 2381 5238 illi
2404 5188 2611 5255 quidem
2643 5197 2694 5239 ut
2719 5187 3105 5255 corruptibilem
3151 5203 3395 5239 coronam
3438 5187 3726 5252 accipiant,

2144 5295 2236 5329 nos
2263 5285 2435 5327 autem
2460 5277 2834 5344 incorruptum.
2889 5275 3033 5328 Illam
3065 5278 3127 5330 de
3157 5292 3259 5343 qua
3283 5275 3565 5329 Psalmista
3604 5276 3681 5328 ait
3713 5293 3726 5326 :

2146 5366 2309 5418 Scuto
2348 5364 2494 5415 bonu‘
2525 5363 2804 5416 voluntatis
2833 5373 2935 5416 tua?
2966 5368 3227 5418 coronsisti
3268 5383 3359 5418 nos
3407 5363 3580 5434 (l’snl.
3652 5366 3727 5430 ι),

2147 5473 2342 5508 corona
2394 5455 2534 5507 enim
2586 5455 2808 5507 victoria
2862 5455 3261 5523 interpretatur.
3342 5456 3556 5509 Gratias
3603 5471 3732 5522 agra—

2148 5563 2266 5599 ntas
2293 5546 2417 5603 ilco,
2446 5556 2497 5597 et
2525 5545 2878 5609 deprccenmr
2909 5545 3080 5604 illum,
3114 5555 3166 5598 ut
3200 5547 3251 5597 iu
3282 5547 3415 5598 bona
3451 5545 3733 5598 vultuum:
