3994 6204
321 163 424 228 mi

1167 171 1679 242 COLLECTIONES
1715 186 1782 241 ΙΝ
1821 187 2196 248 EPISTULAS
2237 192 2326 247 ET
2369 194 2782 254 EVANGELIA.

3481 215 3588 271 102

315 300 440 350 sua,
487 284 604 358 ipse
623 283 697 340 sit
725 291 957 351 scutum,
987 295 1042 342 et
1063 303 1282 358 corona,
1311 302 1366 347 et
1393 293 1637 350 bravinm
1663 299 1901 353 victoriae
1929 303 2251 368 Aprwscnti
2296 303 2587 362 afﬂictione
2635 313 2876 380 νονρεεεί
2930 324 3072 379 sums
3125 317 3212 374 me
3257 325 3475 391 ἕτθνίυε
3525 327 3582 383 in

319 386 550 429 ιιοειηθ.

392 463 511 535 Ego
526 465 690 536 igitur
701 465 777 520 sic
796 483 950 520 curro
963 485 1067 522 non
1086 471 1238 540 quasi
1257 471 1312 526 in
1326 472 1600 540 incertum,
1613 477 1688 530 sic
1709 494 1903 548 pugno,

315 575 424 613 non
456 559 608 629 quasi
629 576 804 614 aerem
827 561 1122 623 verberam,
1149 563 1240 618 sed
1264 567 1462 637 castigo
1502 584 1689 638 corpus
1735 586 1904 625 meum

313 663 366 704 et
389 654 447 706 in
470 651 774 706 servitutem
791 653 990 724 redigo,
1007 671 1070 708 ne
1093 655 1227 724 forte
1251 673 1367 711 cum
1381 657 1502 712 aliis
1515 661 1904 729 pra'dicaven‘m

313 760 427 810 ipse
457 744 707 813 reprobus
729 745 942 814 emciar,
973 757 1080 800 etc.
1109 745 1224 802 Non
1266 749 1320 803 in
1345 765 1571 805 vacuum
1601 768 1777 816 curro,
1811 763 1905 808 aut

319 833 372 887 in
394 835 664 888 incertum
692 850 876 889 aerem
905 839 1157 902 verbero,
1193 839 1278 894 vel
1319 839 1462 912 ﬁngo
1491 851 1781 907 certamen,
1808 845 1903 900 sed

314 923 526 992 castigo
567 937 768 992 corpus
809 939 1010 989 meum,
1063 928 1196 982 etin
1233 931 1546 986 servitutem
1595 935 1780 1006 redigo
1807 951 1904 1004 per

315 1012 703 1066 abstinentiam
757 1019 812 1067 et
861 1011 1208 1070 afﬂictionem
1254 1027 1416 1088 atque
1468 1021 1718 1086 labores,
1763 1024 1904 1079 sicut

317 1101 446 1155 alibi
473 1101 552 1156 ait
582 1119 597 1155 :
635 1101 695 1156 lu
713 1099 935 1170 jejuniis
964 1105 1167 1171 multis,
1219 1107 1272 1161 in
1306 1109 1525 1180 vigiliis,
1573 1112 1627 1167 in
1681 1111 1824 1168 fame
1847 1123 1902 1168 et

313 1195 428 1258 siti,
479 1195 538 1248 in
564 1193 768 1264 frigore
796 1205 852 1248 et
879 1196 1142 1262 nuditate,
1185 1199 1239 1252 in
1289 1199 1582 1270 laboribus,
1617 1204 1670 1258 in
1717 1219 1902 1260 carce-

310 1285 488 1350 ribus,
515 1291 622 1340 etc.
647 1285 730 1357 (11
756 1286 971 1356 Cor.vu,
994 1289 1094 1360 ιι).
1115 1288 1192 1346 Ne
1209 1291 1348 1346 forte
1366 1305 1490 1346 eum
1503 1291 1624 1346 aliis
1641 1291 1900 1362 praedica-

307 1375 483 1429 verint
504 1377 623 1445 ipse
640 1382 909 1450 reprobus
933 1382 1157 1448 elﬁciar,
1186 1399 1296 1440 non
1331 1383 1581 1440 faciendo
1606 1385 1751 1456 quod
1773 1385 1913 1446 dico.

380 1461 577 1516 Aliter.
620 1461 730 1534 Ego
767 1463 849 1518 sic
871 1477 1050 1530 curro,
1077 1481 1183 1520 non
1212 1469 1369 1536 quasi
1417 1469 1469 1524 in
1507 1470 1792 1526 incertmn.
1838 1473 1895 1527 ln

308 1549 574 1606 mundiali
596 1566 762 1607 cursu
785 1553 834 1608 si
865 1568 1004 1609 unus
1031 1555 1183 1624 prior
1231 1560 1560 1624 accesserit,
1625 1562 1896 1619 incassum

2011 386 2210 452 futuro,
2261 394 2351 462 qui
2383 397 2582 466 majora
2613 397 2872 455 beneﬁcia
2894 403 3209 472 neglexerit,
3261 386 3577 472 sustinebit.

2007 475 2184 541 Quare
2205 479 2362 546 dixit,
2391 483 2456 538 de
2485 489 2833 556 consequenti
2857 505 2949 547 eos
2969 502 3123 562 petra
3152 494 3338 552 bibere
3359 515 3580 570 aquam,

2006 568 2130 636 quia
2161 568 2409 628 Christus
2448 591 2607 645 quem
2636 579 2750 636 haec
2797 580 3120 652 ﬁgurabant,
3165 597 3352 656 postea
3395 568 3582 648 ventu;

2007 671 2099 711 rus
2127 671 2264 714 erat.

2131 763 2467 808 EVANGELIUM
2504 771 2773 813 SECUNDUM
2811 777 3144 831 MATTBEUM,
3212 782 3330 822 CAP.
3360 787 3453 824 XX.

2079 855 2097 887 ι
2145 837 2334 896 Simile
2368 853 2450 898 est
2505 851 2728 916 regnum
2755 851 3012 907 caelorum
3049 855 3249 912 homini
3280 860 3579 927 patrifami-

2008 943 2025 972 ς
2070 925 2190 991 lias,
2225 929 2312 997 qui
2337 932 2467 986 exiit
2491 935 2666 1004 primo
2687 953 2844 994 mane
2873 943 3178 1000 conducere
3219 951 3498 1017 operarios
3521 951 3574 1004 in

2007 1035 2026 1067 ι
2070 1015 2282 1074 vineam
2305 1025 2861 1084 suam.Conventione
2883 1041 3061 1108 autem
3084 1034 3224 1090 facta
3245 1015 3368 1092 cum
3383 1053 3576 1108 opera-

2009 1122 2025 1152 ι
2075 1105 2172 1161 riis
2195 1123 2261 1162 ex
2289 1111 2510 1167 denario
2535 1115 2747 1183 diurno,
2791 1120 2936 1174 misit
2965 1105 3058 1178 eos
3085 1124 3138 1178 in
3163 1125 3374 1182 vineam
3395 1105 3568 1186 suam.

2005 1215 2022 1248 ι
2069 1197 2140 1252 Et
2165 1213 2414 1272 egressus
2451 1205 2592 1260 circa
2629 1207 2818 1264 horam
2849 1212 3066 1267 tertiam
3103 1215 3240 1270 vidit
3277 1218 3411 1274 alios
3427 1227 3578 1274 stan-

2002 1307 2021 1341 ι
2071 1299 2152 1345 tes
2174 1291 2228 1344 in
2259 1291 2378 1347 foro
2397 1294 2622 1361 otiosos,
2649 1305 2705 1352 ct
2739 1300 2874 1355 dixit
2909 1299 3013 1358 illis
3043 1318 3059 1356 :
3103 1304 3182 1358 lte
3209 1314 3264 1360 et
3290 1323 3386 1363 vos
3415 1309 3468 1364 in
3497 1311 3577 1364 vi-

2001 1399 2019 1430 ι
2067 1397 2227 1436 neam
2249 1399 2444 1454 meam,
2471 1395 2524 1440 et
2549 1389 2690 1456 quod
2705 1387 2908 1456 justum
2932 1392 3098 1448 fuerit
3123 1395 3263 1451 dabo
3289 1398 3460 1453 vobis.
3487 1400 3567 1455 llli

2001 1489 2019 1517 ι
2065 1478 2248 1525 autem
2277 1474 2546 1531 abierunt.
2599 1479 2796 1534 lterum
2821 1492 3000 1536 autem
3032 1485 3165 1538 exiit
3190 1486 3334 1542 circa
3364 1499 3572 1544 sextam

2003 1577 2020 1608 ι
2069 1567 2124 1616 et
2139 1577 2334 1616 nonam
2350 1565 2558 1632 horam,
2577 1567 3046 1627 ctfccitsimiliter.
3065 1573 3220 1630 Circa
3235 1577 3574 1634 undecimam

306 1642 537 1712 veniunt
565 1642 657 1712 qui
685 1653 1003 1714 sequuntur.
1056 1645 1322 1702 Cancrum
1369 1649 1421 1702 in
1451 1651 1678 1720 spiritali
1706 1669 1888 1721 cursu,
1919 1652 1964 1710 Β
2000 1673 2017 1703 ‹
2064 1670 2195 1710 vero
2217 1655 2366 1721 exiit,
2385 1659 2655 1714 etinvenit
2671 1661 2805 1718 alios
2819 1667 3574 1740 stantes,etdixitillis:Quid

305 1729 446 1783 certi
509 1745 734 1796 sumus,
778 1731 922 1800 quod
955 1746 1144 1790 omnes
1190 1737 1456 1806 accipiunt
1499 1741 1588 1809 qui
1623 1757 1795 1812 usque
1837 1745 1890 1798 in

306 1819 496 1886 ﬁnem,
545 1821 740 1878 collata
785 1838 817 1878 a
843 1823 956 1878 Deo
970 1825 1109 1880 dona
1131 1828 1460 1895 custodiunt,
1487 1840 1542 1886 et
1557 1833 1648 1902 qui
1672 1842 1890 1904 propter

307 1911 603 1966 humanum
629 1911 869 1969 favorem
889 1915 1168 1986 praedicat,
1199 1929 1382 1974 certus
1409 1935 1528 1976 esse
1550 1923 1616 1978 de
1641 1925 1890 1980 mercede

305 2014 416 2054 non
441 2009 642 2071 potest.

377 2087 508 2144 Non
533 2091 686 2160 quasi
707 2108 879 2170 aerem
900 2094 1197 2161 verberans,
1225 2105 1331 2151 etc.
1383 2098 1439 2154 Id
1455 2107 1557 2165 est,
1581 2117 1686 2156 non
1712 2102 1888 2158 studio

304 2180 566 2237 vanitatis
595 2181 792 2252 aliquid
821 2199 945 2254 ago,
985 2185 1079 2240 sed
1107 2185 1344 2252 Christo,
1383 2191 1564 2244 cordis
1589 2191 1886 2248 intentione

301 2280 356 2324 et
369 2273 619 2342 corporis
639 2275 1056 2333 mortiﬁcatione
1079 2277 1350 2335 deservio.

379 2362 464 2418 Ne
482 2365 592 2434 ipse
613 2366 859 2437 reprobus
886 2369 1100 2439 eﬁiciar.
1163 2371 1446 2441 Reprobus
1491 2373 1738 2439 ellicitur,
1789 2380 1882 2449 qui

301 2463 511 2510 tantum
539 2456 704 2512 verbo
730 2456 910 2523 docet,
952 2473 1058 2516 non
1100 2460 1368 2530 exemplo,
1393 2464 1485 2533 qui
1517 2479 1673 2521 suam
1698 2482 1884 2539 repro-

305 2553 432 2607 bam
457 2551 587 2608 facit
609 2567 732 2608 esse
749 2551 1075 2609 doctrinam.

374 2641 515 2697 Nolo
536 2643 674 2698 enim
701 2659 787 2699 vos
813 2645 1078 2715 ignorare,
1109 2645 1324 2716 fratres,
1345 2651 1484 2720 quod
1509 2661 1681 2720 patres
1718 2655 1881 2708 nostri

298 2750 480 2788 omnes
501 2733 596 2787 sub
620 2734 753 2788 nube
772 2733 1000 2803 fuerunt.
1044 2735 1156 2792 Sub
1171 2738 1310 2793 nube
1330 2739 1480 2804 dicit,
1517 2741 1604 2796 illa
1639 2759 1760 2812 quae
1786 2759 1880 2800 eos

293 2825 647 2896 praecedebat
667 2825 930 2894 columna,
945 2844 1066 2898 quae
1089 2829 1386 2900 ﬁguraliter
1411 2832 1685 2890 Christum
1710 2837 1880 2906 signi-

293 2915 519 2970 ﬁcabat.
573 2914 740 2972 Nobis
772 2919 912 2974 enim
941 2921 1190 2978 Christus
1220 2923 1469 2980 columna
1496 2937 1604 2990 est,
1642 2931 1768 3000 quia
1793 2945 1876 2985 re-

2001 1764 2018 1794 t
2065 1745 2327 1814 hicstatis
2349 1757 2457 1803 tota
2489 1751 2576 1806 die
2607 1752 2810 1808 otiosi?
2857 1756 3054 1813 Dicunt
3097 1761 3180 1814 ei:
3231 1761 3366 1829 Quia
3407 1779 3570 1820 nemo

1999 1851 2016 1884 ι
2062 1850 2162 1891 nos
2201 1837 2474 1892 conduxit.
2536 1840 2677 1898 Dicit
2710 1844 2815 1900 illis
2849 1865 2861 1900 :
2909 1847 2990 1902 lte
3025 1858 3080 1903 et
3123 1865 3218 1906 vos
3263 1853 3317 1906 in
3358 1855 3571 1909 vineam

1999 1941 2017 1973 ς
2061 1939 2256 1979 meam.
2275 1925 2406 1980 Cum
2422 1943 2546 1984 sero
2564 1941 2744 1987 autem
2767 1932 2968 1989 factum
2986 1947 3150 2004 esset,
3167 1939 3296 1994 dicit
3309 1941 3570 1998 Dominus

1997 2029 2013 2062 ι
2063 2007 2579 2084 vineaeprdcuratori
2606 2035 2732 2076 suo:
2765 2023 2908 2079 Voca
2931 2028 3298 2095 operarios,et
3321 2033 3483 2087 redde
3507 2031 3570 2086 il-

1994 2121 2012 2152 t
2059 2103 2126 2159 lis
2175 2108 2514 2175 mercedem,
2558 2112 2819 2183 incipiens
2850 2130 2882 2168 a
2929 2117 3240 2174 novissimis
3287 2137 3457 2191 usque
3498 2123 3567 2176 ad

1993 2214 2010 2243 ‹
2055 2196 2278 2264 primos.
2309 2197 2444 2254 Cum
2467 2201 2740 2258 venissent
2770 2219 2898 2276 ergo
2926 2208 3016 2275 qui
3053 2209 3195 2264 circa
3225 2211 3564 2268 undecimam

1993 2305 2008 2334 ι
2057 2285 2246 2341 horam
2290 2300 2574 2357 venerant,
2624 2306 2948 2364 acceperunt
2996 2299 3237 2370 singulos
3288 2303 3562 2360 denarios.

1991 2399 2008 2430 ‹
2056 2380 2348 2438 Venientes
2361 2393 2541 2439 autem
2567 2395 2620 2441 et
2640 2388 2822 2457 pritni,
2857 2391 3107 2446 arbitrati
3130 2404 3255 2448 sunt
3275 2399 3418 2467 quod
3443 2399 3566 2468 plus

1990 2489 2007 2522 ς
2053 2481 2237 2527 essent
2263 2475 2558 2545 accepturi.
2608 2478 2946 2548 Acceperunt
2973 2491 3219 2538 autemet
3253 2485 3351 2555 ipsi
3381 2488 3562 2560 singu-

1988 2581 2006 2612 ι
2047 2563 2128 2618 los
2170 2563 2443 2621 denarios.
2493 2567 2561 2620 Et
2583 2569 2911 2639 accipientes
2944 2577 3564 2632 murmurahanladver-

1988 2669 2005 2700 ι
2051 2666 2146 2707 sus
2193 2655 2642 2723 patremfamilias
2695 2659 2978 2715 dicentes:
3033 2662 3097 2717 lli
3139 2666 3416 2739 novissimi
3457 2685 3565 2724 una

1987 2761 2003 2791 ι
2045 2743 2178 2798 hora
2211 2743 2476 2812 fecerunt,
2530 2757 2584 2803 et
2631 2764 2793 2817 pares
2849 2751 2968 2807 illos
3017 2755 3172 2810 nobis
3224 2755 3413 2820 fecisti,
3469 2761 3563 2830 qui

1984 2851 2002 2882 ι
2049 2835 2384 2903 portavimus
2409 2839 2620 2906 pondus
2667 2841 2770 2895 diei
2798 2852 2854 2896 et
2889 2851 3072 2900 aestus.
3122 2845 3305 2902 Atille
3327 2863 3556 2918 respon-

1984 2941 2002 2973 ι
2048 2923 2181 2980 deus
2210 2926 2300 2979 uni
2324 2941 2512 2982 eorum
2543 2929 2678 2984 dixit
2708 2945 2722 2983 :
2768 2931 2976 2997 Amice,
3002 2949 3108 2988 non
3134 2935 3272 2990 facio
3300 2937 3394 2990 tibi
3419 2939 3564 3008 iuju~

291 3018 417 3063 ctus
436 3018 493 3064 ει
529 3008 738 3076 prmus,
765 3020 821 3067 ει
841 3012 1065 3070 fulciens
1095 3015 1466 3074 inﬁrmitatem
1489 3030 1752 3080 ηοειηηη,
1781 3036 1878 3090 ρετ
1905 2998 1946 3059 C
1992 3031 2011 3063 σ
2058 3013 2216 3069 riam.
2275 3015 2462 3071 Nonne
2484 3032 2550 3072 ex
2569 3018 2792 3074 denario
2830 3024 3128 3079 convenisti
3149 3027 3394 3082 mecum?
3418 3028 3567 3083 Tolle

293 3106 507 3153 noctem
533 3099 739 3166 lucens,
763 3116 855 3171 per
885 3103 1026 3159 diem
1055 3119 1160 3159 non
1191 3104 1396 3174 lucens,
1419 3111 1574 3180 utqui
1591 3128 1691 3166 non
1714 3111 1883 3166 ria’ent

293 3191 528 3256 rideant,
562 3201 610 3246 et
637 3193 728 3264 qui
757 3194 930 3250 vident
956 3197 1079 3250 ca’ci
1101 3197 1235 3266 ﬁant
1256 3199 1438 3272 (Joan.
1465 3201 1565 3275 ix).

376 3283 440 3338 Et
476 3301 656 3340 omnes
678 3287 732 3342 in
753 3305 898 3343 mare
927 3291 1269 3359 transierunt,
1293 3304 1342 3348 et
1373 3311 1552 3351 omnes
1577 3297 1632 3352 in
1666 3297 1881 3369 Moysen

294 3373 547 3442 baptismi
563 3385 708 3442 sunt,
733 3377 787 3431 in
815 3377 948 3432 nube
965 3388 1012 3433 et
1037 3379 1093 3434 in
1115 3381 1272 3437 mari.
1323 3381 1508 3440 Nubes
1535 3385 1587 3439 in
1612 3386 1745 3440 mari
1775 3387 1884 3441 llu-

300 3464 415 3517 l:rn.
480 3464 791 3535 Baptismus
842 3469 1029 3540 utique
1053 3469 1254 3528 Christi
1304 3475 1564 3546 sanguine
1593 3491 1882 3532 consecra-

297 3563 404 3614 tus;
429 3555 633 3620 hostes,
677 3557 768 3626 qui
795 3568 1090 3628 sequentur
1141 3577 1171 3615 a
1202 3571 1374 3633 tergo,
1404 3564 1728 3634 moriuntur,
1754 3581 1879 3635 pec-

297 3655 415 3697 cata
457 3647 732 3713 praeterita
765 3649 1068 3718 signantur.
1121 3651 1295 3716 Moses
1310 3654 1406 3724 qui
1431 3655 1497 3710 de
1523 3655 1762 3727 ngypto
1785 3672 1881 3726 po-

297 3738 477 3806 pulum
505 3740 600 3794 Dei
623 3739 891 3807 liberavit,
923 3743 1124 3799 Christi
1166 3745 1396 3814 ﬁgurant
1420 3749 1663 3817 gerebat.

368 3828 434 3882 Et
455 3847 632 3885 omnes
651 3832 884 3887 eamdem
895 3851 1066 3888 escam
1091 3835 1378 3906 spiritalem
1408 3839 1874 3895 ntantlucarernnt.

298 3919 490 3974 Est-am
518 3920 650 3976 dicit
699 3923 994 3993 spiritalem
1025 3941 1300 3990 mannam,
1346 3943 1506 3996 quam
1547 3929 1775 3998 populus
1823 3931 1875 3986 in

295 4011 509 4064 deserto
554 4013 916 4069 manducavit.
974 4015 1167 4070 Manna
1214 4026 1394 4072 autem
1423 4025 1578 4090 typus
1607 4029 1694 4074 est
1735 4036 1878 4077 esca:

295 4099 580 4173 spiritalis,
621 4118 740 4172 quae
765 4103 818 4159 in
845 4107 1242 4164 resurrectione
1263 4109 1472 4165 Domini
1507 4113 1710 4169 veritas
1736 4115 1876 4168 facta

291 4199 397 4252 est,
426 4191 480 4244 in
503 4191 856 4248 Eucharistize
873 4197 1208 4264 mysterium.
1235 4197 1340 4254 Iste
1365 4210 1449 4256 est
1461 4211 1514 4254 ct
1536 4203 1692 4272 panis
1715 4218 1877 4273 ange-

289 4277 492 4346 lorum,
521 4281 574 4336 id
595 4290 701 4348 est,
729 4281 977 4340 Christus
1000 4302 1160 4357 quem
1181 4291 1524 4344 manducavit
1547 4292 1726 4356 homo,
1746 4293 1873 4362 quia

291 4384 388 4436 per
417 4385 543 4424 eum
565 4381 621 4426 et
647 4375 818 4444 angeli
859 4376 1050 4432 vivunt
1077 4390 1131 4433 et
1159 4381 1423 4435 homines.

363 4457 433 4511 Et
460 4476 639 4515 omnes
667 4468 904 4518 eumdem
949 4477 1125 4536 potum
1155 4470 1481 4540 spiritualem
1513 4473 1770 4539 biberunt,
1795 4473 1874 4528 bi-

291 4548 475 4602 bebant
512 4561 688 4606 autem
709 4553 772 4607 de
791 4555 1036 4623 spiritali,
1061 4571 1401 4630 consequente
1419 4579 1506 4618 eo:
1535 4574 1702 4634 petra,
1726 4577 1873 4636 petra

291 4648 465 4691 autem
499 4650 614 4694 erat
657 4641 914 4701 Christus.
969 4647 1216 4705 Ostendit
1254 4638 1562 4722 Apostolus,
1615 4647 1892 4724 quoniam

289 4729 547 4798 populum
581 4731 764 4798 lsrael,
803 4739 1039 4806 quandiu
1073 4741 1124 4792 in
1153 4741 1368 4797 deserto
1397 4743 1632 4810 fuerunt,
1676 4761 1871 4816 seque-

289 4821 450 4876 batur
479 4837 576 4879 eos
601 4833 771 4894 petra,
802 4842 900 4898 per
923 4845 1085 4884 omne
1113 4831 1220 4886 iter
1243 4848 1450 4899 eorum,
1511 4840 1651 4892 unde
1677 4839 1872 4908 populo

289 4919 344 4966 et
370 4915 520 4969 omni
545 4917 863 4974 substantiae
887 4919 1005 4990 ejus
1033 4922 1230 4978 ﬁuenta
1252 4923 1576 4992 sufﬁcerent,
1593 4929 1764 4984 donec
1782 4945 1872 4984 ve-

290 5005 503 5062 nientes
537 5008 592 5062 in
625 5018 824 5067 terram
848 5013 1023 5078 Moab,
1047 5024 1268 5086 puteum
1297 5016 1399 5072 sibi
1427 5017 1672 5074 foderent
1706 5036 1873 5091 aqua-

289 5111 431 5150 rum.
488 5097 642 5165 Quod
667 5112 846 5160 autem
873 5103 926 5158 in
949 5107 1194 5174 sequenti
1225 5107 1376 5174 dicit,
1402 5109 1495 5162 sed
1519 5125 1622 5164 non
1661 5111 1713 5164 in
1747 5111 1867 5180 pla-

286 5187 438 5244 ribus
457 5205 648 5245 eorum
677 5193 1068 5264 bencplacitum
1093 5207 1180 5254 est
1213 5198 1344 5263 Deo,
1373 5199 1519 5256 hunc
1547 5201 1703 5256 habet
1747 5219 1870 5257 sen-

284 5293 404 5334 sum
424 5319 441 5345 ,
501 5296 575 5337 ne
604 5284 728 5353 quis
755 5287 858 5342 sibi
911 5297 1006 5344 aut
1036 5289 1089 5344 in
1119 5290 1390 5361 baptismo
1417 5293 1674 5358 conﬁdat,
1700 5304 1791 5348 aut
1815 5295 1868 5349 in

282 5382 410 5424 esca
447 5373 678 5441 spiritali
707 5377 788 5431 vel
815 5389 942 5450 potu
965 5381 1216 5450 spiritali.
1285 5381 1392 5437 Sed
1411 5384 1458 5437 si
1493 5385 1613 5452 quis
1643 5393 1736 5438 aut
1774 5385 1871 5438 ba-

1991 3126 2008 3154 ο
2056 3105 2198 3176 quod
2244 3117 2392 3164 tuum
2448 3120 2569 3177 est,
2616 3121 2670 3168 et
2714 3115 2866 3170 vade.
2944 3116 3078 3171 Volo
3111 3127 3292 3174 autem
3335 3127 3388 3172 cl
3440 3121 3566 3176 huic

1994 3219 2010 3248 ‹
2057 3201 2354 3256 novissimo
2383 3203 2510 3258 dare
2551 3205 2691 3260 sicut
2711 3214 2766 3260 et
2801 3207 2914 3261 tibi.
2985 3207 3093 3264 Aut
3123 3226 3228 3264 non
3279 3210 3405 3267 licet
3433 3213 3564 3266 mihi

1993 3307 2010 3340 ι
2047 3291 2190 3360 quod
2211 3293 2332 3348 volo
2357 3293 2556 3360 facere,
2604 3311 2671 3348 an
2695 3296 2882 3352 oculus
2911 3307 3034 3355 tuus
3055 3315 3286 3371 nequam
3311 3311 3416 3369 est,
3437 3304 3563 3374 quia

1990 3402 2006 3431 ι
2055 3397 2154 3453 ego
2205 3384 2378 3440 bonus
2426 3385 2592 3440 sum?
2643 3385 2736 3441 Sic
2770 3396 2932 3442 erunt
2978 3391 3256 3448 novissimi
3297 3394 3479 3464 primi,
3506 3402 3563 3448 ct

1988 3493 2003 3522 ι
2054 3473 2214 3542 primi
2267 3475 2567 3530 novissimi.
2616 3476 2764 3530 Multi
2815 3479 2961 3534 enim
3007 3491 3134 3536 Sunt
3170 3486 3375 3549 vocati,
3404 3487 3560 3556 pauci

1991 3581 2008 3610 ‹
2054 3577 2183 3616 vero
2209 3563 2388 3618 electi.
2431 3585 2448 3618 ι

2053 3651 2234 3707 Simile
2263 3665 2336 3709 est
2374 3673 2588 3727 regnum
2641 3659 2890 3714 caelorum
2949 3663 3146 3716 homini
3178 3665 3557 3736 patrifamilias

1977 3743 2068 3814 qui
2089 3744 2210 3798 exiit
2233 3745 2400 3814 primo
2444 3763 2598 3802 mane
2637 3750 2924 3806 conducere
2947 3754 3215 3820 operarios
3267 3756 3322 3810 in
3350 3759 3552 3814 vineam

1978 3847 2149 3886 suam.
2205 3831 2306 3904 (Ex
2327 3835 2514 3910 Greg.)
2556 3837 2686 3906 Quis
2735 3855 2864 3896 vero
2899 3841 3328 3912 patrisfamilias
3373 3847 3561 3902 simili-

1981 3924 2219 3979 tudinem
2245 3927 2446 3982 rectius
2473 3936 2636 3994 tenet,
2667 3924 2829 3999 quam
2849 3933 3097 3989 conditor
3118 3945 3323 4002 noster,
3345 3937 3436 4008 qui
3469 3954 3557 3992 re-

1978 4016 2055 4087 git
2095 4033 2232 4086 quos
2267 4019 2506 4074 condidit
2534 4028 2591 4074 et
2639 4021 2842 4078 electos
2865 4039 2991 4078 suos
3019 4025 3098 4080 sic
3143 4025 3194 4078 in
3227 4027 3331 4082 hoc
3357 4029 3558 4080 mundo

1977 4107 2233 4176 possidet,
2263 4109 2416 4178 quasi
2445 4109 2714 4178 subjectos
2755 4113 3004 4168 dominus
3031 4114 3084 4166 in
3117 4115 3298 4182 domo,
3338 4117 3553 4185 quiba-

1977 4197 2070 4251 bet
2097 4197 2314 4250 vineam
2351 4198 2730 4264 universalem,
2756 4201 2962 4254 scilicet
2991 4202 3307 4267 Ecclesiam,
3341 4219 3461 4272 qua:
3485 4203 3554 4256 ab

1975 4285 2109 4339 Abel
2129 4285 2298 4354 justo,
2326 4301 2496 4354 usque
2526 4288 2593 4341 ad
2623 4287 2869 4342 ultimum
2907 4289 3158 4356 electum,
3207 4292 3299 4360 qui
3339 4291 3391 4346 in
3452 4291 3558 4346 ﬁne

1976 4375 2160 4452 mundi
2191 4376 2497 4432 nasciturus
2519 4385 2622 4444 est,
2653 4387 2870 4432 sanctos
2887 4380 3132 4448 protulit,
3159 4382 3312 4452 quasi
3352 4390 3426 4436 tot
3442 4383 3557 4452 pal-

1968 4444 2134 4521 mites
2147 4466 2314 4521 misit.
2349 4466 2450 4522 llic
2473 4469 2654 4540 itaque
2677 4470 3084 4541 paterfamilias,
3113 4473 3180 4529 ad
3201 4477 3554 4531 excolendum

1972 4562 2184 4616 vineam
2221 4578 2396 4630 suam,
2448 4580 2604 4620 mane
2635 4566 2769 4622 hora
2791 4569 2964 4632 tertia,
3004 4579 3172 4632 sexta,
3204 4586 3343 4624 noua
3373 4581 3425 4624 et
3451 4589 3554 4626 un-

1973 4655 2204 4717 decima,
2230 4657 2505 4726 operarios
2528 4659 2798 4723 conducit,
2830 4661 2956 4731 quia
2984 4677 3014 4714 a
3045 4661 3229 4716 mundi
3273 4661 3431 4730 hujus
3456 4665 3555 4718 iui-

1975 4747 2050 4799 tio
2081 4762 2250 4816 usque
2283 4748 2334 4800 in
2365 4746 2546 4812 ﬁnem,
2581 4750 2646 4803 ad
2671 4751 3018 4804 erudiendum
3058 4750 3263 4820 plebem
3295 4752 3550 4817 ﬁdelium,

1973 4836 2362 4902 prmdicatores
2410 4851 2741 4907 congregare
2765 4853 2874 4891 non
2895 4838 3124 4892 desistit.
3173 4837 3326 4892 Mane
3348 4844 3549 4893 ctenim

1972 4926 2159 4980 mundi
2193 4926 2292 4981 fuit
2319 4927 2385 4980 ab
2400 4927 2571 4980 Adam
2601 4943 2770 4996 usque
2799 4928 2863 4982 ad
2893 4928 3025 4993 Noe,
3050 4929 3183 4983 hora
3225 4945 3354 4984 vero
3395 4931 3550 4984 tertia

1971 5034 2002 5071 a
2029 5017 2139 5072 Noe
2166 5035 2334 5089 usque
2359 5019 2424 5073 ad
2445 5019 2740 5086 Abraham,
2801 5029 2950 5075 sexta
3003 5036 3217 5092 quoque
3261 5021 3329 5076 ab
3385 5022 3548 5074 Abra-

1972 5110 2097 5164 ham
2133 5126 2303 5181 usque
2332 5110 2398 5164 ad
2421 5110 2662 5182 Moysen,
2724 5129 2864 5166 nona
2895 5109 3073 5168 autem
3095 5129 3123 5166 a
3153 5115 3333 5183 Moyse
3376 5130 3544 5184 usque

1975 5203 2043 5256 ad
2089 5203 2375 5257 adventum
2415 5202 2652 5268 Domini,
2695 5205 2974 5260 undecima
3021 5221 3173 5272 vero,
3213 5207 3280 5261 ab
3317 5208 3547 5262 adventu

1975 5291 2183 5347 Domini
2221 5308 2387 5362 usque
2411 5294 2477 5348 ad
2500 5293 2659 5349 ﬁnem
2705 5295 2912 5362 mundi,
2960 5299 3010 5352 in
3042 5313 3146 5368 qua
3170 5299 3548 5367 pratdicatorcs

1975 5384 2144 5438 sancti
2187 5385 2412 5453 apostoli
2455 5385 2604 5440 missi
2632 5395 2778 5452 sunt,
2829 5389 2919 5457 qui
2960 5389 3262 5443 mercedem
3310 5387 3544 5456 plcxum],

283 5461 546 5530 ptismum
612 5466 932 5536 violaverit,
981 5479 1074 5525 aut
1119 5479 1240 5542 post
1297 5473 1699 5542 perceptionem
1763 5475 1868 5529 cibi
1902 5515 1926 5530 .
1975 5489 2029 5532 et
2057 5479 2206 5532 tarde
2233 5479 2508 5533 venientes
2543 5489 2886 5548 acceperunt.
2939 5481 3016 5534 Ad
3052 5480 3548 5541 crudicmlamcrgo

285 5557 530 5614 celestis
575 5560 718 5617 male
748 5564 963 5629 vixerit,
1015 5565 1368 5622 contritiones
1398 5581 1532 5636 quas
1573 5567 1665 5620 ﬁlii
1709 5567 1872 5623 Israel

1980 5569 2235 5624 Dominus
2253 5567 2458 5637 plebem
2481 5584 2654 5634 suam,
2673 5571 2816 5624 nullo
2845 5580 3082 5636 tempmc
3105 5567 3309 5621 destitit
3334 5564 3545 5616 mittere
