3998 6198
400 216 507 277 ως

1687 214 2034 269 SMAR.\GDI
2075 211 2361 270 ABBATIS

3541 181 3644 271 toti

396 310 695 408 operarios,
739 334 864 404 quia
888 340 945 388 et
976 333 1126 404 prius
1165 345 1261 402 per
1285 339 1488 402 patres,
1529 339 1585 386 et
1630 330 1970 400 postmodum
2002 334 2046 391 Α
2081 347 2097 377 1
2145 338 2200 382 et
2244 343 2382 398 ego:
2437 327 2632 382 Semen
2661 327 2892 382 Ahrahze
2941 336 3088 392 sunt,
3139 337 3194 382 et
3237 341 3373 397 ego:
3411 327 3646 396 Ministri

396 441 494 496 per
529 423 660 496 legis
687 423 934 480 doctores
955 430 1010 478 et
1037 422 1346 493 prophetas.
1394 420 1475 474 Ad
1521 427 1819 475 extremum
1841 433 1970 472 vero

395 530 495 586 per
538 513 832 584 apostolos,
857 511 984 566 dum
1014 511 1157 581 plebi
1187 525 1298 566 suae
1322 523 1504 565 mores
1531 506 1789 588 excoluit,
1817 505 1970 575 quasi

395 618 493 674 per
512 600 791 672 operarios
811 602 866 656 in
877 601 1046 656 vineae
1060 601 1284 654 culturae
1303 613 1465 668 opera
1485 597 1768 662 laboravit,
1789 611 1972 666 quam-

395 695 480 750 vis
509 696 563 749 in
596 693 834 764 quolibet
852 692 1092 757 modulo,
1144 691 1226 748 vel
1254 705 1530 756 mensura,
1561 688 1806 760 quisquis
1849 702 1970 742 cum

398 785 502 844 fide
520 795 669 840 recta
693 785 848 840 bonae
869 783 1096 839 actionis
1123 782 1352 845 exstitit,
1399 781 1560 851 hujus
1594 779 1766 834 vinea:
1789 793 1974 848 opera-

397 878 512 932 rius
539 875 658 932 fuit.
712 875 978 946 Operator
1009 889 1140 945 ergo
1168 887 1328 928 mane
1360 873 1494 927 hora
1535 870 1714 934 tertia,
1741 875 1896 924 sexta
1921 876 1975 922 et

399 983 561 1034 noua,
587 966 841 1036 antiquus
866 964 956 1020 ille
982 971 1036 1018 et
1060 963 1358 1018 Hebraicus
1379 959 1609 1034 pepulus
1635 959 1971 1029 designatur,

398 1058 566 1128 quiin
587 1057 774 1116 electis
801 1055 914 1111 suis
943 1055 1155 1126 ah’ipso
1177 1054 1362 1110 mundi
1395 1052 1638 1117 exordio,
1670 1051 1798 1106 dum
1826 1057 1975 1104 recte

397 1149 566 1204 Deum
588 1146 794 1202 studuit
819 1145 1016 1210 colere,
1034 1146 1188 1216 quasi
1219 1160 1324 1200 non
1347 1143 1556 1198 destitit
1585 1141 1639 1196 in
1662 1140 1834 1195 vineae
1863 1139 1976 1192 cul-

399 1248 522 1294 tura
551 1238 815 1293 lahorare.
883 1237 965 1292 Ad
989 1237 1330 1292 undecimam
1363 1249 1490 1288 vero
1519 1230 1748 1314 gentiles
1771 1243 1973 1283 vocan-

398 1337 504 1394 tur,
545 1328 738 1399 quibus
767 1337 822 1383 et
848 1327 1073 1382 dicitur:
1101 1325 1237 1393 Quid
1253 1325 1344 1380 hic
1365 1323 1522 1378 statis
1552 1328 1664 1376 tota
1687 1317 1776 1376 die
1795 1316 1974 1378 Otiosi.

396 1419 489 1488 qui
511 1418 654 1473 enim
683 1426 957 1474 transacto
999 1424 1109 1470 tam
1157 1415 1314 1487 longe
1339 1412 1524 1468 mundi
1560 1420 1821 1480 tempore,
1879 1423 1977 1478 pro

397 1509 508 1562 vita
547 1523 646 1562 sua
675 1505 924 1562 laborare
968 1505 1338 1576 neglexerant,
1382 1502 1534 1571 quasi
1572 1509 1681 1554 tota
1707 1499 1794 1554 die
1817 1497 1977 1553 otiosi

398 1597 630 1651 stabant.
653 1595 908 1660 Pensatc,
933 1593 1148 1660 fratres,
1175 1593 1303 1663 quid
1325 1591 1568 1662 inquisiti
1593 1590 1971 1666 respondeant.

2076 437 2094 470 ι
2139 419 2336 476 Christi
2365 429 2513 484 sunt,
2562 430 2617 474 et
2637 436 2771 490 ego,
2809 429 2868 475 ut
2900 421 3078 475 minus
3108 419 3323 489 sapiens
3353 419 3494 482 dico,
3528 420 3651 490 plus

2077 527 2094 558 ι
2140 525 2258 580 ego.
2326 509 2382 563 In
2432 509 2705 564 laboribus
2733 509 2999 578 plurimis,
3055 509 3108 562 iu
3141 509 3450 563 Carceribus
3479 509 3650 564 abun-

2077 619 2095 649 ι
2137 600 2374 664 dantins,
2409 601 2461 653 in
2512 599 2684 670 plagis
2713 613 2873 668 supra
2904 599 3141 663 modum,
3173 599 3226 652 in
3249 592 3512 654 mortibus
3537 599 3650 654 frc-

2078 711 2096 742 ‹
2141 701 2386 761 quenter.
2457 691 2501 744 A
2529 689 2728 746 Judabis
2773 691 3056 760 quinquies
3089 691 3497 762 quadragenas,
3543 708 3649 745 una

2079 800 2097 831 ε
2143 782 2322 836 minus
2349 783 2547 851 accepi.
2615 781 2722 836 Ter
2759 781 2921 852 virgis
2949 797 3120 836 caesus
3142 797 3282 845 sum,
3324 781 3492 836 semel
3521 782 3653 852 lapi-

2081 892 2098 923 ι
2143 873 2300 928 datus
2327 889 2469 938 sum,
2535 883 2614 928 ter
2634 873 2975 943 naufragium
3023 873 3147 939 feci,
3186 883 3343 929 nocte
3381 891 3444 930 ac
3477 876 3564 930 die
3597 877 3651 930 in

2081 984 2098 1014 ι
2143 963 2410 1034 profundo
2437 965 2604 1020 maris
2636 963 2736 1028 fui,
2787 963 2838 1017 in
2863 964 3148 1018 itineribus
3174 979 3334 1035 smpe.
3391 963 3654 1020 Periculis

2081 1071 2102 1116 ‹⁴
2142 1053 2445 1118 fluminum,
2467 1053 2722 1122 periculis
2745 1053 3034 1117 latronum,
3065 1053 3321 1122 periculis
3343 1069 3407 1106 ex
3433 1070 3650 1124 genere,

2081 1162 2099 1194 ι
2147 1145 2402 1214 periculis
2431 1161 2496 1198 ex
2533 1145 2802 1215 gentibus,
2842 1145 3098 1214 periculis
3126 1145 3178 1199 iu
3216 1145 3456 1208 civitate,
3511 1147 3656 1213 peri-

2083 1253 2100 1286 ι
2149 1234 2284 1289 culis
2309 1234 2362 1288 in
2385 1234 2694 1296 solitudine,
2723 1233 3052 1303 periculisin
3085 1233 3242 1300 mari,
3290 1233 3549 1302 periculis
3593 1233 3650 1288 iu

2084 1347 2102 1378 ι
2145 1327 2294 1382 falsis
2342 1327 2620 1384 fratribus.
2677 1329 2734 1382 lu
2769 1327 2954 1383 labore
2987 1334 3042 1382 et
3065 1343 3326 1393 :erumna,
3377 1329 3430 1382 in
3455 1329 3655 1400 vigiliis

2085 1418 2350 1475 (multis.
2405 1421 2460 1474 lu
2505 1419 2646 1474 fame
2674 1428 2728 1475 et
2753 1421 2864 1485 siti,
2895 1421 2950 1474 in
2971 1419 3190 1490 jejnniis
3217 1419 3421 1485 multis,
3474 1421 3526 1474 in
3561 1405 3654 1474 fri-

2085 1527 2104 1560 ‹
2145 1525 2272 1582 gere
2291 1506 2351 1566 et
2373 1511 2633 1566 nuditate.
2661 1511 2866 1566 Praeter
2887 1509 2972 1565 illa
2997 1526 3115 1581 quae
3136 1510 3476 1566 extrinsecus
3508 1520 3652 1574 sunt,

2085 1621 2104 1654 ι
2149 1603 2406 1658 instantia
2433 1619 2551 1658 mea
2581 1603 2894 1672 quotidiana
2939 1601 3246 1657 sollicitudo
3293 1601 3532 1656 omnium
3557 1603 3656 1657 Ec-

361 1741 364 1745 ,
399 1686 596 1740 Dicunt
616 1685 784 1750 enim,
809 1685 936 1756 quia
968 1699 1124 1738 nemo
1149 1699 1246 1740 nos
1273 1681 1550 1746 conduxit,
1581 1679 1758 1734 nullus
1780 1679 1974 1748 quippe

2095 1711 2102 1743 l
2149 1693 2466 1748 clesiarum.
2515 1693 2648 1761 Quis
2671 1693 2998 1759 infirmatur,
3021 1702 3078 1749 ct
3103 1709 3202 1764 ego
3231 1709 3335 1749 non
3370 1693 3656 1747 infirmor?

396 1775 464 1830 ad
483 1791 578 1830 eos
606 1775 934 1844 patriarcha.
959 1771 1140 1828 nullus
1168 1773 1429 1843 propheta
1457 1779 1700 1826 venerat.
1757 1769 1826 1823 Et
1846 1769 1974 1838 quid

397 1872 482 1919 est
505 1865 686 1919 dicere
707 1863 776 1918 ad
803 1863 1046 1918 laborem
1073 1877 1231 1916 nemo
1264 1877 1363 1916 nos
1385 1860 1674 1925 conduxit,
1723 1859 1829 1936 nisi
1852 1859 1974 1912 vita:

397 1954 551 2008 nobis
599 1955 712 2008 vias
737 1968 896 2008 nemo
923 1951 1260 2022 praedicavit.
1321 1950 1462 2018 Quid
1488 1965 1616 2020 ergo
1645 1964 1745 2003 nos
1770 1965 1801 2002 a
1831 1949 1975 2002 bene

305 2069 310 2074 -
395 2057 560 2112 opere
583 2051 876 2109 cessantes,
894 2043 946 2097 iu
974 2042 1324 2097 excusatione
1351 2049 1534 2096 nostra
1547 2037 1743 2095 dicturi
1765 2055 1972 2104 sumus,

396 2133 489 2202 qui
513 2146 650 2202 pene
679 2149 708 2186 a
738 2133 930 2187 matris
953 2140 1108 2186 utero
1133 2133 1198 2186 ad
1230 2131 1390 2186 fidem
1413 2132 1674 2193 venimus,
1699 2131 1789 2199 qui
1813 2132 1974 2182 verba

396 2227 521 2280 vita:
547 2227 615 2280 ab
660 2225 791 2296 ipsis
811 2225 1091 2281 cunabulis
1135 2224 1460 2288 audivimus,
1493 2221 1586 2292 qui
1625 2221 1694 2276 ab
1723 2221 1977 2276 uberibus

398 2334 600 2379 sanctae
619 2322 894 2388 Ecclesiae,
924 2331 1111 2392 potum
1134 2335 1382 2390 superna:
1403 2316 1804 2389 prcedicationis
1831 2333 1976 2372 suni-

397 2414 602 2486 psimus
627 2430 748 2470 cum
770 2413 912 2469 lacte
937 2411 1139 2468 carnis.
1193 2411 1486 2466 Possumus
1511 2423 1640 2463 vero
1663 2415 1718 2463 et
1757 2409 1974 2462 easdem

398 2504 740 2560 diversitates
759 2503 1018 2558 horarum
1043 2501 1208 2556 etiam
1235 2501 1302 2555 ad
1327 2514 1760 2569 unumquemque
1803 2499 1978 2554 hemi—

399 2612 546 2661 nem,
567 2612 664 2666 per
685 2603 903 2650 mtatum
927 2601 1202 2649 momenta
1224 2591 1574 2662 distinguere.
1609 2590 1762 2644 Mane
1782 2590 1978 2660 quippe

401 2686 708 2742 intellectus
754 2685 926 2740 nostri
977 2683 1210 2754 pueritia
1265 2691 1373 2749 est,
1423 2682 1556 2738 hora
1606 2690 1786 2737 autem
1820 2683 1977 2736 tertia

397 2777 763 2832 adolescentia
800 2775 1024 2848 intelligi
1057 2783 1256 2846 potest.
1315 2773 1448 2841 Quia
1473 2775 1625 2844 quasi
1655 2774 1768 2845 jam
1801 2773 1880 2829 sol
1922 2775 1976 2828 in

399 2871 566 2924 altum
611 2867 826 2940 proiicit
870 2867 996 2922 dum
1027 2867 1176 2922 calor
1206 2865 1384 2921 {etatis
1413 2866 1630 2920 crescit.
1671 2863 1836 2920 Sexta
1851 2879 1980 2918 vero

395 2963 645 3032 juventus
681 2968 786 3027 est,
817 2961 942 3030 quia
967 2959 1113 3014 velut
1140 2959 1194 3014 in
1215 2967 1403 3014 centro
1426 2957 1504 3014 sol
1529 2957 1729 3028 ﬁgitur,
1754 2959 1878 3013 dum
1923 2958 1978 3012 in

2081 1801 2099 1834 ι
2143 1783 2276 1850 Quis
2317 1785 2734 1850 scandalizatur,
2775 1791 2838 1839 et
2864 1799 2964 1855 ego
2987 1800 3095 1839 non
3131 1785 3300 1840 uror?
3353 1783 3408 1840 Si
3437 1785 3656 1856 gloriari

2082 1890 2100 1922 ι
2149 1865 2380 1942 oportet,
2435 1887 2556 1942 quae
2599 1873 2932 1928 inﬁrmitatis
2967 1889 3102 1928 mere
3149 1883 3312 1940 sunt,
3361 1875 3651 1946 gloriabor.

2081 1981 2099 2013 ι
2143 1961 2354 2016 Deusct
2381 1972 2536 2032 pater
2570 1960 2785 2016 Domini
2815 1961 2984 2018 nostri
3015 1961 3143 2018 Iesu
3183 1963 3386 2019 Christi
3409 1966 3532 2031 scit,
3564 1968 3656 2034 qui

2081 2071 2098 2102 ι
2145 2052 2638 2108 estbeuedictusiu
2674 2054 2891 2116 saecula,
2937 2055 3083 2124 quod
3135 2071 3242 2110 non
3263 2057 3512 2110 mentior.
3553 2057 3656 2110 Da-

2081 2162 2100 2194 ι
2146 2145 2313 2198 inasci
2354 2146 2673 2213 przepositus
2723 2149 2896 2218 gentis
2923 2147 3101 2203 Arene
3143 2149 3288 2220 regis
3319 2151 3658 2206 custodieiat

2081 2251 2101 2283 α
2145 2235 2417 2289 civitatem
2443 2235 2920 2301 Damascenorum,
2949 2247 3009 2292 ut
3034 2254 3122 2294 me
3146 2240 3652 2310 comprehenderet,

2081 2343 2099 2374 ‹
2145 2334 2202 2380 et
2223 2342 2322 2397 per
2345 2325 2640 2382 fenestram
2665 2329 2717 2382 in
2742 2339 2928 2398 sporta
2977 2330 3231 2386 dimissus
3265 2346 3383 2384 sum
3411 2347 3510 2402 per
3537 2348 3649 2385 mu-

2083 2432 2100 2462 ι
2147 2423 2359 2480 rum,et
2385 2415 2464 2470 sic
2485 2414 2644 2486 efl‘ugi
2672 2431 2862 2472 manus
2889 2416 3022 2485 ejus.
3076 2420 3142 2473 Et
3176 2421 3220 2474 si
3244 2421 3465 2492 gloriari
3493 2437 3657 2491 opor-

2085 2524 2102 2555 ‹
2151 2513 2246 2568 tct,
2279 2519 2385 2558 non
2409 2505 2620 2574 expedit
2651 2505 2890 2576 quidem.
2943 2507 3169 2562 Veniam
3196 2518 3378 2562 autem
3403 2511 3470 2564 ad
3499 2511 3660 2566 visio-

2083 2615 2100 2645 ε
2143 2611 2242 2652 nes
2341 2597 2780 2652 ctrevelatioues
2799 2598 3032 2652 Domini.
3109 2598 3234 2654 Seio
3283 2601 3558 2655 hominem
3605 2603 3660 2658 in

2084 2704 2100 2734 ‹
2147 2685 2365 2740 Christo
2394 2695 2520 2741 ante
2562 2702 2732 2742 annos
2775 2687 3178 2756 quatuerdecim
3208 2729 3222 2751 ,
3277 2689 3392 2743 sive
3439 2691 3491 2744 iu
3541 2707 3662 2746 cor-

2085 2797 2101 2827 s
2147 2791 2298 2846 pore,
2328 2777 2440 2831 sive
2461 2786 2612 2832 extra
2646 2793 2842 2846 corpus
2876 2778 3078 2842 nescio,
3119 2779 3259 2832 Deus
3287 2778 3409 2844 scit,
3445 2791 3660 2850 raptum

2083 2885 2101 2918 ε
2147 2867 2454 2944 hujusmodi
2486 2885 2658 2938 usque
2699 2869 2768 2924 ad
2797 2868 3014 2924 tertium
3045 2869 3261 2924 cedunt.
3316 2869 3382 2924 Et
3425 2871 3664 2942 scielm-

2083 2977 2101 3010 ς
2139 2957 2376 3028 jusmodi
2405 2961 2697 3025 hominem,
2725 2961 2839 3016 sive
2866 2961 2916 3014 in
2944 2977 3194 3031 corpore,
3230 2962 3342 3015 sive
3371 2973 3522 3016 extra
3541 2979 3662 3018 cor--

397 3069 463 3107 co
483 3050 760 3121 plenitudo
775 3051 984 3106 roboris
1012 3050 1111 3104 soli
1139 3051 1316 3104 datur.
1349 3048 1498 3104 Nona
1525 3058 1702 3103 autem
1725 3058 1976 3106 senectus
2003 3032 2046 3094 (ἶ
2085 3068 2104 3100 ‹
2149 3064 2271 3119 pus,
2300 3050 2506 3114 nescio,
2532 3049 2674 3105 Deus
2701 3051 2824 3116 scit,
2856 3058 3070 3120 raptum
3100 3050 3405 3120 hujusmodi
3429 3053 3481 3106 iu
3505 3067 3660 3121 para-

313 3204 351 3217 ,ι
401 3143 738 3213 intelligitur,
791 3140 846 3195 in
893 3155 1000 3211 qua
1045 3139 1191 3194 velut
1219 3139 1299 3196 sel
1326 3141 1395 3195 ab
1419 3139 1526 3196 alto
1557 3156 1656 3196 axe
1679 3141 1969 3206 descendit,

399 3234 527 3305 quia
581 3241 712 3287 aetas
761 3248 792 3286 a
837 3229 1014 3286 calore
1056 3229 1357 3300 iuventutis
1414 3230 1618 3286 deﬁcit.
1680 3230 1977 3287 Undecima

399 3339 529 3380 vero
556 3325 712 3388 hera,
739 3330 870 3377 aetas
898 3328 982 3376 est
1042 3337 1162 3392 quae
1193 3321 1464 3392 decrepita
1502 3321 1588 3376 vel
1610 3333 1865 3379 veterana
1903 3325 1979 3380 di-

399 3415 542 3468 citur
569 3413 746 3478 ;unde
773 3419 828 3468 et
857 3411 1029 3467 Graeci
1056 3411 1210 3468 valde
1237 3411 1498 3477 seniores,
1541 3428 1646 3468 non
1695 3418 1972 3489 γερὼντας,

400 3505 496 3560 sed
527 3505 914 3582 πρεσϐυτέρους
953 3502 1248 3574 appellant,
1279 3511 1339 3558 ut
1359 3503 1643 3574 plusquam
1673 3519 1830 3559 senes
1855 3519 1976 3560 esse

400 3595 758 3659 insinuareut,
786 3609 924 3664 quos
946 3592 1300 3663 profectiores
1325 3604 1536 3648 vocant.
1592 3593 1726 3661 Quia
1755 3608 1884 3664 ergo
1909 3593 1975 3648 ad

399 3687 564 3742 vitam
586 3687 782 3742 bonam
803 3679 939 3740 alius
975 3685 1031 3740 in
1061 3685 1313 3756 pueritia,
1344 3685 1483 3740 alius
1507 3686 1562 3740 in
1585 3687 1974 3754 adolescentia,

401 3777 537 3832 alius
556 3777 608 3830 in
629 3775 928 3844 juventuto,
979 3774 1118 3830 alius
1142 3776 1196 3830 iu
1223 3784 1520 3841 senectute,
1547 3775 1684 3831 alius
1709 3777 1764 3830 in
1791 3777 1978 3832 decre-

400 3870 510 3940 pita
562 3875 721 3923 aetate
765 3867 1100 3938 perducitur,
1133 3865 1538 3937 quasidiversis
1563 3866 1715 3920 horis
1739 3867 1976 3937 eperarii

401 3960 468 4015 ad
495 3958 706 4014 vineam
736 3965 1017 4012 vocantur.

1033 4061 1346 4103 CONCOBDIA.

470 4139 528 4195 lu
559 4139 663 4196 hoc
713 4140 938 4195 istarum
965 4137 1193 4194 duarum
1244 4137 1306 4192 fit
1343 4135 1632 4194 concordia
1661 4137 1972 4203 lectionum,

401 4235 529 4305 quia
572 4233 711 4289 sicut
747 4231 1035 4304 Apostolus
1083 4231 1320 4288 currenti
1348 4231 1618 4297 bravium,
1673 4232 1746 4286 ita
1805 4231 1977 4286 Evan-

403 4325 599 4396 gelium
649 4326 836 4381 tribuit
877 4324 1348 4395 perseverantibus
1375 4323 1635 4379 inlabere
1673 4324 1972 4387 denarium,

402 4423 457 4468 et
485 4413 627 4483 quod
650 4412 996 4483 Evangelium
1030 4411 1182 4478 dicit,
1213 4413 1366 4467 multi
1401 4415 1597 4468 vocati.
1672 4413 1784 4468 lioc
1838 4413 1977 4481 Ape-

404 4507 580 4560 stolus
623 4506 740 4560 ait:
811 4502 1003 4558 Omnes
1048 4503 1256 4574 quidem
1297 4515 1555 4568 currunt,
1623 4511 1678 4556 et
1734 4505 1875 4572 quod
1920 4504 1975 4556 in

405 4597 694 4667 Evangelio
721 4597 879 4666 pauci
917 4594 1076 4649 electi
1099 4635 1113 4660 ,
1151 4595 1250 4649 hos
1273 4595 1559 4663 Apostolus
1584 4595 1732 4660 dicit,
1761 4604 1979 4664 propter
2023 4628 2039 4638 -

405 4687 670 4744 unitatem
709 4686 949 4756 corporis
991 4683 1193 4740 Christi
1244 4699 1384 4738 unus
1431 4685 1626 4754 accipit
1669 4682 1934 4739 bravium.

623 4846 634 4858 .
705 4793 1052 4852 DOMINICA
1094 4793 1162 4849 ΙΝ
1198 4792 1657 4850 SEXAGESIMA.

444 4905 635 4948 ιεοτιο
666 4906 937 4947 ενιετοιε
975 4904 1132 4946 BEATI
1171 4903 1324 4943 PAULI
1363 4902 1618 4942 APOSTOLI
1655 4903 1722 4942 AD
1757 4902 1939 4942 CONS-

939 4975 1094 5014 'l'ﬂlOS
1150 4975 1208 5023 ιι,
1247 4974 1364 5012 cae.
1395 4973 1470 5011 xl.

483 5070 502 5102 ‹
546 5051 802 5106 Libenter
840 5048 1076 5104 suffertis
1118 5047 1451 5116 insipientes,
1488 5061 1610 5101 cum
1633 5046 1752 5100 sitis
1776 5047 1874 5114 ipsi
1899 5063 1980 5102 sa-

414 5163 432 5195 (
473 5145 701 5214 pientes.
748 5141 1041 5198 Sustinetis
1070 5140 1213 5194 enim
1243 5140 1286 5194 si
1308 5139 1432 5209 quis
1457 5154 1552 5193 vos
1581 5139 1632 5192 in
1658 5139 1976 5193 servitutem

415 5257 430 5286 ε
475 5236 687 5307 redigit,
723 5235 769 5290 si
799 5235 920 5304 quis
941 5235 1180 5298 devorat,
1215 5231 1260 5286 si
1281 5231 1404 5300 quis
1435 5231 1651 5300 accipit,
1681 5229 1723 5284 si
1751 5231 1870 5298 quis
1894 5246 1979 5284 ex-

415 5349 434 5376 c
482 5327 706 5393 tollitur,
746 5327 790 5381 si
821 5327 943 5396 quis
987 5327 1042 5380 in
1073 5323 1266 5381 faciem
1292 5339 1388 5378 vos
1435 5323 1612 5378 cmdit.
1670 5321 1976 5376 Secundum

417 5441 432 5467 ι
485 5417 866 5490 ignobilitatem
889 5417 1035 5483 dico,
1083 5416 1238 5486 quasi
1273 5415 1591 5471 uosiufirmi
1618 5413 1877 5469 fuerimus
1923 5415 1976 5468 in

417 5531 434 5562 ‹
479 5513 580 5566 hac
613 5517 786 5580 parte,
824 5510 878 5564 in
911 5524 1016 5578 quo
1042 5508 1163 5579 quis
1186 5509 1365 5563 audet.
1419 5505 1476 5560 lu
1501 5507 1807 5575 insipientia
1835 5506 1974 5570 dico,

423 5619 436 5650 ι
482 5603 653 5658 audeo
672 5610 726 5657 et
751 5615 850 5672 ego
875 5618 887 5656 :
913 5597 1124 5655 Hebraei
1151 5603 1363 5665 sunt,et
1392 5611 1491 5668 ego
1517 5611 1530 5648 :
1560 5595 1816 5650 lsraciitm
1833 5603 1976 5659 sunt,

2085 3161 2104 3193 ι
2149 3141 2350 3208 disum,
2373 3151 2426 3196 et
2450 3141 2656 3197 audivit
2679 3157 2874 3198 arcana
2912 3141 3098 3208 verba,
3126 3158 3245 3213 qua:
3278 3160 3386 3198 non
3415 3143 3542 3200 licet
3565 3145 3660 3200 ho-

2086 3255 2105 3286 ‹
2150 3236 2284 3290 mini
2311 3235 2478 3304 loqui.
2529 3233 2634 3290 Pro
2662 3233 2968 3303 hujusmodi
2999 3235 3290 3308 gloriabor,
3330 3253 3428 3308 pro
3456 3253 3540 3292 me
3564 3253 3661 3291 au-

2086 3343 2103 3374 ι
2150 3333 2260 3380 tem
2309 3324 2440 3379 nihil
2483 3323 2771 3396 gloriabor,
2817 3325 3000 3380 nisiiu
3048 3313 3454 3382 infirmitatibus
3497 3327 3652 3381 meis.

2151 3411 2284 3468 Nam
2306 3423 2360 3468 ct
2380 3415 2426 3469 si
2457 3413 2678 3469 voluero
2714 3413 2956 3485 gloriari,
2987 3430 3091 3469 non
3119 3429 3214 3469 ero
3244 3414 3520 3487 insipiens.
3565 3415 3663 3470 Vc-

2151 3505 2366 3559 ritatem
2407 3505 2551 3559 enim
2595 3505 2770 3561 dicam
2804 3522 2816 3558 :
2885 3521 3046 3576 parco
3103 3515 3284 3560 autem
3318 3521 3386 3560 ne
3425 3508 3547 3578 quis
3573 3523 3658 3562 me

2127 3594 2444 3659 existimet,
2479 3610 2642 3664 supra
2687 3595 2740 3650 id
2788 3597 2933 3665 quod
2973 3596 3121 3652 videt
3163 3597 3216 3652 in
3246 3612 3352 3662 me,
3393 3606 3484 3653 aut
3511 3600 3661 3654 audit

2150 3674 2352 3755 aliquid
2375 3701 2439 3740 ex
2464 3702 2570 3742 me.
2616 3687 2681 3740 Et
2713 3703 2780 3741 ne
2809 3687 3123 3756 magnitudo
3152 3688 3539 3745 revelatienum
3567 3707 3662 3745 ex-

2148 3778 2301 3833 tollat
2334 3793 2452 3848 me,
2491 3780 2651 3834 datus
2679 3787 2764 3834 est
2805 3779 2935 3834 mihi
2975 3780 3226 3836 stimulus
3281 3781 3463 3836 carnis
3505 3787 3658 3845 niese,

2149 3875 2369 3946 angelus
2404 3873 2619 3928 Saturne
2645 3873 2734 3941 qui
2778 3889 2864 3927 me
2894 3873 3216 3944 colaphizet.
3267 3873 3494 3945 Propter
3519 3875 3661 3944 quod

2151 3971 2232 4016 ter
2252 3947 2533 4017 Dominum
2566 3961 2770 4031 rogavi,
2813 3961 3241 4016 utdiscedei‘eta
3275 3979 3381 4018 me.
3435 3963 3502 4017 Et
3526 3963 3664 4018 dixit

2147 4051 2324 4104 mihi:
2385 4049 2599 4104 Sufficit
2652 4049 2746 4104 tibi
2795 4051 2969 4119 gratia
3020 4066 3158 4105 mea.
3225 4049 3359 4104 Nam
3398 4052 3570 4108 virtus
3610 4055 3660 4108 in

2084 4161 2101 4192 ι
2150 4140 2463 4196 infirmitate
2497 4139 2796 4208 perﬁcitur.
2851 4137 3288 4210 Libenterigitur
3313 4140 3585 4210 gloriabor
3609 4144 3660 4198 iu

2085 4256 2102 4287 ι
2148 4235 2554 4290 infirmitatibus
2616 4233 2788 4299 meis,
2842 4241 2900 4286 ut
2948 4233 3215 4288 inhabitet
3265 4234 3318 4288 in
3360 4249 3445 4288 me
3492 4235 3664 4290 virtus

2084 4345 2102 4376 ι
2145 4324 2368 4380 Christi.
2415 4346 2432 4376 ι
3332 4377 3334 4379 .

2149 4415 2388 4470 Libenter
2409 4416 2544 4468 enim
2568 4415 2799 4484 sit/fertis
2823 4415 3141 4486 insipientes,
3172 4433 3288 4469 cum
3312 4417 3424 4469 sitis
3450 4416 3547 4485 ipsi
3573 4433 3661 4468 sa-

2075 4507 2290 4576 pientes.
2323 4506 2432 4560 l‘loc
2461 4513 2545 4558 est
2587 4505 2789 4570 dicere,
2834 4505 3003 4560 miror
3053 4521 3174 4560 cum
3208 4507 3477 4574 sapientes
3519 4506 3660 4569 sitis,

2083 4606 2190 4649 tam
2222 4594 2378 4649 facile
2401 4593 2776 4663 insipientibus
2803 4595 3162 4657 consensisse,
3193 4595 3312 4647 etsi
3346 4595 3463 4648 illos
3495 4611 3661 4664 prava

2079 4685 2437 4756 praedicantes
2467 4683 2699 4737 liheutcr
2723 4683 2968 4747 audistis,
2986 4699 3070 4736 me
3085 4683 3234 4736 utilia
3264 4683 3415 4737 vobis
3439 4684 3660 4755 impleu-

2083 4786 2189 4828 tezn
2224 4775 2392 4828 multo
2421 4773 2590 4844 magis
2621 4774 2807 4828 audire
2837 4773 3063 4838 debetis,
3091 4773 3239 4828 brevi
3285 4776 3663 4845 reprehensio-

2081 4881 2147 4918 ne
2193 4865 2528 4936 prrstringit,
2579 4865 2848 4934 quomodo
2897 4865 3159 4934 imperitis
3211 4865 3520 4921 doctoribus
3571 4882 3662 4921 ac-

2079 4957 2359 5026 quiescant
2382 4957 2626 5010 dicendo.

2152 5046 2476 5102 Sustinentcs
2502 5049 2663 5112 enim,
2696 5049 2741 5102 si
2769 5049 2883 5118 quis
2920 5065 3004 5104 vos
3053 5049 3108 5102 in
3129 5059 3422 5102 servantem
3451 5048 3658 5117 “digit.

2076 5138 2131 5193 ld
2183 5149 2263 5193 οςι
2297 5179 2310 5202 ,
2342 5138 2460 5193 illos
2503 5139 2699 5194 auditis
2735 5146 2790 5194 et
2838 5139 2945 5194 illis
2983 5140 3236 5209 praebetis
3277 5138 3656 5200 obedientiam,

2079 5230 2168 5298 qui
2197 5245 2290 5282 vos
2324 5229 2456 5298 legis
2485 5228 2670 5282 volunt
2698 5230 2930 5284 subdere
2971 5231 3240 5295 servituti,
3279 5228 3359 5283 vel
3397 5228 3662 5298 superbia:

2079 5320 2443 5381 sacerdotum,
2485 5319 2576 5386 qui
2621 5319 2672 5372 in
2727 5319 2922 5388 populo
2975 5319 3280 5374 Judteorum
3342 5318 3662 5372 videbantur

2079 5427 2334 5468 exercere
2359 5410 2710 5464 dominatum.

2151 5503 2348 5571 Siquis
2373 5501 2601 5554 devorat.
2655 5501 2710 5557 Id
2761 5511 2864 5566 est,
2915 5503 2958 5558 si
3009 5503 3096 5572 qui
3144 5501 3224 5555 vcl
3271 5499 3529 5554 conviviis
3575 5497 3657 5551 vel

2081 5596 2394 5649 muneribus
2421 5609 2515 5648 vos
2545 5595 2871 5649 exhauriunt

2085 3432 2103 3463 ί

2085 3521 2103 3554 Ι

2085 3613 2102 3644 1

2084 3705 2103 3736 Ι

2085 3798 2103 3828 ί

2085 3891 2103 3924 ί

2085 3981 2103 4012 ί

2087 4069 2102 4101 Ι
