3998 6198
408 400 519 458 105

1258 393 1773 453 εοιιεοτιοκεδ
1810 393 1877 449 ΙΝ
1909 392 2290 453 EPISTOLAS
2317 394 2410 453 ΕΤ
2446 394 2858 451 EVANGELIA.

3559 397 3656 453 Ulli

480 510 540 566 Si
562 511 682 582 quis
705 509 916 581 accipit.
945 510 1003 566 ld
1033 516 1134 577 est,
1166 512 1210 569 si
1241 513 1362 582 quis
1399 512 1595 568 dixerit
1633 510 1811 566 verbis
1855 508 1988 563 adu-
2013 513 2059 572 Α
2122 509 2662 579 dequadragenarum
2699 510 2978 580 plagarum
3004 525 3287 567 numerum
3327 514 3654 583 compleret;

402 602 645 657 lationis.
667 600 929 672 Accipere
957 604 1102 656 enim
1130 611 1342 673 gratum
1368 602 1571 659 habere
1607 609 1709 656 est.
1747 600 1982 668 Accepta

400 694 552 748 enim
582 692 673 747 illa
696 690 944 758 dicimus,
962 707 1082 762 qua:
1096 693 1251 748 nobis
1262 702 1416 763 grata
1441 709 1561 749 esse
1592 700 1981 749 monstrantur.

400 782 514 837 Ant
542 791 693 837 certe
711 798 743 836 a
770 781 925 837 vobis
948 783 1167 854 accipit,
1198 784 1343 853 quod
1381 782 1646 854 cupiditas
1678 783 1795 854 ejus
1817 798 1985 854 popo-

399 875 527 940 scit,
556 874 697 931 sicut
719 875 970 945 superius
999 875 1202 929 dictum
1228 879 1312 930 est
1338 892 1353 928 :
1388 875 1620 932 Devorat
1641 891 1743 932 vos
1771 877 1832 932 in
1847 891 1981 932 con-

398 963 582 1031 viviis,
607 965 805 1035 accipit
833 967 890 1021 in
917 966 1254 1030 muneribus.
1284 967 1369 1023 vel
1408 968 1624 1038 accipit,
1660 967 1791 1024 dicit
1820 968 1980 1038 rapit,

397 1058 544 1113 unde
568 1065 623 1111 et
652 1056 757 1111 illae
782 1071 931 1123 aves,
962 1070 1083 1127 quze
1110 1056 1345 1127 rapiunt,
1378 1054 1664 1128 accipitres
1698 1066 1976 1112 vocantur.

473 1145 536 1201 Si
560 1146 675 1217 quis
700 1130 985 1201 extollitur.
1016 1145 1072 1201 ld
1100 1154 1207 1211 est,
1233 1148 1485 1216 superbia
1511 1146 1735 1203 Iudaica
1750 1149 1982 1205 sustine-

400 1238 492 1304 tis,
522 1238 646 1307 quis
665 1236 753 1294 vel
776 1239 843 1293 de
873 1237 1101 1293 scientia
1119 1237 1203 1293 vel
1232 1236 1297 1293 de
1315 1238 1528 1308 generis
1560 1240 1981 1311 praesumptione

397 1329 642 1384 inflatur.

471 1421 533 1477 Si
561 1423 678 1492 qu's
704 1422 759 1476 in
789 1420 977 1489 facient
1002 1439 1093 1476 nos
1128 1419 1300 1476 credit.
1340 1420 1454 1479 Hoc
1485 1431 1588 1490 est,
1633 1423 1680 1478 si
1721 1425 1843 1494 quis
1882 1438 1979 1481 vos

396 1514 565 1568 etiam
592 1508 1181 1586 prmsentes‘objnrgat.

472 1602 771 1658 Secundum
795 1603 1171 1673 ignobilitatem
1197 1604 1334 1658 dico.
1360 1605 1436 1660 Ac
1456 1607 1500 1660 si
1528 1608 1748 1674 diceret,
1768 1610 1976 1682 ignobi-

396 1693 504 1747 lem
526 1709 644 1749 rem
671 1693 833 1760 facio,
864 1701 925 1748 nt
952 1693 1154 1764 aliquid
1189 1696 1256 1749 de
1277 1698 1491 1765 generis
1532 1700 1811 1755 nobilitate
1841 1701 1974 1756 mibi

394 1784 681 1839 vindicem.
710 1783 901 1856 Magna
922 1794 1010 1841 est
1036 1785 1364 1856 ignobilitas,
1417 1788 1462 1842 si
1513 1789 1606 1858 qui
1703 1791 1848 1849 illius
1878 1794 1971 1847 Dei

2084 600 2129 653 si
2158 601 2305 654 enim
2326 601 2604 670 quaternis
2651 601 2845 656 ﬁdibus
2881 609 3206 671 percuteret,
3246 601 3426 661 decies
3469 620 3660 674 percu-

2083 692 2242 755 tiens,
2272 693 2651 764 quadragenas
2677 692 2865 764 plagas
2895 692 3112 758 laceret,
3138 694 3183 749 si
3228 710 3355 753 vero
3382 698 3549 753 ternis
3576 704 3659 755 ter

2083 780 2263 836 decies
2288 780 2512 848 feriens,
2557 783 3060 853 undequadraginta
3090 784 3276 855 plagas
3296 786 3564 857 impleret.

2155 870 2256 924 Ter
2277 873 2435 941 virgis
2475 889 2639 928 cazsus
2670 890 2810 936 sum,
2851 873 3010 927 semel
3050 874 3317 944 lapidatus
3366 894 3502 941 sum,
3548 890 3655 935 etc.

2081 959 2266 1016 Potest
2292 960 2408 1017 fieri
2438 964 2583 1031 quod
2619 978 2651 1017 a
2672 963 2923 1033 gentibus
2951 964 3052 1019 ista
3076 965 3375 1034 pertulerit,
3408 971 3504 1024 sed
3543 968 3660 1027 hac

2081 1051 2133 1104 in
2186 1052 2408 1108 Actibus
2464 1053 2830 1122 apostolorum
2883 1070 2991 1109 non
3044 1057 3228 1112 omnia
3288 1058 3653 1130 reperiuntur,

2078 1144 2203 1211 quia
2235 1157 2335 1198 nec
2383 1144 2436 1197 in
2495 1144 2749 1214 Epistolis
2772 1146 2954 1201 omnia
3000 1147 3363 1215 continentur,
3426 1166 3548 1222 cun
3600 1151 3656 1207 in

2077 1234 2266 1289 eadem
2301 1233 2525 1289 historia
2554 1235 2752 1304 scripta
2780 1236 3147 1294 inveniuntur.

2146 1321 2301 1389 Quod
2323 1334 2503 1377 autem
2532 1324 2699 1379 dicit:
2729 1323 2907 1381 Semel
2930 1325 3195 1397 lapidatus
3221 1344 3359 1395 sum,
3386 1331 3459 1386 Sit.
3490 1330 3658 1391 babes

2077 1413 2131 1466 in
2157 1412 2382 1469 Actibus
2426 1415 2822 1484 Apostolorum,
2870 1431 3269 1489 supervenerunt
3324 1426 3542 1494 quidam
3588 1429 3654 1483 ab

2075 1501 2376 1567 Antiochia,
2398 1514 2448 1556 et
2475 1502 2657 1558 Iconio
2680 1504 2882 1571 Juda'i,
2911 1517 2957 1560 et
2978 1510 3245 1577 persuasis
3282 1513 3465 1575 turbis,
3522 1516 3657 1585 iapi-

2074 1591 2358 1663 dantesque
2393 1589 2648 1659 Paulum,
2683 1603 2957 1649 traxerunt
2998 1606 3147 1653 extra
3194 1600 3475 1667 civitatem,
3517 1605 3657 1660 resti-

2073 1692 2273 1736 rnantes
2293 1698 2411 1737 eum
2433 1693 2697 1739 mortuum
2717 1702 2827 1742 esse
2842 1684 2862 1758 (
2876 1686 2993 1741 Act.
3007 1687 3143 1762 ειν).

2143 1770 2297 1839 Quod
2325 1782 2509 1828 autem
2535 1773 2669 1830 dicit
2687 1790 2745 1831 se
2774 1791 2896 1833 esse
2920 1778 3087 1850 virgis
3106 1796 3327 1847 ensum,
3369 1784 3538 1842 habes
3580 1786 3653 1844 ibi

392 1891 493 1945 per
519 1844 980 1947 regenerationem
1008 1844 1183 1932 factus
1210 1884 1314 1944 est,
1348 1876 1415 1933 de
1446 1844 1657 1933 teri-cna
1683 1890 1738 1935 et
1764 1881 1971 1937 carnali

2074 1865 2129 1919 in
2166 1865 2392 1922 Actibus
2412 1867 2808 1938 Apostolorum,
2840 1871 2967 1940 quia
3008 1844 3133 1929 eum
3174 1844 3358 1930 essent
3397 1877 3456 1933 in
3498 1888 3654 1951 parte

392 1966 675 2022 nobilitate
702 1984 761 2023 se
781 1966 970 2036 iactet.

469 2056 635 2123 Quasi
658 2074 752 2112 nos
792 2057 991 2127 inﬁrmi
1029 2058 1283 2128 fuerimus
1322 2061 1379 2115 in
1421 2061 1519 2116 hac
1567 2072 1735 2133 parte.
1788 2063 1848 2121 ld
1866 2073 1968 2131 est,

391 2147 547 2215 quasi
575 2161 675 2202 nos
700 2147 753 2201 in
779 2148 885 2203 hac
910 2152 1063 2218 parte
1088 2148 1156 2204 ab
1186 2146 1290 2204 illis
1312 2150 1490 2213 minus
1516 2150 1731 2221 aliquid
1770 2153 1973 2209 habea-

391 2251 531 2298 mus,
561 2243 742 2290 etnon
769 2236 942 2308 magis
960 2237 1114 2292 vobis
1143 2252 1270 2293 vera
1300 2246 1356 2293 et
1379 2236 1538 2295 fortia
1565 2241 1936 2311 prcedicemus.

459 2326 529 2380 In
555 2344 658 2398 quo
686 2328 803 2398 quis
828 2328 1004 2394 audet,
1033 2328 1090 2383 in
1109 2330 1406 2401 insipientia
1425 2333 1563 2399 dico,
1587 2334 1756 2389 audeo
1784 2345 1832 2389 et
1853 2353 1967 2407 ego.

387 2416 505 2472 Hoc
530 2432 753 2487 possum
780 2419 996 2486 audere,
1021 2420 1066 2476 si
1092 2419 1233 2477 volo.
1256 2420 1357 2477 Hic
1384 2437 1444 2477 se
1469 2423 1725 2494 apostolis
1751 2439 1971 2483 compa-

386 2516 475 2562 rat
495 2507 741 2563 latorum
768 2522 986 2564 suorum
1011 2510 1477 2580 contemplatione.

457 2595 674 2651 Hebrrri
691 2607 814 2651 sunt
836 2608 883 2653 et
909 2614 1001 2670 ego
1028 2616 1048 2654 :
1074 2598 1334 2657 Israelita:
1368 2611 1489 2656 sunt
1523 2611 1574 2657 et
1596 2620 1688 2674 ego
1715 2618 1735 2656 :
1777 2604 1967 2663 Semen

386 2687 610 2741 Abralue
633 2697 756 2743 sunt
775 2698 825 2742 et
850 2706 967 2759 ego.
983 2689 1093 2766 lloc
1109 2696 1215 2756 est,
1232 2692 1277 2746 Si
1296 2691 1350 2746 in
1365 2693 1472 2747 hoc
1490 2691 1807 2764 gloriantur,
1822 2697 1966 2766 quod

386 2774 600 2831 Hebraei
618 2786 762 2841 sunt,
787 2786 882 2832 aut
905 2765 1180 2845 lsraeliue,
1205 2788 1300 2835 aut
1318 2793 1502 2836 semen
1523 2781 1775 2849 Abrahae,
1789 2765 1851 2840 et
1863 2768 1966 2857 ego

376 2864 609 2935 gloriari
627 2881 868 2936 possum,
891 2868 1021 2938 quia
1040 2869 1200 2940 hujus
1216 2885 1334 2926 sum
1360 2871 1595 2944 generis.

454 2952 689 3011 Hinistri
709 2957 904 3017 Christi
942 2968 1086 3025 sunt,
1137 2969 1186 3015 et
1206 2977 1320 3033 ego.
1371 2960 1700 3028 Notandum,
1737 2960 1864 3032 quia
1915 2960 1964 3017 si

382 3049 506 3118 quis
523 3048 715 3104 saltem
740 3046 809 3105 de
842 3048 1047 3130 fibristi
1088 3052 1390 3109 ministerio
1426 3053 1686 3125 glorietur
1704 3090 1720 3117 ,
1740 3067 1848 3111 non
1868 3065 1965 3110 “‘-

378 3138 594 3208 pienter
604 3139 889 3210 gloriatur.

454 3226 521 3282 Ut
543 3230 718 3284 minus
740 3231 945 3302 sapiens
966 3233 1104 3296 dico,
1125 3231 1242 3304 plus
1268 3251 1382 3306 ego,
1405 3235 1461 3290 in
1484 3236 1751 3292 laboribus
1781 3235 1956 3310 ρευσ-

380 3322 499 3387 mis,
522 3322 892 3379 incarceribus
920 3324 1296 3394 abundantius,
1326 3329 1384 3383 in
1426 3327 1595 3400 plagis
1638 3346 1801 3402 supra
1847 3347 1962 3386 mo—

378 3412 528 3478 dum,
549 3421 653 3468 etc.
678 3413 777 3486 (Ex
787 3413 944 3472 Joan.
959 3418 1177 3492 Chrys.)
1194 3417 1311 3474 Non
1326 3419 1462 3475 dixit
1475 3421 1639 3477 tantis
1648 3422 1958 3493 praedicari,

377 3505 475 3560 sed
515 3504 793 3563 dimittens
817 3511 996 3565 omnia
1019 3510 1279 3580 praeclara
1295 3509 1554 3579 facinora,
1572 3527 1671 3568 sua
1685 3513 1823 3569 mala
1839 3529 1959 3584 qua!

375 3593 649 3660 toleravit,
671 3606 975 3665 enumerat,
1006 3598 1157 3654 velut
1201 3601 1395 3656 seriem
1429 3601 1741 3672 passionum
1769 3609 1826 3656 et
1846 3601 1961 3673 glo—

378 3685 473 3739 ria:
495 3687 823 3745 occasiones.

446 3776 489 3829 Α
516 3774 723 3833 Judwis
740 3779 1012 3852 quinquies
1042 3779 1405 3853 quadragenas
1426 3798 1536 3837 una
1560 3782 1732 3838 minus
1761 3785 1954 3855 accepi.

377 3865 626 3937 Quinque
650 3869 861 3926 vicibus
884 3872 1117 3928 tricenas
1139 3879 1194 3928 et
1214 3887 1474 3940 novenae,
1488 3874 1641 3946 quasi
1656 3880 1958 3945 transgres-

375 3973 467 4013 sor
481 3957 618 4030 legis
638 3960 867 4031 accepit.

443 4048 557 4119 (Ea:
575 4048 768 4123 Beda.)
789 4049 943 4118 Quod
981 4051 1147 4108 dicit:
1179 4051 1224 4104 Α
1243 4052 1450 4109 ,Ιιιάιεὲι
1502 4056 1775 4127 quinquies
1819 4074 1953 4130 qua.-

374 4142 635 4212 dragenas
649 4160 755 4198 una
771 4145 944 4199 minus
955 4145 1152 4217 accepi,
1168 4145 1455 4218 signiﬁcat,
1468 4160 1528 4203 se
1541 4163 1573 4202 a
1587 4147 1787 4204 ludmis
1797 4150 1957 4219 quin-

371 4234 528 4304 quies
545 4232 893 4305 l'lagellatum,
917 4235 992 4290 ita
1015 4243 1218 4301 tamen,
1252 4244 1311 4291 ut
1330 4252 1602 4307 nunquam
1629 4239 1956 4310 quadragin-

375 4335 450 4391 ta,
472 4326 566 4381 sed
590 4341 693 4382 una
719 4327 894 4383 minus
912 4326 1180 4383 feriretur.
1204 4327 1537 4397 Praeceptum
1574 4344 1809 4399 namque
1837 4339 1960 4386 erat

371 4416 704 4488 legis(l)ent.
731 4417 880 4491 xxv),
924 4428 982 4474 ut
1021 4419 1111 4489 qui
1136 4419 1535 4490 delinquentem
1579 4421 1948 4490 verberarem,

2073 1955 2412 2023 Macedoniae,
2445 1960 2499 2014 in
2521 1960 2744 2015 civitate
2770 1960 3013 2028 Colonia,
3042 1978 3143 2033 pro
3191 1965 3369 2033 puella
3415 1971 3649 2038 quadam

2069 2047 2303 2105 habente
2355 2051 2604 2121 Spiritum
2648 2051 2925 2123 Pythonis,
2987 2070 3148 2124 quam
3174 2056 3371 2114 Paulus
3416 2064 3650 2128 sanavit.

2070 2145 2345 2199 concurrit
2364 2144 2515 2215 plebs
2540 2145 2799 2201 adversus
2825 2161 2940 2213 eos,
2974 2156 3030 2202 ct
3054 2149 3423 2221 magistratus,
3441 2163 3488 2209 ri
3509 2156 3649 2212 sas-

2067 2237 2146 2294 sis
2173 2236 2368 2293 tunicis
2394 2252 2602 2302 eorum,
2644 2237 2922 2306 jusserunt
2969 2241 3133 2311 virgis
3181 2242 3311 2298 exedi
3352 2241 3647 2318 (natavi).

2067 2325 2138 2380 Et
2186 2341 2308 2381 cum
2358 2326 2554 2381 multas
2589 2327 2778 2399 plagas
2816 2329 2865 2385 ei
2920 2329 3327 2398 imposuissent,
3374 2331 3646 2392 misemnt

2065 2427 2192 2469 eum
2218 2417 2285 2471 ad
2305 2422 2603 2483 carcerem,
2630 2425 2685 2472 et
2703 2416 2852 2482 alibi,
2889 2415 3052 2486 jussit
3096 2434 3221 2476 cum
3272 2421 3524 2481 tribunus
3566 2425 3642 2487 in.

2064 2506 2278 2562 traduci
2308 2509 2361 2563 in
2390 2518 2591 2574 castra,
2636 2520 2692 2565 et
2731 2509 2954 2582 ﬂagellis
2991 2512 3146 2579 calli,
3193 2522 3250 2568 et
3291 2517 3551 2587 torqueri,
3592 2526 3650 2574 et

2068 2598 2196 2653 loris
2217 2599 2501 2670 adstringi.
2535 2602 2639 2655 Pro
2663 2601 2749 2656 bis
2773 2610 2828 2658 et
2850 2602 3116 2659 similibus
3149 2604 3281 2660 dicit
3299 2619 3321 2658 :
3362 2605 3430 2663 In
3469 2624 3650 2664 carce-

2066 2687 2210 2742 ribus
2239 2688 2687 2753 abundantius,in
2705 2690 2874 2762 plagis
2892 2707 3052 2762 supra
3064 2696 3277 2749 nandum
3297 2693 3382 2767 (Il
3394 2698 3519 2756 Cur.
3533 2715 3586 2755 st
3600 2698 3642 2770 ).

2138 2777 2239 2831 Ter
2260 2778 2607 2848 naufragium
2631 2778 2753 2849 feci,
2788 2791 2935 2836 nocte
2951 2783 3103 2839 etdie
3130 2785 3189 2840 in
3229 2790 3494 2860 pmfutttt'a
3531 2810 3650 2849 nta-

2062 2868 2138 2929 ris
2165 2867 2264 2936 fui,
2286 2867 2347 2921 in
2378 2866 2650 2923 itineribus
2673 2885 2829 2939 sirpe,
2850 2872 3094 2941 periculis
3120 2876 3422 2948 ﬂuminum,
3441 2897 3648 2953 pericu-

2062 2959 2128 3015 lis
2139 2958 2425 3027 latronum,
2437 2959 2683 3030 periculis
2702 2978 2769 3016 ea:
2802 2977 3005 3033 genere,
3027 2966 3273 3035 periculis
3294 2985 3360 3025 ea:
3378 2973 3637 3043 gentibus.

2061 3054 2139 3110 De
2155 3067 2353 3123 genere
2370 3061 2426 3109 et
2443 3050 2921 3123 genthudaierum
2954 3055 3105 3124 dicit,
3142 3060 3361 3128 quando
3379 3059 3527 3119 tacta
3561 3073 3644 3121 est

1988 3185 2035 3250 ϐ
2062 3142 2348 3250 concursio
2365 3145 2548 3250 populi
2565 3143 2892 3210 πάθοι-ειη,
2916 3152 2972 3202 ει
3000 3149 3466 3250 apprehendentes
3502 3153 3643 3210 Pau-

2064 3237 2498 3305 lum,trahebant
2530 3253 2653 3294 eum
2669 3246 2821 3295 extra
2858 3239 3133 3310 templum,
3152 3242 3236 3298 vel
3248 3245 3463 3313 quando
3488 3248 3642 3317 prin-

2060 3343 2188 3400 ceps
2201 3326 2543 3385 sacerdotum
2559 3327 2796 3385 Ananias
2813 3329 3067 3398 praecepit
3083 3332 3384 3392 astantibus
3399 3336 3503 3393 sibi
3526 3354 3645 3408 pcr-

2060 3428 2245 3476 cutere
2255 3432 2319 3475 os
2328 3418 2449 3490 ejus
2464 3416 2615 3491 (Aet.
2628 3416 2808 3486 um).
2825 3418 2961 3475 Nam
2975 3428 3030 3476 et
3042 3436 3174 3493 gens
3184 3422 3482 3486 eiusluda-i
3496 3444 3644 3499 quie-

2058 3511 2386 3565 rebanteum
2405 3509 2675 3566 occidere.

2130 3598 2392 3656 Periculis
2413 3601 2468 3656 in
2489 3600 2645 3655 mari.
2656 3600 2886 3669 Quando
2905 3603 3232 3673 navigantes
3248 3609 3636 3679 periclitaban-

2058 3699 2151 3744 tur
2171 3697 2228 3744 et
2255 3690 2592 3761 impegerunt
2626 3705 2817 3745 navem
2856 3692 2924 3747 ad
2954 3691 3100 3748 littuz
3120 3734 3135 3759 ,
3164 3710 3286 3765 quae
3333 3713 3496 3769 prora
3528 3706 3635 3757 lixa

2058 3780 2315 3835 manebat
2338 3778 2652 3845 immobilis,
2678 3780 2875 3851 puppis
2899 3794 3031 3837 vero
3056 3783 3367 3843 advehatur
3387 3803 3421 3842 a
3446 3789 3498 3844 vi
3523 3772 3638 3846 ma.
3674 3803 3681 3807 '

2058 3869 2157 3936 ris,
2202 3876 2258 3926 et
2301 3868 2393 3925 alii
2422 3869 2681 3936 natando,
2717 3870 2810 3927 alii
2840 3886 2968 3929 vero
2999 3873 3055 3929 in
3085 3875 3282 3934 tabulis
3318 3877 3639 3949 ferebantur

2057 3960 2124 4016 ad
2154 3961 2307 4016 littus
2335 3960 2483 4033 (Act.
2512 3960 2707 4033 xxvn).

2127 4049 2388 4108 Periculis
2408 4051 2464 4106 in
2485 4050 2637 4122 falsis
2658 4051 2933 4122 fratribus.
2949 4052 3027 4107 illi
3050 4068 3179 4110 vero
3201 4054 3272 4112 de
3291 4058 3487 4128 quibus
3505 4060 3636 4118 alibi

2055 4142 2210 4210 dicit,
2226 4143 2353 4214 quia
2370 4142 2786 4198 subintroierunt
2799 4142 3077 4214 explorare
3089 4144 3380 4205 libertatem
3395 4162 3633 4210 nostram

2055 4230 2259 4303 (Galat.
2284 4230 2370 4304 ιι).

2126 4325 2194 4380 In
2216 4325 2395 4382 labore
2427 4336 2476 4381 et
2498 4344 2735 4382 erumna
2753 4368 2768 4392 ,
2804 4330 2859 4383 in
2892 4329 3082 4401 vigiliis
3110 4331 3311 4400 multis,
3335 4335 3389 4390 in
3415 4336 3557 4407 fante
3580 4353 3633 4396 et

2053 4414 2166 4479 siti,
2190 4414 2244 4468 in
2256 4413 2480 4485 jejuniis
2506 4414 2781 4481 multis,et
2805 4416 3037 4487 reliqua.
3057 4419 3351 4491 Dequibus
3370 4442 3533 4483 unum
3559 4429 3629 4487 de

373 4509 451 4564 ita
470 4510 680 4564 modum
704 4510 952 4566 vindicta:
970 4512 1353 4580 temperarent,
1369 4517 1428 4565 ut
1459 4510 1740 4583 plagarum
1758 4514 1953 4571 modus
1975 4585 1979 4595 η

2072 4503 2280 4561 ictibus
2323 4505 2690 4575 apostolorum
2740 4508 3110 4565 testimonium
3154 4512 3374 4578 demus,
3422 4525 3471 4571 et
3503 4536 3627 4575 enim

370 4600 846 4675 quadrigenarium
905 4617 1187 4656 numerum
1250 4601 1472 4657 minime
1523 4604 1948 4659 transcenderet.

371 4689 526 4759 Quod
555 4691 631 4746 ita
651 4692 719 4747 ab
741 4692 979 4762 antiquis
1004 4691 1331 4746 intellectum
1356 4699 1587 4746 testatur
1602 4692 1764 4748 etiam
1779 4694 1953 4764 pictu-

372 4798 431 4836 ra
457 4780 696 4852 ejusdem
733 4782 880 4848 libri,
916 4797 1076 4854 quem
1104 4782 1585 4838 revereudissimus
1608 4799 1675 4838 ac
1700 4783 1951 4840 doctissi-

369 4889 493 4929 mus
525 4877 610 4929 vir
640 4873 936 4941 (Induinus,
976 4872 1329 4930 Orientalium
1364 4870 1658 4944 Anglorum
1699 4874 1945 4940 antistes,

368 4963 595 5020 veniens
616 4980 648 5019 a
668 4964 857 5030 Ruina,
888 4980 1076 5022 secum
1104 4960 1436 5019 Britanniam
1470 4954 1682 5018 detulit.
1731 4963 1790 5018 ιιι
1838 4978 1946 5034 quo

369 5054 620 5112 videlicet
639 5055 795 5119 libro,
829 5071 1018 5112 omnes
1045 5069 1185 5127 pene
1210 5055 1378 5126 ipsius
1406 5055 1633 5125 apostoli
1666 5056 1947 5126 passiones

366 5148 484 5203 sive
511 5146 741 5211 labores,
766 5163 863 5219 per
899 5147 1015 5203 loca
1052 5155 1370 5217 opportuna.
1400 5157 1557 5202 erant
1595 5146 1822 5217 depicta,
1852 5147 1945 5202 ubi

368 5238 457 5293 hic
486 5238 637 5295 locus
656 5238 731 5293 ita
762 5240 1005 5309 depictus
1054 5246 1158 5303 est,
1204 5237 1356 5308 quasi
1407 5237 1706 5294 denudatus
1738 5238 1944 5308 iaceret

368 5328 672 5398 Apostolus,
686 5328 955 5386 laceratus
975 5329 1175 5402 ﬂagris,
1196 5329 1557 5402 lacrymisque
1574 5330 1842 5401 perfusus,
1858 5340 1946 5386 su-

365 5428 668 5494 perastaret
726 5431 907 5476 autem
962 5423 1012 5478 ei
1060 5430 1255 5489 tortor,
1304 5422 1663 5493 quadriﬁdum
1738 5423 1947 5480 habens

364 5511 631 5584 ﬂagellum
653 5513 705 5567 in
731 5528 913 5579 manu,
942 5514 1036 5569 sed
1056 5529 1216 5568 unam
1253 5530 1285 5570 e
1310 5514 1503 5570 fidibus
1544 5514 1599 5569 in
1634 5508 1795 5570 manu
1846 5531 1944 5571 sua

365 5611 650 5668 retentam,
685 5610 796 5658 tres
817 5618 944 5659 vero
966 5604 1201 5674 reliquas
1226 5602 1398 5660 solum
1423 5603 1491 5659 ad
1510 5602 1816 5659 leriendum
1846 5605 1944 5659 h’a—

364 5694 499 5748 bens
535 5703 799 5759 exsertas.
828 5693 929 5759 Ubi
975 5694 1198 5766 pictoris
1243 5710 1435 5751 sensus
1482 5694 1736 5751 facillime
1770 5704 1940 5776 patet,

367 5781 512 5853 quod
550 5782 672 5839 ideo
701 5783 873 5839 ternis
902 5783 1098 5839 ﬁdibus
1122 5800 1244 5841 cum
1277 5787 1402 5842 fecit
1428 5786 1722 5854 verberari,
1758 5795 1814 5842 ut
1842 5803 1943 5843 nn-

733 5877 1007 5939 Ps'rnOL.
1056 5876 1182 5941 Cll.

2056 4596 2221 4650 multa
2254 4595 2523 4668 jejunatio
2547 4596 2759 4663 luisset,
2788 4599 2987 4670 inquit,
3016 4614 3063 4657 et
3088 4601 3187 4660 lus;
3211 4606 3459 4678 inciperet
3486 4611 3626 4680 fieri,

2052 4687 2269 4758 rogabat
2285 4687 2489 4744 Paulus
2520 4705 2699 4746 omnes
2717 4707 2924 4747 sumere
2949 4692 3144 4761 cibum,
3166 4696 3350 4755 dicens
3371 4714 3390 4751 :
3421 4700 3628 4767 Quarta

2048 4777 2251 4832 declina
2270 4778 2427 4834 hodie
2443 4779 2914 4852 dieexspeetantes,
2931 4783 3108 4855 jejuni
3129 4793 3467 4859 permanetis,
3493 4794 3628 4849 nihil

2049 4868 2380 4938 accipientes,
2406 4880 2617 4941 propter
2640 4871 2779 4942 quod
2802 4888 2927 4943 rogo
2948 4889 3035 4928 vos
3049 4892 3317 4934 assumere
3336 4878 3507 4935 cibum
3528 4900 3625 4955 pro

2048 4958 2219 5014 salute
2263 4970 2455 5028 uestra,
2502 4963 2629 5033 quia
2672 4961 2871 5018 nullius
2898 4966 3053 5019 vestri
3085 4965 3310 5037 capillus
3346 4969 3413 5025 de
3454 4986 3625 5043 capue

2048 5051 2256 5120 peribit,
2286 5062 2335 5106 et
2367 5069 2485 5107 cum
2516 5055 2629 5108 lure
2655 5054 2901 5119 dixisset,
2932 5072 3143 5113 sumens
3168 5075 3357 5130 partem
3376 5101 3393 5127 ,
3420 5066 3623 5134 gratias

2047 5143 2148 5213 egit
2193 5143 2302 5197 Deo
2324 5184 2340 5209 ,
2391 5153 2440 5199 et
2481 5161 2601 5198 cum
2629 5143 2903 5217 fregisset,
2939 5149 3088 5220 erupit
3130 5154 3453 5213 manducare
3480 5158 3621 5231 (Λι-ε.

2046 5248 2196 5289 xxvn
2222 5236 2263 5307 ).
2888 5296 2891 5297 ν

2118 5323 2438 5382 Prwterilla
2476 5343 2593 5398 qute
2624 5325 2947 5386 extrinsecus
2992 5343 3111 5387 sunt
3138 5372 3155 5399 ,
3202 5335 3455 5397 irasteutia
3502 5355 3619 5394 mea

2043 5420 2374 5490 quotidiana,
2389 5418 2687 5474 sollicitudo
2714 5422 2947 5476 omnium
2961 5421 3340 5482 Ecclesium-nx.
3370 5428 3449 5483 Ac
3468 5429 3516 5482 si
3536 5430 3618 5483 di-

2044 5519 2221 5570 ceret,
2236 5518 2454 5584 pnetcr
2478 5508 2568 5563 illa
2593 5525 2716 5579 qua:
2736 5508 2850 5579 jam
2873 5522 3072 5569 usitata
3094 5525 3243 5583 sunt,
3266 5525 3319 5570 et
3344 5517 3456 5585 ipsa
3478 5531 3616 5574 con-

2044 5600 2328 5657 suetudine
2356 5601 2555 5656 leviora
2579 5610 2859 5673 putantur;
2881 5619 3003 5675 qua:
3030 5606 3100 5660 sit
3120 5606 3211 5663 illa
3226 5606 3531 5665 sollicitudo
3556 5610 3611 5668 in

2043 5693 2496 5762 consequentibus
2516 5695 2774 5759 ostendit,
2799 5697 2984 5751 dicens
3009 5715 3023 5751 :
3049 5696 3181 5762 Quis
3204 5697 3529 5771 infirmatur,
3558 5709 3612 5759 et

2041 5801 2134 5855 ego
2162 5799 2265 5839 non
2293 5782 2531 5839 inti—mor
2550 5783 2633 5855 (11
2663 5781 2787 5838 Cor.
2808 5786 2914 5857 si)?

3156 5871 3198 5932 Α
