3998 6198
335 400 364 452 ’1
375 397 442 450 07

1601 366 1958 433 SMARAGDI
1995 364 2171 419 ABBA
2181 364 2218 417 Τ
2229 362 2290 416 i5

3473 345 3573 400 108

410 509 692 584 (Exloan.
717 502 927 574 Chrys.)
953 499 1157 556 Deinde
1190 492 1354 550 infert
1376 489 1524 546 aliud
1544 487 1752 542 facinus
1770 495 1905 553 prte—
1933 473 2302 540 Aconl'usos,
2363 468 2456 524 seti
2506 449 2712 520 ratione
2765 461 2994 529 quadam
3063 455 3251 510 ordine
3307 469 3404 508 suo
3465 455 3575 509 dis-

342 577 569 667 clarum,
595 609 650 655 et
674 599 730 652 in
758 598 862 652 hoc
888 606 1077 647 rursus
1095 589 1216 660 plus
1235 583 1500 656 passionis
1525 577 1725 649 aliquid
1753 577 1906 630 inve-

341 695 555 759 nimus,
609 686 864 760 quoniam
921 682 1092 752 ipsius
1143 678 1238 734 lati
1277 671 1620 746 magniﬁcum
1665 667 1850 722 dicens
1893 681 1907 717 :

341 753 649 842 Concursus
672 778 780 834 mei
817 769 1145 845 quotidiani,
1177 759 1777 836 easque'superveniret
1806 753 1912 810 fre-

342 872 870 952 quentesvidelicet
927 862 1386 922 conturbationes.
1444 851 1760 912 Sollicitudo
1807 863 1912 901 om-

345 974 491 1027 nium
543 965 918 1022 Ecclesiarum.
948 954 1066 1011 Non
1095 953 1258 1016 dixit,
1310 947 1606 1012 correctio,
1638 941 1765 1014 quia
1794 939 1915 1009 plus

345 1064 505 1120 habet
529 1060 595 1117 de
627 1055 875 1127 passione
899 1063 1061 1121 quam
1088 1046 1156 1101 de
1172 1045 1391 1098 virtute.
1422 1037 1557 1106 Quis
1583 1033 1912 1094 infirmatur,

343 1163 399 1209 et
422 1169 528 1209 non
552 1118 688 1221 ego?
726 1145 841 1200 Non
868 1118 1004 1198 dixit
1049 1137 1265 1206 corrigo
1290 1175 1304 1199 ,
1342 1131 1438 1187 sed
1482 1127 1748 1195 inﬁrmor.
1783 1118 1915 1184 Quis

345 1210 738 1299 scandalizatur
762 1277 776 1301 ,
821 1243 868 1288 et
918 1247 1010 1302 ego
1058 1245 1161 1284 non
1201 1223 1368 1279 uror?
1403 1221 1454 1274 id
1485 1224 1568 1272 est
1591 1255 1604 1278 ,
1643 1210 1917 1283 particeps

347 1351 464 1392 sum
521 1330 772 1387 maeroris
821 1325 1063 1379 eﬁ'ectus.
1111 1318 1169 1374 Si
1223 1317 1407 1384 itaque
1468 1304 1748 1378 passiones
1801 1312 1918 1352 ma-

344 1440 478 1495 guas
527 1421 727 1476 habent
779 1413 1058 1470 mercedes
1084 1451 1099 1476 ,
1158 1404 1413 1462 omnibus
1463 1398 1517 1452 in
1572 1388 1917 1466 passionibus

345 1485 501 1586 pejus
550 1519 606 1566 et
661 1503 1020 1578 perniciosius
1072 1505 1158 1554 est
1217 1491 1384 1548 animi
1448 1485 1690 1542 defectus
1753 1487 1916 1546 atque

345 1601 595 1658 tristitia.

418 1692 477 1749 Si
489 1688 708 1764 gloriari
728 1691 944 1758 oportet.
969 1679 1028 1735 Si
1041 1678 1229 1734 volunt
1239 1672 1482 1746 gloriari,
1504 1669 1558 1723 in
1575 1667 1664 1722 bis
1678 1662 1918 1734 glorien-

351 1791 460 1849 tur,
487 1756 543 1836 in
574 1756 770 1849 quibus
791 1787 913 1845 ego,
938 1771 1068 1826 iicet
1093 1773 1341 1829 coactus;
1386 1761 1480 1817 sed
1505 1757 1633 1828 quia
1663 1756 1780 1809 haec
1807 1765 1914 1805 non

2013 568 2229 622 tinctos.

2079 657 2212 711 Ante
2231 669 2396 709 annos
2424 645 2838 722 quatuor-decim.
2885 641 3100 697 Intuere
3145 647 3343 709 quanta
3399 653 3580 693 neces-

2011 752 2144 807 sitas
2165 749 2216 804 ei
2243 747 2517 804 incumbat
2536 739 2824 812 loquendi,
2877 747 2937 792 ut
2985 733 3127 804 quod
3176 731 3581 803 quatuordecim

2013 853 2182 895 annos
2233 837 2541 900 celaverat,
2586 829 2931 902 postmodum
2992 824 3222 896 prodere
3271 830 3580 893 cogeretur.

2013 929 2166 996 Quod
2197 928 2392 982 iterum
2422 923 2617 993 repetit
2650 939 2662 973 :
2712 919 2778 973 Et
2820 916 2934 972 scio
2977 913 3240 986 ejusmodi
3271 911 3544 968 hominem
3565 953 3582 976 ,

2013 1020 2127 1075 sive
2155 1025 2310 1073 extra
2335 1002 2552 1084 corpus,
2577 1010 2782 1074 nescio,
2801 1007 2946 1063 Deus
2969 1005 3090 1070 scit,
3123 1003 3376 1074 quoniam
3400 1010 3587 1072 raptus

2014 1116 2101 1164 est
2130 1109 2184 1162 in
2210 1104 2542 1176 paradisum,
2573 1098 2808 1156 ostendit
2853 1096 3079 1152 alteram
3105 1093 3271 1148 fuisse
3301 1093 3582 1152 visionem,

2016 1213 2136 1268 qua:
2159 1196 2325 1250 etiam
2351 1192 2625 1247 evidenter
2653 1187 2938 1258 apparuit,
2985 1193 3039 1240 et
3073 1199 3196 1239 cum
3247 1196 3476 1253 corpore
3525 1193 3586 1234 se

2016 1286 2266 1343 crederet
2285 1281 2451 1336 fuisse
2476 1279 2817 1334 translatum.

2086 1376 2156 1430 Et
2185 1373 2382 1429 audivit
2411 1387 2610 1424 arcana
2634 1367 2808 1433 verba,
2840 1382 2958 1438 qua:
2999 1383 3102 1419 non
3128 1365 3247 1419 licet
3278 1361 3479 1417 homini
3507 1361 3588 1414 lo-

2015 1471 2126 1541 qui.
2152 1468 2387 1530 Arcana,
2410 1463 2464 1519 id
2484 1470 2568 1517 est
2583 1459 2916 1524 abscondita,
2940 1474 3057 1530 qum
3083 1457 3210 1512 nulli
3237 1455 3315 1509 l'as
3339 1464 3420 1510 est
3447 1455 3590 1509 dice—

2016 1575 2097 1626 re,
2127 1559 2240 1614 sive
2267 1571 2387 1626 qua:
2407 1551 2740 1623 impossibile
2761 1557 2865 1618 est,
2896 1549 3188 1604 humanam
3215 1560 3472 1600 enarrare
3497 1560 3590 1598 na-

2014 1658 2193 1704 turam
2202 1695 2211 1703 .

2090 1739 2197 1793 Pro
2225 1725 2481 1808 ejusm'odi
2502 1733 2786 1805 gloriabor,
2815 1748 2910 1803 pro
2934 1745 3015 1784 me
3039 1738 3212 1783 autem
3235 1724 3365 1781 nihil
3395 1724 3592 1797 gloria-

351 1815 460 1849 ιυι,
489 1815 540 1836 III
574 1815 770 1849 ιιυιυνσ
792 1815 913 1845 νον,
941 1815 1067 1826 ι-νν-
1097 1815 1307 1823 νν-ν-τη
1328 1815 1341 1829 ,
1388 1815 1405 1817 ν.
1460 1815 1464 1816 ν
1524 1815 1543 1828 ⁸

350 1875 569 1936 habent,
596 1865 717 1924 ideo
741 1867 796 1920 in
821 1861 1131 1919 carnalibus
1152 1857 1472 1928 gloriamur.
1908 1875 1917 1886 ι
1946 1816 1992 1874 Β
2022 1833 2114 1886 bor
2140 1871 2154 1897 ,
2191 1830 2291 1884 nisi
2330 1830 2386 1882 in
2425 1826 2819 1896 inﬁrmitatibus
2854 1823 3001 1877 meis.
3037 1820 3162 1875 Sive
3189 1834 3290 1889 pro
3331 1815 3594 1885 ejusmodi

1676 1935 1680 1936 '
2060 1925 2072 1936 ·
2110 1926 2122 1936 ⁹
2476 1935 2483 1936 κ
2536 1935 2540 1936 ν
2598 1927 2641 1936 -Α
2667 1934 2693 1936 η
2736 1915 2864 1936 an,“
2924 1914 3031 1936 Α---
3055 1928 3150 1936 -..Α
3192 1926 3306 1936 ,ΜΑΛ
3352 1909 3550 1936 “hau”.

423 1935 905 2029 Quwrinﬁrmitatis
953 1964 1082 2005 mete
1127 1955 1250 2001 sunt
1303 1940 1590 2015 gloriabor.
1637 1935 1766 1991 Hac
1799 1945 1921 2002 qua:

359 2025 612 2128 superius
638 2025 648 2029 ⁷
672 2049 846 2114 dixit,
904 2039 1238 2100 inﬁrmitatis
1309 2033 1528 2090 nomine
1581 2025 1921 2099 designavit,

355 2124 504 2219 quod
521 2147 772 2200 humana:
793 2132 1094 2192 inﬁrmitati
1119 2131 1218 2185 ista
1245 2124 1597 2199 praevaleant.

431 2239 607 2303 Dens,
645 2241 694 2290 et
720 2240 870 2304 pater
903 2225 1117 2283 Domini
1156 2220 1320 2276 nostri
1357 2218 1486 2274 Iesu
1539 2211 1737 2270 Christi
1787 2210 1924 2273 scit,

357 2319 453 2403 qui
490 2337 563 2384 est
593 2301 896 2381 benedictus
947 2319 1004 2372 in
1053 2311 1250 2369 stccula
1281 2348 1298 2376 ,
1344 2307 1483 2380 quod
1530 2321 1636 2360 non
1681 2301 1924 2355 mentior.

361 2392 497 2476 item
539 2414 692 2488 quasi
731 2409 999 2468 ditlicilem
1029 2405 1304 2465 dicturus,
1333 2397 1479 2468 quod
1523 2392 1694 2450 Judaei
1741 2397 1928 2445 contra

354 2526 491 2567 eum
519 2479 683 2564 etiam
713 2502 950 2576 gentium
977 2495 1249 2570 principes
1274 2489 1656 2549 concitassent,
1683 2489 1806 2536 ante
1833 2479 1930 2534 Dei

364 2575 734 2658 testimonium
759 2591 1043 2664 implorat,
1080 2601 1150 2642 ne
1183 2595 1324 2639 verat
1348 2581 1452 2636 hoc
1469 2575 1750 2646 iactantiae
1772 2579 1929 2642 puta-

349 2701 532 2757 retur,
557 2687 701 2761 quod
725 2661 985 2740 adversus
999 2694 1120 2735 eum
1141 2688 1309 2746 regna
1335 2667 1694 2731 surrexerint,
1716 2661 1930 2719 etnihil

352 2755 638 2854 potuerint
686 2773 1001 2847 praevalere.
1071 2768 1196 2823 ideo
1245 2771 1428 2820 autem
1475 2764 1727 2815 numerat
1777 2755 1892 2810 haec
1915 2793 1930 2818 ,

359 2847 421 2929 ut
452 2869 700 2927 ostendat
735 2864 866 2936 quid
889 2859 1099 2918 intersit
1175 2857 1320 2912 inter
1347 2866 1506 2908 veros
1531 2857 1588 2906 et
1613 2847 1779 2903 falsos
1806 2858 1934 2914 apo-

365 2962 550 3020 stolos.

434 3047 680 3107 Damasci
710 3041 1023 3117 prmposlas
1071 3037 1239 3108 gentis
1273 3033 1447 3088 Amic
1499 3029 1636 3100 regis
1674 3024 1937 3081 custodie-

362 3143 450 3197 bat
472 3114 732 3194 civitatetn
755 3133 1223 3191 Damascenorum,
1250 3131 1308 3177 ut
1347 3137 1428 3176 me
1457 3114 1934 3187 comprehenderet,

368 3243 418 3287 et
447 3246 539 3301 per
561 3226 844 3298 [ettestratn
871 3223 926 3275 in
959 3227 1138 3290 sporta
1163 3215 1420 3269 demissus
1447 3227 1560 3265 sum
1583 3223 1676 3280 per
1704 3221 1934 3272 usurum,

365 3331 414 3377 et
447 3295 533 3375 sic
561 3295 741 3387 stragi
778 3327 965 3367 manus
1011 3308 1148 3380 ejus.
1202 3302 1531 3374 Praepositae
1577 3298 1753 3372 gentis
1798 3295 1940 3352 illius

365 3419 521 3476 erat,
573 3406 662 3463 cui
718 3401 980 3475 regnabat
1024 3398 1210 3453 Areta.
1261 3391 1514 3464 Nunquid
1554 3388 1670 3459 jam
1699 3387 1942 3450 dicemus

365 3503 590 3558 Paulum
621 3505 852 3556 mortem
875 3492 1146 3558 timuisse,
1187 3503 1353 3559 quam
1375 3499 1434 3542 se
1458 3495 1559 3555 pro
1597 3480 1730 3537 Iesu
1754 3492 1943 3535 amore
2024 3521 2027 3524 .

365 3602 599 3653 testatur
634 3589 914 3662 appetere?
945 3585 1040 3642 sed
1066 3598 1192 3639 cum
1215 3581 1270 3636 in
1304 3581 1492 3636 eodem
1529 3576 1652 3632 loco
1678 3573 1945 3629 minorem

369 3690 472 3744 sibi
511 3687 750 3742 fructum
773 3682 964 3736 adesse
988 3675 1347 3746 conspiceret,
1361 3682 1417 3726 et
1435 3683 1654 3740 gravem
1682 3666 1944 3727 laborem,

373 3779 442 3834 ad
468 3778 710 3833 laborem
735 3787 795 3828 se
815 3771 943 3825 alibi
987 3779 1111 3823 cum
1143 3765 1324 3820 fructu
1355 3760 1626 3823 servavit,
1666 3755 1825 3811 fortis
1871 3761 1949 3808 et-

371 3870 517 3924 enim
541 3863 812 3937 prteliator
825 3860 924 3915 Dei
945 3857 1118 3912 teneri
1142 3856 1284 3910 intra
1305 3853 1600 3908 claustrum
1624 3846 1817 3912 noluit,
1833 3855 1949 3900 cer-

375 3960 597 4016 taminis
624 3971 872 4026 campum
894 3951 1162 4024 qumsivit.

444 4051 515 4106 Et
553 4052 598 4105 si
636 4047 856 4121 gloriari
899 4051 1129 4116 oportet,
1161 4057 1266 4095 non
1307 4037 1514 4109 expedit
1560 4035 1796 4107 quidem.
1841 4031 1952 4087 Nec

375 4142 507 4199 mihi
551 4140 768 4211 quidem
792 4135 1010 4207 expellit
1036 4131 1332 4188 secundum
1357 4126 1739 4190 humilitatem,
1768 4122 1863 4178 sed
1891 4129 1953 4174 ut

377 4237 559 4307 aliqua
585 4232 654 4290 tle
679 4246 767 4288 me
805 4228 1102 4301 proferam,
1127 4223 1435 4295 supradicta
1463 4218 1786 4275 necessitate
1805 4227 1954 4270 corn—

445 4329 568 4383 llor.

448 4344 568 4383 uor.

376 4344 680 4471 peVeniatn
708 4420 884 4468 autent
908 4410 978 4465 ad
1019 4411 1240 4465 visiones
1277 4416 1325 4461 et
1355 4402 1688 4460 revelationes
1719 4396 1950 4454 Domini.

2022 1925 2253 1990 visione,
2279 1937 2378 1992 pro
2410 1935 2496 1974 me
2525 1927 2703 1974 autem
2734 1915 2887 1980 nihil,
2922 1914 3034 1970 sive
3055 1928 3154 1983 pro
3192 1926 3308 1966 mea
3352 1909 3550 1961 virtute
3573 1946 3590 1968 ,

2025 2017 2152 2088 quia
2182 2031 2290 2070 non
2318 2021 2401 2069 est
2427 2027 2567 2077 mea,
2599 2011 2695 2066 sed
2713 2008 2926 2065 Domini
2955 2004 3232 2067 revelatio,
3256 2009 3312 2056 et
3340 2000 3459 2055 ideo
3488 2010 3595 2052 non

2025 2111 2180 2174 mihi,
2207 2107 2301 2164 sed
2329 2107 2440 2162 Deo
2465 2105 2689 2176 gloriam
2719 2104 2856 2159 dabo
2879 2143 2894 2169 ,
2925 2101 2979 2154 iu
3013 2094 3419 2154 infirmitatibus
3441 2091 3594 2152 meis,

2029 2201 2082 2256 id
2103 2208 2204 2265 est,
2237 2199 2290 2254 in
2323 2195 2764 2252 tribulationibus
2793 2209 2929 2264 quas
2965 2206 3064 2262 pro
3086 2187 3304 2244 Christo
3333 2182 3597 2244 sustineo,

2029 2301 2084 2348 et
2137 2292 2256 2346 ideo
2309 2289 2503 2352 labor,
2564 2287 2655 2356 qui
2706 2283 3082 2339 afﬂictionibus
3135 2278 3322 2350 plenus
3372 2280 3473 2339 est,
3506 2272 3601 2326 ha-

2029 2387 2160 2441 bere
2193 2389 2371 2454 potest
2407 2378 2833 2435 consolationem
2855 2416 2872 2441 ,
2911 2367 3114 2432 habere
3148 2386 3256 2426 non
3291 2373 3470 2440 potest
3508 2377 3601 2417 va-

2032 2480 2280 2533 nitatem.

2108 2567 2248 2621 Nam
2299 2573 2345 2620 cl
2385 2563 2430 2616 si
2476 2558 2685 2615 voluero
2739 2553 2992 2626 gloriari,
3046 2565 3146 2602 non
3184 2563 3271 2600 ero
3330 2542 3600 2612 insipiens.

2033 2656 2296 2727 lusipiens
2331 2650 2619 2722 reperitur,
2650 2644 2744 2716 qui
2789 2650 2996 2697 remota
3050 2635 3230 2692 cordis
3277 2629 3604 2690 humilitate,

2034 2747 2120 2804 vel
2143 2716 2224 2802 .de
2260 2716 2441 2808 falsa,
2484 2738 2571 2793 vel
2609 2736 2776 2791 etiam
2817 2731 2883 2787 de
2931 2743 3059 2784 vera
3109 2722 3212 2781 sibi
3258 2720 3417 2777 laude
3457 2716 3608 2772 blan-

2036 2841 2198 2895 ditur.

2119 2927 2399 2983 Veritatem
2427 2921 2561 2977 enim
2588 2919 2758 2972 dicam
2778 2955 2792 2980 ,
2814 2927 3028 2984 parcam
3067 2918 3242 2963 autem
3269 2945 3284 2970 ,
3313 2919 3374 2958 ne
3393 2901 3509 2972 quis
3525 2915 3607 2952 me

2037 3018 2291 3076 esistimet
2319 3031 2479 3085 supra
2517 3011 2571 3065 id
2619 3007 2758 3080 quod
2786 2982 2919 3059 videt
2963 3018 3064 3055 me.
3109 2996 3246 3054 Sunt
3276 2982 3352 3049 et‘
3376 2990 3606 3055 occulta,

2040 3127 2160 3184 qua:
2185 3083 2460 3180 possimin
2489 3102 2718 3157 veritate
2748 3094 2992 3167 proferre
3013 3134 3027 3160 ,
3065 3089 3156 3146 sed
3189 3102 3350 3158 parco
3373 3127 3389 3150 ,
3427 3083 3480 3138 id
3504 3091 3607 3146 est,

2040 3219 2146 3260 non
2177 3194 2633 3265 lacio,suﬂiciunt
2679 3186 2998 3250 manifesta,
3048 3183 3213 3235 etiam
3269 3177 3313 3233 si
3371 3172 3612 3230 celentur

2039 3291 2372 3352 abscondita.
2402 3288 2480 3342 De
2505 3286 2592 3342 bis
2642 3297 2728 3337 me
2759 3288 2966 3334 tantum
2992 3274 3221 3330 testimct
3247 3267 3613 3338 unusquisque

2041 3401 2160 3457 qua:
2181 3383 2325 3437 videt
2352 3381 2406 3435 in
2435 3391 2540 3442 me,
2577 3383 2670 3430 aut
2693 3371 2896 3428 audivit
2922 3385 2987 3424 ex
3016 3383 3121 3421 me.

2114 3475 2182 3530 Et
2211 3490 2275 3527 ne
2303 3466 2606 3540 magnitudo
2640 3461 3009 3519 revelationum
3040 3445 3254 3511 extollat
3285 3468 3365 3506 me
3389 3493 3406 3516 ,
3453 3448 3609 3504 datus

2042 3575 2117 3624 est
2157 3564 2284 3619 mihi
2309 3537 2552 3617 stimulus
2580 3555 2752 3610 carnis
2778 3567 2927 3616 mete,
2961 3546 3178 3619 angelus
3212 3542 3447 3600 Satanan
3477 3537 3608 3594 Celo

2044 3657 2262 3731 quidem
2325 3647 2705 3710 revelationes,
2740 3643 2836 3698 sed
2889 3656 2958 3695 ne
3019 3653 3106 3693 me
3142 3633 3227 3691 vel
3287 3634 3342 3688 iu
3406 3638 3617 3686 secreto

2046 3728 2226 3806 cordis
2275 3743 2556 3807 extollant,
2579 3735 2901 3794 necessariae
2925 3740 3050 3788 sunt
3077 3725 3210 3785 milii
3241 3724 3614 3787 contritiones,

2046 3857 2168 3914 quae
2189 3855 2277 3896 me
2296 3837 2570 3894 hominem
2605 3845 2724 3888 esse
2750 3832 3194 3884 commemorent.

2123 3932 2191 3987 Ut
2232 3947 2314 3984 me
2344 3927 2719 3997 colophizaret.
2756 3919 3142 3990 Colaphizabat
3187 3929 3309 3968 eum
3365 3909 3618 3974 Satanas,

2049 4019 2423 4078 tribulationes
2449 4024 2504 4071 et
2525 4012 2768 4085 pericula
2791 3999 3119 4070 suscitando,
3152 4011 3244 4057 aut
3280 3997 3622 4056 incommoda

2051 4111 2296 4182 corporis
2313 4103 2615 4162 inferendo.
2645 4101 2873 4170 Quidam
2897 4098 3041 4153 enim
3068 4095 3255 4149 dicunt
3285 4106 3411 4146 eum
3438 4088 3624 4143 dolore

2051 4204 2246 4277 capitis
2267 4201 2569 4256 laborasse.

2124 4270 2350 4367 propter
2379 4287 2521 4364 quod
2549 4297 2627 4342 ter
2654 4283 2937 4340 Dominum
2961 4277 3135 4351 rogavi
3153 4317 3168 4343 ,
3200 4287 3256 4330 ut
3282 4270 3570 4328 discederet
3591 4285 3623 4321 a

2055 4406 2158 4455 me,
2180 4363 2522 4449 et’dixitntilti
2551 4397 2568 4435 :
2595 4377 2794 4449 Suﬁicit
2811 4375 2902 4430 tibi
2929 4373 3099 4446 gratia
3125 4386 3260 4424 mea.
3282 4363 3626 4422 Advenimus

381 4509 458 4563 Ac
485 4507 529 4561 si
553 4506 790 4570 dicere“.
808 4501 1152 4558 εηηηηίωιεε
1174 4511 1309 4554 mea,
1333 4505 1481 4561 sum,
1510 4494 1748 4549 νιειοηθε
1773 4499 1954 4544 autem
1977 4523 2032 4584 Β
2055 4477 2217 4534 etiam
2264 4480 2483 4529 sanctos
2511 4469 2781 4524 interdum
2825 4463 3158 4523 contrarium
3199 4455 3401 4528 aliquid
3438 4461 3626 4525 postu-

2058 4565 2194 4584 μ---
2249 4559 2418 4584 (πμ---ι
2449 4557 2700 4584 λεηηιωι...
2772 4555 2893 4584 ηυξ..
2950 4553 3252 4584 imum-mna
3283 4544 3484 4584 ηριίιία
3543 4540 3626 4584 νρΙ

352 4632 355 4636 ~
382 4612 490 4652 non
518 4603 646 4650 sunt
681 4607 834 4658 ωθω,
863 4590 956 4648 sed
990 4589 1225 4644 Domini.

455 4687 579 4744 Scio
606 4684 870 4740 hominem
894 4682 950 4735 in
971 4679 1205 4743 Christo,
1223 4685 1344 4730 ante
1356 4689 1521 4729 annos
1533 4669 1950 4744 quatuordeeim,

387 4782 490 4837 sive
520 4780 575 4833 in
601 4791 834 4848 corpore,
859 4772 1055 4836 nescio,
1083 4770 1223 4824 Deus
1251 4769 1346 4822 scit
1373 4807 1389 4833 ,
1414 4775 1624 4832 raptum
1651 4759 1956 4832 hujusmodi

387 4885 550 4942 usque
575 4868 644 4922 ad
690 4866 902 4921 tertium
927 4861 1133 4918 etclam.
1167 4859 1294 4915 Sive
1323 4858 1390 4912 de
1432 4871 1491 4936 se
1513 4855 1689 4917 dicat,
1712 4861 1767 4907 et
1794 4865 1957 4905 causa

387 4939 732 5023 humilitatis,
767 4954 922 5026 quasi
950 4953 1017 5009 de
1066 4951 1174 5006 alio
1219 4949 1498 5018 loquatur,
1552 4944 1668 5001 sive
1712 4941 1781 4998 de
1819 4939 1957 5005 alio,

352 5083 354 5086 ν
389 5055 681 5117 utrumque
703 5054 850 5101 stare
881 5049 1078 5114 potest.

461 5137 698 5196 Sanctus
718 5134 1038 5191 Ambrosius
1071 5132 1124 5186 in
1149 5129 1287 5184 libro
1314 5126 1618 5182 Exameron
1658 5122 1738 5177 sic
1778 5119 1910 5175 dicit
1947 5135 1959 5171 :

393 5228 589 5286 Utrum
614 5240 783 5282 unum
812 5223 885 5280 sit
924 5222 1123 5279 omium
1157 5234 1226 5273 an
1277 5217 1459 5288 plures
1479 5255 1495 5280 ,
1553 5210 1828 5269 contentio
1861 5217 1963 5263 est.

393 5323 531 5377 Dum
565 5317 656 5374 alii
681 5314 880 5372 multos
929 5328 1050 5369 esse
1099 5316 1377 5373 asserunt,
1407 5306 1498 5361 alii
1551 5313 1731 5358 autem
1766 5309 1969 5370 praeter

395 5426 586 5478 unum,
621 5407 756 5465 alios
774 5419 898 5463 esse
929 5410 1143 5475 negent,
1171 5401 1266 5456 sed
1287 5400 1344 5454 in
1361 5393 1761 5453 Ecclesiastieis
1788 5391 1966 5455 libris,

397 5502 522 5562 cali
555 5499 818 5558 emtorem
850 5497 1122 5568 leguntur,
1157 5500 1214 5547 et
1239 5488 1527 5561 Apostolus
1566 5499 1735 5555 usque
1766 5482 1833 5538 ad
1861 5490 1971 5536 ter-

400 5599 536 5653 tium
559 5594 758 5652 ealqu
791 5590 960 5647 fuisse
988 5603 1048 5644 se
1083 5584 1333 5655 intelligit
1362 5589 1576 5652 raptum
1594 5617 1610 5644 ,
1642 5576 1738 5632 sed
1782 5575 1850 5630 de
1873 5589 1973 5627 nu-

401 5703 557 5745 mero
591 5700 780 5745 eorum
832 5682 967 5740 nihil
1021 5679 1124 5736 sibi
1174 5681 1465 5749 prinsumat
1515 5673 1751 5727 humana
1807 5675 1974 5721 teme-

407 5779 540 5835 ritas
565 5819 582 5852 ,
637 5778 766 5835 fecit
822 5784 1003 5832 autem
1062 5785 1156 5828 eos
1217 5768 1358 5822 Deus
1412 5779 1520 5820 non
1580 5759 1840 5816 informes
1889 5754 1974 5811 vel

2058 4565 2220 4620 lasse.
2249 4559 2421 4617 Simul
2445 4557 2726 4622 discimus,
2771 4555 2897 4625 quia
2950 4553 3254 4621 importuna
3283 4544 3488 4615 petitio,
3543 4540 3630 4594 vel

2058 4668 2381 4726 responsum
2409 4656 2705 4712 mereatur,
2754 4645 2798 4701 si
2832 4659 2937 4700 non
2966 4641 3192 4696 sortitur
3237 4633 3484 4691 effectum
3509 4672 3523 4696 ,
3575 4639 3630 4686 et

2061 4747 2275 4804 Domini
2311 4742 2641 4817 dispensatio
2662 4741 2766 4796 hoc
2796 4739 2970 4810 ipsum
2991 4776 3006 4802 ,
3037 4730 3180 4802 quod
3205 4725 3493 4799 aliquando
3522 4739 3630 4778 non

2061 4847 2310 4912 praestat,
2355 4815 2668 4905 intelligitur
2706 4829 3038 4904 praestitisse.
3091 4821 3297 4880 Sullicit
3323 4817 3419 4874 tibi
3460 4815 3630 4889 gratia

2066 4947 2218 4997 mea,
2248 4929 2302 4984 id
2323 4935 2439 4991 est,
2470 4927 2518 4982 si
2549 4940 2713 4996 quam
2742 4921 2934 4986 babes,
2961 4918 3072 4974 sive
3113 4927 3274 4984 quam
3322 4906 3630 4978 quotidiana

2066 5023 2314 5094 largitate
2343 5019 2438 5074 tibi
2464 5031 2693 5087 suggero
2729 5029 2794 5069 ac
2814 5009 3183 5068 subministro.

2141 5092 2284 5169 Nam
2309 5112 2472 5166 virtus
2492 5111 2550 5163 in
2565 5106 2872 5179 inﬁrmitate
2885 5099 3175 5170 perﬁcitur.
3210 5093 3364 5150 Sicut
3381 5092 3432 5146 in
3449 5096 3637 5145 sancto

2067 5206 2189 5272 Job,
2209 5203 2295 5259 vel
2314 5202 2591 5258 Eleazaro.
2614 5197 2671 5252 in
2693 5191 3004 5250 sustinenda
3026 5186 3336 5268 inlirmitate
3355 5193 3634 5251 corporea.

2069 5300 2244 5356 virtus
2262 5296 2430 5353 animi
2453 5293 2873 5352 demonstratur,
2904 5299 3025 5358 quae
3046 5290 3308 5340 tentatum
3331 5275 3522 5350 probat
3547 5311 3564 5340 ,
3585 5280 3640 5328 et

2073 5387 2418 5447 commendat
2455 5383 2761 5456 probatum.
3232 5450 3234 5452 ν

2148 5479 2392 5534 Libenter
2417 5453 2682 5546 gloriabor
2710 5471 2766 5526 in
2793 5463 3186 5539 inﬁrmitatibus
3213 5453 3361 5514 meis.
3392 5455 3646 5511 Libenter

2076 5570 2263 5640 utique
2305 5575 2591 5638 postquam
2625 5561 2884 5634 prodesse
2964 5551 3240 5627 cognovit,
3261 5546 3405 5620 quod
3453 5554 3648 5600 nocere

2080 5665 2334 5716 credebat
2346 5699 2356 5712 .

2315 5665 2356 5712 ι.

2141 5659 2498 5804 ῗῗξιῗιιαὺὶιει
2541 5746 2597 5800 in
2624 5760 2705 5798 me
2733 5743 2895 5798 virtus
2923 5735 3139 5793 Christi.
3170 5731 3394 5800 Quando
3422 5727 3488 5782 de
3522 5719 3652 5779 albi-
