3998 6198
403 405 511 461 ίθθ

1237 399 1756 458 COLLECTIONES
1791 399 1858 455 IN
1897 398 2272 454 EPISTOLAS
2309 399 2398 454 ET
2437 399 2853 455 EVANGELIA.

3554 403 3656 458 “0

405 513 682 573 ctiouibus
705 522 1016 569 sanctorum
1045 514 1289 570 laborum
1317 516 1513 569 crescit
1547 514 1726 568 cordis
1762 513 1979 568 humili-
2013 517 2059 574 Α
2087 511 2412 576 arefactum,
2447 527 2514 566 ne
2543 513 2690 568 verbi
2724 527 2906 568 semen
2947 515 3236 584 excip.-ret~
3261 528 3324 569 ac
3352 517 3659 585 germinare

405 619 516 674 tas,
542 616 598 662 et
617 621 746 677 spes
765 604 959 660 futurae
977 606 1350 660 retributionis
1365 605 1633 660 confortat
1647 606 1911 668 animum,
1936 614 1991 660 et

405 697 649 752 animam
671 695 878 751 Christi
906 696 1083 750 virtus
1109 696 1394 750 inhabitat.

765 802 1104 850 IVANGELIUII
1136 803 1308 850 Luca,
1337 802 1456 842 car.
1483 778 1607 842 ‘vut.

489 895 510 928 r
554 875 690 932 Cum
717 876 875 930 turba
901 877 1132 947 plurima
1153 878 1487 943 conveniret,
1511 887 1566 933 et
1593 879 1659 932 de
1683 878 1992 933 civitatibus

417 987 439 1020 ‹
483 975 847 1040 properarent
896 967 966 1021 ad
1013 965 1224 1032 Iesum,
1258 967 1396 1021 dixit
1416 981 1514 1036 per
1541 968 1944 1023 similitudinem
1976 987 1990 1022 :

418 1079 441 1111 ‹
485 1059 635 1113 Exiit
653 1058 745 1128 qui
773 1057 1008 1112 seminat
1024 1057 1293 1113 seminare
1318 1072 1501 1112 semen
1537 1072 1714 1112 suum.
1756 1057 1825 1111 Et
1865 1057 1994 1112 dum

420 1170 440 1205 σ
487 1151 760 1215 seminat,
800 1147 950 1202 aliud
993 1149 1190 1203 cecidit
1232 1163 1390 1204 secus
1427 1149 1605 1212 viam,
1631 1157 1686 1203 et
1710 1149 1996 1205 conculca-

421 1263 442 1296 ι
487 1253 604 1298 tum
635 1249 753 1307 est,
779 1250 836 1297 et
862 1239 1108 1295 volucres
1147 1240 1271 1295 εωιί
1323 1241 1675 1296 comederunt
1721 1240 1868 1295 illud.
1930 1238 1996 1293 Et

423 1352 444 1387 ι
484 1333 635 1389 aliud
657 1332 858 1388 cecidit
881 1345 1042 1400 supra
1073 1338 1317 1399 petram,
1355 1338 1410 1384 et
1437 1337 1622 1384 natum
1653 1329 1829 1394 aruit,
1869 1330 1993 1398 quia

424 1444 444 1478 ι
489 1440 596 1480 non
623 1424 860 1478 habebat
888 1422 1190 1477 humorem.
1231 1421 1296 1475 Et
1325 1421 1472 1474 aliud
1498 1421 1696 1477 cecidit
1727 1421 1868 1475 inter
1885 1420 1996 1490 spio

425 1536 445 1569 ι
490 1533 610 1581 nas,
637 1524 693 1570 et
721 1515 882 1570 simul
902 1522 1104 1570 exorta:
1126 1513 1295 1585 spinae
1317 1511 1715 1570 suﬁ‘ocaverunt
1745 1512 1892 1567 illud.
1930 1513 1998 1566 Et

427 1626 447 1659 ι
492 1608 638 1662 aliud
667 1606 864 1662 cecidit
914 1606 968 1660 in
1025 1614 1222 1661 ternm
1253 1605 1472 1670 bonam,
1524 1615 1582 1660 et
1629 1615 1809 1660 ortum
1870 1605 1998 1662 fecit

425 1716 446 1749 ‹
493 1697 725 1753 fructum
775 1695 1106 1765 centuplum.
1161 1696 1290 1752 Haec
1333 1697 1518 1751 dicens
1552 1696 1860 1751 clamabat:
1890 1696 1993 1764 Qui

424 1809 446 1842 ε
492 1791 654 1858 habet
675 1805 839 1846 aures
881 1789 1129 1845 audiendi
1150 1790 1354 1845 audiat.
1379 1791 1793 1862 interrogabant
1815 1801 1994 1847 autem

2089 602 2338 657 sulﬁciat.
2351 605 2528 673 Atque
2546 604 2665 659 ideo
2690 604 2948 674 quidquid
2964 605 3088 659 boni
3111 605 3334 661 seminis
3353 605 3528 662 vicina
3543 607 3662 663 talis

2090 693 2190 748 vim
2212 695 2503 764 contingit,
2537 696 2774 765 pessime
2795 697 3136 766 cogitationis
3170 705 3350 752 meatu
3383 698 3665 754 conculca-

2092 793 2206 839 tnm
2241 799 2270 838 a
2315 785 2650 841 daemonibus
2692 788 2942 858 eripitur,
2970 788 3060 856 qui
3089 788 3337 844 volucres
3375 790 3520 856 caeli,
3549 791 3667 846 sive

2091 875 2217 944 quia
2247 876 2482 931 etelestis
2511 877 2880 948 spiritalisque
2910 887 3035 932 sunt
3056 888 3285 944 natum,
3303 894 3398 935 seu
3418 882 3545 952 quia
3569 897 3669 953 per

2092 978 2220 1020 aera
2247 965 2502 1030 volitant,
2535 967 2893 1036 appellantur.

2165 1053 2234 1108 Et
2269 1055 2416 1109 aliud
2439 1057 2624 1110 cecidit
2644 1073 2804 1128 supra
2831 1067 3032 1128 petram
3052 1068 3100 1112 et
3125 1069 3308 1115 natum
3336 1059 3509 1127 aruit,
3541 1061 3669 1132 quia

2093 1160 2198 1198 non
2213 1145 2432 1200 habebat
2458 1148 2751 1201 humorem.
2775 1148 2993 1202 Petram
3011 1149 3142 1204 dicit
3166 1148 3357 1204 durum
3375 1151 3672 1207 etindomi-

2096 1242 2211 1288 tum
2265 1251 2382 1301 cor,
2416 1253 2482 1292 ac
2526 1237 2674 1292 nullo
2702 1253 2843 1293 verte
2883 1238 3008 1293 ﬁdei
3047 1253 3266 1294 vomere
3294 1250 3632 1310 penetratum
3653 1281 3669 1304 ,

2097 1327 2202 1382 hoc
2213 1337 2318 1392 est,
2349 1329 2545 1384 humor
2566 1331 2634 1385 ad
2649 1331 2886 1386 radicem
2912 1330 3158 1396 seminis,
3177 1333 3319 1401 quod
3330 1331 3484 1400 juxta
3507 1331 3671 1386 aliam

2096 1419 2408 1487 parabolam
2426 1420 2604 1476 oleum
2633 1422 2702 1475 ad
2734 1421 3009 1490 lampades
3034 1422 3303 1492 virginum
3331 1423 3670 1487 nutriendas,

2097 1508 2150 1562 id
2174 1518 2278 1574 cst,
2304 1526 2458 1564 amor
2483 1521 2536 1566 et
2562 1513 2972 1580 perseverantia
3003 1512 3238 1567 virtutis.

2170 1599 2237 1652 Et
2265 1601 2413 1655 aliud
2435 1603 2620 1656 cecidit
2648 1603 2702 1656 in
2729 1613 2922 1656 terram
2969 1603 3179 1668 bonam,
3221 1613 3270 1658 et
3314 1615 3506 1668 ortum,
3552 1605 3673 1675 fec't

2095 1692 2330 1770 fructum
2354 1693 2672 1765 centuplum.
2724 1693 2980 1748 Fructum
3031 1694 3340 1765 centuplum
3380 1696 3513 1751 dicit
3560 1696 3673 1750 fru-

2099 1801 2244 1848 ctum
2292 1787 2616 1859 perfectum,
2667 1803 2790 1841 nam
2827 1787 3081 1841 denarius
3113 1802 3373 1843 numerus
3410 1803 3509 1858 pro
3553 1803 3677 1858 per-

425 1899 447 1932 ‹
493 1857 615 1938 eum
671 1880 923 1952 discipuli
967 1880 1084 1950 ejus
1109 1920 1124 1944 ,
1165 1894 1286 1951 quae
1331 1889 1482 1936 esset
1525 1857 1643 1937 huic
1693 1883 1993 1952 parabola?
2023 1857 2070 1916 Β
2102 1857 2333 1936 lectione
2356 1893 2574 1948 semper
2613 1877 2896 1946 accipitur,
2933 1877 3059 1945 quia
3097 1877 3148 1930 in
3176 1877 3361 1932 decem
3388 1857 3675 1948 praeceptis

425 1990 447 2024 ‹
491 1971 698 2039 Quibus
723 1971 840 2040 ipse
863 1970 1001 2023 dixit
1031 1986 1046 2023 :
1072 1967 1236 2023 Vobis
1265 1969 1450 2024 datum
1478 1978 1560 2024 est
1606 1984 1768 2024 nosse
1798 1979 2000 2042 myste-

2100 1974 2234 2043 legis
2258 1971 2499 2026 custodia
2535 1969 2863 2024 continetur.
2904 1969 3095 2023 Activa
3135 1969 3278 2024 enim
3327 1978 3383 2024 et
3435 1979 3676 2026 contem-

427 2079 447 2114 ι
492 2062 632 2118 rium
663 2061 814 2132 regni
841 2059 966 2125 Dei,
995 2059 1208 2114 cmteris
1248 2066 1430 2114 autem
1488 2060 1543 2114 in
1587 2060 1889 2129 parabolis,
1941 2071 2002 2118 ut
2099 2065 2298 2134 plativa
2327 2061 2437 2116 vita
2484 2059 2643 2116 simul
2691 2061 2747 2114 in
2793 2058 3036 2130 decalogi
3090 2059 3360 2116 mandatis
3387 2060 3674 2130 conjuncta

425 2171 446 2204 ι
489 2153 735 2208 videntes
762 2167 868 2206 non
891 2151 1129 2215 videant,
1157 2158 1214 2206 et
1232 2151 1513 2206 audientes
1542 2167 1650 2205 non
1679 2152 1996 2222 intelligant.

429 2261 446 2294 ι
492 2242 589 2298 Est
619 2250 798 2300 autem
824 2243 942 2300 haec
973 2241 1233 2311 parabole
1257 2259 1271 2294 :
1299 2240 1496 2296 Semen
1527 2249 1614 2296 est
1633 2243 1856 2296 verbum
1882 2243 1997 2297 Dei.

427 2351 448 2382 ι
492 2332 598 2398 Qui
647 2340 830 2386 autem
883 2346 1038 2388 secus
1086 2331 1268 2395 viam,
1307 2331 1363 2386 hi
1411 2339 1540 2386 sunt
1583 2333 1676 2401 qui
1733 2333 1997 2400 audiunt,

428 2440 450 2473 ς
495 2423 694 2478 deinde
717 2421 860 2477 venit
885 2422 1129 2478 diabolus
1153 2460 1168 2486 ,
1222 2430 1278 2478 et
1315 2421 1453 2477 tollit
1480 2423 1707 2478 verbum
1738 2424 1804 2479 de
1832 2424 2000 2480 corde

429 2532 450 2565 ι
497 2527 710 2578 eorum,
735 2529 801 2568 ne
825 2515 1112 2570 credentes
1137 2514 1273 2569 salvi
1315 2514 1468 2570 ﬁant.
1517 2514 1654 2570 Nam
1702 2517 1794 2586 qui
1835 2532 1998 2587 supra

431 2621 451 2654 ι
494 2612 731 2672 petram,
760 2603 853 2672 qui
897 2619 1024 2658 cum
1069 2604 1370 2670 audierint,
1419 2620 1548 2659 cum
1597 2607 1794 2675 gaudio
1828 2607 2000 2662 susci-

427 2711 447 2744 ι
491 2693 645 2762 piunt
670 2693 914 2759 verbum,
947 2701 1003 2749 et
1046 2694 1102 2748 hi
1133 2695 1343 2750 radices
1372 2710 1479 2750 non
1508 2696 1744 2761 habent,
1774 2697 1900 2767 quia
1929 2699 2000 2753 ad

428 2799 447 2831 ‹
495 2788 705 2852 tempus
743 2781 994 2846 credunt,
1023 2790 1078 2836 et
1122 2783 1177 2838 in
1206 2790 1451 2854 tempore
1482 2785 1800 2840 tentationis
1848 2801 2000 2842 rece-

431 2888 451 2920 ‹
499 2872 649 2926 dunt.
697 2870 851 2938 Quod
888 2880 1069 2926 autem
1101 2872 1156 2927 in
1209 2873 1381 2943 spinis
1409 2873 1629 2940 cecidit,
1658 2875 1714 2930 hi
1752 2884 1878 2930 sunt
1905 2877 2000 2947 qui

431 2977 455 3012 ‹
498 2962 814 3027 audierunt,
856 2969 911 3016 et
935 2977 966 3017 a
987 2954 1438 3021 sollicitudinibus
1456 2974 1512 3020 et
1540 2967 1741 3023 divitiis
1773 2976 1828 3023 et
1851 2970 2000 3025 voluo

429 3071 449 3104 ε
491 3054 730 3123 ptatibus
766 3053 893 3108 vitae
936 3061 1129 3110 euntes
1176 3053 1552 3123 suﬁ'ocantur,
1603 3066 1659 3112 et
1702 3073 1808 3113 non
1855 3060 2000 3116 refe-

428 3161 448 3193 ‹
495 3151 621 3196 runt
655 3141 909 3198 fructum.
959 3143 1112 3210 Quod
1156 3153 1336 3200 autem
1375 3145 1430 3200 in
1495 3147 1694 3202 bonam
1755 3155 1996 3217 terram,

428 3253 447 3286 ε
495 3235 550 3289 hi
600 3244 726 3289 sunt
774 3237 868 3305 qui
924 3236 978 3290 in
1029 3237 1193 3292 corde
1236 3237 1380 3292 bono
1425 3247 1481 3294 et
1523 3239 1730 3308 optimo
1779 3241 2000 3297 audien-

426 3344 447 3376 ι
493 3335 575 3382 tes
605 3326 832 3384 verbum
860 3328 1094 3384 retinent
1117 3370 1130 3393 ,
1171 3338 1226 3384 et
1262 3329 1495 3385 fructum
1523 3331 1756 3386 aﬁ'erunt
1788 3335 1840 3388 in
1892 3351 1985 3406 pa-

425 3434 450 3467 s
497 3417 705 3470 tientia.
755 3437 774 3470 ι

493 3503 626 3560 Cum
645 3507 798 3561 turba
813 3506 1042 3578 plurima
1067 3519 1378 3578 conveniret,
1405 3522 1458 3566 et
1474 3509 1539 3567 de
1559 3517 1855 3570 civitatibus
1873 3534 1999 3588 pro-

421 3608 663 3668 perarent
693 3597 763 3651 ad
786 3615 940 3664 eum,
971 3600 1104 3654 dixit
1130 3601 1528 3658 similitudinem
1559 3617 1578 3655 :
1625 3604 1774 3660 Exiit
1797 3608 1888 3677 qui
1919 3625 2001 3664 se-

422 3690 588 3744 minat
614 3691 875 3744 seminare
901 3707 1075 3746 semen
1095 3709 1271 3746 suum.
1313 3693 1383 3748 Et
1413 3694 1540 3748 dum
1567 3697 1822 3763 seminat,
1852 3699 2002 3754 aliud

422 3780 609 3834 cecidit
643 3797 796 3835 secus
826 3782 964 3838 uiam
987 3823 1001 3848 ,
1052 3794 1100 3838 et
1131 3785 1497 3840 conculcatum
1535 3797 1643 3852 est,
1681 3803 1728 3842 et
1767 3791 2002 3848 volucres

422 3872 538 3927 εωιὲ
554 3874 889 3928 comederunt
909 3874 1063 3929 illud.
1087 3876 1240 3932 Hanc
1260 3879 1574 3946 parabolam
1596 3881 1855 3938 Dominus
1881 3885 2000 3940 ideo

422 3979 521 4034 per
540 3965 775 4035 seipsum
803 3981 1074 4037 exponere
1102 3970 1354 4041 dignatus
1378 3979 1482 4037 est,
1509 3982 1570 4028 ut
1591 3973 1816 4046 ﬁgurate
1836 3993 1895 4033 se
1922 3979 2001 4033 lo-

425 4057 516 4124 qui
546 4066 943 4126 mnotesceret,
995 4075 1289 4132 rerumque
1339 4063 1762 4134 signiﬁcationes
1814 4069 1868 4123 in
1917 4071 2002 4126 his

423 4149 609 4214 etiam,
640 4164 762 4220 quae.
793 4165 894 4220 per
933 4151 1284 4221 semetipsum
1313 4154 1486 4209 noluit
1502 4156 1813 4227 explanare,
1844 4160 2002 4216 doce-

424 4246 508 4294 ret
531 4254 654 4294 esse
677 4234 1014 4309 quaerendas.
1042 4241 1148 4298 Sed
1184 4244 1311 4314 quia
1354 4259 1570 4311 semen,
1599 4249 1746 4318 quod
1773 4253 2000 4307 verbum

423 4332 519 4387 Dei
543 4333 645 4398 sit,
667 4341 976 4406 terramque
1000 4336 1227 4401 variam,
1257 4340 1402 4408 quod
1425 4340 1696 4397 diversum
1721 4358 1821 4398 cor
1849 4347 2000 4401 audi-

423 4431 606 4478 torum
634 4425 922 4495 signiﬁcet,
953 4427 1070 4497 ipse
1093 4427 1350 4484 Dominus
1376 4432 1616 4501 aperuit,
1637 4432 1996 4500 Salvatorem,

423 4529 588 4582 quem
637 4514 794 4570 nobis
833 4516 1184 4586 quaerendum
1245 4517 1498 4587 reliquit,
1551 4520 1753 4576 nullum
1809 4523 2001 4579 melius

425 4619 588 4673 quam
623 4604 814 4660 Filium
841 4606 934 4660 Dei
959 4605 1260 4674 intelligere
1284 4623 1588 4677 possumus,
1619 4612 1712 4680 qui
1747 4613 1880 4667 exiit
1919 4630 2002 4668 sc-

426 4696 636 4752 minare
669 4713 854 4753 semen
881 4713 1070 4763 suum,
1102 4698 1228 4768 quia
1261 4700 1328 4754 de
1369 4700 1491 4754 sinu
1513 4700 1692 4757 Patris
1719 4718 1827 4774 quo
1853 4719 2005 4760 crea-

425 4795 563 4844 tura:
585 4804 694 4844 non
715 4799 834 4845 erat
856 4805 1127 4854 accessus,
1153 4789 1440 4860 egrediens
1459 4832 1473 4857 ,
1509 4793 1576 4848 ad
1621 4794 1724 4850 hoc
1757 4798 1905 4851 venit
1947 4798 2000 4853 in

427 4879 684 4934 mundum
708 4918 724 4944 ,
762 4888 822 4934 ut
855 4879 1219 4936 testimonium
1243 4881 1557 4949 perhiberet
1585 4884 1820 4939 veritati.
1851 4886 2004 4942 Unde

427 4966 563 5021 bene
579 4966 735 5034 juxta
772 4971 1146 5042 Evangelistas
1177 4971 1342 5038 alios,
1394 4973 1536 5030 hanc
1573 4975 1885 5045 parabolam
1921 4979 2003 5033 di-

426 5067 643 5124 cturus,
699 5060 767 5114 de
819 5061 979 5116 domo
1029 5063 1271 5128 exiisse,
1323 5077 1472 5119 mare
1519 5065 1751 5132 adiisse,
1807 5083 2001 5124 navem

427 5149 806 5204 conscendisse
831 5152 1172 5220 perhibetur,
1199 5153 1376 5222 ipsum
1404 5153 1656 5209 nimirum
1678 5157 1784 5211 situ
1807 5172 2000 5228 corpoo

430 5237 532 5300 ris,
566 5239 708 5308 quod
750 5257 1008 5310 processu
1038 5245 1306 5298 sermonis
1335 5245 1635 5300 insinuans.
1667 5246 1796 5313 Quae
1823 5248 2003 5304 Domi.

431 5342 532 5383 nus
568 5333 848 5400 exposuit,
874 5334 960 5402 pia
994 5333 1098 5389 ﬁde
1122 5335 1465 5404 suscipienda
1495 5345 1642 5402 sunt,
1677 5353 1798 5407 qum
1820 5349 1999 5395 autem

433 5419 608 5473 tacitte
631 5431 828 5478 nostrze
861 5424 1223 5494 intelligentiae
1254 5426 1560 5496 dereliquit,
1593 5430 2000 5502 perstringenda

431 5520 556 5564 sunt
599 5510 852 5571 breviter.
903 5517 1099 5572 Semen
1121 5518 1266 5587 quod
1301 5535 1460 5575 secus
1484 5521 1628 5574 viam
1655 5523 1873 5589 cecidit,
1903 5525 2002 5579 du—

431 5600 554 5669 plici
586 5601 776 5658 laesura
801 5606 1080 5676 disperiit,
1106 5615 1161 5662 et
1186 5623 1217 5662 a
1238 5609 1514 5664 viantibus
1536 5611 1746 5666 Scilicet
1783 5614 2002 5668 concul-

432 5703 610 5746 catznn
657 5703 709 5748 et
738 5711 766 5748 a
791 5697 1100 5753 volucribus
1129 5706 1356 5766 raptum.
1396 5701 1488 5754 Via
1513 5710 1598 5754 est
1639 5716 1768 5772 ergo
1795 5717 1888 5758 cor
1908 5719 1996 5758 se-

433 5782 556 5836 dulo
588 5787 848 5842 malarum
879 5790 1259 5860 cogitationum
1289 5791 1518 5845 transitu
1565 5795 1805 5847 attritum
1837 5804 1996 5865 atque

2101 2163 2208 2219 est,
2239 2155 2364 2224 quia
2394 2155 2448 2208 in
2473 2167 2540 2208 eo
2560 2159 2616 2206 et
2644 2167 2795 2207 amor
2816 2151 2934 2216 Dei,
2964 2161 3020 2206 et
3037 2166 3191 2206 amor
3213 2152 3419 2206 servari
3441 2153 3673 2221 proximi

2095 2246 2334 2316 jubetur.
2362 2244 2530 2298 Amor
2549 2244 2747 2313 quippe
2774 2243 2868 2297 Dei
2901 2243 2967 2296 ad
2998 2241 3470 2310 contemplativam
3489 2245 3676 2308 vitam,

2101 2345 2254 2384 amor
2282 2344 2411 2384 vero
2447 2329 2680 2398 proximi
2721 2329 2954 2397 pertinet
3000 2329 3068 2382 ad
3121 2328 3372 2382 activam.
3416 2328 3679 2386 Denarins

2099 2425 2243 2476 enim
2273 2436 2534 2476 numerus
2557 2436 2652 2492 per
2673 2420 3023 2490 semetipsum
3049 2419 3451 2490 multiplicatus,
3480 2421 3534 2476 in
3551 2437 3681 2477 ceu-

2102 2513 2366 2567 tenarium
2397 2514 2587 2582 surgit.
2611 2512 2761 2568 Unde
2791 2521 2938 2567 recte
2964 2529 3062 2583 per
3086 2513 3456 2568 centenarium
3485 2528 3679 2586 magna

2100 2602 2361 2673 perfectio
2383 2603 2718 2672 designatur,
2745 2601 2887 2657 sicut
2907 2603 2971 2658 de
2998 2602 3090 2659 illo
3112 2603 3203 2674 qui
3221 2619 3314 2658 sua
3328 2619 3428 2676 pro
3450 2603 3678 2659 Domino

2101 2703 2315 2748 terrena
2353 2695 2589 2764 reliquit,
2611 2695 2809 2750 dicitur
2831 2712 2844 2747 :
2871 2692 3184 2766 Centuplum
3210 2698 3430 2768 accipiet
3451 2706 3499 2751 et
3517 2699 3676 2751 vitam

2101 2796 2352 2841 (uernam
2378 2788 2656 2857 possidebit
2681 2785 2897 2858 (Matth.
2953 2787 3088 2860 xxx).
3121 2789 3256 2856 Quia
3303 2790 3550 2859 quisquis
3584 2805 3681 2861 pro

2103 2875 2196 2930 Dei
2223 2877 2440 2930 nomine
2473 2876 2789 2946 temporalia
2836 2888 2998 2946 atque
3029 2887 3246 2934 terrena
3276 2881 3598 2947 contemnit,
3627 2891 3682 2937 ct

2102 2969 2190 3022 hic
2217 2966 2605 3037 perfectionem
2649 2970 2848 3025 mentis
2892 2972 3107 3043 recipit,
3138 2982 3197 3027 ut
3215 2972 3328 3041 jam
3359 2990 3419 3029 ea
3445 2991 3550 3030 non
3583 2991 3679 3046 ap-

2101 3072 2248 3135 petat
2303 3078 2424 3134 quae
2476 3065 2815 3129 contemnit,
2856 3073 2910 3119 et
2957 3065 3011 3119 in
3069 3067 3317 3136 sequenti
3371 3068 3567 3124 szeculo
3615 3071 3682 3124 ad

2101 3163 2359 3209 mternam
2413 3154 2536 3208 vitm
2569 3154 2796 3224 gloriam
2833 3156 3102 3225 pervenit.
3157 3156 3328 3212 Terra
3380 3173 3510 3228 ergo
3541 3159 3682 3214 bona

2102 3248 2284 3306 fructu
2341 3250 2593 3320 ccntuplo
2663 3249 3016 3315 fecundatur,
3077 3251 3293 3322 quando
3353 3267 3451 3307 cor
3511 3253 3683 3309 docile

2100 3345 2359 3398 virtutum
2384 3343 2706 3415 spiritalium
2728 3343 3060 3413 perfectione
3074 3343 3324 3400 donatur.

2173 3437 2303 3492 Ha'c
2339 3438 2548 3502 dicens,
2585 3436 2846 3492 clamabat
2875 3451 2892 3489 :
2924 3437 3028 3503 Qui
3051 3438 3203 3493 habet
3249 3456 3404 3493 aures
3431 3439 3682 3494 audiendi

2101 3529 2304 3582 audiat.
2339 3527 2562 3596 Quoties
2595 3530 2710 3586 haec
2741 3529 3198 3586 admonitiuncula
3224 3532 3308 3587 vel
3348 3533 3402 3587 in
3432 3533 3680 3604 Evange-

2103 3618 2174 3674 lio
2202 3621 2288 3674 vel
2335 3621 2387 3675 in
2416 3621 2738 3693 Apocalypsi
2774 3621 2998 3678 Joannis
3043 3623 3408 3695 interponitur
3433 3667 3446 3689 ,
3491 3627 3679 3696 mysti-

2101 3725 2223 3765 cum
2247 3727 2371 3767 esse
2395 3712 2538 3782 quod
2554 3711 2772 3779 dicitur,
2795 3714 3255 3786 quaerendumque
3277 3732 3306 3770 a
3325 3715 3478 3772 nobis
3503 3717 3681 3774 inten-

2105 3801 2212 3857 tius
2241 3803 2568 3858 ostenditur.

2174 3891 2578 3964 Inlerrogabant
2609 3904 2784 3949 autem
2822 3912 2939 3950 eum
2971 3896 3217 3969 discipuli
3243 3899 3379 3969 ejus,
3407 3917 3524 3970 qua:
3550 3914 3679 3956 esset

2099 3989 2211 4038 ture
2241 3983 2514 4054 parabola.
2545 3984 2716 4041 Nemo
2748 3993 2900 4057 putet
2929 3986 3080 4042 ﬁnita
3108 4005 3232 4043 mox
3248 3991 3501 4058 parabola
3519 3992 3679 4047 disci—

2099 4074 2256 4145 pulos
2284 4076 2398 4131 htec
2428 4076 2793 4149 interrogasse
2827 4076 3190 4142 Salvatorem,
3241 4079 3334 4134 sed
3365 4089 3424 4134 ut
3468 4079 3679 4136 Marcus

2103 4167 2218 4222 ait:
2259 4165 2389 4222 Cum
2420 4177 2550 4222 esset
2593 4167 2903 4239 singularis,
2930 4168 3377 4238 interrogaverunt
3421 4186 3538 4222 eum
3566 4210 3580 4234 ,
3621 4173 3676 4224 lli

2101 4259 2189 4330 qui
2235 4275 2354 4312 cum
2398 4274 2457 4312 eo
2494 4269 2642 4314 erant
2687 4258 2982 4324 duodecim,
3018 4259 3342 4329 parabolam,
3384 4270 3432 4314 et
3470 4261 3674 4316 dicebat

2100 4348 2174 4401 eis
2215 4362 2230 4399 :
2279 4348 2436 4402 Vobis
2475 4349 2658 4402 datum
2683 4359 2758 4403 est
2809 4365 2959 4404 nosse
2982 4350 3284 4419 mysterium
3309 4351 3454 4421 regni
3480 4351 3598 4419 Dei,
3625 4364 3680 4408 et

2103 4450 2294 4495 czetera
2336 4439 2529 4512 (Marc.
2566 4440 2663 4515 tv).

2026 4549 2080 4608 Ι)
2177 4528 2391 4586 Ceteris
2408 4541 2581 4586 autem
2602 4533 2656 4586 in
2681 4532 2966 4603 parabolis,
2992 4544 3048 4589 ut
3075 4535 3303 4592 videntes
3325 4554 3425 4592 non
3449 4539 3679 4604 uideant,

2104 4631 2153 4676 et
2199 4621 2468 4676 audientes
2500 4639 2600 4676 non
2637 4622 2948 4695 intelligant.
3000 4624 3210 4682 Marcus
3235 4627 3309 4682 ita
3338 4627 3470 4684 dicit
3515 4647 3528 4683 :
3574 4630 3683 4687 lllis

2105 4721 2286 4768 autem
2318 4713 2406 4784 qui
2439 4713 2570 4768 foris
2599 4721 2721 4769 sunt
2747 4713 2800 4770 in
2822 4717 3096 4785 parabolis
3126 4719 3307 4773 omnia
3343 4717 3497 4774 ﬁunt.
3527 4721 3681 4776 ideo-

2104 4817 2209 4873 que
2238 4812 2291 4857 et
2324 4819 2422 4859 nos
2467 4819 2587 4858 cum
2635 4804 2916 4876 discipulis
2945 4807 3148 4862 Christi
3177 4809 3439 4867 intremus
3471 4813 3522 4867 in
3555 4828 3681 4867 san-

2105 4891 2370 4945 ctuarium
2401 4891 2528 4959 Dei,
2573 4902 2629 4947 ut
2659 4893 3018 4967 intelligamus
3069 4898 3123 4951 in
3154 4901 3447 4956 novissima
3479 4915 3679 4974 myste-

2108 4979 2310 5035 riorum
2346 4982 2497 5053 regni
2527 4981 2643 5038 Dei.
2676 4983 2811 5038 Nam
2865 4987 2957 5055 qui
2993 4991 3426 5062 apprOpinquant
3453 4995 3680 5064 pedibus

2107 5068 2262 5137 ejus,
2303 5071 2569 5141 accipient
2617 5072 2682 5126 de
2737 5073 2980 5128 doctrina
3029 5075 3210 5142 illius,
3263 5079 3504 5136 dicentes
3555 5099 3679 5138 cum

2105 5161 2388 5217 Psalmista
2417 5182 2428 5216 :
2457 5163 2649 5218 Revela
2672 5163 2850 5220 oculos
2881 5179 3112 5232 nostros,
3149 5179 3196 5221 et
3233 5171 3678 5226 considerabimus

2105 5252 2369 5308 mirabilia
2397 5255 2461 5308 de
2485 5254 2593 5325 lege
2625 5266 2736 5309 tua.
2783 5254 2948 5311 Recte
2975 5259 3174 5329 quippe
3210 5259 3263 5314 in
3286 5261 3558 5330 parabolis
3585 5277 3679 5314 au-

2103 5346 2258 5399 diunt
2280 5387 2292 5408 ,
2328 5353 2390 5399 et
2416 5346 2466 5398 in
2506 5347 2810 5416 :cnigmate,
2853 5349 2943 5418 qui
2971 5349 3171 5404 clausis
3193 5351 3441 5405 sensibus
3463 5350 3640 5405 cordis
3659 5385 3674 5416 ,

2103 5447 2279 5503 neque
2322 5434 2527 5489 intrare
2554 5449 2726 5505 neque
2764 5448 2957 5493 curant
2987 5453 3314 5509 cognoscere
3360 5427 3676 5505 veritatem,

2101 5523 2252 5578 obliti
2285 5525 2567 5580 dominicae
2599 5529 2977 5597 praeceptionis
3015 5547 3027 5581 :
3063 5528 3165 5594 Qui
3192 5528 3345 5582 habet
3386 5543 3539 5581 aures
3578 5544 3677 5582 att-

2101 5614 2279 5668 diendi
2303 5617 2507 5671 audiat.

2174 5705 2277 5769 Qui
2339 5720 2510 5761 autem
2553 5727 2699 5764 secus
2755 5730 2925 5776 mam,
2969 5713 3022 5765 lii
3067 5720 3226 5775 sunt,
3266 5712 3356 5782 qui
3405 5713 3667 5779 audiunt,

2106 5797 2292 5851 deinde
2335 5803 2464 5853 venit
2516 5803 2753 5856 diabolus
2787 5815 2830 5873 et
2884 5803 3015 5857 tollit
3051 5801 3258 5856 rubum
3293 5804 3355 5859 de
3399 5807 3552 5861 corde
3588 5822 3671 5862 co-
