3998 6198
263 391 325 447 Η
338 392 356 445 ι

1538 382 1886 441 SMARAGDI
1925 381 2213 438 ABBATIS

3419 381 3519 441 Ili

257 518 375 556 rum
403 542 416 566 ,
459 517 520 555 ne
547 499 828 555 credentes
867 499 998 554 salui
1037 499 1188 568 ﬁant.
1231 497 1305 552 De
1330 497 1433 552 hoc
1457 497 1665 550 semine
1691 495 1834 549 Mar-
1863 498 1914 556 Α
1938 493 2163 558 scilicet,
2220 492 2362 548 nulla
2387 501 2514 547 sunt
2540 493 2679 548 bona
2710 509 2828 564 qua:
2866 495 3099 565 agimus,
3128 495 3174 549 si
3205 509 3311 551 non
3339 511 3522 566 mqua—

257 607 356 647 cus
396 591 470 646 ita
513 591 703 647 scribit
740 609 753 644 :
811 589 883 644 Ili
929 599 1103 644 autem
1150 598 1272 643 sunt
1318 588 1407 658 qui
1457 587 1598 640 circa
1652 586 1790 639 viam
1819 625 1834 649 ,

256 683 346 738 ubi
370 685 660 739 seminatur
679 682 906 747 uerbum,
931 690 978 734 et
1002 697 1120 734 cum
1149 679 1412 734 audierint
1433 677 1710 746 confestim
1737 673 1839 730 Sa-

257 785 410 829 tanas
446 771 846 844 aufertharc.
877 771 975 844 ιγ).
996 771 1281 826 Matthzcus
1303 770 1375 824 ita
1399 769 1475 823 ait
1499 786 1512 822 :
1544 765 1729 822 Omnis
1750 766 1840 837 qui

257 867 406 920 audit
443 865 651 920 verbum
682 865 828 935 regni
845 905 862 930 ,
892 875 938 918 et
967 880 1070 918 non
1095 861 1374 933 intelligit,
1407 861 1541 918 venit
1576 859 1767 924 malus,
1793 866 1841 913 et

255 956 394 1025 rapit
417 954 631 1026 (Matth.
660 955 800 1027 xm),
825 971 891 1009 ex
913 970 1019 1024 quo
1037 955 1323 1010 manifeste
1339 955 1566 1009 docetur
1579 968 1672 1008 eos
1694 953 1841 1008 circa

257 1043 402 1098 viam
438 1045 758 1108 seminatos,
792 1043 884 1113 qui
913 1044 1167 1108 verbum,
1221 1044 1366 1113 quod
1391 1043 1648 1107 audiunt,
1697 1040 1842 1095 nulla

259 1134 397 1199 fide,
423 1133 571 1190 nullo
612 1133 911 1199 intellectu,
943 1133 1088 1188 nulla
1135 1133 1328 1190 saltem
1359 1142 1602 1189 tentante
1645 1133 1846 1187 utilita-

259 1224 624 1278 tisoccasione
649 1216 930 1293 percipere
955 1224 1265 1293 dignantur.
1289 1223 1458 1279 Porro
1478 1239 1644 1293 super
1661 1231 1843 1292 petro-

258 1330 317 1368 sa
348 1323 404 1369 et
430 1315 482 1368 in
504 1315 695 1384 spinis,
725 1324 784 1369 ut
820 1315 1081 1370 Dominus
1109 1315 1354 1384 exponit,
1385 1315 1744 1378 seminantur,
1786 1311 1842 1366 hi

257 1405 349 1472 qui
393 1403 637 1458 auditum
664 1403 882 1474 quidem
925 1403 1075 1458 verbi
1104 1411 1160 1458 et
1189 1403 1478 1457 utilitatem
1507 1399 1760 1472 probant,
1790 1405 1845 1464 et

258 1490 588 1545 desiderium
616 1497 837 1559 gustant
860 1529 874 1554 ,
916 1489 1010 1545 sed
1040 1505 1109 1544 ne
1130 1489 1198 1542 ad
1221 1489 1275 1544 id
1297 1488 1442 1556 quod
1459 1487 1692 1557 probant
1718 1500 1843 1555 per-

257 1581 513 1645 veniant,
545 1579 706 1650 hujus
735 1579 861 1636 vita:
886 1594 980 1635 eos
1011 1579 1099 1635 vel
1149 1578 1376 1632 adversa
1427 1576 1716 1639 terrendo,
1759 1575 1845 1630 vel

259 1687 517 1744 prospera
544 1671 872 1727 blandiendo
900 1672 1214 1735 retardant,
1270 1677 1571 1738 contraque
1616 1675 1846 1737 utraque

259 1767 460 1821 damna
484 1779 668 1820 semen
687 1764 832 1834 quod
859 1770 1142 1832 acceperat
1169 1761 1330 1816 tutari
1353 1759 1595 1826 curabat,
1620 1759 1716 1828 qui
1732 1759 1841 1812 ait:

1938 585 2156 641 nimiter
2185 586 2350 640 etiam
2377 586 2743 656 proximorum
2767 587 2907 641 mala
2943 587 3251 643 toleremus.
3299 591 3521 656 Quanto

1939 679 2082 734 enim
2107 678 2336 748 quisque
2357 677 2517 732 altius
2557 677 2867 747 profecerit,
2900 684 3052 732 tanto
3085 679 3138 731 in
3169 679 3274 733 hoc
3321 680 3523 734 mundo

1941 769 2164 834 invenit,
2196 770 2338 839 quod
2372 759 2560 825 durius
2609 777 2809 840 portet,
2849 769 2973 839 quia
3007 770 3133 824 dum
3182 786 3213 823 a
3263 772 3518 840 praesenti

1941 859 2138 915 saeculo
2163 861 2362 914 mentis
2395 869 2592 915 nostrae
2621 860 2840 914 dilectio
2883 858 3068 914 deficit
3092 900 3107 926 ,
3145 860 3388 930 ejusdem
3417 875 3519 916 saa-

1941 949 2046 1004 culi
2075 949 2378 1005 adversitas
2405 949 2627 1014 crescit,
2664 950 2789 1005 hinc
2820 959 2903 1005 est
2932 950 3098 1014 enim,
3129 951 3272 1020 quod
3299 949 3514 1021 pleros-

1941 1056 2047 1111 que
2075 1041 2370 1105 cernimus,
2405 1049 2460 1095 et
2478 1042 2617 1095 bona
2639 1055 2815 1112 agere,
2846 1049 2902 1094 et
2924 1048 3104 1094 tamen
3127 1041 3229 1095 sub
3251 1041 3519 1111 gravitri-

1941 1129 2276 1184 bulationum
2305 1128 2449 1183 fasce
2462 1129 2751 1184 desudare.
2777 1129 2883 1184 Sed
2899 1130 3053 1199 juxta
3077 1145 3264 1184 vocem
3288 1130 3523 1194 Domini,-

1943 1218 2180 1274 fructum
2201 1233 2298 1289 per
2316 1219 2634 1289 patientiam
2666 1221 2918 1283 reddunt,
2943 1221 3068 1289 quia
3096 1237 3219 1276 cum
3247 1221 3524 1276 humiliter

1944 1307 2151 1380 ﬂagella
2181 1309 2499 1379 suscipiunt,
2527 1318 2649 1380 post
2677 1308 2887 1379 ﬂagella
2914 1312 2981 1364 ad
3011 1313 3252 1381 requiem
3284 1313 3527 1368 sublimi-

1945 1411 2030 1484 ter
2081 1401 2470 1472 suscipiuntur.
2522 1400 2677 1469 Quod
2719 1417 2848 1457 vero
2877 1404 3175 1458 secundum
3214 1404 3526 1461 Matthremu

1945 1492 2168 1558 dicitur,
2200 1502 2258 1548 et
2300 1493 2536 1547 fructum
2595 1492 2784 1560 aﬂ‘ert,
2842 1502 2897 1549 et
2950 1493 3082 1550 facit
3125 1495 3268 1551 aliud
3303 1498 3519 1566 quidem

1946 1591 2188 1648 centum,
2220 1583 2364 1637 aliud
2385 1591 2565 1638 autem
2595 1584 2897 1655 sexaginta,
2920 1600 3086 1654 porro
3113 1586 3256 1642 aliud
3284 1588 3526 1658 triginta,

1947 1673 2170 1742 triginta
2191 1671 2437 1728 referunt
2470 1673 2537 1727 ad
2563 1674 2798 1743 nuptias.
2830 1673 2966 1728 Nam
2995 1683 3052 1730 et
3081 1675 3197 1746 ipsa
3231 1677 3522 1748 digitorum

1948 1764 2284 1835 conjunctio,
2315 1773 2369 1818 et
2393 1763 2726 1835 quasi‘molli
2763 1765 2956 1820 osculo
2977 1781 3038 1821 se
3066 1767 3428 1838 complectens
3473 1777 3532 1822 et

261 1856 369 1910 Per
391 1871 542 1909 arma
563 1854 792 1923 justitite
816 1870 848 1906 a
877 1852 1077 1906 dextris
1105 1862 1153 1905 et
1179 1868 1210 1904 a
1237 1839 1481 1912 sinistris,
1513 1865 1606 1919 per
1621 1847 1841 1919 gloriam
1872 1842 1918 1901 B
1947 1853 2220 1910 foederans
2251 1855 2505 1908 maritum
2531 1855 2705 1925 pingit
2731 1863 2788 1909 et
2813 1855 3130 1926 conjugcm;
3163 1857 3442 1927 sexaginta
3460 1856 3528 1911 ad

260 1957 309 2000 et
335 1943 751 2016 ignobilitatem,
777 1959 870 2014 per
917 1941 1194 2012 infamiam
1220 1981 1236 2006 ,
1275 1949 1322 1995 et
1374 1939 1563 1993 bonam
1603 1940 1802 2012 faniam
1825 1977 1840 2001 ,

259 2047 316 2091 ut
342 2036 639 2091 scductores
661 2043 709 2088 et
740 2050 944 2088 veraces
970 2031 1053 2104 (11
1082 2031 1204 2086 Cor.
1237 2030 1333 2102 vi).
1370 2029 1466 2085 His
1515 2045 1645 2101 ergo
1670 2028 1845 2084 tribus

259 2140 424 2187 terra:
449 2129 735 2197 generibus
770 2128 910 2184 scito
939 2142 1131 2183 omnes
1177 2126 1270 2196 qui
1323 2126 1551 2181 verbum
1598 2125 1845 2179 auditum

261 2238 370 2278 non
420 2222 656 2286 faciunt,
703 2234 824 2275 esse
873 2219 1220 2290 designatos,
1257 2233 1288 2270 a
1329 2217 1529 2286 quibus
1563 2215 1844 2282 omnibus,

263 2311 358 2382 qui
397 2323 584 2366 semen
622 2315 904 2377 acceptum
939 2313 1127 2360 servat
1165 2314 1310 2359 terra
1356 2302 1498 2357 bona
1547 2309 1649 2356 est.
1692 2301 1849 2355 Exci-

261 2400 487 2468 piuntur
501 2410 632 2454 sane
651 2393 824 2451 Judaei
839 2401 897 2450 et
912 2393 1174 2458 Gentiles,
1193 2391 1286 2463 qui
1308 2405 1409 2445 nec
1429 2391 1617 2446 audire
1630 2390 1848 2460 quidem

266 2495 568 2544 merentur.

339 2578 492 2645 Quod
519 2587 695 2632 autem
727 2578 783 2631 in
801 2576 966 2647 spinis
987 2574 1172 2630 cecidit
1189 2613 1206 2639 ,
1232 2573 1286 2627 hi
1307 2580 1428 2626 sunt
1452 2572 1542 2643 qui
1569 2571 1850 2626 audierunt

266 2681 316 2724 et
347 2687 378 2724 a
405 2667 865 2732 sollicitudinibus,
919 2676 967 2722 et
997 2665 1194 2720 diuitiis
1241 2673 1291 2718 et
1341 2663 1694 2734 voluptatibus
1730 2664 1852 2717 vita:

268 2771 446 2817 euntes
459 2761 792 2830 suﬂ‘ocantur
804 2767 852 2813 et
872 2774 975 2812 non
997 2757 1228 2826 referunt
1245 2754 1496 2824 fructum.
1513 2752 1706 2808 Mirum
1722 2767 1854 2822 quo-

269 2851 432 2907 modo
460 2848 718 2905 Dominus
742 2847 926 2918 spinas
949 2845 1162 2900 divitias
1193 2843 1582 2913 interpretatus
1607 2841 1700 2908 sit,
1731 2855 1853 2896 cum

270 2940 374 2997 illae
397 2947 658 3012 pungant,
690 2938 808 2994 istm
837 2936 1133 2993 delectant.

342 3030 454 3100 (Ea:
474 3027 655 3100 Greg.)
702 3027 770 3083 Et
805 3036 984 3082 tamen
1017 3027 1184 3098 spinae
1217 3034 1374 3089 sunt,
1408 3025 1535 3094 quia
1561 3023 1853 3096 cogitatio-

271 3135 401 3174 num
431 3133 648 3172 suarum
672 3115 1059 3188 punctionibus
1081 3123 1318 3169 mentem
1345 3115 1618 3180 lacerant,
1653 3121 1854 3168 etcum

273 3225 444 3279 usque
466 3208 533 3262 ad
554 3214 837 3278 peccatum
863 3205 1206 3276 pertrahunt,
1234 3204 1388 3274 quasi
1410 3203 1614 3258 inﬂicto
1633 3203 1856 3259 vulnere
1882 3191 1928 3253 C

276 3306 563 3353 cruentant
587 3339 602 3363 ,
629 3312 766 3368 quas
786 3295 924 3353 bene
967 3296 1022 3351 in
1047 3297 1152 3352 hoc
1185 3295 1326 3362 loco,
1359 3296 1466 3354 alio
1509 3295 1872 3367 Evangelista-

275 3401 531 3457 testante,
565 3406 906 3462 nequaquam
931 3390 1191 3446 Dominus
1219 3390 1437 3445 divitias
1459 3431 1476 3455 ,
1507 3389 1604 3446 sed
1635 3387 1856 3445 fallaces

277 3485 500 3540 divitias
523 3483 776 3556 appellat.
799 3481 1047 3538 Fallaces
1066 3481 1208 3537 enim
1241 3490 1385 3547 sunt,
1420 3496 1540 3552 quas
1569 3481 1854 3538 nobiscum
1893 3555 1899 3561 α

279 3581 372 3636 diu
409 3592 732 3650 permanere
775 3592 880 3632 non
937 3585 1164 3646 possunt
1209 3593 1224 3631 τ
1267 3575 1488 3632 fallaces
1535 3584 1701 3642 sunt,
1739 3589 1861 3646 qua:

279 3671 480 3727 mentis
518 3677 716 3726 nostra:
752 3667 984 3738 impiam
1017 3682 1125 3721 non
1169 3666 1462 3736 expellunt.
1499 3663 1639 3720 Sola:
1680 3672 1858 3718 autem

280 3761 481 3816 divitia:
510 3773 652 3814 verte
671 3765 817 3822 sunt,
847 3771 967 3826 quae
992 3771 1091 3811 nos
1112 3755 1306 3810 divites
1327 3753 1617 3809 virtutibus
1631 3752 1856 3808 faciunt.

281 3851 590 3908 Notandum
614 3863 741 3905 vero
761 3855 874 3912 est,
911 3847 1053 3918 quod
1086 3861 1362 3917 exponens
1395 3847 1654 3901 Dominus
1687 3845 1819 3900 dicit
1847 3863 1858 3897 :

285 3943 422 4012 Quia
450 3940 842 3998 sollicitudines
868 3938 1238 4007 etvoluptates
1267 3945 1322 3991 et
1350 3936 1550 3992 divitia:
1573 3935 1858 3990 suffocant.

287 4034 564 4089 Suﬂ‘ocant
589 4032 754 4088 enim.
789 4031 916 4102 quia
931 4029 1261 4101 importunis
1284 4027 1704 4100 cogitationibus
1750 4027 1862 4082 suis

286 4136 473 4201 guttur
496 4125 694 4181 mentis
713 4123 1072 4194 strangulant,
1094 4132 1149 4178 et
1174 4123 1299 4178 dum
1324 4123 1526 4178 bonum
1541 4121 1864 4177 desiderium

289 4222 496 4275 intrare
523 4218 588 4272 ad
617 4232 713 4272 cor
743 4233 848 4272 non
875 4215 1082 4282 sinunt,
1101 4213 1255 4285 quasi
1276 4213 1478 4270 aditum
1503 4212 1662 4269 ﬂatus
1689 4213 1868 4268 vitalis

290 4315 507 4364 necant.
531 4304 836 4362 Notandum
861 4305 1025 4359 etiam
1049 4305 1192 4374 quod
1218 4303 1324 4358 duo
1352 4310 1495 4368 sunt,
1521 4317 1640 4372 quae
1665 4303 1870 4358 divitiis

286 4398 483 4468 jungit,
516 4395 908 4452 sollicitudines
933 4394 1190 4449 videlicet
1243 4401 1298 4448 et
1350 4392 1689 4463 voluptates,
1743 4392 1869 4462 quia

292 4489 536 4560 profecto
563 4497 618 4543 et
642 4503 738 4559 per
762 4502 949 4541 curam
999 4493 1234 4539 mentem
1283 4485 1634 4554 opprimunt,
1674 4493 1731 4538 et
1775 4499 1872 4551 per

295 4577 621 4632 affluentiam
652 4576 945 4631 resolvunt.
979 4573 1086 4627 Res
1133 4574 1277 4628 enim
1326 4575 1611 4629 contraria:
1654 4589 1868 4644 posses-

299 4681 451 4723 sores
511 4680 669 4728 suos,
706 4673 760 4718 et
823 4662 1050 4717 amictus
1108 4671 1163 4716 et
1221 4661 1459 4716 lubricos
1497 4661 1723 4718 faciunt.
1769 4660 1876 4718 Sed

299 4756 426 4826 quia
465 4755 710 4825 voluptas
766 4752 1053 4808 convenire
1100 4765 1223 4805 cum
1272 4749 1558 4806 afﬂictione
1620 4766 1728 4805 non
1781 4766 1878 4822 po-

305 4853 451 4910 test,
490 4845 596 4900 alio
633 4844 848 4914 quidem
891 4851 1132 4913 tempore
1169 4856 1268 4912 per
1304 4842 1562 4897 custodia:
1597 4857 1709 4898 suae
1731 4841 1880 4896 solli-

301 4937 597 4993 citudinem
627 4935 896 5006 afﬂigunt,
925 4943 1086 5004 atque
1117 4934 1222 4988 alio
1258 4949 1355 5004 per
1391 4933 1778 4990 abundantiam
1809 4933 1876 4988 ad

307 5025 613 5096 voluptates
641 5024 942 5080 emolliunt.

381 5116 534 5183 Quod
579 5127 752 5171 autent
804 5118 858 5171 in
888 5117 1074 5171 bonam
1120 5126 1349 5180 terram,
1391 5116 1446 5169 Ιιὶ
1495 5124 1616 5170 sunt
1670 5115 1785 5186 qui,
1825 5116 1879 5172 in

307 5212 462 5265 corde
529 5211 661 5264 bona
715 5219 762 5264 et
805 5210 996 5282 Optimo
1035 5210 1304 5264 audientes
1341 5209 1551 5266 verbum
1577 5249 1592 5274 ,
1635 5210 1879 5275 retinent,

307 5313 356 5356 ct
395 5304 622 5373 fructum
663 5302 889 5372 afferunt
926 5303 980 5356 in
998 5302 1269 5372 patientia.
1300 5301 1446 5358 Bona
1469 5310 1634 5368 terra,
1664 5311 1721 5358 ut
1748 5318 1884 5370 pra:-

311 5393 568 5458 diximus,
595 5392 844 5446 munibus
873 5393 1044 5447 tribus
1072 5400 1228 5448 teme
1271 5409 1612 5464 nequaquam
1645 5395 1880 5450 varieta-

313 5486 458 5540 tibus
478 5482 748 5539 contraria
777 5481 927 5550 facit,
950 5483 1246 5538 etlibenter
1267 5485 1710 5540 videlicetsemeu
1731 5487 1881 5542 verbi

315 5577 674 5648 suscipiendo,
713 5585 770 5631 et
809 5577 951 5645 quod
974 5577 1199 5646 suscipit
1223 5577 1363 5632 inter
1414 5577 1642 5632 adversa
1666 5586 1722 5633 et
1758 5595 1884 5648 pro-

313 5679 472 5735 spera
493 5668 758 5738 patienter
776 5671 843 5721 ad
871 5663 1079 5721 fructus
1107 5681 1277 5736 usque
1319 5677 1561 5738 tempora
1591 5667 1879 5731 servando,

318 5756 474 5811 aliter
498 5757 638 5812 bona
665 5767 806 5812 terra
835 5755 1067 5814 fructum
1086 5771 1182 5828 per
1196 5757 1506 5826 patientiam
1536 5758 1730 5823 reddit,
1758 5759 1881 5828 quia

1944 1945 2136 2000 viduas
2164 1985 2178 2010 ,
2217 1960 2284 1999 eo
2327 1945 2470 2015 quod
2518 1945 2572 1998 in
2607 1946 2855 2015 angustia
2898 1954 2957 2001 et
3004 1948 3354 2002 tribulatione
3411 1949 3520 2003 sint

1944 2034 2152 2104 positae.
2192 2033 2346 2088 Unde
2382 2041 2437 2088 et
2486 2033 2540 2086 in
2587 2034 2853 2103 superiori
2911 2035 3080 2105 digito
3127 2034 3525 2105 deprimuntur,

1946 2135 2258 2198 quantoque
2286 2124 2459 2195 major
2486 2133 2570 2182 est
2605 2126 2892 2182 difficultas
2916 2167 2930 2192 ,
2971 2142 3036 2181 ex
3070 2138 3228 2198 parte
3288 2129 3523 2198 quadam

1946 2218 2241 2290 voluptatis
2268 2218 2539 2273 illecebris
2581 2219 2875 2284 abstinere,
2910 2227 3061 2275 tanto
3093 2218 3271 2289 majus
3295 2229 3352 2274 et
3384 2234 3527 2289 prm-

1947 2311 2135 2366 mium.
2149 2307 2321 2364 Porro
2335 2297 2693 2364 centesimum
2710 2324 2994 2364 numerum
3012 2325 3195 2380 quaeso
3215 2309 3522 2380 diligenter,

1949 2403 2143 2466 lector,
2173 2399 2410 2454 attende.
2436 2397 2484 2451 Α
2504 2397 2726 2452 sinistra
2749 2399 3159 2453 transferuntur
3179 2401 3232 2453 in
3262 2392 3530 2462 dextram,

1949 2504 2005 2549 et
2028 2493 2217 2548 iisdem
2248 2490 2466 2559 quidem
2496 2489 2699 2560 digitis,
2728 2491 2823 2545 sed
2844 2506 2954 2545 non
2979 2493 3168 2546 eadem
3193 2507 3373 2554 manu,
3408 2491 3534 2560 qui-

1950 2588 2054 2644 bus
2074 2586 2126 2640 in
2155 2585 2289 2639 laeva
2320 2599 2485 2638 manu
2511 2590 2692 2651 nupta:
2715 2581 3094 2652 significantur
3141 2590 3198 2636 et
3232 2582 3537 2648 vidum,eir—

1952 2677 2137 2733 culum
2167 2675 2394 2739 faciens,
2423 2672 3023 2743 exprimitvirgiuitatis
3039 2682 3314 2726 coronam.
3341 2670 3535 2733 Aliter,

1952 2766 2186 2822 fructum
2209 2765 2544 2820 tricesimum
2567 2763 2793 2817 verbum
2813 2762 3040 2832 profert,
3066 2761 3208 2830 quod
3225 2760 3383 2814 fidem
3406 2774 3535 2815 san-

1954 2866 2055 2913 ctae
2073 2856 2334 2912 trinitatis
2351 2853 2601 2909 aedificat.
2617 2851 3049 2920 Sexagesimum,
3068 2849 3211 2920 quod
3224 2850 3405 2919 operis
3417 2863 3539 2919 pero

1955 2949 2242 3005 lectionem
2261 2946 2442 3012 docet,
2465 2945 2592 3016 quia
2613 2960 2710 2999 sex
2737 2945 2853 2999 dies
2878 2952 3006 2998 sunt
3031 2942 3082 2996 in
3106 2943 3301 3010 quibus
3318 2947 3535 3011 oportet

1956 3038 2194 3110 operari.
2217 3036 2607 3100 Centesimum,
2633 3034 2776 3104 quod
2798 3034 2863 3088 ad
2883 3034 3166 3088 dexteram
3189 3033 3342 3102 regni
3375 3031 3538 3085 vitam

1959 3132 2218 3205 praedicat
2244 3139 2527 3186 mternam.

2592 3233 2887 3274 CONCORDIA

2030 3311 2268 3366 Verbum
2305 3307 2554 3364 veritatis
2599 3306 2866 3362 Corinthii
2895 3305 2964 3360 ab
3004 3306 3266 3377 apostolis
3318 3311 3541 3375 accepe-

1959 3410 2109 3464 rant,
2154 3400 2248 3455 sed
2293 3399 2398 3453 hoc
2449 3397 2686 3452 falsariis
2740 3398 3128 3452 consentiendo
3163 3397 3531 3467 perdiderant,

1959 3508 2096 3563 quos
2117 3491 2408 3562 Apostolus
2443 3491 2728 3560 increpans
2751 3489 2828 3544 ait
2859 3507 2873 3543 :
2910 3489 3076 3544 Miror
3105 3504 3228 3543 cum
3257 3490 3537 3559 sapirntes

1960 3582 2104 3645 sitis,
2149 3596 2250 3636 cur
2290 3580 2522 3635 libenter
2549 3579 2930 3650 insipientibus
2961 3581 3301 3636 consentitis.
3337 3579 3544 3646 Quibus

1961 3669 2273 3741 evangelica
2313 3670 2449 3725 bene
2467 3669 2768 3724 concordat
2793 3672 3082 3736 sententia,
3115 3672 3208 3726 ubi
3233 3672 3309 3725 ait
3343 3687 3370 3724 εί
3393 3668 3543 3725 Venit

1963 3760 2203 3817 diabolus
2227 3770 2276 3816 et
2306 3760 2440 3816 tollit
2467 3760 2675 3816 rerbum
2705 3761 2770 3815 de
2805 3762 2960 3816 corde
2995 3779 3174 3816 eorum
3219 3760 3371 3835 (Luc.
3401 3759 3544 3832 vm).

2393 3875 2459 3928 IN
2501 3873 3065 3944 QUINQUAGESIMA
3077 3915 3091 3928 .

2034 3982 2290 4022 EPISTOLA
2329 3982 2487 4020 BEATI
2529 3969 2682 4020 I’AUIJ
2724 3981 2977 4020 APOSTOLI
3029 3982 3096 4020 AD
3136 3980 3478 4029 CORINTIIIOS,

2579 4051 2774 4090 (ΖΑΡΙΤΒ
2814 4051 2933 4089 XIII.

2043 4149 2062 4182 ι
2110 4129 2166 4184 Si
2189 4127 2386 4198 linguis
2411 4125 2691 4181 hominum
2716 4126 2908 4195 loquar
2930 4133 2984 4180 et
3005 4124 3342 4195 angelorum,
3365 4124 3550 4179 chari-

1975 4241 1992 4274 ι
2042 4230 2208 4278 tatem
2234 4226 2414 4274 autem
2441 4231 2548 4271 non
2592 4217 2822 4271 habeam
2850 4257 2866 4282 ,
2908 4215 3082 4270 factus
3135 4230 3252 4270 sum
3301 4214 3443 4270 velut
3475 4230 3551 4270 ms

1976 4331 1995 4365 ι
2040 4325 2260 4376 sonans,
2315 4317 2410 4364 aut
2446 4307 2754 4379 cymbalum
2799 4307 3056 4361 tinniens.
3095 4306 3163 4360 Et
3213 4306 3259 4359 si
3307 4304 3550 4358 habuero

1979 4425 1996 4456 ι
2044 4401 2382 4474 prophetiam
2411 4441 2425 4464 ,
2465 4407 2522 4454 et
2549 4398 2794 4452 noverim
2830 4397 3014 4452 omnia
3047 4395 3323 4467 mysteria,
3358 4402 3411 4446 et
3437 4407 3554 4445 om—

1985 4513 2002 4546 ι
2051 4509 2170 4548 nem
2198 4492 2507 4554 scientiam,
2536 4490 2656 4543 etsi
2702 4490 2942 4544 habuero
2978 4502 3194 4543 omnem
3240 4487 3436 4550 fidem,
3479 4484 3552 4537 ita

1985 4601 2002 4634 ι
2052 4590 2110 4636 ιιι
2145 4589 2357 4636 montes
2404 4577 2727 4634 transferam
2753 4618 2768 4641 ,
2829 4579 3154 4632 charitatem
3205 4587 3385 4630 autem
3444 4589 3554 4627 non

1984 4695 2002 4726 ι
2049 4674 2333 4738 habuero,
2372 4671 2505 4727 nihil
2535 4687 2676 4726 sum.
2737 4669 2805 4724 Et
2859 4671 2903 4725 si
2951 4670 3276 4724 distribuero
3321 4668 3373 4721 in
3403 4667 3556 4722 cibos

1987 4784 2006 4817 ι
2051 4781 2350 4836 pauperum
2376 4778 2570 4819 omnes
2600 4761 2885 4817 facultates
2915 4776 3088 4826 meas,
3128 4769 3183 4816 et
3211 4761 3254 4815 si
3286 4759 3556 4814 tradidero

1986 4876 2004 4908 ι
2051 4872 2248 4926 corpus
2276 4870 2458 4910 meum
2489 4895 2504 4921 ,
2542 4855 2615 4908 ita
2644 4862 2704 4908 ut
2725 4852 2944 4908 ardeam
2966 4894 2980 4918 ,
3022 4852 3344 4908 charitatem
3375 4859 3554 4906 autent

1990 4966 2010 5000 ι
2052 4961 2160 5002 non
2196 4946 2453 5010 habuero,
2485 4944 2620 4999 nihil
2649 4944 2780 4999 mihi
2809 4944 3048 5014 prodest.
3077 4944 3325 4998 Charitas
3349 4943 3559 5014 patiens

1991 5055 2008 5088 ι
2055 5044 2165 5100 est,
2206 5034 2434 5105 benigna
2487 5041 2590 5089 est.
2629 5033 2882 5089 Charitas
2926 5049 3033 5088 non
3086 5034 3409 5096 aemulatur,
3450 5046 3556 5086 non

1991 5148 2009 5182 ι
2055 5128 2168 5198 agit
2204 5140 2490 5196 perperam
2517 5166 2530 5189 ,
2572 5141 2679 5180 non
2710 5122 2928 5178 inflatur
2950 5164 2965 5188 ,
3006 5139 3111 5178 non
3141 5132 3225 5179 est
3250 5123 3554 5181 ambitiosa,

1993 5237 2011 5271 ι
2057 5233 2164 5274 non
2187 5217 2382 5287 quaerit
2409 5232 2526 5286 qua:
2543 5232 2641 5271 sua
2669 5224 2814 5281 sunt,
2842 5231 2948 5270 non
2978 5216 3240 5278 irritatur,
3272 5231 3378 5269 non
3413 5211 3559 5282 cogi—

1993 5327 2012 5360 ε
2057 5317 2136 5363 tat
2178 5307 2378 5362 malum
2405 5349 2420 5372 ,
2473 5321 2579 5361 non
2628 5307 2824 5376 gaudet
2869 5321 3033 5376 super
3069 5306 3354 5375 iniquitate
3379 5346 3391 5366 ,
3431 5317 3558 5358 con-

1993 5415 2011 5449 ι
2057 5397 2256 5467 gaudet
2280 5406 2459 5451 autem
2489 5395 2725 5450 veritati.
2749 5396 2941 5449 Omnia
2977 5395 3188 5461 suffert,
3225 5393 3404 5449 omnia
3443 5405 3560 5446 cre-

1993 5506 2012 5540 c
2057 5488 2157 5552 dit,
2185 5487 2367 5541 omnia
2391 5495 2571 5554 sperat
2598 5526 2612 5550 ,
2650 5487 2830 5540 omnia
2859 5486 3114 5550 sustinet,
3154 5485 3392 5540 charitas
3411 5497 3557 5536 nun-

1993 5597 2012 5632 ι
2057 5593 2218 5648 quam
2259 5577 2488 5632 excidet.
2518 5574 2644 5630 Sive
2672 5575 2969 5646 prophetiae
2992 5576 3418 5637 evacuabuntur,
3446 5571 3561 5625 sive

1997 5689 2015 5722 ι
2061 5671 2256 5740 lingere
2293 5671 2621 5734 cessabunt,
2675 5670 2790 5724 sive
2837 5669 3064 5724 scientia
3113 5669 3440 5721 destruetur.
3483 5661 3561 5715 Ex

2000 5780 2017 5811 ι
2062 5770 2216 5832 parte
2261 5759 2404 5814 enim
2446 5759 2849 5830 cognoscimus,
2893 5767 2947 5812 et
2995 5775 3057 5813 ex
3085 5768 3238 5827 parte
3269 5755 3555 5826 propheta-
