3994 6204
414 339 546 397 115

1275 335 1789 395 COLLECTIONES
1829 339 1896 394 ΙΝ
1934 341 2311 399 EPlSTOLAS
2347 344 2436 398 ET
2473 345 2886 403 EVANGELIA.

3594 361 3695 418 lu

442 475 462 504 ε
513 469 652 510 mus.
693 453 829 509 Cum
881 461 1060 508 autem
1114 453 1322 508 venerit
1378 457 1520 524 quod
1551 454 1846 525 perfectum
1884 466 2004 517 εει,
2039 461 2088 522 Α
2113 456 2379 520 membra,
2404 464 2459 510 ει
2480 458 2688 526 species
2717 460 3018 514 eharitatis.
3066 458 3219 516 Sicut
3243 465 3336 534 qui
3361 466 3591 538 diligunt
3629 471 3694 523 ﬁ-

440 566 462 598 ι
508 547 864 606 evacuabitur
946 547 1088 615 quod
1122 561 1186 600 ex
1215 554 1372 616 parte
1396 555 1498 602 est.
1534 549 1668 603 Cum
1691 563 1868 604 essem
1893 565 2015 619 par-

439 660 460 693 ι
508 640 691 705 vulus,
736 638 1002 707 loquebar
1038 646 1098 692 ut
1143 639 1439 708 parvulus,
1478 639 1754 708 sapieham
1799 647 1858 692 ut
1891 654 2016 707 par-

439 752 462 784 σ
506 731 693 795 vulus,
734 730 1043 801 cogitabam
1105 738 1165 784 ut
1223 729 1499 799 parvulus.
1564 729 1789 796 Quando
1835 738 2015 785 autem

436 841 457 873 ι
503 820 682 877 factus
702 834 824 874 sum
854 819 956 882 vir,
984 819 1243 874 evacuavi
1273 834 1392 888 qua:
1419 828 1576 874 erant
1599 819 1828 889 parvuli.
1857 820 2017 874 Vide-

438 931 457 962 ι
503 925 627 966 mus
649 924 795 964 nunc
820 923 921 978 per
948 907 1227 978 speculum
1257 909 1313 962 in
1339 909 1644 977 aenigmate,
1681 917 1809 966 tunc
1834 917 2016 965 autem

437 1021 456 1051 ι
507 999 646 1054 facie
679 998 750 1053 ad
787 996 1004 1053 faciem.
1045 997 1200 1054 Nunc
1236 1013 1504 1070 cognosco
1549 1014 1618 1055 ex
1654 1009 1809 1070 parte
1831 1041 1846 1065 ,
1887 1008 2016 1055 tunc

435 1111 457 1144 ι
504 1099 686 1146 autem
711 1103 1032 1160 cognoscam
1079 1090 1222 1144 sicut
1241 1091 1557 1160 etcognitus
1579 1107 1720 1147 sum.
1743 1091 1895 1147 Nunc
1920 1108 2016 1146 au-

433 1200 456 1233 e
503 1190 613 1238 tem
634 1187 876 1244 manent,
909 1177 1061 1236 ﬁdes.
1090 1195 1234 1249 spes,
1261 1181 1522 1248 charitas,
1550 1184 1655 1238 tria
1682 1184 1816 1248 haec,
1841 1184 2019 1254 major

434 1295 456 1328 ς
502 1286 685 1333 autem
716 1275 802 1329 his
833 1281 920 1328 est
951 1272 1212 1327 Charitas.
1245 1291 1264 1324 ι

505 1365 567 1422 Si
595 1364 789 1435 linguis
840 1365 1110 1418 hominum
1139 1362 1328 1433 loquar
1357 1371 1406 1417 et
1445 1363 1772 1434 angelorum.
1814 1363 1872 1418 ιη
1929 1365 2014 1419 his

427 1454 568 1510 locis
594 1454 704 1507 hoc
750 1452 935 1507 studet
962 1450 1276 1521 Apostolus,
1307 1459 1368 1505 ut
1390 1451 1518 1521 quia
1547 1451 1789 1506 nonnulli
1818 1468 2014 1523 magno

427 1541 706 1598 desiderio
742 1539 1095 1609 requirebant
1146 1541 1286 1596 dona
1315 1541 1647 1610 linguarum,
1705 1540 1811 1595 illis
1862 1540 2014 1595 beni-

426 1632 687 1702 gnitatem
728 1628 985 1700 prtelerat
1017 1629 1322 1695 eharitatis,
1351 1645 1456 1700 qua
1489 1629 1544 1684 in
1567 1629 1801 1698 proximi
1837 1629 2014 1684 chari-

427 1731 542 1776 tate
566 1720 917 1793 proﬁcerent,
943 1720 1069 1790 quia
1091 1721 1244 1789 signa
1271 1728 1492 1791 propter
1514 1719 1762 1776 inﬁdeles
1791 1721 2006 1787 dantur,

425 1811 670 1867 charitas
697 1825 828 1867 vero
861 1811 1084 1882 angelos
1105 1811 1365 1866 imitatur.

494 1900 696 1956 Factus
726 1919 844 1957 sum
867 1902 1002 1957 velut
1029 1919 1101 1956 tes
1125 1919 1339 1956 sonans.
1360 1901 1416 1956 ld
1441 1909 1547 1967 est,
1572 1902 1718 1972 quod
1749 1919 1855 1959 non
1878 1919 2003 1974 per-

425 1993 565 2047 tinet
588 1994 655 2047 ad
679 1992 884 2062 aliquid
909 1993 1105 2048 animae
1126 1992 1491 2059 commodum,
1515 1992 1608 2047 sed
1632 1992 1806 2049 solum
1829 1993 2004 2050 reddit

423 2085 544 2140 sine
573 2084 808 2140 utilitate
835 2085 1118 2139 tinnitum.

499 2176 574 2230 Et
629 2178 676 2231 si
728 2178 964 2231 habuero
988 2177 1316 2248 prophetiam
1343 2218 1358 2243 ,
1397 2187 1446 2232 et
1484 2180 1714 2234 noverint
1751 2179 2003 2249 mysteria

421 2271 600 2323 omnia
638 2278 688 2323 et
733 2284 940 2322 omnem
984 2269 1277 2323 scientiam.
1317 2269 1609 2340 Prophetia
1651 2287 1773 2340 quae
1821 2270 2003 2326 futura

421 2360 765 2430 pronuntiat,
797 2358 1023 2414 scientia
1052 2360 1453 2430 mysteriorum,
1475 2376 1596 2430 qua:
1625 2362 1836 2417 occulta
1869 2376 2000 2432 ape-

423 2451 495 2504 rit
541 2445 983 2520 Scripturarum,
1040 2449 1158 2506 hac
1198 2465 1394 2521 magna
1445 2467 1543 2521 per
1589 2467 1650 2508 se
1703 2460 1868 2518 sunt,
1904 2452 2002 2508 sed

424 2540 682 2596 charitati
711 2547 1024 2610 comparata
1044 2582 1059 2607 ,
1090 2541 1165 2596 ita
1210 2550 1266 2597 et
1298 2543 1506 2598 meritis
1540 2552 1664 2614 post
1691 2553 2000 2614 ponuntur,

418 2642 476 2686 ut
505 2632 622 2687 sine
647 2648 714 2686 ea
737 2632 829 2687 diu
855 2641 1130 2702 nequeant
1153 2632 1447 2702 possideri,
1482 2633 1556 2687 ita
1577 2648 1708 2704 ergo
1735 2634 1852 2688 sine
1874 2633 2003 2688 cha-

420 2723 586 2776 ritate
609 2737 803 2791 parum
837 2722 992 2776 utilia
1020 2723 1390 2777 inveniuntur.
1417 2721 1673 2777 Charitas
1707 2736 1836 2778 vero
1858 2723 2000 2778 intra

422 2825 486 2865 se
539 2811 704 2865 etiam
748 2811 847 2868 ista
887 2812 1310 2882 complectitur,
1359 2827 1468 2866 non
1523 2811 1722 2867 mirum
1770 2820 1896 2878 est,
1953 2813 2000 2868 si

418 2902 810 2957 charismatum
858 2903 1106 2974 partibus
1152 2902 1514 2974 praeferatur,
1564 2917 1685 2972 qua:
1741 2903 1999 2958 virtutum

415 2990 688 3061 perfectio
720 3001 778 3048 et
814 2993 950 3064 legis
999 3001 1083 3048 est
1134 2992 1452 3062 plenitudo,
1520 2990 1662 3047 sicut
1699 2991 1927 3061 legimus
1979 3009 1996 3050 :

420 3083 704 3139 Plenitudo
741 3084 870 3155 legis
964 3092 1038 3138 est
1076 3083 1285 3138 dilectio
1314 3123 1330 3149 ,
1368 3091 1425 3137 et
1471 3083 1666 3137 iterum
1710 3100 1722 3136 :
1775 3081 1998 3136 Dilectio

414 3177 644 3245 proximi
671 3175 871 3229 malum
901 3192 1006 3230 non
1041 3183 1308 3246 operatur,
1338 3174 1457 3229 sine
1473 3174 1574 3228 hac
1586 3173 1840 3244 qmelibet
1860 3173 1996 3228 ﬁdes

416 3267 616 3322 habere
641 3267 1104 3336 perseverantiam
1129 3282 1237 3321 non
1260 3274 1456 3336 potest,
1487 3275 1542 3321 et
1563 3265 1688 3335 quia
1711 3263 1874 3319 ﬁnem
1900 3263 1998 3319 bo-

414 3373 610 3412 norum
632 3359 688 3413 in
716 3373 775 3412 se
799 3373 908 3413 non
945 3358 1127 3423 habet,
1152 3357 1207 3412 in
1232 3356 1340 3412 ﬁne
1367 3356 1599 3412 deﬁciet.

486 3449 555 3503 Et
583 3450 628 3504 si
659 3449 890 3503 habuero
917 3465 1120 3503 omnem
1143 3447 1324 3516 ﬁdem,
1355 3449 1431 3502 ita
1460 3457 1516 3500 ut
1545 3456 1745 3502 montes
1769 3447 1997 3517 transfe-

413 3556 566 3605 ram,
605 3540 919 3594 charitatem
960 3555 1064 3593 non
1101 3537 1370 3602 habuero,
1429 3537 1558 3592 nihil
1593 3554 1730 3592 sum.
1772 3536 1873 3592 llic
1916 3537 1999 3591 in-

415 3632 675 3700 telligitur
703 3645 898 3702 magna
932 3629 1068 3686 ﬁdes
1101 3645 1243 3694 esse,
1283 3645 1402 3698 quae
1427 3629 1482 3683 in
1513 3629 1804 3698 Evangelia
1826 3642 1998 3698 grano

413 3723 623 3792 sinapis
651 3705 1034 3792 comparatur,
1080 3720 1225 3790 quod
1275 3735 1382 3775 non
1442 3727 1665 3790 propter
1723 3718 2000 3773 modicita-

416 3825 557 3879 tem,
599 3813 695 3870 sed
728 3820 954 3884 propter
994 3812 1358 3883 integritatem
1385 3851 1400 3877 ,
1463 3809 1552 3864 vel
1604 3809 1846 3882 vigorem
1905 3823 1998 3879 ap-

413 3907 653 3976 positum
709 3914 816 3961 est.
875 3905 1184 3961 Notandum
1233 3903 1378 3974 quod
1415 3902 1558 3957 inter
1597 3910 1793 3958 cartera
1831 3901 1996 3956 etiam

412 4001 590 4056 omnis
629 4000 762 4055 ﬁdes
786 4041 802 4067 ,
839 4014 961 4071 qua
985 4005 1200 4055 montes
1239 3995 1556 4061 transferat,
1587 3995 1706 4051 sine
1731 3995 1997 4051 charitate

413 4109 520 4148 non
553 4092 746 4162 prosit.

483 4183 624 4237 Etsi
652 4182 967 4237 distribuere
1009 4182 1063 4236 in
1090 4180 1231 4237 cibos
1265 4195 1552 4250 pauperum
1607 4194 1783 4231 omnes
1829 4174 1996 4246 [acul-

412 4282 546 4326 tates
582 4288 724 4325 meas
748 4311 764 4337 ,
801 4280 850 4325 et
879 4271 926 4324 si
975 4270 1244 4324 tradidero
1299 4284 1489 4337 corpus
1531 4282 1702 4319 meum
1726 4305 1742 4329 ,
1805 4265 1881 4318 ita
1938 4273 1993 4317 ut

413 4362 630 4416 ardeam
653 4401 668 4426 ,
707 4361 1018 4416 alacritatem
1055 4369 1232 4414 autem
1276 4376 1380 4414 non
1412 4359 1642 4412 habuero
1661 4397 1676 4423 ,
1708 4356 1837 4412 nihil
1864 4356 1994 4410 mihi

412 4453 641 4522 prodest.
687 4453 1013 4509 Distributio
1044 4451 1361 4507 facultatum
1387 4490 1402 4517 ,
1441 4457 1496 4504 et
1533 4449 1860 4518 contemptio
1905 4446 1986 4502 fa-

413 4545 676 4598 cultatum
702 4586 716 4609 ,
757 4553 812 4599 et
843 4551 1184 4614 contemptus
1217 4542 1567 4611 praesentium
1613 4541 1776 4595 etiam
1823 4553 1989 4609 penes

411 4635 695 4704 gentilium
741 4635 1095 4704 Philosophos
1123 4632 1428 4694 invenitur,
1473 4638 1528 4684 et
1553 4627 1791 4683 nonnulli
1823 4642 1990 4698 paga-

415 4743 605 4782 norum
656 4743 855 4796 corpus
906 4727 1120 4796 ignibus
1164 4732 1386 4794 propter
1436 4722 1727 4776 humanam
1763 4719 1987 4790 gloriam

413 4820 771 4873 tradiderunt.
818 4819 875 4874 Si
904 4832 1033 4890 ergo
1065 4817 1143 4870 ira
1187 4823 1378 4869 contra
1420 4813 1724 4884 proximum
1766 4811 1846 4866 vel
1877 4826 1990 4864 ma-

414 4909 531 4964 litia
560 4911 614 4964 in
644 4911 806 4965 corde
844 4919 1108 4974 teneatur,
1137 4909 1384 4980 martyrii
1416 4907 1586 4978 gloria
1621 4904 1760 4960 adiri
1787 4911 1988 4974 potest,

414 5004 777 5058 consummari
807 5020 913 5058 non
941 5011 1136 5074 potest.
1168 5002 1389 5058 Sicutin
1412 4997 1703 5069 Evangelia
1725 4997 1989 5067 legimus:

420 5093 571 5148 Multi
629 5095 801 5148 dicent
851 5094 978 5148 mihi
1031 5094 1087 5147 in
1135 5092 1229 5146 illa
1279 5092 1398 5155 die,
1440 5089 1702 5152 Domine,
1750 5087 1990 5140 Domine.

418 5187 606 5241 Nonne
639 5187 696 5238 in
733 5187 938 5240 nomine
973 5195 1064 5239 tuo
1108 5183 1560 5254 prophetaeimus,
1601 5189 1647 5232 et
1683 5179 1737 5232 in
1766 5187 1854 5230 tuo
1900 5193 1994 5230 no-

413 5278 550 5331 mine
578 5279 794 5331 virtutes
822 5275 1014 5329 multas
1047 5275 1292 5343 fecimus,
1346 5283 1392 5327 et
1445 5282 1568 5327 tunc
1615 5271 1790 5324 dicam
1835 5268 1940 5322 illis
1971 5286 1989 5322 :

413 5366 676 5421 Discedite
723 5385 756 5420 a
804 5383 902 5430 me,
964 5383 1142 5420 omnes
1197 5365 1285 5435 qui
1323 5361 1611 5433 aperantini
1659 5361 1991 5430 iniquitatem

412 5457 628 5515 (Matth.
658 5457 778 5527 vn).
803 5457 896 5512 lsti
920 5473 1050 5528 ergo
1079 5456 1292 5510 labores
1317 5469 1460 5518 suos,
1487 5451 1568 5507 vel
1586 5450 1878 5506 dilectione
1899 5463 1992 5502 ne-

409 5548 583 5616 glecta
595 5589 610 5611 ,
626 5548 709 5602 vel
735 5548 976 5602 vanitate
995 5555 1270 5616 suscepta,
1289 5545 1372 5600 vel
1386 5545 1750 5610 subsequente
1765 5554 1989 5611 operum

409 5639 723 5708 iniquitate,
756 5639 1130 5709 perdiderant.

480 5728 728 5784 Charitas
748 5730 952 5801 patiens
967 5737 1063 5782 cst.
1085 5727 1236 5782 Modo
1257 5724 1567 5796 singillatim
1585 5722 1849 5779 describit
1871 5722 1986 5792 ipsa

2116 545 2236 610 lios,
2261 560 2448 601 omnes
2465 562 2652 601 eorum
2675 550 2942 616 patienter
2968 560 3190 619 portant
3220 552 3466 621 injurias,
3498 558 3570 611 ita
3601 560 3694 627 qui

2116 634 2198 690 vel
2235 635 2540 704 proximum
2571 636 2655 691 vel
2698 637 2867 693 Deum
2895 638 3099 710 diligit,
3153 642 3364 712 nullius.
3404 657 3694 717 superatur

2115 739 2351 794 nunriis.

2185 814 2427 870 Charitas
2449 834 2555 872 non
2581 821 2878 874 tumulatur.
2927 819 3225 879 {Emulatio
3270 834 3327 882 et
3381 827 3612 885 imitatio
3637 837 3695 886 et

2115 905 2408 962 invidentia
2432 907 2768 979 intelligitur.
2801 911 3036 968 lmitatio
3063 913 3154 969 ubi
3179 915 3253 969 ait
3281 933 3297 972 :
3337 915 3689 974 .‘Emulamini

2115 998 2442 1054 charismata
2471 1000 2715 1056 meliora.
2747 1002 2848 1058 Hic
2873 1011 3051 1058 autem
3077 1021 3176 1075 pro
3198 1007 3491 1065 invidentia
3519 1011 3649 1067 dicit
3674 1031 3685 1065 :

2115 1086 2366 1145 Charitas
2388 1105 2496 1145 non
2522 1091 2824 1157 temulatur,
2855 1093 2906 1147 id
2935 1103 3039 1160 εει,
3083 1096 3214 1150 nulli
3263 1097 3488 1155 invidet.
3519 1099 3688 1156 Nemo

2115 1178 2258 1232 enim
2279 1179 2374 1243 illi,
2397 1195 2557 1249 quem
2582 1197 2708 1237 vere
2728 1183 2919 1254 diligit,
2945 1184 3159 1252 invidit,
3177 1187 3543 1261 cujuscunque
3563 1208 3684 1248 eum

2113 1271 2298 1340 gloria:
2322 1271 2504 1327 videat
2529 1273 2613 1327 vel
2638 1275 2860 1328 honoris
2883 1315 2900 1340 ,
2939 1277 3034 1331 sed
3062 1291 3277 1333 omnem
3318 1281 3434 1352 ejus
3459 1281 3686 1338 felicita-

2115 1370 2223 1416 tem
2246 1403 2260 1426 ,
2298 1363 2452 1431 quasi
2482 1379 2635 1418 suam
2672 1364 2904 1419 libenter
2931 1366 3297 1434 amplectitur.

2185 1453 2307 1507 Non
2337 1454 2442 1523 agit
2469 1471 2761 1524 perperam.
2792 1454 3081 1524 Perperam
3112 1457 3365 1511 dicuntur
3387 1476 3493 1515 non
3515 1471 3682 1527 recta,

2113 1547 2206 1602 sed
2232 1562 2508 1616 perversa,
2532 1547 2674 1615 quod
2700 1547 2940 1601 charitas
2963 1563 3069 1602 non
3096 1547 3226 1618 agit,
3245 1551 3369 1618 quia
3389 1552 3568 1607 omnia
3594 1570 3684 1609 se-

2113 1638 2348 1692 cundum
2375 1637 2619 1692 ordinem
2650 1636 2801 1702 facit,
2830 1648 2884 1691 ct
2913 1651 3073 1694 omne
3092 1638 3282 1693 vitium
3303 1639 3450 1696 foras
3469 1641 3685 1712 penitus

2111 1725 2370 1780 excludit.

2033 1797 2082 1856 Β
2181 1813 2305 1869 Νοη
2350 1815 2589 1886 inﬂatur.
2623 1815 2679 1870 ld
2701 1823 2784 1871 est
2813 1817 2868 1870 in
2903 1817 3232 1888 superbiam,
3257 1834 3378 1890 qua:
3405 1827 3580 1875 mater
3602 1831 3684 1876 est

2107 1907 2379 1972 vitiorum,
2413 1924 2522 1962 non
2547 1908 2824 1962 extollitur
2848 1948 2863 1973 ,
2889 1909 3019 1979 quia
3065 1909 3453 1979 plenitudinem
3503 1913 3684 1968 studet

2105 1998 2383 2068 possidere
2413 1998 2698 2052 virtutum.
2890 2049 2898 2056 ,

2176 2087 2387 2161 (Vulg.)
2432 2088 2618 2143 Modus
2666 2089 2766 2143 iste
2813 2088 3103 2145 locutionis
3141 2090 3568 2148 considerandus
3599 2101 3684 2146 est

2105 2179 2408 2247 diligenter.
2439 2177 2554 2232 Non
2594 2179 2740 2233 enim
2765 2195 2863 2248 per
2891 2194 2949 2234 se
2997 2179 3114 2247 ipsa
3139 2178 3400 2242 charitas,
3451 2188 3545 2233 aut
3572 2195 3679 2232 non

2102 2270 2342 2324 :emulari
2366 2270 2584 2340 poterit,
2609 2277 2702 2324 aut
2730 2285 2837 2323 non
2865 2269 3077 2335 inﬁari,
3118 2271 3215 2325 sed
3256 2270 3435 2325 omnis
3480 2272 3676 2336 homo,

2102 2359 2194 2429 qui
2239 2357 2478 2428 ejusdem
2526 2358 2588 2412 ﬁt
2630 2358 2904 2429 particeps
2947 2359 3270 2424 eharitatis,
3304 2373 3410 2414 non
3465 2358 3682 2414 inﬂatur

2102 2465 2277 2522 neque
2309 2450 2608 2516 aemulatur,
2651 2465 2869 2516 revera,
2911 2457 2972 2505 ut
3014 2450 3186 2520 ipsius
3219 2451 3504 2507 eharitatis
3530 2452 3672 2508 dono

2103 2544 2324 2599 ditatus.
2358 2543 2436 2598 Eo
2483 2542 2644 2598 modo
2671 2542 2959 2598 locutionis
3016 2541 3143 2598 alibi
3174 2543 3346 2596 utitur
3387 2541 3676 2613 Apostolus

2102 2634 2288 2690 dicens
2318 2651 2331 2686 :
2372 2632 2541 2698 Eum,
2579 2633 2674 2702 qui
2699 2648 2810 2688 non
2848 2640 3078 2688 noverat
3097 2641 3382 2702 peccatum
3406 2673 3422 2699 ,
3449 2649 3549 2703 pro
3584 2649 3678 2688 no-

2100 2725 2186 2780 bis
2211 2732 2496 2794 peccatum
2524 2722 2683 2788 fecit,
2715 2729 2775 2778 ut
2824 2738 2925 2778 nos
2953 2721 3294 2778 eﬁlceremur
3334 2723 3545 2794 justitia
3584 2723 3679 2778 Dei

2102 2816 2157 2870 in
2186 2817 2324 2886 ipso,
2368 2816 2494 2870 dum
2521 2830 2624 2869 non
2645 2813 2861 2882 justitia
2887 2815 3174 2870 credentes
3200 2813 3531 2881 elﬁciamur,
3585 2816 3678 2869 sed

2100 2907 2387 2978 participes
2410 2903 2666 2973 justititc,
2699 2905 2802 2961 hoc
2838 2916 2943 2970 est,
2972 2904 3104 2977 justi
3131 2919 3229 2974 per
3249 2903 3409 2959 ﬁdem
3438 2905 3678 2959 invenia-

2100 3011 2224 3052 mur
2244 2995 2299 3051 in
2324 2994 2559 3050 Christo.
2587 2993 2880 3049 Peccatum
2900 3007 3029 3049 vero
3057 2992 3209 3058 dicit,
3234 2990 3563 3046 sacriﬁcium
3578 3007 3678 3061 pro

2099 3095 2348 3160 peccato,
2373 3095 2432 3142 ut
2454 3085 2619 3142 Isaias
2641 3087 2720 3142 ait
2761 3105 2774 3140 :
2812 3083 3039 3140 Peccata
3060 3084 3250 3157 populi
3261 3084 3361 3138 mei
3383 3084 3673 3148 comedent,

2102 3179 2158 3235 id
2185 3186 2291 3243 est,
2316 3178 2495 3233 oblata
2525 3178 2579 3233 in
2608 3177 2940 3234 sacriﬁcium
2963 3191 3060 3246 pro
3081 3184 3324 3244 peccato.

2175 3271 2301 3326 Non
2323 3281 2397 3326 est
2417 3270 2718 3326 ambitiosa.
2734 3268 3068 3324 Ambitiosus
3087 3267 3288 3324 dicitur
3305 3271 3588 3340 superbus,
3611 3286 3678 3325 eo

2100 3363 2243 3434 quod
2267 3363 2502 3417 honores
2517 3361 2742 3425 ambiat,
2758 3359 2903 3430 quod
2915 3359 3154 3414 charitas
3169 3375 3275 3414 non
3291 3369 3394 3425 est,
3419 3361 3548 3431 quia
3563 3377 3678 3415 nia-

2092 3453 2181 3523 jor
2202 3453 2326 3508 aliis
2339 3467 2459 3508 esse
2479 3467 2586 3506 non
2611 3451 2801 3516 ambit,
2826 3464 2946 3521 quae
2964 3465 3234 3504 summum
3253 3451 3480 3521 gradum
3500 3451 3554 3506 in
3577 3451 3678 3505 hu-

2099 3543 2328 3600 militate
2347 3542 2650 3598 constituit.

2173 3632 2299 3689 Non
2326 3633 2656 3704 quieritquaa
2692 3647 2791 3684 sua
2849 3638 2989 3684 sunt.
3039 3627 3096 3684 Id
3141 3637 3256 3695 est,
3309 3645 3418 3685 non
3474 3632 3677 3701 cogitat

2100 3732 2345 3789 tantum,
2383 3723 2526 3792 quod
2560 3720 2664 3777 sibi
2694 3719 2824 3776 utile
2853 3727 2969 3788 est,
3012 3720 3105 3776 sed
3130 3718 3272 3790 quod
3315 3720 3436 3776 aliis
3471 3721 3677 3776 utiliter

2099 3813 2383 3870 serviendo
2407 3812 2699 3868 ministret.

2171 3904 2295 3959 Non
2309 3905 2574 3959 irritatur.
2585 3903 2643 3958 1d
2657 3910 2762 3970 est,
2779 3903 2970 3958 alienis
2985 3901 3199 3970 injuriis
3217 3911 3532 3972 provocata,
3548 3904 3674 3973 quia

2099 3997 2168 4051 ab
2197 4011 2262 4052 eo
2283 4011 2444 4066 quem
2467 3995 2640 4066 diligit
2663 3994 2947 4064 provocari
2991 4009 3097 4049 non
3124 4000 3323 4063 potest,
3357 4008 3458 4048 nec
3483 3993 3550 4046 ad
3579 3993 3676 4046 ali-

2098 4103 2261 4160 quam
2289 4085 2597 4157 passionem
2634 4085 2839 4139 moveri

2169 4175 2294 4230 Non
2316 4175 2506 4245 cogitat
2526 4173 2742 4226 malum.
2767 4171 2884 4226 Non
2903 4170 3076 4226 solum
3095 4184 3202 4224 non
3215 4169 3366 4236 facit,
3382 4167 3476 4223 sed
3499 4185 3566 4224 ne
3581 4186 3674 4224 co-

2097 4267 2233 4338 gitat
2252 4266 2493 4336 quidem.
2523 4263 2712 4333 Magna
2734 4264 2907 4317 virtus
2926 4269 3010 4316 est
3037 4261 3297 4328 charitas,
3324 4275 3444 4330 quae
3471 4257 3672 4315 malum

2095 4356 2259 4410 etiam
2290 4370 2320 4408 a
2341 4369 2503 4409 sensu
2531 4351 2880 4424 cogitationis
2912 4349 3173 4405 excludit.
3216 4370 3239 4390 -ο

2169 4444 2295 4499 Non
2323 4442 2516 4515 gaudet
2567 4459 2724 4514 super
2767 4441 3056 4521 iniguitate.
3163 4439 3222 4495 I'd
3249 4448 3353 4505 est,
3383 4442 3673 4497 contrista-

2095 4546 2184 4592 tur
2210 4537 2254 4592 si
2283 4535 2518 4605 aliquem
2546 4534 2634 4590 vel
2666 4533 2859 4590 lecisse
2894 4531 3236 4603 iniquitatem
3267 4531 3354 4587 vel
3386 4533 3673 4603 pertulisse

2095 4626 2456 4697 conspexerit.

2166 4715 2472 4787 Congaudet
2494 4725 2670 4770 autem
2695 4716 2920 4770 veritati.
2942 4713 2999 4771 Id
3013 4723 3118 4781 est,
3143 4716 3229 4771 vel
3243 4717 3309 4770 de
3321 4716 3480 4771 bonis
3497 4715 3672 4786 operis

2093 4808 2214 4872 bus,
2239 4807 2324 4862 vel
2346 4807 2412 4862 de
2437 4807 2537 4862 ﬁde
2552 4815 2606 4862 et
2626 4807 2856 4862 veritate
2871 4808 3176 4878 congaudet
3195 4806 3347 4878 cujus
3367 4805 3571 4863 bonum
3593 4808 3672 4864 vi-

2093 4899 2187 4953 det
2215 4914 2245 4952 a
2269 4898 2519 4968 proximo
2541 4898 2829 4968 possideri.

2171 4991 2364 5046 Omnia
2393 4991 2596 5060 su/fert,
2627 4997 2734 5046 etc.
2768 4989 2964 5045 Levem
2991 4990 3136 5046 enim
3160 4990 3308 5046 ducit
3328 4991 3560 5061 proximi
3585 4991 3670 5046 sui

2097 5083 2310 5152 culpam
2337 5083 2464 5138 dum
2494 5091 2586 5136 aut
2607 5083 3040 5137 emendationem
3080 5080 3198 5151 ejus
3231 5092 3511 5153 exspectat
3578 5092 3673 5137 aut

2097 5175 2401 5229 mercedem
2423 5173 2523 5227 sibi
2553 5173 2619 5227 de
2639 5172 3053 5241 longanimitate
3083 5173 3367 5243 promittit.

2166 5262 2412 5318 Charitas
2454 5279 2720 5333 nunquam
2748 5261 2974 5314 excidit.
3022 5261 3138 5317 Non
3177 5263 3378 5319 excidit
3415 5262 3564 5324 dicit,
3617 5260 3669 5316 id

2094 5362 2200 5419 est,
2227 5353 2406 5422 elapsa
2444 5367 2548 5406 non
2577 5359 2690 5415 est,
2721 5351 2804 5404 vel
2838 5367 2942 5405 non
2970 5353 3222 5416 excessit,
3248 5352 3362 5421 ipsa
3387 5349 3528 5403 enim
3553 5347 3667 5401 sola

2093 5453 2379 5516 permanet
2417 5444 2472 5497 in
2502 5441 2763 5506 futurum,
2806 5442 2892 5498 vel
2925 5452 3093 5509 certe,
3123 5441 3248 5511 quia
3277 5453 3400 5493 vera
3427 5446 3528 5503 est,
3561 5453 3668 5492 non

2093 5536 2392 5592 mutabitur
2419 5533 2504 5588 vel
2532 5533 2734 5587 linitur.

2167 5626 2281 5681 Sive
2324 5624 2606 5696 prophetia?
2643 5623 3057 5684 cracualmntur,
3092 5627 3146 5674 et
3180 5617 3278 5672 rel.
3322 5615 3426 5671 Ista
3453 5633 3573 5687 qum
3599 5616 3668 5671 ad

2094 5718 2340 5774 homines
2387 5716 2655 5786 pertinent
2702 5712 3252 5774 consummalmntur,
3295 5708 3380 5762 illa
3437 5724 3554 5778 qua:
3599 5713 3674 5770 εει.
