3998 6198
374 348 481 408 115

369 553 629 614 manebit.

438 649 524 705 Ea:
543 660 691 721 parte
711 653 848 706 enim
864 653 1222 722 cognoscimus
1242 662 1291 707 et
1305 669 1369 707 ea:
1387 662 1537 724 parte
1548 652 1936 724 praphetamus.

363 732 518 800 Nunc
542 756 651 796 non
672 742 852 796 omnia
877 743 1098 810 scimus,
1123 757 1226 797 nec
1244 743 1422 798 omnia
1446 744 1854 812 prophetamus,
1885 752 1940 798 et

363 831 443 884 sic
466 831 568 888 ista
591 831 966 898 destruantur,
983 842 1042 888 ut
1059 832 1362 903 proﬁciant,
1380 849 1479 906 per
1492 835 1591 889 ista
1607 833 1750 889 enim
1769 836 1834 889 ad
1848 835 1937 889 illa

361 921 658 989 veniemus,
685 937 745 978 ac
771 924 850 978 sic
873 925 1298 990 evacuabuntur,
1329 922 1455 978 dum
1477 925 1722 979 umbram
1735 924 1938 979 verius

359 1017 413 1064 et
442 1026 592 1082 spem
623 1027 711 1070 res
733 1013 849 1083 ipsa
875 1015 1223 1070 submoverit.

430 1094 560 1157 Cum
585 1111 758 1158 autem
777 1105 972 1159 venerit
997 1105 1137 1176 quod
1157 1104 1443 1175 perfectum
1467 1113 1565 1171 est,
1597 1103 1936 1159 eoacuabilur

357 1187 496 1249 anod
517 1209 581 1248 ea:
603 1203 748 1256 parte
769 1203 863 1249 est.
895 1193 972 1248 Ex
997 1204 1151 1264 parte
1179 1203 1282 1260 est,
1307 1197 1449 1266 quod
1478 1196 1531 1250 in
1560 1196 1777 1265 speculo
1801 1205 1855 1252 et
1879 1197 1932 1250 in

355 1280 640 1353 aenigmate
673 1281 865 1338 allectu
889 1283 1246 1339 desiderantis
1287 1285 1597 1356 inquiritur.
1625 1285 1932 1341 Perfectum

354 1381 458 1438 est,
481 1375 696 1446 quando
719 1374 773 1429 id
795 1375 936 1444 quod
953 1373 1005 1428 in
1021 1375 1422 1444 exspectatione
1435 1377 1789 1444 promittitur,
1808 1393 1933 1432 san-

355 1465 457 1519 ctis
483 1464 538 1518 in
565 1467 907 1535 possessione
944 1467 1194 1521 donatur.

425 1553 533 1627 (Ea:
567 1555 728 1612 Ioan.
762 1556 976 1630 Chrys.)
1009 1556 1162 1624 Quod
1198 1566 1348 1615 certe
1375 1567 1533 1615 vetus
1569 1573 1600 1614 a
1631 1569 1766 1614 nova
1811 1556 1929 1632 lege

351 1653 608 1714 perpessa
635 1652 719 1701 est
743 1687 758 1713 ,
809 1662 911 1702 nec
969 1655 1149 1704 tamen
1202 1649 1458 1705 continuo
1486 1650 1747 1706 adversus
1777 1667 1930 1706 nova:

350 1728 484 1808 legis
534 1735 774 1808 loquitur
830 1738 1166 1810 dignitatem,
1200 1754 1322 1794 cum
1359 1747 1539 1796 tamen
1580 1741 1735 1796 nobis
1761 1742 1928 1796 caelo-

1617 350 1972 410 SMARAGDI
2011 349 2302 412 ABBATIS

371 467 619 522 affectum
645 470 878 538 proximi
907 478 963 524 et
989 471 1055 524 ad
1080 466 1404 524 charitatem
1434 467 1528 522 Dei
1556 468 1787 538 proﬁcit,
1817 483 1938 536 per-
1966 467 2017 527 A

3502 366 3595 422 illi

2360 485 2699 529 EVANGELIU‘
2737 487 2884 530 ωας
2907 516 2920 538 ,
2969 489 3090 530 CAP.
3124 489 3274 531 XVI“.

2119 578 2138 611 s
2182 560 2487 632 Assumpsit
2507 562 2664 619 Iesus
2700 565 2983 620 duodecim
3016 565 3308 635 discipulos
3357 581 3502 634 suos,
3547 580 3600 627 et

2047 666 2066 701 s
2111 651 2188 704 ait
2216 652 2322 707 illis
2353 671 2366 706 :
2395 654 2535 710 Ecce
2557 655 2900 712 ascendimus
2924 655 3370 727 Hierosolymam,
3401 669 3454 714 et
3479 677 3598 716 eone

2047 755 2065 788 α
2109 741 2524 797 summabuntur
2542 744 2722 798 omnia
2751 759 2871 814 quae
2899 745 3099 813 scripta
3119 757 3249 800 sunt
3268 762 3364 816 per
3380 750 3600 819 prophe-

2045 848 2062 880 ι
2094 839 2192 884 tas
2216 831 2284 884 de
2313 830 2424 886 ﬁlio
2450 833 2684 887 hominis
2710 850 2724 885 :
2750 835 2994 888 tradetur
3019 833 3163 888 enim
3193 837 3441 906 gentibus
3467 847 3522 893 es
3546 840 3602 893 il-

2043 938 2062 972 s
2107 920 2322 974 ludetur
2347 957 2362 985 ,
2400 929 2457 977 et
2486 921 2874 994 flagellabitur,
2915 932 2973 979 et
2996 935 3340 994 conspuetur.
3370 928 3596 999 Etpost-

2045 1026 2062 1060 ι
2105 1025 2266 1081 quam
2294 1008 2698 1082 flagellaverint,
2747 1015 2996 1069 occident
3037 1029 3186 1080 eum,
3226 1025 3281 1070 et
3313 1019 3473 1072 tertia
3517 1021 3601 1074 die

2041 1119 2060 1151 ι
2105 1109 2369 1170 resurget.
2403 1103 2470 1157 Et
2496 1103 2595 1174 ipsi
2624 1105 2756 1158 nihil
2781 1106 2974 1159 horum
2996 1103 3397 1173 intellexerunt,
3417 1117 3470 1163 et
3487 1120 3600 1164 erat

2039 1205 2060 1240 s
2105 1189 2329 1244 verbum
2362 1191 2502 1247 istud
2534 1195 2908 1249 absconditum
2935 1196 3004 1249 ab
3037 1195 3117 1249 eis
3139 1235 3153 1261 ,
3189 1205 3246 1251 et
3286 1213 3396 1252 non
3443 1200 3596 1254 intelc

2042 1297 2060 1330 s
2107 1279 2357 1335 lexerunt
2386 1297 2506 1351 qua:
2532 1283 2866 1338 dicebantur.
2893 1284 3117 1339 Factum
3144 1293 3229 1340 est
3255 1295 3438 1342 autem
3481 1305 3601 1344 cum

2038 1387 2059 1421 ε
2103 1373 2559 1443 appropinquaret
2605 1371 2854 1439 Iericho,
2903 1389 3080 1431 cacus
3130 1378 3348 1446 quidam
3388 1380 3604 1436 sedebat

2035 1479 2059 1513 s
2101 1477 2258 1518 secus
2302 1463 2446 1518 viam
2476 1465 2809 1520 mendicum.
2853 1465 2922 1519 Et
2964 1481 3086 1522 cum
3133 1467 3346 1522 audiret
3393 1470 3601 1525 turbam

2037 1569 2056 1603 s
2099 1560 2535 1622 praetereuntem,
2559 1554 2926 1624 interrogabat
2955 1555 3086 1624 quid
3114 1556 3216 1612 hoc
3245 1565 3412 1612 esset.
3445 1557 3600 1612 Dixe-

2035 1661 2056 1695 s
2097 1651 2226 1698 runt
2250 1651 2429 1699 autem
2461 1645 2533 1710 ei,
2584 1646 2728 1714 quod
2773 1644 2929 1699 Iesus
2965 1643 3293 1701 Nazamnus
3325 1648 3596 1702 transiret.

2036 1752 2056 1786 ι
2099 1735 2167 1790 Et
2193 1736 2445 1791 clamavit
2461 1737 2646 1792 dicens
2669 1753 2682 1790 :
2708 1736 2835 1791 Iesu
2867 1736 2941 1792 ﬁli
2970 1737 3155 1802 David,
3176 1738 3442 1794 miserere
3472 1739 3596 1793 mei.

347 1842 470 1882 rum
498 1843 664 1902 regno
709 1828 1074 1897 potientibus,
1128 1829 1277 1884 illam
1329 1843 1543 1901 quoque
1590 1841 1920 1887 cessaturam
1951 1826 1999 1886 B
2033 1846 2051 1878 ι
2097 1823 2165 1882 Et
2187 1828 2277 1898 qui
2298 1829 2590 1898 przeibant,
2622 1829 2973 1898 increpabant
2996 1844 3120 1884 eum
3140 1838 3202 1883 ut
3230 1837 3456 1884 taceret.
3484 1830 3599 1898 ipse

346 1933 467 1973 esse
497 1919 760 1984 dicamus,
789 1917 884 1974 sed
929 1920 1177 1989 quamvis
1202 1918 1407 1989 majora
1431 1921 1756 1989 succedant,
1783 1922 1924 1978 hanc

345 2014 527 2063 tamen
576 2007 928 2066 nihilominus
963 2009 1306 2077 conﬁtemur,
1358 2012 1450 2066 ubi
1495 2013 1624 2080 quia
1657 2013 1922 2083 ampliora

346 2104 473 2151 sunt
529 2098 751 2168 praemia
806 2105 861 2154 et
915 2100 1242 2156 eminentior
1295 2101 1470 2157 sancti
1515 2104 1755 2174 Spiritus
1803 2119 1925 2174 gra-

346 2187 418 2240 tia
443 2228 458 2254 ,
500 2195 897 2260 consequenter
933 2190 1280 2261 requirentur
1317 2193 1483 2248 etiam
1547 2192 1754 2263 majora
1805 2211 1925 2250 cer-

343 2275 571 2331 tamina.

411 2365 544 2449 C‘um
571 2380 733 2423 essem
774 2369 1057 2442 parvulus,
1109 2366 1358 2442 loquebar
1399 2378 1458 2425 ut
1500 2370 1769 2443 parvulus.
1817 2372 1920 2446 (Ex

339 2458 598 2546 Primas‘)
622 2461 884 2535 Exemplo
905 2464 1139 2520 carnalis
1166 2463 1505 2531 incrementi,
1525 2464 1783 2536 spiritalis
1804 2467 1922 2521 vult

339 2565 645 2612 monstrare
669 2555 995 2627 profectum.

409 2647 518 2720 (Ea:
545 2649 862 2722 Ambrosio.)
921 2647 1014 2707 Sic
1037 2664 1166 2727 ergo
1188 2652 1468 2710 hominum
1510 2646 1837 2706 mirabilium
1860 2651 1918 2707 in

335 2734 442 2794 hac
491 2739 601 2794 vita
653 2738 940 2811 prophetia
970 2741 1044 2798 ita
1093 2741 1456 2811 comparanda
1486 2750 1570 2798 est
1619 2742 1698 2798 illi
1747 2745 1916 2811 vitae,

335 2829 493 2899 quasi
517 2831 731 2902 parvuli
755 2832 823 2887 ad
844 2830 1119 2902 juvenem.
1151 2829 1302 2888 Vidit
1324 2842 1501 2888 tamen
1533 2831 1747 2894 Eliseus
1771 2834 1916 2891 acci-

332 2923 570 2990 pientem
610 2939 834 2984 munera
869 2939 1085 2980 servum
1125 2940 1281 2980 suum
1302 2967 1317 2991 ,
1344 2924 1440 2982 ubi
1484 2925 1598 2995 ipse
1636 2940 1743 2980 non
1773 2933 1910 2981 erat.

332 3006 410 3064 ita
470 3025 593 3066 cum
647 3011 860 3067 venerit
917 3014 1060 3082 quod
1115 3012 1416 3084 perfectum
1474 3021 1579 3078 est,
1640 3029 1742 3068 nec
1799 3011 1913 3082 jam

335 3111 533 3168 corpus
586 3099 939 3169 corruptibile
1002 3101 1379 3172 aggravaverit
1435 3101 1712 3170 animam,
1776 3101 1911 3156 nihil

335 3189 648 3259 impedient,
673 3189 778 3245 illis
803 3190 1004 3245 sanctis
1024 3191 1090 3248 ad
1112 3205 1176 3248 ea
1198 3205 1318 3261 qua:
1342 3191 1571 3248 videnda
1595 3200 1740 3259 sunt,
1767 3192 1909 3272 oculi
1937 3179 1984 3243 C

331 3296 598 3352 corporei.

402 3369 626 3437 Quando
658 3371 830 3444 factus
875 3389 990 3428 sum
1035 3373 1143 3439 vir,
1194 3373 1444 3430 evacuavi
1489 3392 1551 3430 ea
1594 3390 1711 3448 qua:
1763 3383 1911 3429 erant

325 3462 552 3532 parvuli.
585 3462 684 3536 (Ex
706 3463 960 3536 Primas.)
993 3461 1238 3522 Ostendit
1265 3460 1533 3536 quomodo
1567 3476 1903 3522 evacuantur

328 3548 423 3610 illa
452 3571 572 3628 qua:
593 3559 840 3628 superius
878 3560 1229 3626 memoravit,
1275 3559 1427 3630 quasi
1457 3557 1665 3628 parvuli
1689 3557 1777 3628 qui
1804 3573 1910 3613 non

329 3645 600 3713 possimus
621 3647 968 3702 serenissima
982 3647 1164 3703 cordis
1185 3649 1301 3705 acie
1320 3644 1572 3717 perfectae
1599 3647 1777 3702 iumen
1792 3662 1912 3716 per-

330 3735 541 3804 spicere
566 3735 832 3792 veritatis.

406 3825 656 3883 Videmus
683 3847 820 3884 nunc
841 3845 933 3901 per
963 3829 1248 3902 speculum.
1296 3827 1355 3886 id
1408 3837 1512 3896 est,
1570 3831 1622 3885 in
1659 3831 1825 3901 ﬁgura
1855 3839 1908 3884 et

329 3930 428 3988 per
453 3910 729 3990 speculum
783 3921 904 3976 ﬁdci
958 3931 1014 3977 et
1042 3937 1142 3994 per
1187 3921 1518 3980 intellectum
1556 3922 1690 3992 legis
1718 3923 1870 3994 quasi

329 4008 623 4080 imaginem
654 4026 834 4066 rerum
856 4009 1123 4068 videmus.

401 4097 470 4154 In
504 4101 800 4172 enigmata.
833 4103 931 4171 (Ex
953 4102 1138 4177 Amb.)
1170 4101 1425 4174 Eulgma
1447 4113 1528 4160 est
1551 4105 1784 4163 obscura
1811 4119 1906 4176 pa-

323 4187 509 4247 rabola
533 4233 548 4258 ,
579 4209 699 4264 qum
721 4192 933 4251 diilicilc
969 4195 1316 4270 intelligitur,
1349 4197 1490 4255 sicut
1533 4199 1752 4257 nomine
1784 4213 1906 4269 spe-

323 4281 430 4336 culi
454 4283 741 4354 imagine‘m
765 4280 937 4342 voluit
963 4286 1224 4361 intelligi,
1275 4289 1349 4346 ita
1393 4291 1610 4347 nomine
1649 4291 1905 4362 aenigma-

324 4373 427 4438 tis,
465 4376 714 4443 quamvis
761 4373 1205 4446 similitudinem,
1245 4388 1424 4435 tamen
1474 4382 1759 4437 obscuram
1786 4422 1800 4448 ,
1851 4388 1906 4435 et

323 4461 391 4516 ad
440 4458 875 4534 perspiciendum
938 4465 1208 4522 difficilem
1265 4470 1436 4524 voluit
1492 4470 1736 4541 intelligi.
1798 4471 1904 4523 No-

323 4564 449 4604 men
478 4551 676 4622 quippe
703 4568 809 4608 non
836 4563 1053 4610 sonaret
1079 4557 1402 4625 amigmatis,
1430 4557 1475 4612 si
1504 4567 1649 4614 esset
1672 4557 1904 4614 facilitas

319 4653 566 4696 VlSIOﬂlS.

395 4729 542 4786 Tunc
561 4743 736 4788 autem
767 4733 902 4804 facie
927 4736 997 4790 ad
1022 4736 1229 4808 faciem.
1273 4729 1332 4792 ld
1359 4746 1461 4805 est,
1487 4755 1610 4795 cum
1631 4747 1756 4796 ante
1776 4756 1904 4798 ocu-

319 4821 403 4877 los
430 4832 755 4893 prmscntata
786 4823 991 4884 fuerint
1019 4845 1140 4900 qua:
1163 4839 1469 4900 sperantur.

400 4914 546 4970 Tunc
576 4926 749 4974 autem
779 4935 1092 4991 cognoscam
1131 4921 1265 4976 sicut
1297 4924 1534 4993 cognitus
1561 4941 1698 4979 sum.
1751 4921 1905 4979 Sicut

326 5021 412 5061 me
439 5004 680 5076 perfecte
708 5010 861 5064 novit
884 5008 1047 5078 Deus,
1074 5011 1148 5066 ita
1190 5019 1318 5067 tunc
1338 5029 1437 5084 ego
1454 5055 1468 5082 ,
1493 5030 1614 5088 quas
1635 5023 1760 5070 sunt
1782 5015 1900 5081 Dei,

323 5097 523 5152 mentis
548 5098 850 5168 capacitate
879 5115 1223 5171 cognoscam.

394 5183 554 5239 Nunc
578 5196 751 5240 autem
780 5198 989 5244 manent
1013 5230 1028 5255 ,
1055 5207 1199 5261 spes,
1239 5193 1400 5262 fides,
1463 5195 1693 5248 charitas
1725 5235 1740 5260 ,
1799 5196 1904 5250 tria

320 5275 452 5328 lucc.
487 5273 650 5331 Fides
674 5275 728 5330 in
771 5292 920 5348 spem
951 5279 1185 5350 proﬁcit.
1239 5281 1374 5352 Spes
1416 5299 1545 5338 vero
1574 5283 1638 5338 ad
1669 5283 1903 5342 Charita-

324 5378 454 5421 lem.
479 5367 536 5422 in
562 5369 817 5440 praesenti
841 5385 972 5426 vero
993 5373 1096 5426 tria
1121 5382 1267 5439 sunt,
1290 5376 1342 5429 in
1366 5373 1568 5439 futuro,
1594 5375 1704 5430 sola
1729 5376 1906 5432 chari-

321 5464 406 5510 tas
433 5465 746 5514 sanctorum
793 5465 849 5516 et
899 5461 1210 5533 angelorum
1241 5471 1296 5517 et
1323 5464 1436 5528 Dei,
1472 5465 1732 5536 quidquid
1771 5465 1904 5520 ﬁdes

323 5553 379 5598 rt
413 5562 538 5616 spes
563 5551 926 5620 promiserat,
966 5553 1382 5608 eonsummahit.
1414 5553 1584 5626 Μαίας
1624 5570 1753 5627 ergo
1799 5563 1900 5623 est,

323 5635 465 5700 quod
523 5654 736 5710 semper
791 5640 931 5709 erit,
998 5657 1159 5715 quam
1201 5643 1342 5714 quod
1393 5643 1680 5714 aliquando
1726 5661 1904 5700 cessa-

328 5725 422 5776 νίῑο
479 5769 482 5774 .

1931 4513 1980 4571 D

2030 1936 2050 1969 ι
2093 1933 2224 1974 vero
2256 1919 2424 1974 multo
2445 1919 2618 1990 magis
2639 1919 2907 1975 clamabat
2935 1937 2949 1974 :
2980 1919 3083 1974 Fili
3113 1921 3301 1985 David,
3335 1922 3597 1976 miserere

2029 2025 2050 2058 ι
2092 2008 2220 2062 mei.
2247 2006 2409 2063 Stans
2433 2017 2612 2064 autem
2641 2005 2819 2073 Iesus,
2843 2009 3008 2079 jussit
3032 2008 3182 2064 illum
3203 2009 3401 2064 adduci
3425 2009 3493 2063 ad
3517 2024 3595 2064 se.

2029 2114 2049 2150 s
2091 2096 2306 2154 Etcum
2329 2101 2808 2171 appropinquasset
2831 2101 3184 2171 interrogavit
3196 2115 3340 2166 eum,
3367 2101 3592 2156 dicens:

2027 2207 2047 2240 ι
2091 2189 2231 2256 Quid
2258 2191 2356 2246 tibi
2383 2192 2465 2247 vis
2492 2191 2724 2247 faciam?
2750 2192 2936 2248 Atille
2960 2193 3101 2248 dixit
3153 2211 3168 2247 :
3221 2192 3482 2257 Domine,
3531 2200 3593 2246 ut

2025 2294 2046 2327 ‹
2089 2279 2319 2332 videtin.
2346 2279 2413 2332 Et
2444 2277 2601 2338 Iesus
2641 2281 2780 2335 dixit
2807 2281 2882 2337 illi
2915 2299 2928 2336 :
2961 2283 3224 2352 Respice,
3257 2282 3393 2337 ﬁdes
3420 2291 3512 2336 tua
3541 2289 3596 2337 te

2025 2385 2046 2420 ι
2087 2368 2296 2423 salvum
2323 2369 2468 2424 fecit.
2502 2371 2571 2426 Et
2602 2371 2886 2426 confestim
2914 2374 3066 2438 vidit,
3099 2382 3154 2428 et
3175 2373 3506 2444 sequebatur
3533 2373 3597 2427 il-

2024 2472 2044 2507 s
2088 2455 2223 2521 lum,
2249 2457 2600 2527 magniﬁcans
2621 2457 2810 2514 Deum.
2839 2461 2908 2514 Et
2929 2461 3106 2517 omnis
3140 2462 3325 2531 plebs,
3352 2470 3411 2518 ut
3439 2463 3594 2519 vidit.

2019 2563 2043 2598 s
2086 2545 2233 2600 dedit
2255 2546 2469 2602 laudem
2500 2545 2632 2602 Deo.
2680 2565 2702 2600 s
3162 2581 3164 2584 ν

2085 2638 2377 2709 Assumpsit
2402 2648 2577 2693 autem
2603 2638 2760 2694 Iesus
2784 2641 3060 2697 duodecim
3081 2652 3129 2696 et
3155 2643 3230 2696 ait
3250 2641 3358 2696 illis
3397 2657 3417 2697 :
3453 2641 3597 2697 Ecce

2015 2729 2346 2783 ascendimus
2363 2728 2804 2800 Hierosolymam,
2830 2739 2881 2785 st
2899 2732 3402 2786 consummabantur
3413 2733 3596 2786 omnia

2012 2823 2351 2894 qua-scripta
2387 2831 2505 2876 sunt
2527 2838 2620 2893 per
2641 2822 2917 2892 prophetas
2939 2821 3002 2878 dc
3030 2821 3141 2891 ﬁlio
3164 2823 3411 2877 hominis.
3453 2821 3593 2876 Tra-

2013 2914 2168 2968 detur
2195 2913 2332 2968 enim
2359 2914 2593 2984 gentibus
2616 2953 2631 2976 ,
2679 2923 2727 2967 et
2765 2912 3016 2970 illudctur
3043 2922 3091 2966 et
3119 2911 3497 2982 ﬂagellabitur,
3545 2921 3594 2966 et

2012 3014 2347 3076 conspuetur,
2389 3015 2438 3058 et
2459 3013 2733 3075 postquam
2760 3002 3136 3074 ﬂagellaoerint
3162 3003 3398 3057 occident
3434 3020 3591 3068 eam,

2013 3105 2060 3151 et
2087 3096 2172 3150 die
2195 3097 2349 3150 tertia
2385 3103 2636 3166 resurget.

2085 3186 2194 3259 (Ex
2219 3185 2399 3257 Greg.)
2436 3185 2750 3241 Prasvidcns
2780 3184 3031 3242 Salvator
3073 3201 3143 3240 ex
3190 3186 3445 3257 passione
3493 3201 3593 3241 sua

2016 3277 2404 3349 discipulorum
2451 3277 2658 3332 animos
2686 3277 3104 3346 perturbandos,
3147 3278 3227 3333 eis
3255 3277 3410 3348 longe
3440 3287 3592 3343 ante,

2013 3377 2070 3426 et
2128 3369 2369 3439 ejusdem
2421 3369 2694 3438 passionis
2741 3382 2958 3440 poenam
2988 3409 3004 3434 ,
3061 3379 3118 3424 et
3173 3370 3594 3426 resurrectionis

2011 3479 2124 3520 suae
2161 3462 2386 3535 gloriam
2438 3462 2714 3540 praedicit,
2781 3469 2841 3516 ut
2885 3477 3010 3517 cum
3046 3462 3364 3516 morientem
3389 3500 3405 3527 ,
3447 3462 3594 3516 sicut

2009 3555 2329 3625 praedictum
2352 3563 2468 3610 erat
2504 3561 2813 3620 cernerent,
2832 3553 3001 3608 etiam
3023 3560 3458 3607 resurrecturum
3481 3568 3590 3607 non

2011 3646 2342 3702 dubitarent.

2083 3737 2190 3810 (Eat
2229 3736 2423 3810 Beda.)
2460 3737 2770 3792 Praevidens
2804 3735 2970 3791 etiam
3005 3731 3271 3804 quosdam
3299 3732 3593 3787 hmreticos

2009 3831 2062 3884 in
2107 3830 2350 3887 Ecclesia
2395 3829 2609 3885 futuros
2635 3870 2649 3895 ,
2698 3829 2793 3899 qui
2837 3827 3118 3883 Christum
3157 3824 3402 3890 dicerent
3481 3821 3591 3893 legi

2009 3923 2400 3994 prophetisque
2443 3922 2692 3977 docuisse
2720 3919 3016 3982 contraria,
3071 3917 3346 3986 aliumque
3373 3915 3593 3970 Veteris

2001 4000 2342 4070 Testamenti
2363 4021 2524 4080 atque
2548 4011 2714 4064 alium
2737 4009 2871 4064 Novi
2894 4010 3062 4064 Deum
3090 4022 3209 4062 esse
3229 4004 3588 4072 credendum,

2005 4105 2242 4168 ostendit
2265 4103 2651 4175 prophetarum
2680 4100 2945 4171 praesagia
2971 4113 3075 4153 non
3100 4097 3204 4151 alio
3227 4095 3398 4166 magis
3418 4111 3588 4164 quam

2006 4201 2074 4257 ad
2113 4214 2225 4256 sua:
2253 4194 2696 4268 diSpensationis,
2735 4208 2897 4264 quam
2933 4207 3035 4264 pro
3069 4190 3228 4247 nobis
3257 4193 3591 4260 temporaria

2007 4291 2246 4360 suscepit
2271 4329 2286 4354 ,
2322 4287 2620 4342 intendisse
2648 4283 2967 4356 mysterium
2989 4324 3002 4347 ,
3056 4282 3193 4336 adeo
3235 4289 3296 4335 ut
3335 4297 3593 4336 consum-

2006 4380 2176 4435 matio
2205 4379 2278 4434 sit
2326 4377 2626 4448 prophetia:
2671 4390 2783 4432 suae
2835 4374 3138 4446 passionis,
3168 4382 3225 4430 et
3264 4372 3590 4444 posterioris

2006 4469 2190 4540 gloria:
2219 4468 2492 4524 celebrata
2541 4465 2826 4537 perfectio.
2858 4467 2969 4523 Nec
3016 4483 3124 4521 non
3170 4474 3224 4520 et
3250 4478 3590 4535 paganorum

2007 4563 2360 4625 dementiam,
2390 4577 2510 4632 qum
2547 4561 2664 4630 ejus
2689 4574 2907 4614 crucem
2940 4560 3217 4621 derident,
3243 4556 3589 4625 apertissime

2005 4652 2274 4719 confutat,
2306 4653 2521 4723 quando
2545 4651 2807 4722 proxima:
2838 4666 2952 4706 suae
2972 4649 3243 4719 passionis
3269 4655 3324 4702 et
3343 4656 3586 4716 tempus,

2005 4741 2160 4810 quasi
2184 4739 2488 4795 futurorum
2527 4740 2790 4811 praescius
2815 4738 3074 4796 ostendit.
3115 4745 3173 4794 et
3207 4737 3384 4794 locum
3425 4737 3587 4806 quasi

2004 4831 2197 4885 mortis
2225 4830 2524 4899 intrepidus
2543 4831 2694 4886 adiit.
3231 4889 3234 4892 ,

2077 4921 2146 4974 Et
2185 4922 2285 4992 ipsi
2312 4920 2446 4975 nihil
2473 4921 2661 4975 horum
2691 4922 3090 4985 intellexerunt,
3119 4927 3172 4973 et
3208 4927 3321 4972 erat
3367 4916 3586 4973 verbum

2005 5013 2146 5067 istud
2169 5012 2530 5067 absconditum
2568 5013 2632 5067 ab
2667 5014 2743 5069 eis
2766 5056 2780 5078 ,
2821 5023 2868 5068 et
2910 5029 3014 5067 non
3061 5009 3415 5081 intelligebant
3464 5024 3587 5081 qua:

2005 5105 2336 5159 dicebantur.
2363 5103 2618 5173 Legimus
2643 5107 2699 5160 in
2731 5105 3020 5177 Evangelio
3071 5104 3365 5160 secundum
3413 5101 3582 5157 Ioan-

2005 5206 2128 5249 ncm
2149 5235 2163 5259 ,
2192 5194 2405 5249 dicente
2438 5195 2666 5249 Domino
2699 5215 2712 5248 :
2769 5196 2829 5251 Si
2874 5194 3138 5249 exaltatus
3167 5195 3316 5264 fuero
3359 5212 3392 5247 a
3417 5203 3585 5258 terra,

2006 5285 2183 5338 omnia
2217 5284 2424 5337 traham
2451 5283 2520 5336 ad
2543 5301 2624 5338 me
2649 5285 2820 5354 ipsum
2840 5326 2854 5350 ,
2885 5284 3230 5354 respondisse
3257 5283 3471 5338 turbam
3498 5290 3588 5336 at-

2010 5388 2116 5445 que
2159 5373 2363 5429 dixisse
2396 5391 2409 5426 :
2445 5370 2559 5427 Nos
2595 5373 2891 5428 audivimus
2942 5391 3007 5428 ea:
3032 5372 3142 5444 lege
3189 5387 3312 5443 quia
3347 5370 3586 5425 Christus

2008 5474 2181 5519 manet
2219 5465 2277 5520 in
2323 5474 2611 5531 (uernum,
2655 5473 2701 5519 et
2737 5464 2995 5536 quomodo
3036 5473 3093 5517 tu
3125 5463 3258 5517 dicis
3305 5475 3324 5513 :
3370 5461 3587 5531 Oportet

2007 5555 2236 5610 exaltari
2262 5555 2432 5625 ﬁlium
2465 5556 2690 5610 hominis
2729 5555 2910 5625 (loan.
2959 5553 3097 5625 xu)?
3146 5552 3284 5620 Quid
3328 5560 3415 5606 est
3453 5563 3587 5618 ergo

2007 5646 2150 5714 quod
2173 5645 2420 5715 discipuli
2451 5647 2613 5702 toties
2640 5645 2741 5701 sibi
2773 5644 3090 5714 replicatam
3133 5640 3430 5698 Dominicac
3458 5653 3579 5708 pas-

2009 5735 2176 5790 sionis
2227 5749 2482 5790 arcanum
2518 5736 2815 5808 intelligere
2863 5742 3179 5802 nequeunt,
3231 5741 3282 5786 et
3317 5729 3484 5786 Iudici
3513 5723 3581 5779 ad
