3998 6198
359 339 459 392 tl‘J

1568 365 1570 368 ν
1645 335 1996 398 SMARAGDI
2034 336 2322 398 ABBATIS

3519 331 3613 413 tab

364 471 384 508 ι
409 452 465 510 in
494 451 580 508 die
606 450 794 509 salutis
818 442 993 525 adiuvi
1016 463 1086 507 te.
1114 453 1254 507 Ecce
1300 466 1444 507 nunc
1490 437 1700 523 tempus
1746 468 1934 524 accep-
1961 460 2011 518 Α
2037 455 2248 520 nclicia,
2282 457 2353 510 ita
2394 472 2492 512 nos
2514 474 2619 512 non
2658 459 2936 513 vincamur
2984 459 3161 524 malis,
3203 460 3294 515 sed
3335 462 3608 526 vincamus

361 562 384 597 ι
411 542 595 610 ιῐὼίιε,
623 559 752 599 ecce
779 559 920 598 nunc
946 543 1061 597 dies
1086 543 1296 597 salutis.
1324 541 1534 596 Nemini
1562 543 1753 598 dantes
1769 544 1932 598 ullam

363 622 778 697 toll‘ensionem,
809 643 864 687 ut
908 648 1015 688 non
1055 633 1395 702 vituperetur
1435 633 1798 687 ministerium
1834 650 1931 688 no-

362 744 380 778 σ
405 736 600 783 strum.
617 724 722 780 Sed
752 725 807 778 in
833 726 1084 780 omnibus
1101 725 1453 780 exhibeamus
1480 725 1840 796 nosmetipsos
1867 729 1944 782 si-

361 835 379 864 c
407 815 614 870 cutDei
649 815 945 870 ministros.
977 809 1035 868 in
1062 811 1230 870 multa
1268 816 1552 886 patientia,
1607 817 1661 870 in
1710 817 1939 871 tribulca

358 923 378 959 ‹
405 905 664 974 tionibus,
692 906 747 961 in
774 906 1205 971 necessitatibus,
1230 907 1284 961 in
1311 907 1598 977 angustiis,
1639 907 1692 960 in
1736 906 1926 976 plagis,

358 1017 376 1050 ι
404 999 457 1053 in
483 997 810 1064 carceribus,
835 999 889 1052 in
919 997 1290 1064 seditionibus,
1313 998 1369 1052 in
1393 997 1686 1063 laboribus,
1719 997 1772 1052 in
1797 991 1932 1068 vigi-

358 1110 376 1143 ι
402 1092 508 1157 liis,
537 1092 591 1145 in
607 1090 846 1162 jejun'iis,
879 1091 934 1144 in
959 1089 1319 1152 castitate,in
1350 1089 1598 1153 scientia,
1645 1088 1697 1142 in
1743 1087 1930 1155 longa-

358 1199 375 1231 ι
404 1181 667 1246 nimitate,
698 1181 752 1235 in
781 1180 1068 1245 suavitate,
1093 1182 1146 1234 in
1175 1178 1379 1249 Spiritu
1407 1187 1619 1244 sancto,
1662 1179 1716 1233 in
1759 1178 1932 1232 chari-

355 1286 375 1320 ι
403 1277 512 1326 tate
532 1279 639 1325 non
666 1269 880 1337 licta,in
903 1265 1069 1325 verbo
1096 1270 1358 1334 veritatis,
1373 1269 1426 1322 ln
1448 1269 1650 1323 virtute
1684 1260 1798 1322 Dei.
1827 1267 1931 1323 Per

354 1373 374 1410 ¢
402 1375 552 1415 arma
577 1353 802 1431 justitite
829 1377 858 1415 a
880 1360 1088 1416 dextris
1122 1368 1176 1414 et
1201 1374 1231 1414 a
1253 1360 1508 1416 sinistris.
1556 1359 1661 1415 Per
1703 1359 1926 1430 gloriam

353 1465 373 1501 α
399 1459 455 1508 et
480 1452 887 1523 ignobilitatem.
919 1452 1026 1508 Per
1052 1452 1328 1507 infamiam
1358 1461 1413 1508 et
1459 1454 1654 1509 bonam
1703 1452 1925 1518 famam,

352 1559 374 1590 ς
402 1547 462 1595 ut
488 1541 799 1598 seductorcs
821 1550 875 1596 et
896 1556 1135 1597 veraces.
1193 1541 1346 1598 Sicut
1369 1543 1460 1613 qui
1487 1543 1651 1613 ignoti
1672 1550 1728 1598 et
1749 1545 1930 1614 cogni-

353 1649 372 1682 α
405 1630 463 1698 ti,
491 1631 643 1702 quasi
678 1633 993 1698 morientes,
1019 1643 1074 1687 et
1111 1647 1240 1688 ecce
1275 1634 1527 1688 vivimus.
1580 1633 1649 1689 Ut
1674 1634 1926 1704 castigati

352 1739 371 1769 α
399 1729 454 1776 et
487 1736 594 1776 non
632 1719 960 1776 mortillcati.
1016 1721 1181 1788 Quasi
1230 1722 1434 1786 tristes,
1487 1736 1700 1792 semper
1745 1731 1924 1776 autem

2034 546 2090 599 in
2117 547 2258 602 bono
2284 549 2473 603 malos.

2103 636 2168 690 In
2202 638 2366 691 multa
2390 639 2660 708 patientia.
2686 639 2795 709 (Ex
2820 640 3064 712 Hieron.)
3085 640 3199 695 Non
3223 641 3276 696 in
3314 656 3476 712 parva
3505 661 3602 706 nec

2032 726 2086 780 in
2111 728 2337 791 modica,
2369 730 2462 783 sed
2492 729 2546 782 in
2573 730 2760 783 multa.

2101 813 2169 868 In
2197 815 2635 873 tribulationibus.
2667 816 2855 874 Omnis
2896 819 3044 875 laesio
3078 822 3356 880 tribulatio
3388 826 3600 884 dicitur.

2100 903 2166 958 In
2197 909 2611 963 necessitatibus.
2642 909 2699 963 1d
2727 917 2834 972 est.
2866 921 3025 965 omne
3065 913 3209 981 quod
3255 929 3478 973 necesse
3523 930 3604 975 est

2028 996 2108 1052 sic
2134 996 2388 1064 feramus,
2412 1010 2472 1054 ut
2503 1014 2724 1056 necesse
2749 1009 2853 1057 est.

2098 1085 2166 1141 In
2194 1088 2468 1158 angustiis.
2498 1089 2757 1161 Augustis
2808 1100 2893 1146 cst
2921 1093 3097 1148 munis
3121 1097 3340 1165 egentia

2100 1175 2166 1230 In
2193 1176 2382 1247 plagis,
2410 1179 2466 1232 in
2495 1181 2809 1234 carceribus.
2842 1180 2952 1236 Hoc
2995 1193 3095 1238 nos
3123 1184 3373 1240 hortatur
3394 1189 3523 1257 pati,
3561 1191 3604 1244 si

2027 1277 2250 1322 necesse
2277 1267 2433 1322 fuerit
2463 1285 2560 1338 pro
2582 1268 2816 1335 Christo,
2847 1273 2989 1341 quod
3023 1281 3079 1328 et
3132 1275 3220 1329 ille
3267 1291 3462 1346 passus
3505 1289 3602 1345 est,

2027 1356 2243 1422 quando
2263 1358 2538 1412 concurrit
2551 1357 2792 1427 plebs,et
2812 1362 3156 1430 magistratus
3175 1366 3436 1421 adversus
3462 1382 3608 1435 eum,

2027 1453 2082 1500 et
2115 1445 2299 1503 multis
2321 1448 2591 1517 virgarum
2629 1449 2801 1520 plagis
2825 1452 3089 1522 impositis
3111 1453 3374 1510 miserunt
3402 1459 3460 1512 in
3493 1474 3608 1513 car-
3696 1465 3702 1472 '

2028 1550 2204 1591 eerem
2213 1575 2227 1590 .

2097 1623 2165 1678 In
2189 1625 2548 1692 seditionibus,
2581 1630 2636 1684 in
2657 1629 2941 1695 laboribus,
2978 1633 3035 1684 in
3073 1632 3284 1701 uigiliis.
3317 1633 3438 1690 Non
3490 1652 3607 1692 mo-

2029 1715 2146 1771 dica
2196 1717 2301 1772 hoc
2328 1717 2446 1774 loco
2466 1720 2740 1790 patientia:
2768 1723 3010 1777 membra
3032 1723 3305 1786 describit,
3331 1726 3383 1779 iu
3404 1730 3611 1784 exerci-

350 1828 369 1860 ‹
401 1809 721 1881 gaudentes,
764 1812 908 1866 sicut
939 1819 1180 1882 egentes,
1224 1812 1421 1866 multos
1466 1820 1648 1867 autem
1692 1811 1929 1883 ιοειιριε-
1957 1794 2002 1852 Β
2032 1805 2121 1860 tiis
2145 1807 2290 1862 enim
2316 1807 2562 1864 laborum
2587 1826 2692 1864 non
2723 1811 2901 1866 minus
2943 1813 3141 1867 mentis
3183 1813 3376 1884 vigilia:
3414 1817 3611 1873 debent

350 1917 368 1948 ι
402 1907 591 1956 tantes.
610 1901 888 1972 Tanquam
912 1902 1044 1957 nihil
1067 1904 1346 1966 habentes,
1368 1913 1423 1958 et
1441 1905 1622 1958 omnia
1653 1905 1932 1974 possiden-

348 2013 367 2046 t
398 2002 498 2050 tos.
533 2007 552 2048 ι

414 2085 708 2140 Hortamur
733 2096 820 2140 vos
847 2101 912 2140 ne
935 2087 990 2139 in
1015 2093 1236 2140 vacuum
1261 2087 1485 2156 gratiam
1515 2083 1614 2139 Dei
1641 2085 1924 2155 recipiatis.

343 2179 360 2248 l_
380 2177 454 2231 Ex
470 2175 700 2230 Primus.
720 2184 736 2244 )
758 2175 818 2228 ln
842 2189 1068 2229 vacuum
1097 2176 1191 2230 Dei
1221 2176 1450 2244 gratiam
1478 2176 1691 2244 recipit,
1713 2175 1805 2244 qui
1837 2191 1929 2229 vo-

340 2273 493 2320 catus
519 2265 572 2318 in
597 2263 837 2330 Christo,
865 2273 1050 2319 vetera
1079 2264 1256 2319 adhuc
1280 2264 1413 2332 legis
1461 2264 1708 2318 instituta
1753 2273 1927 2319 secta-

342 2364 452 2414 tur.

417 2453 503 2506 Ait
529 2448 688 2518 enim,
717 2460 943 2522 tempore
970 2461 1176 2522 accepto
1217 2449 1459 2504 exaudiri
1482 2459 1552 2514 te,
1580 2455 1627 2504 et
1653 2450 1708 2503 in
1733 2449 1818 2502 die
1838 2465 1926 2503 ea-

343 2544 468 2598 lntis
497 2543 680 2614 adjuvi
706 2553 774 2598 te.
799 2537 1033 2612 Tempus
1056 2549 1356 2611 acceptum,
1386 2543 1442 2594 et
1467 2539 1582 2594 dies
1623 2539 1814 2594 salutis
1868 2537 1921 2591 in

340 2635 443 2690 hac
468 2633 578 2689 vita
602 2643 706 2701 est,
731 2633 869 2690 sicut
888 2635 960 2687 ait
985 2632 1231 2687 Salvator
1256 2650 1268 2684 :
1299 2629 1573 2684 Ambulate
1605 2630 1732 2683 dum
1757 2627 1922 2682 lucem

338 2725 556 2788 habetis,
584 2741 646 2778 ne
671 2724 892 2778 tenebrat
925 2740 1012 2777 vos
1057 2720 1510 2792 comprehendant,
1555 2720 1680 2789 quia
1728 2719 1782 2773 in
1831 2717 1925 2772 illo

337 2812 534 2869 szcculo
556 2813 704 2868 nulla
732 2811 1035 2868 emendatio
1069 2825 1191 2866 esse
1240 2817 1435 2880 potest,
1481 2810 1619 2864 sicut
1657 2808 1922 2878 legimus:

339 2907 602 2973 Quoniam
633 2922 736 2959 non
758 2914 832 2959 est
854 2905 909 2957 in
933 2913 1098 2957 morte
1116 2902 1415 2974 quimemor
1431 2902 1486 2954 si.
1511 2900 1586 2953 tui
1616 2896 1796 2972 (Psal.
1812 2913 1862 2953 Vt
1879 2896 1920 2968 ).

415 2996 436 3067 l
451 2995 537 3050 Ea:
557 2992 812 3068 Hieron.)
843 2991 999 3048 Modo
1027 2991 1198 3047 solum
1241 3005 1528 3060 possumus
1563 2988 1803 3043 invenire
1835 3002 1926 3042 sa-

338 3081 528 3150 lutem,
551 3085 675 3154 quia
697 3085 850 3154 juxta
877 3082 1160 3151 Propheta:
1181 3081 1547 3136 testimonium
1575 3098 1587 3132 :
1613 3080 1667 3133 in
1711 3077 1924 3136 inferno

337 3186 497 3230 nemo
527 3173 889 3228 contltebitur.

406 3263 546 3316 Ecce
570 3277 706 3315 nunc
727 3270 924 3331 tempus
952 3259 1282 3331 acceptabile,
1298 3277 1412 3316 ecce
1427 3275 1563 3315 nunc
1575 3261 1686 3316 dies
1701 3260 1913 3315 salutis.

337 3355 449 3427 (Ex
479 3351 747 3424 Primas.)
775 3350 930 3407 Sicut
969 3351 1286 3422 alibizErgo
1329 3352 1454 3406 dum
1497 3359 1710 3421 tempus
1756 3351 1922 3405 habe-
1957 3421 1960 3424 ξ

335 3459 458 3500 mus
481 3456 769 3513 operemur
787 3441 932 3511 quod
954 3441 1153 3495 bonum
1177 3449 1281 3495 est.
1324 3439 1451 3494 Dies
1496 3448 1676 3493 autem
1725 3439 1921 3493 dicitur

338 3541 454 3595 haec
475 3539 607 3604 vita,
641 3537 765 3608 quia
793 3545 916 3606 apta
939 3545 1022 3590 est
1043 3536 1108 3591 ad
1136 3534 1487 3604 operandum,
1503 3542 1558 3588 et
1583 3533 1922 3588 concluditur

335 3629 392 3682 lu
412 3628 796 3700 noctejudicii,
823 3641 943 3698 qum
962 3635 1045 3682 est
1067 3628 1300 3681 tenebrae
1320 3627 1373 3679 in
1398 3641 1503 3694 qua
1530 3635 1688 3679 nemo
1720 3625 1921 3694 poterit

334 3720 569 3788 operari.
627 3717 749 3774 [hec
781 3721 887 3773 vlta
917 3728 973 3773 et
996 3728 1157 3773 aestas
1185 3719 1403 3783 dicitur,
1431 3719 1486 3772 in
1513 3715 1667 3784 cujus
1705 3731 1921 3785 compa-

336 3811 567 3875 ratione,
602 3810 841 3866 formicae
884 3812 950 3864 ad
1002 3820 1242 3880 prmsens
1272 3810 1520 3864 laborare
1553 3810 1824 3874 dicuntur,
1865 3817 1920 3863 ct

339 3902 570 3957 hiemem
595 3917 816 3971 sperare
838 3909 1140 3956 venturam.

411 3991 622 4047 Nemini
665 3993 849 4048 dantes
904 3992 1069 4046 ullam
1122 3993 1480 4062 offensionem.
1534 3991 1645 4063 (Ex
1670 3990 1918 4063 Hieron.)

335 4083 506 4140 Nemo
546 4089 731 4139 nostro
767 4083 1072 4138 oll'endatur
1106 4081 1370 4152 exemplo,
1398 4095 1468 4136 ne
1499 4096 1606 4136 non
1664 4089 1775 4136 tam
1824 4096 1921 4135 no-

336 4184 509 4233 tslrum
535 4176 725 4232 vitium
756 4182 972 4246 putetur
1002 4189 1120 4229 esse
1152 4185 1315 4243 quam
1344 4171 1496 4243 legis.
1681 4181 1686 4187 ‘

409 4284 530 4357 (Ex
557 4285 820 4356 Primus.)
848 4274 903 4338 ld
933 4291 1036 4348 est,
1067 4298 1136 4338 ne
1164 4280 1305 4339 forte
1357 4282 1602 4338 inﬁdeles
1648 4293 1746 4354 per
1799 4298 1921 4338 nos-

342 4379 480 4430 tram
506 4375 885 4446 negligentiam
908 4371 1266 4440 destruamus,
1292 4379 1346 4428 et
1372 4375 1426 4428 in
1455 4389 1560 4444 quo
1585 4375 1922 4445 displicueri-

341 4479 480 4527 mus,
509 4464 784 4533 religienis
803 4463 974 4533 magis
997 4479 1059 4517 ac
1079 4463 1213 4532 legis
1241 4471 1438 4518 nostra:
1465 4465 1653 4518 vitium
1682 4476 1805 4518 esse
1841 4464 1922 4517 di-
1945 4478 1997 4536 D

338 4543 599 4621 iudicent,
622 4561 677 4606 et
703 4553 758 4606 hi
785 4551 876 4621 qui
905 4550 1083 4604 aemuli
1114 4562 1237 4605 sunt
1258 4567 1355 4621 per
1388 4553 1623 4608 hominis
1642 4552 1918 4617 delictum,

351 4640 547 4713 regula:
573 4648 770 4697 nostra!
817 4645 1061 4696 sanetum
1087 4643 1392 4710 vituperent
1416 4643 1739 4697 institutum.

415 4749 485 4806 Ut
511 4769 614 4807 non
644 4754 958 4824 vituperetur
981 4747 1325 4808 ministerium
1358 4755 1681 4810 nostrum.ld
1696 4764 1800 4820 est,
1815 4772 1920 4812 non

344 4842 627 4913 displiceat
661 4843 714 4898 in
744 4843 1053 4913 aliquantis,
1078 4853 1132 4897 et
1157 4849 1448 4912 paucorum
1491 4845 1646 4914 culpa
1755 4845 1919 4900 etiam

342 4932 470 4989 boni
495 4933 772 4988 incurrere
791 4933 1076 4988 videantur
1100 4931 1379 4988 oﬂ'cnsam.

417 5021 525 5077 Sed
548 5023 604 5076 in
631 5022 868 5078 omnibus
894 5023 1223 5078 exhibeamus
1247 5022 1602 5092 nosmetipsos.
1618 5022 1719 5090 Qui
1736 5023 1803 5077 ad
1819 5025 1924 5078 vir-

343 5119 516 5168 tutem
540 5121 799 5183 provocat
820 5115 1111 5185 appetitum
1139 5115 1372 5181 virtutis,
1403 5115 1516 5186 ipse
1539 5116 1693 5170 noliis
1716 5117 1924 5171 miseri-

343 5201 585 5259 corditer
611 5203 906 5268 ministrat,
935 5215 1096 5274 quam
1123 5205 1169 5259 si
1197 5206 1628 5274 concupiscimus
1673 5206 1742 5260 ah
1784 5207 1919 5276 ipso,

345 5293 440 5366 qui
462 5309 580 5349 eam
607 5293 776 5352 excoli
801 5295 1040 5365 prmeipit
1063 5294 1397 5364 adjuvamur.

421 5403 572 5460 Sicut
622 5402 721 5457 Dei
750 5404 1030 5458 ministros.
1063 5405 1157 5459 Dei
1191 5407 1422 5461 ministri
1468 5409 1579 5464 Deo
1625 5409 1824 5465 debent
1871 5411 1923 5465 in

348 5497 604 5551 omnibus
634 5494 962 5560 ministrare,
992 5504 1047 5549 et
1067 5511 1228 5565 opere
1250 5499 1500 5568 cognosci
1527 5500 1636 5553 veri
1667 5499 1762 5553 Dei
1807 5515 1927 5555 esse

354 5588 612 5653 cultores,
641 5595 694 5643 et
721 5587 864 5642 sicut
890 5587 978 5643 ille
1000 5605 1032 5642 a
1061 5586 1216 5642 malis
1247 5589 1451 5658 patitur
1476 5589 1856 5660 blasphemari,
1874 5599 1928 5648 et

355 5677 410 5732 ln
433 5678 683 5744 presenti
715 5685 842 5744 vita,
877 5678 1038 5734 etiam
1065 5678 1286 5748 ingratis
1314 5694 1412 5735 sua
1436 5695 1543 5735 non
1572 5681 1798 5753 denegat
1836 5684 1926 5740 bc-

2028 1912 2170 1962 csse,
2201 1909 2361 1968 quam
2384 1903 2647 1972 corporis.

2099 1987 2167 2042 In
2187 1988 2427 2058 jejuniis.
2456 1983 2564 2061 (Ex
2593 1991 2878 2064 Ambros.)
2906 1985 3223 2051 Necessaria
3271 2007 3469 2052 anima:
3515 2013 3612 2052 no-

2031 2085 2158 2133 stra:
2177 2087 2302 2134 sunt
2322 2079 2548 2151 jejunia,
2574 2083 2713 2137 sicut
2745 2084 3055 2140 vulneribus
3095 2087 3380 2142 medicina.
3436 2089 3613 2144 Mede-

2029 2168 2134 2223 lam
2161 2170 2305 2224 enim
2330 2171 2616 2227 conferunt
2642 2175 2764 2230 vine
2810 2185 3101 2246 perpetuae,
3152 2179 3226 2232 ita
3285 2187 3487 2245 tamen,
3553 2189 3613 2235 ut

2029 2257 2254 2310 duarum
2291 2273 2473 2313 rerum
2522 2262 2832 2319 testimonio
2887 2266 3350 2332 commendentur,
3395 2267 3453 2322 id
3502 2277 3611 2332 est,

2027 2348 2270 2402 oratione
2295 2357 2351 2404 et
2380 2351 2768 2408 misericordia.

2095 2438 2165 2493 In
2185 2443 2440 2506 castitate,
2455 2443 2511 2497 in
2529 2443 2766 2498 scientia.
2783 2446 2803 2518 (
2815 2446 2895 2501 Ex
2917 2445 3136 2506 Hieron.
3153 2451 3170 2520 )
3187 2450 3338 2507 Sicut
3358 2457 3501 2511 enim
3527 2469 3622 2510 ne-

2024 2531 2262 2584 cessaria
2320 2532 2476 2586 nobis
2524 2540 2608 2588 est
2637 2534 2859 2589 castitas
2892 2538 3155 2604 corporis,
3187 2540 3261 2594 ita
3301 2550 3356 2594 et
3387 2545 3617 2601 mentis.

2023 2619 2114 2676 Illa
2143 2623 2287 2676 enim
2316 2631 2402 2680 est
2426 2638 2552 2678 vera
2581 2627 2825 2691 castitas,
2851 2643 2971 2697 qua:
3000 2642 3099 2684 nec
3123 2639 3304 2686 mente
3321 2633 3606 2701 polluitur,

2024 2727 2126 2768 nec
2153 2728 2338 2784 opere,
2366 2729 2486 2784 qua:
2507 2716 2670 2770 etiam
2705 2718 2862 2773 nobis
2912 2719 3192 2775 scientiam
3237 2731 3464 2791 prmstat
3508 2739 3615 2794 pro

2025 2803 2218 2857 merito
2242 2805 2513 2873 puritatis.
2547 2805 2614 2860 Et
2641 2808 2933 2862 notandum
2963 2810 3106 2878 quod
3137 2811 3365 2866 scientia
3397 2815 3615 2882 species

2024 2892 2242 2949 virtutis
2269 2895 2358 2960 sit,
2385 2895 2431 2950 si
2451 2911 2517 2951 ex
2540 2911 2603 2951 ea
2638 2898 2865 2968 quisque
2897 2900 3194 2966 erudiatur,
3229 2916 3336 2957 non
3364 2903 3611 2960 inlletur.

2094 2982 2162 3037 In
2188 2982 2601 3054 longanimitate.
2629 2985 2685 3040 ld
2711 2994 2814 3052 est,
2850 2987 2904 3042 in
2936 2988 3257 3044 sustinentia
3289 2990 3470 3060 longa,
3501 2993 3614 3048 lano

2023 3071 2310 3141 ganimitas
2329 3082 2510 3128 autem
2527 3075 2745 3142 dicitur,
2766 3077 2822 3130 in
2843 3077 3172 3133 sustinendis
3185 3081 3612 3137 adversitatibus

2025 3162 2188 3216 animi
2215 3159 2489 3218 fortitudo.

2090 3250 2158 3306 In
2184 3254 2460 3308 suavitate.
2489 3252 2740 3310 Suavitas
2763 3264 2942 3311 autem
2965 3265 3069 3322 est,
3097 3259 3142 3312 si
3172 3258 3299 3312 nulli
3324 3275 3390 3313 ex
3416 3262 3606 3318 verbis

2021 3344 2218 3400 nostris
2248 3346 2658 3401 amaritudinem
2697 3363 3034 3418 generemus,
3084 3357 3141 3404 et
3184 3350 3313 3404 illud
3359 3351 3610 3420 ejusdem

2017 3436 2258 3506 Apostoli
2289 3436 2651 3508 compleamus
2680 3457 2692 3492 :
2719 3437 2901 3493 Omnis
2938 3440 3259 3506 amaritudo,
3301 3453 3350 3494 et
3379 3443 3609 3510 clamor,

2017 3538 2067 3582 et
2091 3528 2409 3598 blasphemia
2455 3529 2671 3584 tollatur
2696 3548 2730 3584 a
2756 3531 2895 3586 vobis
2938 3545 3056 3585 cum
3097 3533 3240 3586 omni
3283 3534 3531 3600 malitia;
3555 3545 3612 3591 et

2020 3616 2262 3676 dicamus
2292 3619 2420 3674 illud
2465 3619 2755 3689 Sapientite
2804 3621 3169 3676 testimonium
3197 3637 3210 3675 :
3236 3621 3444 3679 Fauces
3489 3625 3612 3695 ejus

2019 3709 2343 3772 dulcedines,
2371 3719 2428 3765 et
2455 3711 2619 3766 totius
2639 3710 2914 3766 desiderii.

2091 3798 2157 3854 In
2192 3798 2395 3871 Spiritu
2425 3809 2624 3855 sancto.
2655 3800 2713 3856 ld
2740 3808 2922 3865 estut,
2950 3801 3067 3857 haec
3107 3801 3386 3868 habentes,
3414 3804 3612 3876 dignos

2006 3890 2118 3946 ‘no‘s
2144 3891 2476 3947 habitatione
2495 3891 2609 3959 ejus
2631 3893 2808 3947 cordis
2841 3893 3154 3947 sinceritate
3180 3892 3465 3950 faciamus.

2089 3979 2156 4034 In
2182 3980 2436 4033 charitate
2464 3995 2566 4033 non
2593 3981 2736 4047 ﬁcta.
2769 3981 2919 4036 Tunc
2947 3998 3053 4036 non
3081 3982 3207 4036 licta
3229 3991 3312 4036 est
3340 3984 3610 4051 Charitas,

2020 4071 2064 4125 si
2091 4069 2272 4125 omnia
2298 4084 2418 4138 qum
2439 4069 2592 4123 nobis
2607 4067 2721 4122 ﬁeri
2745 4069 3011 4134 volumus,
3026 4069 3146 4122 aliis
3169 4067 3450 4124 faciamus.
3477 4071 3580 4128 Sic
3595 4105 3611 4116 -

2020 4170 2081 4215 ut
2109 4161 2185 4215 ait
2211 4159 2484 4230 apostolus
2506 4157 2779 4215 Joannes:
2823 4159 2949 4213 Non
2986 4158 3267 4230 diligamus
3308 4160 3479 4224 verbo,
3511 4179 3612 4218 nec

2021 4250 2226 4321 lingua,
2253 4249 2343 4304 sed
2373 4266 2523 4322 opere
2546 4258 2594 4304 et
2621 4249 2856 4303 ueritate.
2890 4249 2946 4303 lu
2973 4249 3076 4304 hoc
3101 4263 3313 4318 quoque
3338 4265 3445 4304 non
3474 4251 3612 4308 fleta

2023 4349 2106 4394 est
2132 4340 2390 4406 Charitas,
2421 4339 2466 4395 si
2494 4339 2689 4395 delicta
2718 4347 2776 4395 et
2806 4339 2996 4410 culpas
3033 4339 3265 4412 benigno
3304 4340 3500 4397 affectu
3548 4345 3608 4399 in

2025 4427 2283 4482 fratribus
2309 4428 2655 4498 castigemus.

2094 4515 2204 4584 (Ea:
2239 4517 2445 4586 Ambr.)
2487 4516 2680 4570 Totam
2718 4519 3140 4588 magnitudinem
3178 4525 3232 4572 et
3257 4518 3608 4576 altitudinem

2023 4607 2325 4662 divinorum
2355 4607 2689 4677 eloquiorum
2728 4623 2917 4663 secura
2940 4610 3174 4678 possidet
3201 4609 3458 4672 Charitas,
3489 4625 3604 4678 qua

2021 4699 2188 4753 Deum
2213 4698 2625 4769 proximumque
2647 4699 2939 4769 diligimus,
2965 4701 3078 4754 haec
3097 4701 3150 4754 in
3177 4700 3608 4758 adversitatibus

2021 4789 2235 4856 tolerat,
2266 4791 2320 4845 in
2347 4791 2800 4860 prosperitatibus
2820 4797 3107 4860 temperat,
3135 4790 3187 4843 in
3217 4790 3368 4844 duris
3391 4793 3608 4860 passio.

2022 4881 2180 4936 nibus
2210 4881 2386 4947 fortis,
2427 4881 2483 4935 in
2511 4882 2667 4937 bonis
2692 4880 2944 4948 operibus
2971 4879 3179 4944 hilaris,
3209 4878 3264 4933 in
3293 4880 3605 4936 tentatione

2022 4972 2317 5036 tutissima,
2354 4971 2495 5025 inter
2521 4985 2682 5025 veros
2707 4968 2905 5024 fratres
2936 4969 3224 5024 latissima.
3254 4969 3395 5024 inter
3427 4969 3605 5026 falsos

2021 5059 2438 5128 patientissima.

2099 5149 2162 5203 In
2190 5149 2340 5203 verba
2367 5149 2616 5202 veritatis.
2644 5146 2878 5202 Verbum
2907 5155 2964 5202 et
2986 5146 3190 5201 veritas
3213 5145 3461 5202 Christus
3489 5159 3601 5214 est,

2021 5253 2184 5308 quem
2204 5247 2326 5308 apte
2353 5247 2410 5292 et
2429 5245 2795 5306 competenter
2817 5250 2884 5290 ex
2909 5236 3044 5307 lege,
3077 5236 3131 5290 in
3151 5237 3305 5292 cuius
3325 5238 3606 5309 mysteriis

2027 5328 2373 5385 absconditus
2394 5335 2500 5391 est,
2521 5325 2764 5397 proferre
2793 5327 3067 5383 debemus.

2098 5418 2165 5472 In
2198 5419 2383 5472 virtute
2409 5417 2527 5470 Dei.
2558 5416 2616 5471 ld
2645 5424 2751 5480 est,
2781 5415 2834 5470 in
2866 5420 3062 5470 virtute
3086 5415 3308 5481 Christi,
3338 5416 3607 5472 adversus

2027 5506 2299 5560 diabolum
2327 5505 2665 5570 dimicemus,
2697 5505 2788 5573 qui
2831 5520 2928 5575 per
2959 5521 3106 5560 arma
3129 5505 3355 5576 iustitiae
3382 5513 3439 5561 et
3460 5503 3608 5576 legis

2013 5597 2297 5678 diabolum
2327 5598 2620 5668 superavit.

2101 5683 2206 5739 Per
2245 5702 2392 5740 arma
2423 5686 2648 5754 justitia’
2685 5704 2716 5740 a
2753 5687 2948 5742 dextris
2969 5695 3015 5740 et
3059 5703 3090 5738 a
3124 5687 3368 5743 sinistris.
3395 5687 3602 5748 Omnes
