3998 6198
410 365 513 421 121

1228 369 1744 429 COLLECTIONES
1783 372 1850 428 IN
1889 371 2266 432 EPISTOLAS
2304 375 2394 432 ET
2432 376 2844 434 EVANGELIA.

3567 381 3669 435 I23

403 469 869 546 aﬁmwxGreg.)
885 475 978 545 qui
996 475 1063 530 ad
1081 477 1415 536 vitteaditum
1431 481 1852 546 tendimus,etex
1869 483 1996 537 dex—
2021 483 2074 544 Α
2098 500 2204 541 non
2249 494 2334 541 est
2381 489 2556 558 quasi.
2608 489 2725 545 Non
2766 490 2911 545 enim
2954 489 3091 546 dixit
3131 491 3460 563 Apostolus:
3499 494 3665 563 Quasi

405 575 497 622 tro
517 571 574 620 et
595 565 818 620 sinistro
839 565 1010 620 latere
1033 568 1234 624 habere
1257 585 1407 625 arma
1427 572 1706 628 debemus.
1728 572 1775 626 A
1795 574 1991 630 dextro

403 655 573 726 igitur
597 669 751 708 arma
781 654 963 721 habet,
995 673 1156 727 quem
1183 674 1443 729 prospera
1465 676 1572 716 non
1601 662 1883 718 extollunt.
1908 665 1992 720 Ad

401 749 702 812 sinistram,
745 763 908 818 quem
939 750 1167 806 adversa
1194 768 1302 808 non
1340 753 1618 823 dejiciunt.
1653 754 1733 809 Ex
1760 763 1992 825 utraque

400 840 549 895 enim
571 847 730 908 parte
756 840 1010 908 portabat
1031 839 1232 898 Paulus
1259 859 1431 907 arma,
1461 859 1583 899 cum
1611 846 1850 901 diceret:
1884 845 1991 902 Per

400 943 554 981 arma
589 927 822 996 justitia:
847 945 880 981 a
919 927 1119 983 dextris
1144 939 1192 983 et
1231 948 1263 984 a
1290 933 1540 998 sinistris,
1571 949 1663 1002 per
1688 932 1912 1003 gloriam
1939 944 1990 988 et

399 1016 802 1086 ignobilitatem.
854 1016 970 1072 Non
1015 1019 1163 1074 hunc
1201 1022 1429 1076 adversa
1476 1022 1834 1093 frangebant,
1880 1039 1985 1079 non

399 1119 660 1174 prospera
684 1107 738 1161 in
765 1107 964 1163 mentis
993 1118 1205 1166 tumore
1229 1113 1607 1168 sublevabant.
1628 1114 1672 1168 A
1705 1115 1911 1172 dextris
1932 1125 1988 1171 et

399 1211 434 1249 a
461 1196 700 1250 sinistris
719 1196 967 1267 gestabat
988 1215 1162 1265 arma,
1190 1203 1282 1272 qui
1307 1211 1362 1258 et
1384 1204 1437 1257 in
1461 1205 1785 1262 adversitate
1808 1207 1980 1274 fortis,

399 1295 458 1341 et
500 1288 555 1342 in
599 1289 962 1357 prosperitate
1009 1293 1229 1348 humilis
1266 1298 1636 1363 permanebat.
1694 1298 1761 1353 Ut
1788 1315 1916 1368 ergo
1952 1315 1981 1352 a

399 1383 610 1438 dextris
635 1392 692 1438 et
718 1399 748 1437 a
779 1384 1016 1440 sinistris
1047 1402 1196 1441 arma
1226 1398 1526 1459 gestentur,
1551 1407 1766 1461 semper
1791 1395 1981 1450 adesse

399 1471 603 1526 nostris
627 1472 900 1528 mentibus
923 1474 1101 1540 debet,
1129 1485 1184 1531 et
1223 1479 1276 1532 in
1312 1480 1554 1536 adversis
1577 1482 1792 1546 ﬁducia,
1833 1492 1889 1537 et
1927 1485 1979 1538 in

397 1560 672 1629 prosperis
708 1559 892 1615 timor.
939 1560 1018 1616 Ne
1059 1573 1152 1618 aut
1188 1567 1412 1622 adversa
1444 1569 1500 1624 in
1546 1570 1978 1639 desperationem

397 1649 752 1715 pertrahant,
789 1658 886 1704 aut
926 1665 1184 1723 prospera
1227 1657 1468 1710 animum
1512 1658 1567 1712 in
1611 1660 1692 1714 sui
1723 1659 1978 1716 fiduciam

397 1736 674 1791 extollant.

467 1824 576 1880 Per
610 1828 833 1898 gloriam
852 1840 901 1886 et
924 1833 1325 1902 ignobilitatem.
1359 1835 1460 1906 (Ex
1491 1837 1750 1910 Primas.)
1778 1842 1833 1896 Id
1861 1850 1976 1908 est,
2008 1822 2054 1882 Β

394 1934 497 1989 per
529 1920 753 1989 gloriam
798 1923 1078 1990 virtutum,
1118 1935 1172 1980 et
1201 1927 1591 1997 ignobilitatem
1621 1931 1974 2003 ﬂagellorum.

396 2013 800 2083 despectionutn
830 2024 886 2070 et
914 2031 1214 2073 carcerum.

470 2101 579 2156 Per
621 2105 899 2173 infamiam
937 2115 986 2160 et
1016 2107 1204 2162 bonam
1240 2113 1464 2178 famam.
1496 2110 1686 2166 Omnia
1728 2111 1845 2168 hzec
1884 2127 1980 2182 per

391 2196 711 2265 patientiam
746 2197 1030 2266 aequaliter
1055 2199 1415 2269 suscipiamus
1432 2242 1447 2266 ,
1470 2217 1571 2256 nec
1601 2202 1862 2256 extollant
1881 2219 1978 2258 nos

395 2286 703 2352 laudantes,
741 2302 842 2341 nec
882 2287 1138 2356 dejiciant
1186 2291 1553 2346 detrahentes.
1586 2291 1720 2358 Quia
1755 2307 1979 2349 necesse

393 2387 482 2433 est
529 2393 639 2432 nou
688 2393 954 2446 nunquam
999 2388 1260 2448 utrosque
1303 2382 1540 2436 mentiri.
1595 2381 1703 2436 Nos
1733 2397 1862 2438 vero
1911 2383 1978 2437 ad

389 2468 787 2524 conscientiam
835 2469 1216 2538 respicientes,
1268 2487 1374 2525 non
1418 2469 1678 2526 debemus
1709 2472 1828 2541 plus
1858 2472 1978 2526 aliis

393 2559 466 2616 de
490 2559 647 2613 bonis
673 2560 870 2615 nostris
898 2577 1063 2631 quam
1089 2563 1245 2617 nobis
1277 2563 1407 2632 ipsis
1438 2565 1678 2619 credere.

469 2647 540 2702 Ut
573 2649 872 2704 seductores
903 2659 952 2704 et
981 2668 1204 2705 veraces.
1239 2651 1418 2719 Quare
1457 2654 1803 2710 seductores?
1841 2656 1977 2722 Quia

399 2738 591 2794 docent
616 2739 890 2793 hominem
919 2739 1196 2810 despicere
1240 2743 1385 2810 quod
1433 2743 1630 2807 habet,
1673 2752 1729 2797 et
1758 2759 1978 2812 sperare

397 2828 542 2897 quod
569 2843 669 2880 non
699 2828 902 2882 habet:
943 2844 1064 2898 qua:
1097 2829 1269 2884 oculis
1305 2831 1548 2899 exposita
1580 2840 1738 2895 sunt,
1771 2831 1978 2885 aversis

397 2926 456 2971 et
481 2915 744 2972 exclausis
773 2918 1042 2981 sensibus,
1085 2918 1398 2986 praeterire:
1447 2926 1503 2972 et
1539 2933 1657 2986 qua:
1694 2919 1761 2972 ab
1804 2917 1975 2973 oculis

397 3018 603 3063 remota
632 3017 780 3072 sunt,
815 3007 1226 3077 inexplebilibus
1248 3009 1527 3064 desideriis
1564 3009 1854 3078 explicare.
1887 3009 1977 3064 Di-

396 3101 608 3155 cenda:
664 3100 976 3154 seductores
1030 3108 1086 3153 et
1134 3115 1355 3155 veraces
1405 3102 1654 3170 exposuit
1695 3101 1972 3154 infamiam

396 3201 450 3245 et
489 3191 684 3244 bonam
715 3189 934 3254 famam,
969 3190 1095 3258 quia
1141 3191 1209 3244 ab
1249 3190 1368 3244 aliis
1394 3191 1725 3255 seductores,
1759 3192 1827 3245 ab
1855 3191 1974 3247 aliis
2001 3172 2045 3232 C

396 3295 548 3344 vero,
577 3296 684 3335 non
729 3279 902 3333 solum
951 3295 1188 3345 veraces,
1239 3281 1331 3335 sed
1373 3289 1428 3335 et
1460 3290 1680 3351 propter
1713 3283 1972 3337 virtutum

395 3384 584 3439 opera,
618 3369 689 3424 dii
720 3367 1067 3424 vocabantur.
1099 3368 1212 3423 Non
1254 3382 1383 3439 ergo
1413 3371 1638 3434 mirum,
1677 3372 1720 3425 si
1747 3371 1974 3441 apostoli

400 3461 714 3516 selttctorcs
743 3461 1084 3524 dicebantur,
1113 3475 1233 3514 cum
1263 3461 1328 3514 de
1364 3460 1478 3529 ipso
1505 3459 1731 3514 Domino
1775 3460 1863 3514 alii
1897 3462 1977 3516 di-

399 3553 617 3614 cebant,
656 3553 777 3620 quia
817 3551 979 3605 bonus
1009 3561 1106 3616 est,
1141 3551 1234 3605 alii
1278 3551 1420 3618 Non,
1449 3552 1540 3606 sed
1565 3553 1764 3606 seducit
1795 3553 1975 3606 turbas

402 3639 589 3710 (Joau.
622 3642 742 3709 vn).

471 3729 620 3783 Sicut
653 3731 740 3800 qui
771 3731 932 3799 ignoti
960 3739 1006 3784 ct
1048 3728 1259 3799 cogniti.
1287 3727 1458 3798 Ignoti
1491 3729 1710 3798 quidem
1756 3730 1978 3800 perfidis

396 3828 450 3874 et
477 3819 722 3887 ingratis.
757 3817 968 3888 Cogniti
1007 3827 1182 3872 autem
1216 3817 1459 3870 ﬁdelibus
1491 3825 1653 3885 atque
1675 3817 1858 3884 justis.

448 3893 620 3960 Quasi
642 3899 938 3960 morientes,
969 3905 1018 3951 et
1043 3913 1159 3952 ecce
1215 3901 1454 3954 vivimus.
1494 3899 1610 3955 IIoc
1645 3909 1750 3968 est,
1789 3915 1963 3972 usque

381 3988 449 4042 ad
484 3990 930 4059 desperationem
985 3992 1110 4047 vitae
1138 3993 1537 4063 pervenientes,
1573 3995 1717 4049 sicut
1742 3996 1963 4066 quando

381 4081 652 4151 lapidatus
688 4082 984 4150 putabatur
1021 4093 1293 4145 mortuus,
1336 4082 1426 4138 ille
1455 4098 1584 4138 vero
1641 4085 1964 4140 surrexitet

381 4177 612 4230 docebat
645 4177 700 4229 itt
726 4175 933 4245 Lystris
958 4175 1092 4245 (Act.
1124 4175 1260 4244 le).

458 4267 520 4324 Ut
552 4271 860 4339 ctutigutiet
898 4287 1000 4323 nou
1033 4269 1364 4337 morti/irati.
1401 4269 1551 4324 Sicut
1578 4271 1838 4338 legimus:
1867 4269 1966 4326 Ca-

380 4363 589 4433 stigans
613 4365 892 4433 castigavit
925 4380 1005 4416 me
1043 4365 1313 4423 Dominus,
1347 4372 1396 4416 et
1421 4364 1579 4416 morti
1614 4380 1716 4415 non
1739 4365 1966 4416 tradidit

384 4473 470 4509 me
509 4456 672 4527 (Paul.
707 4457 895 4526 cxvii).
926 4457 1199 4526 ('Zast‘gare
1238 4457 1410 4515 enitn,
1458 4466 1513 4509 et
1552 4456 1738 4511 verbis
1764 4465 1818 4509 et
1847 4471 1968 4510 ver-

384 4547 632 4611 beribus,
657 4548 1075 4613 dicimus,sicut
1097 4546 1296 4599 l’ilatus
1316 4546 1383 4599 de
1409 4547 1638 4601 Domino
1658 4547 1764 4599 ait:
1794 4544 1967 4599 Custi-

383 4653 572 4710 gatum
600 4657 715 4694 eum
745 4641 1034 4702 dimittam,
1059 4639 1112 4694 id
1141 4648 1244 4704 est,
1264 4639 1586 4693 verberibus
1612 4639 1965 4708 ﬂagellatum.

463 4731 629 4797 Quasi
660 4735 854 4794 tristes,
878 4748 1084 4801 semper
1101 4744 1279 4784 autem
1301 4734 1610 4802 gaudentes.
1645 4731 1855 4786 Tristes
1881 4746 1965 4786 se-

387 4828 625 4880 veritate
665 4826 872 4890 vultus,
909 4825 1074 4880 corde
1109 4839 1238 4879 vero
1260 4826 1420 4879 etiam
1443 4825 1496 4877 in
1519 4824 1972 4879 tribulationibus

395 4923 495 4977 pro
525 4908 917 4964 munerationis
945 4909 1346 4979 exspectatione
1380 4909 1691 4978 gaudentes,
1710 4911 1972 4980 scriptum

394 5005 480 5050 est
518 4998 702 5051 enim:
761 4996 876 5051 Tris
901 4997 996 5053 itia
1044 5007 1215 5052 uestra
1255 5007 1578 5052 conuertetur
1624 4999 1678 5052 in
1721 4998 1973 5069 gaudium

394 5082 580 5154 (Ioan.
614 5084 750 5158 xvi).

466 5172 587 5243 (Ex
632 5175 845 5248 Ambr.)
895 5174 1149 5247 Quisquis
1184 5178 1452 5232 somnium
1501 5179 1737 5246 indicat,
1784 5180 1972 5235 addit:

395 5263 582 5331 Quasi.
636 5265 802 5332 Quasi
852 5267 1147 5338 loquebar,
1199 5268 1354 5338 quasi
1405 5269 1746 5337 equitabatn.
1803 5279 1972 5324 totum

394 5355 575 5423 quasi,
603 5355 693 5425 qui
727 5371 850 5410 cum
882 5357 1180 5427 vigilaverit
1207 5372 1311 5410 non
1340 5357 1543 5411 invenit
1569 5359 1709 5427 qttod
1735 5359 1969 5414 videbat.

394 5437 578 5512 Itaque
609 5445 769 5499 modo
812 5445 903 5515 qui
953 5445 1020 5499 ad
1056 5445 1272 5500 laetitias
1305 5447 1594 5502 saeculares
1629 5449 1814 5502 oculos
1847 5467 1974 5518 ape-

393 5533 562 5596 riunt,
597 5535 790 5590 transit
837 5537 999 5603 Quasi
1042 5536 1302 5605 ipsorum,
1345 5545 1398 5592 et
1425 5538 1571 5591 venit
1597 5555 1784 5592 verum
1829 5541 1972 5609 ipso-

395 5638 534 5678 rum.
569 5625 732 5691 Quasi
762 5627 998 5696 ips’orum
1026 5636 1108 5681 est
1137 5626 1367 5682 felicitas
1391 5628 1592 5693 seculi,
1616 5644 1801 5684 verum
1832 5629 1972 5700 ipso-

398 5729 518 5770 rum
549 5731 705 5784 ptnna
730 5723 828 5771 est.
865 5717 1113 5771 Nostrum
1145 5718 1306 5785 Quasi
1339 5719 1552 5773 tristitia
1588 5727 1690 5785 est,
1720 5722 1969 5790 gaudium

2096 577 2412 647 gaudentes.

2159 665 2310 721 Sicut
2344 679 2567 738 egentes,
2597 674 2786 724 multos
2815 679 2984 724 autem
3021 671 3413 742 locupletantes.
3450 675 3513 730 In
3560 673 3664 730 hoc

2091 757 2210 827 ipso
2233 760 2376 827 quod
2406 775 2626 828 egemus
2655 775 2776 825 nos,
2801 761 2852 814 in
2885 761 3006 816 aliis
3030 762 3382 828 abundamus,
3414 765 3540 819 dum
3570 780 3669 834 per

2089 864 2189 904 nos
2227 849 2567 904 eleemosina:
2607 850 2762 904 fiunt.
2794 851 2918 906 Sive
2963 853 3192 907 terrenis
3235 861 3486 923 egentes,
3530 855 3665 910 alios

2089 939 2399 994 coalestibus
2445 938 2674 995 facimus
2714 941 3007 1011 locupletes
3042 953 3066 995 ἐ
3105 943 3258 1011 quasi
3309 945 3489 998 tristes
3535 945 3666 1000 dicit

2088 1037 2142 1084 et
2167 1030 2304 1085 sicut
2344 1039 2595 1100 egentes,
2627 1040 2687 1085 ut
2728 1033 3057 1097 ostenderet,
3098 1034 3198 1087 ista
3225 1049 3351 1088 vera
3386 1035 3526 1088 mala
3556 1051 3662 1090 non

2085 1134 2226 1185 esse,
2267 1121 2357 1174 sed
2399 1121 2552 1190 quasi
2600 1122 2820 1176 umbras
2863 1130 2918 1175 et
2953 1123 3215 1193 imagines
3244 1124 3558 1192 passionum
3593 1125 3662 1178 ad

2085 1213 2542 1281 comparationem
2577 1213 2784 1283 prtemii
2813 1214 3146 1282 sempiterni.
3353 1212 3365 1223 '

2158 1301 2428 1373 Tanquam
2450 1302 2581 1356 nihil
2608 1303 2872 1357 habentes.
2895 1305 3044 1357 Sicut
3067 1305 3194 1358 dicit
3216 1303 3496 1358 Salomon:
3525 1304 3661 1375 Ejus

2080 1392 2169 1461 qui
2194 1403 2266 1445 est
2289 1391 2480 1460 ﬁdelis,
2500 1401 2638 1445 totus
2660 1393 2886 1446 mundus
2913 1394 3213 1448 divitiarum
3235 1404 3329 1447 est.
3349 1395 3518 1448 Nemo
3541 1395 3660 1464 plus
3714 1421 3734 1438 ο

2079 1481 2264 1546 habet,
2293 1497 2455 1551 quam
2485 1482 2574 1550 qui
2599 1483 2742 1536 nullo
2771 1484 2989 1554 indiget.
3024 1483 3117 1538 Ille
3139 1483 3286 1538 nullo
3319 1484 3543 1556 indiget,
3566 1486 3660 1555 qui

2078 1579 2278 1640 praeter
2308 1572 2610 1627 necessaria
2632 1572 2766 1625 nihil
2797 1573 3044 1641 requirit.
3358 1635 3390 1667 ‘

2416 1728 2756 1768 EVANGELIUI
2785 1729 3069 1778 IATTlI/EI,
3107 1728 3224 1768 CAP.
3258 1728 3330 1767 ιν.

2159 1860 2177 1893 ι
2215 1842 2417 1898 Ductus
2450 1852 2533 1897 est
2556 1840 2715 1897 Jesus
2737 1843 2790 1897 in
2815 1843 3086 1897 desertum
3115 1858 3145 1896 a
3171 1842 3394 1913 Spiritu,
3442 1853 3504 1898 ut
3538 1853 3657 1898 ten-

2082 1951 2101 1983 ‹
2141 1940 2348 1986 taretur
2395 1947 2424 1984 a
2471 1933 2700 1986 diabolo.
2730 1933 2796 1985 Et
2823 1948 2943 1987 cum
2967 1933 3268 2001 jejunasset
3297 1933 3653 2004 quadraginta

2083 2041 2102 2074 ‹
2139 2023 2348 2086 diebus,
2376 2029 2430 2076 et
2453 2022 2807 2091 quadraginta
2841 2021 3112 2083 noctibus,
3141 2029 3328 2089 postea
3355 2020 3567 2076 esuriit.
3589 2023 3657 2076 Et

2083 2130 2100 2162 ι
2135 2111 2398 2166 accedens
2435 2119 2691 2174 tcntator,
2723 2111 2860 2164 dixit
2894 2111 2984 2164 ei:
3029 2109 3085 2163 Si
3121 2110 3289 2164 Filius
3321 2111 3413 2165 Dei
3440 2127 3531 2176 es,
3570 2113 3658 2168 dic

2083 2220 2101 2252 ι
2137 2211 2196 2256 ut
2238 2203 2440 2272 lapides
2464 2202 2550 2256 isti
2576 2216 2744 2271 panes
2781 2200 2932 2253 ﬁant.
2961 2198 3062 2266 Qui
3095 2200 3446 2270 respondens,
3481 2201 3652 2256 dixit:

2083 2311 2101 2343 ‹
2141 2292 2412 2362 Scriptum
2439 2301 2552 2346 est:
2580 2291 2695 2346 Non
2725 2291 2777 2344 in
2808 2289 2920 2344 solo
2945 2304 3085 2358 pane
3113 2289 3243 2344 vivit
3270 2291 3448 2353 homo,
3482 2292 3575 2346 sed
3601 2291 3656 2345 in

2082 2400 2100 2432 ι
2139 2383 2284 2436 omni
2337 2383 2504 2436 verbo
2558 2381 2700 2450 quod
2737 2381 2981 2449 procedit
3018 2380 3084 2434 de
3114 2395 3209 2434 ore
3240 2381 3355 2436 Dei.
3388 2381 3537 2436 Tunc
3567 2397 3655 2436 as-

2084 2492 2101 2524 ι
2137 2473 2367 2542 sumpsit
2392 2487 2515 2527 eum
2540 2470 2784 2526 diabolus
2810 2471 2861 2524 in
2887 2479 3130 2525 sanctam
3154 2471 3446 2535 civitatem,
3471 2479 3525 2526 et
3547 2480 3657 2525 sta-

2083 2582 2102 2615 ι
2141 2564 2243 2618 tuit
2268 2579 2390 2618 eum
2423 2579 2586 2632 supra
2608 2560 2951 2632 pinnaculum
2984 2560 3187 2628 templi,
3223 2568 3278 2614 et
3306 2560 3440 2614 dixit
3470 2560 3559 2614 ei:
3598 2562 3655 2616 Si

2082 2672 2100 2704 ι
2137 2653 2306 2708 Filius
2352 2653 2445 2706 Dei
2492 2669 2583 2716 es,
2635 2653 2788 2705 mitte
2836 2659 2890 2704 te
2935 2651 3206 2704 deorsum.
3263 2650 3536 2721 Scriptum
3571 2661 3658 2706 est

2083 2761 2101 2792 ‹
2140 2744 2282 2798 enim
2309 2761 2322 2796 :
2361 2743 2494 2808 Quia
2521 2741 2725 2812 angelis
2750 2741 2862 2794 suis
2885 2739 3157 2794 mandavit
3183 2741 3248 2794 de
3277 2749 3351 2804 te,
3382 2749 3436 2795 et
3460 2743 3512 2795 in
3541 2758 3656 2796 ma-

2083 2854 2100 2886 ι
2140 2837 2298 2888 nibus
2324 2834 2511 2888 tollent
2553 2841 2638 2896 te,
2671 2846 2737 2884 ne
2766 2829 2904 2884 forte
2937 2829 3176 2883 olfendas
3202 2831 3269 2884 ad
3296 2829 3525 2899 lapidem
3562 2847 3658 2901 pe-

2083 2943 2100 2974 r
2137 2925 2256 2979 dem
2301 2931 2473 2977 tuum.
2505 2921 2596 2974 Ait
2641 2919 2715 2973 illi
2755 2917 2949 2972 Jesus:
2982 2917 3216 2973 Rursum
3243 2920 3502 2989 scriptum
3531 2929 3650 2976 est:

2083 3033 2100 3065 α
2131 3013 2246 3069 Non
2270 3013 2506 3068 tentabis
2527 3010 2812 3064 Dominum
2841 3010 3008 3063 Deum
3031 3018 3200 3062 tuum.
3219 3010 3419 3063 lterum
3448 3025 3656 3065 assum-

2083 3124 2102 3158 ‹
2137 3107 2245 3176 psit
2276 3120 2398 3159 eum
2447 3103 2692 3158 diabolus
2723 3103 2775 3155 in
2803 3108 3038 3154 montem
3077 3101 3347 3154 excelsum
3381 3101 3556 3165 valde,
3599 3111 3656 3156 et

2084 3214 2102 3246 ‹
2137 3195 2374 3250 ostendit
2399 3193 2446 3248 ei
2475 3191 2655 3247 omnia
2686 3205 2847 3261 regna
2875 3189 3083 3254 mundi,
3105 3197 3159 3242 et
3191 3189 3415 3258 gloriam
3442 3205 3651 3254 eorum,

2085 3305 2103 3338 ι
2139 3294 2195 3341 et
2220 3286 2357 3340 dixit
2399 3284 2516 3337 illi:
2556 3281 2682 3336 Huic
2710 3281 2890 3336 omnia
2937 3281 3035 3334 tibi
3077 3280 3234 3342 dabo,
3281 3281 3324 3334 si
3370 3283 3654 3350 procideus

2085 3396 2103 3429 ι
2137 3376 2450 3432 adoraveris
2477 3389 2582 3428 me.
2617 3373 2768 3428 Tunc
2801 3373 2936 3426 dixit
2959 3373 3007 3426 ei
3037 3370 3194 3426 Jcsus
3233 3389 3245 3424 :
3285 3373 3450 3437 Vade,
3491 3372 3654 3428 Sata-

2086 3488 2103 3520 ι
2144 3485 2261 3524 nas.
2310 3467 2583 3535 Scriptum
2622 3472 2704 3518 est
2741 3464 2920 3518 enim:
2962 3463 3248 3517 Dominum
3292 3463 3459 3517 Deum
3506 3475 3653 3518 tuum

2087 3578 2106 3610 ι
2143 3559 2424 3623 adorabis,
2475 3565 2530 3612 et
2569 3556 2644 3610 illi
2685 3554 2782 3610 soli
2816 3557 3039 3609 servies.
3081 3553 3231 3608 Tunc
3273 3554 3486 3623 reliquit
3530 3572 3652 3610 eum

2085 3669 2103 3702 ι
2147 3650 2422 3713 diaLolus,
2456 3657 2510 3703 et
2534 3661 2660 3702 ecce
2692 3646 2865 3716 angeli
2901 3652 3250 3700 accesserunt
3285 3653 3340 3700 et
3374 3646 3652 3701 ministra-

2083 3760 2101 3792 ι
2141 3743 2271 3796 bant
2296 3741 2365 3795 ei.
2400 3760 2416 3792 ι

2148 3832 2352 3886 Ductus
2383 3841 2456 3885 est
2483 3829 2641 3885 Iesus
2671 3830 2724 3884 in
2756 3829 3016 3884 desertum
3059 3846 3091 3882 a
3123 3827 3358 3898 Spiritu,
3385 3839 3440 3883 ut
3485 3839 3654 3883 tenta-

2080 3933 2224 3975 retur
2251 3939 2282 3975 a
2308 3921 2538 3975 diabolo.
2575 3920 2673 3992 (Ex
2713 3919 2963 3991 Gregor.)
2997 3919 3239 3974 Dubitari
3272 3938 3301 3975 a
3331 3923 3649 3991 quibusdam

2078 4011 2214 4066 solet
2237 4026 2264 4064 a
2290 4025 2394 4079 quo
2422 4011 2613 4079 spiritu
2637 4010 2708 4064 sit
2732 4007 2886 4062 Iesus
2911 4007 3102 4062 ductus
3134 4008 3185 4061 in
3213 4008 3507 4068 desertum,
3527 4025 3652 4077 pro-

2076 4111 2198 4171 pter
2222 4101 2324 4153 hoc
2355 4101 2496 4168 quod
2533 4098 2816 4152 subditur:
2859 4097 3150 4165 Assuntpsit
3185 4113 3301 4148 eum
3331 4096 3570 4148 diabolus
3597 4097 3649 4150 in

2076 4199 2309 4243 sanctam
2333 4189 2613 4250 civitatem,
2633 4196 2684 4240 et
2708 4201 2952 4239 rursum:
2978 4183 3265 4253 Assumpsit
3289 4199 3405 4235 eum
3427 4183 3479 4235 in
3504 4201 3652 4236 mou-

2077 4290 2177 4334 tent
2222 4279 2501 4332 excelsum.
2555 4276 2659 4331 Sed
2701 4289 2828 4329 vere
2867 4283 2922 4328 et
2966 4275 3166 4342 absque
3207 4273 3310 4326 ttlla
3353 4274 3650 4342 quaestione

2076 4369 2459 4424 convenienter
2481 4367 2765 4435 accipitur,
2795 4372 2853 4418 ut
2879 4381 2906 4417 a
2935 4373 3122 4418 sancto
3146 4362 3345 4433 Spiritu
3381 4363 3434 4416 in
3463 4363 3646 4416 deser-

2077 4469 2188 4514 tum
2221 4460 2411 4513 ductus
2435 4457 2704 4521 credatur,
2743 4462 2802 4508 ut
2833 4455 2940 4509 illic
2973 4469 3094 4508 eum
3123 4469 3251 4508 suns
3282 4453 3515 4523 Spiritus
3552 4455 3648 4507 du-

2076 4557 2242 4611 ceret,
2271 4549 2359 4602 ttbi
2392 4549 2534 4602 hunc
2570 4547 2637 4618 ad
2674 4547 2988 4600 tentandum
3016 4545 3237 4614 spiritus
3267 4544 3532 4612 malignus
3563 4545 3648 4598 in-

2075 4640 2302 4704 veniret,
2329 4639 2419 4693 sed
2449 4651 2576 4691 ecce
2602 4651 2722 4690 cum
2746 4635 2945 4690 dicitur
2970 4655 2982 4688 :
3012 4635 3153 4690 Deus
3177 4637 3338 4690 homo
3367 4635 3448 4688 vel
3475 4636 3527 4688 in
3556 4653 3649 4689 ex—

2075 4729 2276 4784 celsum
2305 4737 2541 4781 montem
2563 4767 2577 4791 ,
2607 4726 2688 4779 vel
2720 4727 2771 4779 in
2810 4734 3050 4780 sanctam
3081 4725 3351 4780 civitatem
3380 4742 3408 4779 a
3438 4726 3648 4781 diabolo

2075 4825 2404 4886 assumptus,
2433 4832 2585 4871 mens
2616 4814 2812 4886 refugit
2851 4816 3083 4869 humana
3103 4857 3117 4879 ,
3146 4817 3248 4870 hoc
3275 4817 3459 4869 audire
3489 4801 3648 4870 aures

2074 4916 2454 4976 expavescunt.
2509 4906 2608 4972 Qui
2657 4915 2836 4960 tamen
2879 4922 2984 4960 non
3017 4922 3136 4960 esse
3171 4906 3505 4961 incredibilia
3547 4907 3647 4960 ista

2076 4999 2440 5067 agnoscimus,
2479 4999 2524 5051 si
2550 4997 2604 5050 in
2635 4998 2722 5051 illo
2747 5005 2802 5051 et
2838 4997 2942 5050 alia
2974 4996 3111 5051 facta
3141 5013 3450 5067 pensamus.
3489 4997 3649 5052 Certe

2075 5088 2378 5157 iniquorum
2410 5089 2650 5143 omnium
2684 5087 2926 5142 diabolus
2950 5095 3032 5141 est
3070 5096 3250 5156 caput,
3295 5095 3349 5142 et
3375 5086 3531 5156 hujus
3560 5103 3649 5140 ea-

2074 5180 2198 5249 pilis
2236 5180 2476 5233 membra
2526 5186 2650 5232 sunt
2697 5193 2883 5231 omnes
2931 5177 3118 5247 iniqui.
3165 5175 3248 5230 An
3299 5191 3404 5230 non
3449 5176 3644 5231 diaboli

2075 5268 2373 5322 membrum
2421 5265 2667 5321 Pilatus?
2704 5281 2770 5319 an
2800 5281 2907 5320 non
2957 5266 3153 5320 diaboli
3201 5267 3438 5321 membra
3479 5263 3646 5318 Judati

2074 5365 2478 5430 persequentes,
2511 5366 2564 5411 et
2589 5355 2784 5410 milites
2812 5356 3186 5426 eruciligcutes
3225 5355 3482 5410 fuerunt?
3509 5351 3647 5418 Quid

2072 5465 2201 5519 ergo
2232 5450 2449 5512 mirum,
2481 5449 2522 5502 si
2551 5463 2609 5502 se
2634 5447 2702 5502 ab
2741 5447 2830 5503 illo
2851 5447 3097 5516 permisit
3137 5447 3189 5500 in
3219 5454 3456 5501 montem
3501 5441 3642 5506 duci,

2074 5540 2163 5609 qui
2192 5555 2248 5593 se
2277 5539 2496 5608 pertulit
2518 5538 2680 5592 etiam
2710 5553 2738 5592 a
2777 5539 3036 5592 membris
3060 5538 3202 5590 illius
3223 5531 3498 5603 cruciﬁgi?
3527 5528 3645 5584 Non

2075 5637 2157 5683 est
2180 5643 2306 5698 ergo
2339 5629 2614 5698 indignum
2653 5627 3000 5696 Rcdcmptori
3029 5635 3233 5688 nostro,
3274 5624 3416 5693 quod
3452 5623 3644 5677 tentari

2077 5719 2274 5783 voluit,
2314 5721 2404 5788 qui
2454 5728 2673 5774 venerat
2709 5719 2900 5773 occidi.
2943 5717 3152 5771 Iustum
3187 5716 3383 5787 quippe
3409 5724 3549 5782 erat,
3588 5726 3644 5770 ut
