3998 6198
324 408 426 465 125

1611 379 1893 450 satanas
1903 393 1966 449 ut
2000 389 2290 447 A-BBATIS

3470 369 3570 426 124

322 524 400 578 sic
441 515 768 574 tentationes
796 519 1018 568 nostras
1057 509 1172 564 suis
1213 505 1601 563 tentationibus
1625 503 1898 570 vinceret,
1930 509 1978 567 Α
2005 502 2251 558 subditur
2275 519 2288 554 :
2318 497 2458 564 Quia
2488 497 2754 552 recedente
2775 492 2986 549 diabolo
3007 489 3178 561 angeli
3208 487 3574 541 ministrabant

321 616 462 671 εἰευι
479 620 534 668 ει
549 616 776 665 mortem
792 613 1036 662 nostram
1059 607 1284 656 venerat
1307 613 1404 654 sua
1429 605 1603 652 morte
1617 609 1891 666 superare.

325 705 431 760 Sed
461 701 738 758 sciendum
781 695 937 753 nobis
963 701 1068 758 est,
1099 693 1224 761 quia
1259 687 1434 744 tribus
1461 688 1636 744 modis
1671 686 1897 742 tentatio

323 796 532 864 agitur,
582 775 941 860 suggestione,
980 782 1353 846 delectatione,
1385 793 1677 844 consensu,
1709 788 1765 831 et
1799 792 1898 832 nos

325 901 445 946 Cum
473 893 761 946 tentamur,
788 879 1104 950 plerumque
1131 877 1182 930 in
1204 875 1511 938 dilectione,
1541 882 1633 928 aut
1658 875 1819 928 etiam
1844 873 1897 926 in

326 992 591 1033 consensu
623 974 877 1036 labimur,
916 970 1042 1039 quia
1075 969 1142 1023 de
1170 967 1349 1022 carnis
1368 976 1592 1036 peccato
1619 961 1900 1035 propagati

327 1070 381 1124 in
410 1068 564 1124 nobis
593 1065 724 1134 ipsis
751 1065 915 1118 etiam
939 1062 1193 1132 gerimus,
1216 1060 1357 1114 unde
1378 1058 1674 1114 certamina
1706 1057 1903 1111 tolera-

329 1145 467 1212 mus.
500 1157 641 1209 Deus
668 1169 816 1217 vero,
849 1153 940 1222 qui
971 1152 1025 1207 in
1055 1159 1210 1205 utero
1239 1149 1462 1220 virginis
1487 1149 1817 1209 incarnatus,
1848 1146 1902 1199 in

327 1247 583 1300 mundum
615 1245 730 1300 sine
753 1249 974 1312 peccato
1003 1248 1254 1303 venerat,
1287 1239 1419 1293 nihil
1461 1237 1905 1294 contradictionis

245 1398 269 1418 .
329 1331 383 1386 in
407 1335 695 1404 semetipso
719 1333 1006 1396 tolerabat,
1024 1331 1219 1385 tentari
1237 1345 1364 1399 ergo
1389 1343 1487 1399 per
1507 1328 1905 1398 suggestionem

326 1423 522 1496 potuit,
557 1423 650 1478 sed
679 1423 794 1492 ejus
831 1429 1064 1477 mentem
1095 1419 1302 1490 peccati
1351 1418 1637 1473 delectatio
1663 1431 1769 1471 non
1794 1430 1906 1469 mo-

330 1514 549 1569 mordit.
576 1511 751 1581 Atque
773 1512 893 1566 ideo
914 1510 1090 1566 omnis
1111 1509 1371 1564 diabolica
1395 1509 1484 1563 illa
1517 1509 1740 1563 tentatio
1776 1505 1908 1562 foris

330 1617 437 1656 non
465 1603 612 1655 intus
638 1600 765 1666 fuit;
794 1600 886 1655 sed
911 1600 956 1654 si
985 1599 1161 1668 ipsum
1183 1598 1427 1652 ordinem
1457 1597 1771 1652 tentationis
1793 1595 1909 1665 ejus

331 1693 642 1763 aspicimus,
671 1707 976 1762 pensemus,
1003 1698 1206 1760 quanta
1226 1690 1594 1760 magnitudine
1614 1704 1714 1744 nos
1735 1705 1765 1743 a
1789 1696 1908 1742 ten-

332 1786 537 1843 tatione
582 1784 895 1840 liberamur.
939 1782 1208 1852 Antiquus
1247 1781 1421 1837 hostis
1451 1788 1638 1834 contra
1672 1781 1908 1850 primum

332 1875 626 1937 hominem,
652 1881 937 1947 parentem
969 1881 1235 1936 nostrum,
1265 1872 1319 1925 in
1358 1871 1528 1927 tribus
1567 1885 1624 1926 se
1660 1870 1912 1925 tentatio-

333 1966 491 2020 nibus
517 1963 706 2018 erexit.
732 1963 865 2030 Quia
896 1963 1039 2016 hunc
1068 1962 1317 2017 videlicet
1351 1961 1473 2034 gula
1494 2002 1508 2026 ,
1533 1976 1670 2015 vana
1705 1961 1873 2034 gloria
1896 2001 1912 2027 ,

333 2061 391 2109 et
418 2053 645 2108 avaritia
673 2053 912 2112 tentavit,
941 2053 1035 2109 sed
1061 2051 1316 2106 tentando
1341 2051 1640 2121 superavit,
1662 2051 1789 2121 quia
1811 2051 1914 2105 sibi

333 2156 457 2198 eum
481 2155 582 2212 per
603 2155 924 2196 consensum
953 2140 1206 2196 subdidit.
1242 2141 1318 2194 Ex
1357 2141 1483 2208 gula
1506 2141 1709 2210 ‘quippe
1737 2147 1913 2194 tenta-

331 2234 429 2295 vit,
457 2248 580 2288 cum
609 2232 787 2288 cibum
817 2231 946 2301 ligni
981 2232 1202 2285 vetitum
1235 2230 1502 2293 ostendit,
1537 2239 1699 2298 atque
1731 2231 1794 2284 ad
1818 2245 1913 2284 co-

334 2321 658 2377 medendum
699 2320 892 2378 suasit.
935 2319 1018 2378 Ex
1062 2335 1200 2372 vana
1244 2326 1423 2372 autem
1453 2319 1624 2386 gloria
1669 2319 1912 2382 tentavit,

335 2428 460 2468 cum
487 2412 719 2467 diceret:
743 2409 906 2464 Eritis
928 2411 1061 2463 sicut
1083 2409 1192 2462 Dii.
1221 2408 1288 2464 Et
1314 2422 1379 2462 ex
1406 2406 1650 2477 proiectu
1674 2407 1916 2462 avaritiae

325 2503 599 2568 tentavit,
643 2517 766 2560 cum
804 2500 1044 2554 diceret:
1088 2497 1322 2554 Scieutes
1365 2497 1555 2550 bonum
1602 2506 1649 2550 et
1694 2497 1912 2551 malum.

331 2593 748 2652 Avaritiaenim
778 2607 883 2646 non
912 2590 1084 2645 solum
1105 2589 1346 2659 pecuniae
1370 2597 1475 2653 est,
1503 2589 1596 2643 sed
1617 2589 1778 2647 etiam
1801 2588 1919 2647 alti-

336 2686 557 2744 tudinis.
575 2683 912 2740 Recteenim
945 2681 1169 2735 avaritia
1195 2681 1421 2745 dicitur,
1455 2695 1576 2734 cum
1609 2695 1770 2748 supra
1802 2694 1919 2734 mo-

336 2779 464 2836 dum
487 2775 794 2834 sublimitas
833 2772 1087 2830 ambitur.
1131 2771 1187 2825 Si
1226 2771 1370 2825 enim
1392 2785 1496 2825 non
1525 2771 1594 2824 ad
1633 2769 1917 2823 avaritiam

339 2867 560 2924 honoris
580 2866 767 2936 rapina
793 2863 1108 2934 pertineret,
1135 2877 1475 2932 nequaquam
1499 2860 1696 2916 Paulus
1717 2861 1782 2915 de
1806 2860 1919 2916 uni-

337 2952 659 3029 genitoFilio
684 2955 913 3020 diceret,
956 2971 1058 3008 non
1110 2953 1351 3024 rapinam
1390 2951 1675 3006 arbitratus
1703 2961 1776 3006 est
1809 2967 1919 3006 esse

335 3064 391 3101 se
419 3045 672 3118 wqualem
702 3045 830 3098 Deo.
864 3043 922 3097 In
949 3044 1053 3097 hoc
1089 3057 1217 3112 ergo
1246 3041 1490 3097 diabolus
1515 3050 1797 3112 parentem
1824 3057 1920 3095 no-

337 3147 508 3191 strum
534 3135 601 3188 ad
631 3133 936 3202 superbiam
962 3132 1159 3194 traxit,
1193 3133 1338 3200 quod
1371 3148 1493 3186 eum
1533 3131 1601 3185 ad
1629 3131 1917 3184 avaritiam

339 3193 979 3279 sublimitatisexcitavit.
1009 3219 1116 3280 Sed
1143 3193 1339 3290 quibus
1363 3221 1535 3276 modis
1562 3222 1795 3292 primum
1813 3221 1916 3275 bo-
1945 3193 1988 3256 (ἶ

339 3313 538 3366 minem
585 3310 800 3376 stravit,
839 3306 1043 3365 eisdem
1072 3311 1265 3375 modis,
1305 3309 1542 3365 secundo
1572 3310 1778 3364 homini
1801 3318 1919 3364 ten-

341 3411 474 3469 tato,
505 3403 808 3458 succubuit.
839 3401 940 3456 Per
961 3401 1139 3472 gulam
1166 3402 1363 3470 quippe
1390 3402 1618 3456 tentavit
1640 3417 1784 3467 eum,
1822 3402 1919 3471 qui

340 3493 471 3547 dicit
496 3510 509 3544 :
552 3491 649 3544 Dic
676 3500 730 3544 ut
751 3489 950 3560 lapides
973 3490 1059 3542 isti
1093 3506 1252 3560 panes
1280 3489 1432 3558 ﬁant.
1464 3489 1569 3544 Per
1592 3506 1786 3544 vanam
1811 3491 1920 3561 glo-

341 3583 476 3636 riam
512 3581 753 3642 tentavit,
783 3594 906 3634 cum
945 3579 1104 3634 dicit:
1140 3577 1200 3633 Si
1242 3579 1386 3648 ﬁlius
1431 3579 1528 3632 Dei
1568 3595 1650 3644 es,
1696 3581 1842 3633 mitte
1873 3589 1922 3634 te

341 3673 604 3727 deorsum.
649 3671 754 3725 Per
799 3670 1147 3725 sublimitatis
1183 3669 1466 3723 avaritiam
1507 3670 1762 3734 tentavit,
1798 3686 1921 3724 cum

346 3779 506 3834 regna
533 3762 713 3816 omnia
741 3761 922 3816 mundi
946 3761 1202 3824 ostendit,
1232 3761 1447 3814 dicens:
1481 3759 1609 3813 [huc
1631 3761 1806 3814 omnia
1830 3760 1923 3814 tibi

342 3855 501 3920 dabo,
528 3855 574 3909 si
601 3853 872 3925 procidens
910 3852 1212 3908 adoraveris
1247 3869 1346 3906 me.
1383 3850 1489 3906 Sed
1515 3853 1716 3914 eisdem
1747 3853 1923 3909 modis

343 3967 373 4003 a
401 3949 636 4005 secundo
657 3948 871 4002 homine
894 3947 1359 4017 vincitur,quibus
1384 3947 1620 4016 primum
1647 3949 1921 4003 hominem

343 4055 402 4093 se
429 4038 623 4093 vicisse
650 4037 929 4110 gloriatur,
959 4047 1018 4091 ut
1042 4053 1074 4091 a
1111 4038 1310 4092 nostris
1338 4038 1589 4093 cordibus
1620 4039 1739 4110 ipso
1774 4041 1923 4095 aditu

343 4139 534 4202 captus
580 4138 767 4196 exeat,
812 4145 918 4201 quo
953 4145 1052 4184 nos
1099 4131 1245 4186 aditu
1298 4131 1638 4186 intromissos
1687 4132 1920 4186 tenebat.

345 4222 452 4276 Sed
475 4229 556 4276 est
585 4220 746 4286 aliud,
776 4220 973 4275 fratres
1003 4221 1328 4286 charissimi,
1356 4221 1496 4290 quod
1537 4221 1588 4274 in
1617 4222 1720 4277 hac
1745 4230 1924 4278 tenta-

344 4311 491 4364 tione
514 4311 792 4366 Dominica
821 4311 1165 4366 considerare
1190 4312 1497 4368 debeamus.
1522 4311 1656 4380 Quia
1687 4322 1925 4369 tentatus

345 4415 376 4451 a
405 4398 618 4453 diabolo
647 4400 922 4463 Dominus,
955 4401 1094 4454 sacri
1115 4400 1312 4470 eloquii
1339 4406 1607 4471 praecepta
1628 4404 1920 4472 respondit.

1999 591 2067 647 ci.
2105 591 2186 646 Ex
2212 605 2315 660 qua
2344 587 2554 658 re'quid
2581 581 2756 651 aliud,
2793 597 2956 653 quam
2979 581 3140 634 unius
3159 591 3406 647 persona:
3433 585 3579 631 utra-

1999 696 2104 753 que
2127 689 2324 736 natura
2356 677 2678 735 ostenditur.
2705 676 2840 743 Quia
2867 683 2922 729 et
2943 676 3112 730 homo
3137 681 3221 728 est
3239 712 3254 737 ,
3277 685 3439 742 quem
3465 671 3582 726 dia-

1997 772 2154 828 bolus
2176 778 2376 835 tentat,
2397 777 2454 825 et
2536 763 2681 823 idem
2704 769 2826 837 ipse
2845 765 3110 820 Dominus
3137 771 3242 827 est,
3269 763 3356 817 eui
3387 761 3458 816 ab
3486 777 3589 816 an-

2001 863 2134 933 gelis
2161 863 2519 917 ministratur.
2549 858 2950 931 Cognoscamus
2973 858 3136 927 igitur
3161 856 3217 910 in
3245 864 3592 910 conaturam-

2001 961 2264 1017 nostram,
2297 951 2424 1020 quia
2445 949 2552 1005 nisi
2575 951 2725 1004 hunc
2745 947 2994 1002 diabolus
3015 944 3291 999 hominem
3315 951 3581 1004 cerneret,

2002 1057 2108 1096 non
2147 1047 2398 1094 tentaret.
2431 1040 2768 1095 Veneremur
2802 1037 2859 1090 in
2897 1035 2998 1090 illo
3039 1034 3380 1089 divinitatem
3409 1046 3582 1096 suam,

2002 1132 2128 1200 quia
2157 1130 2259 1184 nisi
2285 1144 2446 1198 super
2478 1128 2660 1182 omnia
2693 1127 2835 1182 Deus
2859 1125 3137 1190 existeret,
3166 1125 3220 1179 ei
3243 1122 3397 1178 ηυΗο
3423 1123 3593 1178 modo-

2004 1219 2179 1289 angeli
2201 1218 2590 1272 ministrarent.

2078 1313 2146 1366 Et
2173 1328 2292 1366 cum
2326 1311 2622 1381 jejunasset
2648 1309 3000 1381 quadraginta
3023 1305 3205 1360 diebus
3253 1315 3303 1360 et
3361 1306 3592 1377 quadra-

2005 1405 2151 1474 ginta
2197 1402 2454 1456 noctibus.
2495 1401 2608 1457 Sed
2640 1401 2770 1470 quia
2793 1400 2889 1454 bis
2925 1399 3116 1453 diebus
3162 1397 3590 1467 quadragesima:

2005 1493 2169 1547 lectio
2193 1492 2472 1562 congruit,
2504 1506 2629 1545 nam
2675 1489 3030 1560 miadtagittta
3066 1489 3276 1543 dierum
3319 1487 3590 1541 abstinen-

2003 1585 2140 1638 tiam
2168 1585 2339 1638 nostri
2369 1583 2747 1653 Redemptoris
2779 1582 3116 1646 audivimus,
3163 1580 3254 1649 qui
3295 1581 3594 1650 quadrage-

2007 1677 2160 1731 simae
2207 1684 2418 1746 tempus
2448 1675 2799 1738 incboamus,
2852 1673 3248 1728 discutiendum
3286 1671 3440 1726 nobis
3487 1679 3591 1734 est,

2009 1783 2109 1821 cur
2147 1768 2262 1821 haec
2306 1767 2425 1836 ipsa
2477 1766 2804 1821 abstinentia
2849 1780 2948 1836 per
2989 1763 3341 1834 quadraginta
3385 1763 3594 1817 dierum

1939 1857 1984 1915 Β
2005 1873 2299 1913 τηυῐηεωω
2313 1857 2634 1913 custoditur.
2657 1856 2868 1927 Moyses
2891 1855 3032 1910 enim
3044 1895 3058 1919 ,
3071 1862 3131 1908 ut
3146 1853 3313 1924 legem
3329 1853 3598 1923 acciperet

2007 1947 2274 2011 secundo,
2303 1947 2494 2002 diebus
2523 1947 2877 2018 quadraginta
2895 1945 3177 2015 jejunavit.
3209 1943 3391 1998 Helias
3417 1944 3469 1997 in
3499 1944 3596 1998 de—

2016 2046 2162 2094 serto
2186 2037 2545 2109 quadraginta
2571 2038 2762 2092 diebus
2776 2035 3053 2091 abstinuit.
3075 2034 3196 2103 Ipse
3217 2044 3406 2090 auctor
3422 2035 3599 2091 homi-

2012 2147 2167 2198 num,
2201 2133 2268 2202 ad
2296 2131 2543 2187 homines
2571 2131 2792 2186 veniens
2812 2172 2827 2197 ,
2857 2130 3214 2201 quadraginta
3251 2131 3438 2186 diebus
3479 2132 3601 2186 nul-

2015 2223 2126 2277 lum
2150 2225 2297 2278 omni
2321 2225 2482 2280 modo
2501 2225 2682 2279 cibum
2702 2224 2954 2294 sumpsit.
2983 2222 3094 2278 Nos
3120 2238 3333 2293 quoque
3356 2225 3408 2278 in
3431 2241 3602 2295 quan-

2015 2320 2129 2366 tum
2152 2329 2459 2382 possumus,
2476 2329 2654 2367 annuo
2676 2313 3101 2385 quadragesimae
3120 2321 3360 2383 tempore
3381 2328 3597 2368 carnem

2018 2412 2262 2460 nostram
2281 2419 2380 2473 per
2401 2404 2783 2458 abstinentiam
2807 2403 3040 2472 afﬂigere
3054 2420 3332 2458 conamur.
3347 2403 3458 2459 Cur
3471 2420 3599 2473 ergo

2015 2494 2072 2548 in
2116 2493 2440 2547 abstinentia
2469 2492 2936 2564 quadragenarius
2964 2509 3221 2548 numerus
3261 2496 3605 2550 custoditur?

2015 2584 2129 2640 Nisi
2164 2585 2291 2658 quia
2319 2585 2493 2639 virtus
2532 2583 2771 2655 decalogi
2810 2597 2908 2652 per
2950 2583 3119 2637 libros
3159 2592 3391 2652 quatuor
3427 2585 3604 2640 sancti

2015 2674 2288 2744 Evangelii
2334 2674 2607 2745 impletur.
2656 2674 2923 2728 Denarius
2957 2675 3156 2728 etenim
3186 2681 3381 2743 quater
3409 2675 3606 2731 ductus

2018 2765 2073 2819 in
2097 2765 2588 2835 quadragenarium
2616 2765 2819 2835 surgit,
2857 2765 2980 2833 quia
3013 2773 3143 2818 tunc
3173 2764 3410 2835 decalogi
3441 2781 3601 2818 man-

2019 2859 2144 2916 data
2171 2858 2510 2928 perﬁcimus,
2543 2873 2666 2914 cum
2701 2856 2947 2935 profecto
2975 2866 3207 2928 quatuor
3233 2857 3402 2912 libros
3431 2858 3603 2912 sancti

2018 2948 2296 3020 Evangelii
2325 2948 2674 3003 custodimus.
2706 2947 2787 3001 Ex
2812 2962 2917 3017 qua
2952 2962 3011 3001 re
3040 2947 3227 3002 sentiri
3251 2955 3306 3002 et
3341 2947 3484 3002 aliud
3509 2962 3604 3017 po-
3697 2945 3700 2948 ’

2020 3045 2144 3094 test.
2183 3038 2241 3092 In
2269 3038 2374 3092 hoc
2414 3038 2558 3092 enim
2591 3037 2802 3092 mortali
2844 3052 3072 3106 corpore
3113 3053 3180 3093 ex
3225 3049 3458 3107 quatuor
3494 3038 3604 3093 ele-

2021 3129 2220 3190 mentis
2257 3128 2623 3193 subsistimus,
2667 3136 2722 3183 et
2751 3143 2847 3198 per
2887 3128 3189 3197 voluptates
3215 3127 3457 3198 ejusdem
3483 3144 3602 3183 cor-

2021 3219 2169 3290 poris
2198 3219 2483 3288 prmceptis
2510 3219 2806 3274 Dominicis
2831 3221 3180 3274 eontraimus.
3211 3220 3483 3290 Praecepta
3513 3236 3606 3274 au-

2019 3320 2128 3372 tem
2153 3311 2436 3365 Dominica
2475 3325 2575 3380 per
2598 3311 2909 3381 decalogum
2941 3322 3067 3367 sunt
3088 3322 3327 3384 accepta.
3353 3313 3455 3382 Qui
3477 3330 3604 3386 ergo

2018 3419 2117 3476 per
2141 3402 2323 3459 carnis
2349 3401 2650 3467 desideria,
2695 3403 2935 3474 decalogi
2983 3405 3232 3459 mandata
3277 3403 3603 3475 contempsi-

2019 3509 2173 3560 mus,
2207 3493 2430 3563 dignum
2471 3500 2556 3547 est
2594 3501 2656 3548 ut
2703 3493 2949 3548 eamdem
2981 3510 3199 3550 carnem
3229 3495 3606 3566 quaterdecies

2021 3585 2336 3656 aﬂligamus.
2366 3583 2624 3652 Quamvis
2661 3585 2727 3639 de
2757 3585 2861 3639 hoc
2891 3587 3314 3655 quadragesima
3340 3594 3602 3658 tempore,

2020 3687 2106 3734 est
2129 3680 2306 3734 adhuc
2335 3678 2480 3733 aliud
2506 3677 2648 3748 quod
2667 3678 2847 3746 possit
2871 3677 3116 3749 intelligi.
3162 3679 3205 3734 A
3234 3679 3489 3749 praesenti
3526 3687 3605 3735 et-

2022 3770 2169 3824 enim
2193 3769 2300 3834 die,
2316 3784 2485 3838 usque
2510 3768 2575 3822 ad
2603 3767 2880 3822 Paschalis
2901 3767 3259 3822 solemnitatis
3281 3769 3605 3836 gaudia,sex

2011 3859 2372 3920 hebdomade:
2404 3858 2905 3932 veniunt-Quarum
2941 3858 3190 3914 videlicet
3232 3859 3348 3913 dies
3374 3858 3606 3928 quadra-

2011 3952 2170 4026 ginta
2201 3959 2256 4006 et
2282 3951 2388 4006 duo
2418 3949 2572 4004 ﬁunt.
2611 3949 2691 4003 Ex
2737 3949 2951 4018 quibus,
2984 3949 3110 4004 dum
3155 3963 3246 4002 sex
3285 3947 3399 4002 dies
3427 3948 3607 4002 Domi-

2022 4043 2129 4102 nici
2158 4041 2484 4096 abstinentia
2515 4040 2926 4104 abstrahuntur,
2956 4054 3066 4093 non
3097 4037 3219 4106 plus
3243 4038 3297 4092 in
3327 4037 3604 4093 abstinen-

2023 4134 2119 4199 tia,
2163 4146 2326 4202 quam
2354 4130 2570 4201 triginta
2598 4136 2653 4183 et
2678 4144 2772 4183 sex
2809 4129 2923 4184 dies
2952 4134 3253 4183 remanent.
3305 4126 3441 4180 Dum
3471 4142 3604 4181 vero

2022 4241 2120 4297 per
2145 4228 2418 4279 trecentos
2449 4229 2504 4274 et
2541 4219 2823 4290 sexaginta
2869 4218 2984 4273 dies
3015 4232 3189 4271 annus
3235 4217 3468 4281 ducitur,
3508 4232 3609 4272 nos

2025 4323 2206 4372 autem
2234 4329 2330 4383 per
2365 4311 2586 4382 triginta
2613 4318 2667 4364 et
2697 4325 2790 4364 sex
2824 4306 3138 4379 ailligimur’,
3177 4307 3330 4376 quasi
3355 4306 3481 4360 anui
3511 4321 3609 4360 no-

2026 4406 2126 4462 stri
2157 4404 2394 4458 decimas
2424 4402 2533 4456 Deo
2563 4401 2774 4455 damus.
2818 4398 2888 4454 Ut
2930 4397 3020 4468 qui
3064 4395 3466 4464 nobismetipsis
3511 4409 3609 4463 per

344 4490 411 4542 Et
433 4489 523 4556 qui
549 4504 613 4542 eo
634 4490 800 4543 verbo
821 4491 962 4558 quod
984 4498 1124 4555 erat,
1150 4499 1469 4546 tentatorem
1499 4508 1654 4546 suum
1679 4508 1925 4564 mergere
1945 4527 2002 4587 D
2025 4499 2307 4561 acceptum
2337 4503 2536 4543 annum
2561 4485 2815 4548 viximus,
2833 4485 3041 4539 auctori
3072 4493 3257 4538 nostro
3287 4496 3386 4536 nos
3409 4481 3461 4534 in
3491 4479 3609 4548 ejus

345 4578 400 4629 in
428 4577 678 4645 abyssum
703 4584 938 4645 poterat,
962 4577 1214 4631 virtutem
1248 4593 1358 4632 suae
1395 4580 1649 4648 potentia:
1686 4596 1794 4634 non
1834 4595 1923 4635 os-

345 4666 537 4719 tendit.
568 4665 692 4719 Sola
716 4665 908 4719 divinae
929 4664 1227 4734 Scriptura:
1254 4675 1521 4736 prmccpta
1549 4667 1718 4733 dedit,
1741 4677 1924 4738 quate-

346 4770 449 4808 nus
496 4769 606 4810 sua:
651 4755 808 4808 nobis
849 4755 1121 4823 patientiae
1168 4756 1432 4824 praeberet
1475 4756 1801 4826 exemplum.
1851 4757 1922 4812 Ut

347 4846 557 4914 quoties
587 4861 616 4899 a
646 4845 826 4914 pravis
856 4845 1164 4899 hominibus
1193 4845 1393 4915 aliquid
1421 4847 1687 4916 patimur,
1720 4847 1787 4901 ad
1823 4848 1920 4901 do-

347 4937 578 4992 ctrinam
608 4937 929 5002 excitemur,
957 4936 1136 5006 potius
1165 4953 1322 5006 quam
1345 4940 1410 4992 ad
1439 4939 1751 4993 vindictam.
1785 4939 1921 4992 Pen-

348 5035 462 5081 sate
495 5035 693 5095 quanta
742 5035 824 5081 est
852 5027 1110 5096 patientia
1159 5027 1286 5091 Dei,
1336 5038 1535 5096 quanta
1584 5028 1920 5098 impatientia

349 5128 553 5174 nostra.
591 5118 700 5173 Nos
731 5120 775 5174 si
807 5119 1036 5190 injuriis,
1073 5129 1164 5174 aut
1203 5121 1379 5190 aliqua
1411 5121 1628 5175 Ιωεῖοηε
1663 5137 1921 5191 provoca-

348 5227 489 5274 mur,
519 5209 698 5270 furore
731 5212 994 5282 permoti,
1031 5221 1125 5265 aut
1171 5222 1430 5282 quantum
1461 5229 1752 5282 possumus
1797 5228 1924 5267 nos-

348 5301 604 5370 tuetipsos
634 5301 962 5367 ulciscimur,
982 5310 1076 5358 aut
1102 5301 1241 5372 quod
1272 5319 1377 5356 non
1402 5318 1691 5372 possumus
1727 5301 1923 5368 facere,

350 5393 640 5452 minamur.
688 5393 826 5447 Ecce
867 5394 1248 5450 adversitatem
1279 5396 1472 5450 diaboli
1509 5395 1768 5450 Dominus
1804 5410 1928 5464 per-

352 5485 494 5547 tulit,
525 5493 576 5539 et
614 5484 745 5540 nihil
790 5485 840 5539 ei
867 5485 971 5540 nisi
1001 5488 1430 5546 mansuetudinis
1455 5489 1676 5548 verbum
1706 5501 1928 5558 respon-

353 5573 451 5628 dit.
488 5575 675 5630 Portat
693 5591 852 5646 quem
876 5577 1053 5646 puniri
1083 5587 1315 5647 poterat,
1338 5589 1398 5634 ut
1425 5579 1526 5636 hoc
1553 5581 1606 5634 in
1635 5580 1791 5636 laude
1812 5580 1928 5648 ejus

353 5663 517 5722 altius
559 5675 860 5734 cresceret,
903 5669 948 5723 si
979 5670 1186 5728 hostem
1217 5685 1372 5726 suum
1410 5688 1514 5728 non
1543 5671 1924 5741 extinguendo,

355 5754 448 5812 sed
477 5754 690 5812 interim
710 5759 964 5830 patiendo
984 5769 1282 5832 superaret.
1315 5761 1616 5818 Notandum
1639 5779 1764 5817 vero
1785 5764 1926 5832 quod

2028 4583 2251 4640 decimis
2276 4597 2374 4652 per
2411 4578 2793 4634 abstinentiam
2840 4574 3245 4629 mortificemur.
3292 4573 3464 4636 Unde,
3495 4571 3609 4624 fra-

2027 4681 2141 4726 tres
2163 4669 2489 4732 charissimi,
2535 4667 2679 4721 sicut
2712 4664 2906 4720 oﬂ‘erre
2943 4664 2996 4718 in
3023 4663 3140 4733 lege
3162 4661 3426 4730 jubemini
3463 4662 3610 4716 deci-

2026 4778 2144 4822 mas
2168 4776 2372 4828 rerum,
2407 4761 2479 4814 ita
2503 4758 2552 4814 ei
2586 4757 2780 4812 oderre
2811 4755 3115 4810 contendite
3143 4761 3198 4808 et
3229 4754 3466 4808 decimas
3495 4754 3610 4808 die-

2025 4874 2167 4914 rum.
2202 4852 2588 4925 Unusquisque
2615 4852 2668 4905 in
2698 4858 2954 4920 quantum
2986 4849 3158 4903 virtus
3189 4847 3423 4916 suppetit
3443 4887 3456 4910 ,
3487 4862 3608 4899 car-

2024 4961 2149 5000 nem
2200 4951 2456 5008 maceret,
2507 4925 2731 5010 ejusque
2775 4937 3038 4993 desideria
3087 4935 3305 5006 adligat,
3356 4935 3610 5005 concupi-

2023 5037 2260 5093 scentias
2287 5042 2470 5104 turpes
2495 5031 2801 5097 interﬁciat,
2853 5037 2946 5092 ut,
2995 5027 3148 5098 juxta
3195 5027 3348 5082 Pauli
3395 5041 3600 5087 vocem,

2024 5128 2202 5184 hostia
2231 5125 2352 5180 viva
2383 5124 2494 5179 ﬁat.
2527 5122 2714 5177 Hostia
2742 5121 2938 5192 quippe
2964 5128 3018 5175 et
3054 5119 3364 5176 immolatur
3403 5127 3456 5174 et
3485 5119 3603 5172 viva

2026 5226 2130 5282 est,
2161 5215 2376 5286 quando
2409 5221 2462 5268 et
2489 5213 2557 5266 ab
2587 5214 2691 5267 hac
2714 5212 2822 5265 vita
2859 5212 3019 5267 homo
3056 5225 3163 5265 non
3208 5210 3408 5273 deﬁcit,
3441 5216 3496 5263 et
3526 5216 3607 5262 ta—

2028 5324 2151 5363 men
2175 5323 2234 5362 se
2253 5323 2288 5360 .a
2313 5305 2621 5366 carnalibus
2645 5302 2929 5358 desideriis
2956 5302 3172 5358 occidit.
3195 5301 3334 5357 Caro
3361 5315 3458 5357 nos
3485 5299 3606 5354 laeta

2033 5400 2198 5452 traxit
2225 5397 2292 5451 ad
2316 5395 2550 5465 culpam,
2571 5393 2771 5448 aﬂlicta
2798 5393 3023 5448 reducat
3049 5394 3115 5447 ad
3141 5393 3372 5447 veniam.
3405 5390 3612 5448 Auctor

2033 5491 2230 5546 etenim
2261 5489 2452 5545 mortis
2493 5495 2714 5554 nostrae,
2743 5503 2840 5558 per
2874 5484 3106 5542 fructum
3140 5487 3269 5557 ligni
3306 5484 3453 5544 vetiti
3486 5484 3607 5536 vita:

2031 5589 2299 5653 praecepta
2330 5589 2695 5650 transgressus
2722 5586 2823 5633 est.
2861 5576 2961 5644 Qui
2999 5592 3126 5648 ergo
3157 5592 3186 5629 a
3212 5575 3447 5645 paradisi
3480 5589 3608 5645 gau-

2033 5672 2137 5726 diis
2168 5687 2264 5740 pcr
2291 5671 2471 5725 cibum
2497 5670 2812 5734 cecidimus,
2839 5669 2906 5723 ad
2933 5669 3066 5732 haec,
3099 5667 3150 5721 in
3184 5675 3444 5737 quantum
3487 5679 3607 5736 pos-

2035 5779 2238 5828 sumus,
2268 5778 2362 5831 pcr
2393 5761 2773 5816 abstinentiam
2805 5775 3169 5830 resurgamus.
