3994 6204
332 360 437 420 ηε

1165 356 1686 416 COLLECTIONES
1721 359 1790 416 ΙΝ
1827 359 2204 418 EPISTOLAS
2243 361 2330 417 ET
2368 361 2778 419 EVANGELIA.

3498 362 3598 417 19.6

403 477 513 549 (Ex
545 474 740 544 Beda.)
767 472 1131 543 Quadraginta
1150 481 1330 528 autem
1350 474 1466 529 dies
1487 482 1543 529 et
1567 480 1772 537 noctes,
1795 473 1912 539 qui—
1938 477 1990 536 Α
2013 473 2368 542 promissione
2402 473 2696 539 reﬁcimur,
2735 473 2825 529 hic
2858 488 2965 528 non
2983 482 3315 542 apponentes
3344 489 3458 539 cor,
3487 474 3600 530 illic

325 571 435 625 bus
453 583 580 624 eum
603 574 798 630 tentet,
819 573 991 619 totum
1013 564 1173 633 hujus
1189 566 1372 622 δίκαιιὶ
1390 573 1600 636 tempus
1619 567 1916 629 insinuant,

327 662 531 732 «juibtis
564 660 812 716 membra
857 659 1007 729 ejus,
1052 659 1306 714 videlicet
1337 667 1581 714 sanctam
1619 658 1918 713 Ecclesiam

331 761 546 807 tentare
573 766 851 820 nunquam
880 749 1112 804 desistit.
1153 748 1288 816 Quia
1314 749 1568 803 nimirum
1604 743 1923 817 quadripar-

337 842 466 897 titus
495 849 580 896 est
611 839 866 903 mundus,
893 840 945 892 in
975 855 1083 908 quo
1104 838 1332 892 Domino
1355 839 1695 893 famulantur.
1723 837 1920 891 Decem

339 948 467 986 \ero
501 938 628 986 sunt
669 936 960 1000 praecepta,
1011 942 1111 996 per
1156 941 1384 996 quorum
1427 927 1827 982 observantiam
1865 926 1919 979 in

340 1029 354 1078 Ι
382 1021 570 1076 omino
591 1018 936 1082 famulantes,
976 1026 1164 1074 contra
1192 1017 1362 1070 hostis
1391 1015 1645 1071 indefessi
1676 1014 1920 1068 militiam

339 1121 630 1166 t‘ertamus.
671 1109 866 1164 Decem
917 1116 1094 1162 autem
1133 1107 1483 1176 quaterducta
1505 1146 1522 1171 ,
1564 1107 1922 1176 quadraginta

339 1205 569 1267 faciunt,
596 1202 824 1269 ideoque
854 1207 1026 1253 totum
1075 1197 1280 1251 militiae
1304 1205 1502 1250 nostra
1536 1202 1766 1264 tempus,
1798 1207 1924 1264 apte

339 1289 772 1363 quadragenario
809 1288 1019 1342 dierum
1050 1303 1114 1341 ac
1153 1287 1392 1341 noctium
1429 1300 1652 1340 numero
1678 1300 1924 1354 compre-

339 1384 613 1439 henditur.
641 1381 952 1450 Baptizatus
977 1394 1105 1448 ergo
1139 1377 1397 1433 Dominus
1445 1377 1732 1446 expellitur
1755 1392 1784 1430 a
1814 1377 1925 1445 spi-

310 1474 450 1537 .ritu
479 1473 532 1526 in
562 1473 834 1526 desertum
859 1479 916 1524 et
943 1477 1182 1522 tentatur
1207 1483 1237 1521 a
1276 1467 1507 1533 Satana,
1537 1474 1596 1522 ut
1616 1467 1921 1537 exemplum

338 1565 467 1618 vita
513 1563 627 1617 suis
663 1560 911 1616 ﬁdelibus
937 1560 1210 1628 prebeat,
1241 1558 1332 1626 qui
1374 1565 1498 1628 post
1544 1566 1820 1625 acceptam
1866 1557 1922 1612 in

340 1654 615 1722 baptismo
642 1650 1018 1707 remissionem
1053 1655 1430 1719 peccatorum,
1479 1664 1586 1703 non
1633 1648 1804 1703 solum
1851 1647 1922 1702 ad

339 1743 644 1799 exercenda
673 1755 837 1810 Opera
864 1740 1148 1801 virtutum,
1173 1751 1359 1792 verum
1386 1737 1554 1792 etiam
1592 1738 1659 1792 ad
1686 1737 1922 1792 toleran-

2019 573 2302 634 pascentes
2335 581 2550 620 rursum
2577 580 2690 620 cor.
2721 565 2854 620 item
2874 565 3223 636 Augustinus.
3256 565 3406 621 Sicut
3433 584 3599 622 unum

2019 661 2076 708 et
2108 654 2213 708 duo
2243 663 2298 709 et
2328 663 2438 710 tres
2473 663 2528 710 et
2561 666 2822 724 quatuor,
2869 655 3028 711 simul
3069 657 3258 712 decem
3306 655 3475 722 ﬁunt,
3522 657 3604 712 sic

2020 756 2186 796 unum
2208 749 2264 796 et
2297 744 2403 797 duo
2429 751 2485 798 et
2519 753 2631 798 tres
2666 751 2723 798 et
2765 753 3020 814 quatuor,
3061 755 3254 815 quater
3284 746 3443 800 ducta
3469 760 3603 815 qua-

2021 830 2266 902 draginta
2296 831 2522 888 faciunt.
2567 833 2661 890 Sic
2701 844 2882 889 autem
2911 837 3290 906 quaternarius
3318 851 3598 903 numerus,

2022 929 2170 976 recte
2211 923 2480 993 signiﬁcat
2522 939 2718 994 corpus
2739 965 2754 989 ,
2781 934 3005 995 propter
3031 936 3263 996 quatuor
3291 927 3604 983 notissimas

2021 1022 2262 1079 naturas,
2285 1015 2480 1084 quibus
2500 1023 2730 1079 constat,
2758 1016 2979 1079 siccam,
2999 1017 3296 1081 humidam,
3325 1016 3601 1090 frigidam,

2021 1101 2285 1157 callidam.
2337 1104 2403 1158 Et
2432 1104 2558 1174 quia
2587 1106 2894 1174 progressio
2934 1105 2992 1158 ﬁt
3023 1122 3054 1159 a
3085 1115 3286 1174 puncto
3324 1122 3497 1176 usque
3539 1108 3606 1162 ad

2019 1191 2426 1263 longitudinem,
2457 1205 2507 1250 et
2541 1211 2570 1249 a
2599 1196 2929 1266 longitudine
2953 1212 3123 1265 usque
3145 1198 3210 1254 ad
3239 1197 3601 1262 latitudinem,

2021 1285 2154 1340 etab
2166 1285 2446 1342 altitudine
2460 1288 2525 1341 ad
2539 1289 2863 1344 soliditatem
2877 1290 3269 1359 corporis,quae
3281 1306 3469 1346 rursus
3481 1305 3610 1360 qua-

2020 1380 2260 1433 ternario
2279 1395 2505 1437 numero
2526 1381 2888 1447 continentur,
2914 1398 3020 1436 non
3044 1382 3274 1436 absurde
3295 1383 3609 1452 intelligitur

2022 1467 2482 1539 quadragenarius
2501 1485 2758 1524 numerus
2781 1471 3130 1542 temporalem
3149 1473 3606 1540 dispensationem

2021 1556 2344 1626 signiﬁcare,
2375 1573 2496 1627 qua:
2515 1573 2615 1628 pro
2639 1558 2813 1614 salute
2840 1568 3024 1614 nostra
3047 1568 3197 1630 gesta
3219 1569 3323 1625 est,
3351 1577 3478 1616 cum
3504 1562 3612 1617 Do-

2021 1647 2200 1703 minus
2229 1663 2424 1719 corpus
2455 1651 2767 1722 assumpsit,
2792 1661 2846 1707 et
2874 1653 3159 1708 visibiliter
3186 1653 3493 1708 hominibus
3515 1669 3620 1725 ap-

2020 1752 2213 1805 parere
2261 1737 2514 1808 dignatus
2546 1749 2648 1795 est.
2705 1740 2878 1800 Unum
2929 1757 3058 1814 ergo
3086 1751 3141 1798 et
3189 1743 3294 1797 duo
3327 1751 3381 1798 et
3410 1752 3522 1798 tres
3554 1753 3610 1799 et

342 1834 470 1886 t‘am
518 1839 740 1900 propter
781 1829 1044 1899 justitiam
1091 1827 1524 1896 persecutionem
1573 1835 1698 1882 sunt
1743 1827 1923 1881 accin-
1950 1825 1997 1883 B
2025 1836 2276 1894 quatuor,
2304 1844 2423 1898 quae
2445 1829 2753 1898 signiﬁcant
2773 1831 3086 1887 Creatorem
3109 1847 3205 1901 per
3231 1833 3352 1894 tria,
3379 1842 3435 1888 et
3457 1850 3609 1889 crea-

342 1923 527 1994 gendi.
558 1921 774 1978 Secedit
799 1920 944 1976 enim
973 1919 1027 1973 in
1055 1920 1350 1984 desertum,
1380 1927 1440 1973 ut
1472 1934 1572 1974 nos
1597 1919 1810 1982 doceat,
1835 1933 1924 1972 re-

343 2016 490 2072 lictis
513 2014 700 2069 mundi
739 2011 1008 2068 illecebris
1028 2019 1085 2066 et
1107 2011 1369 2066 societate
1386 2025 1697 2079 pravorum,
1727 2010 1924 2065 divinis

343 2122 446 2176 per
489 2103 918 2176 omnia_servire
947 2103 1234 2155 mandatis.
1283 2101 1544 2156 Tentatur
1581 2100 1856 2155 solitarius
1893 2115 1922 2152 a

344 2173 583 2260 diabolo,
609 2173 854 2249 ut’nobis
881 2192 1137 2251 insinuet.
1182 2192 1308 2261 quia
1341 2206 1562 2254 omnes,
1611 2191 1702 2260 qui
1739 2190 1926 2244 volunt

346 2288 435 2358 pie
454 2287 639 2342 vivere
665 2287 721 2342 in
745 2286 882 2354 ipso,
916 2286 1346 2354 persecutionem
1374 2285 1672 2354 patiuntur,
1712 2291 1768 2336 et
1798 2282 1924 2352 quia

347 2392 446 2446 per
474 2377 674 2430 multas
705 2375 1079 2429 triindatienes
1123 2381 1338 2442 oportet
1382 2388 1482 2427 nos
1517 2374 1722 2428 intrare
1749 2365 1807 2426 iri
1842 2387 1926 2426 re-

349 2483 513 2535 gnum
550 2466 665 2521 Dei.
699 2466 966 2521 Tentatur
992 2465 1348 2534 quadraginta
1386 2461 1572 2518 diebus
1611 2471 1668 2518 et
1697 2463 1926 2532 quadra-

353 2557 499 2625 ginta
522 2556 792 2618 noctibus,
816 2561 875 2607 ut
902 2554 1102 2608 indicet
1126 2553 1275 2622 quia.
1298 2552 1538 2621 quandiu
1570 2552 1661 2606 hic
1685 2551 1927 2605 viventes

355 2648 580 2703 Domino
613 2648 898 2708 servimus,
945 2646 1058 2700 sive
1089 2659 1344 2714 prospera
1369 2644 1748 2709 blandiantur,
1783 2644 1927 2714 quod

353 2739 421 2793 ed
451 2739 570 2792 dies
594 2737 845 2806 pertinet,
869 2751 962 2791 seu
985 2751 1085 2790 nos
1106 2736 1332 2790 adversa
1354 2733 1570 2798 feriant,
1593 2734 1736 2804 quod
1755 2734 1929 2788 noctis

356 2829 548 2900 ﬁgurae
577 2829 851 2900 congruit,
903 2844 1118 2898 semper
1160 2826 1559 2882 ambulantibus
1588 2827 1641 2880 in
1669 2826 1786 2896 lege
1818 2825 1928 2881 Do-

355 2920 488 2973 mini
521 2920 664 2974 adsit
712 2927 823 2974 toto
864 2921 994 2973 orbe
1019 2917 1382 2982 adversarius,
1410 2916 1501 2985 qui
1536 2915 1640 2970 iter
1686 2922 1928 2970 nostrum

354 3008 614 3062 tentando
641 3008 896 3076 impedire
921 3023 1027 3062 non
1053 3014 1248 3063 cessat.

2024 1927 2200 1970 turam
2228 1933 2324 1986 per
2352 1928 2578 1987 septem,
2613 1935 2899 1975 numerum
2923 1920 3291 1985 hebdomadis,
3321 1937 3417 1990 per
3444 1937 3609 1992 quam

2023 2016 2200 2063 motus
2240 2010 2425 2064 mundi
2453 2010 2763 2076 revolvitur,
2795 2021 2988 2082 quater
3017 2011 3213 2077 ducta,
3262 2012 3314 2065 id
3360 2021 3464 2078 est,
3510 2029 3611 2082 per

2024 2114 2219 2169 corpus
2255 2101 2622 2170 temporaliter
2648 2102 3042 2166 demonstrata,
3069 2100 3203 2157 ﬁunt
3228 2102 3606 2174 quadraginta.

2024 2189 2159 2244 Nam
2187 2191 2328 2246 inter
2347 2203 2581 2260 quatuor
2607 2201 2662 2246 et
2681 2200 2873 2262 quater
2905 2193 3007 2247 hoc
3035 2193 3282 2257 interest,
3314 2195 3457 2264 quod
3477 2209 3611 2264 qua-

2024 2289 2146 2335 tuor
2175 2281 2228 2334 in
2258 2289 2402 2335 statu
2436 2289 2580 2344 sunt,
2611 2289 2803 2351 quater
2831 2281 2884 2336 in
2921 2288 3090 2334 motu.
3119 2280 3263 2351 Ergo
3301 2282 3442 2338 sicut
3477 2297 3610 2351 qua-

2027 2379 2148 2424 tuor
2177 2371 2486 2426 referuntur
2513 2371 2580 2425 ad
2612 2386 2838 2441 corpus,
2871 2370 2945 2424 ita
2983 2377 3176 2438 quater
3201 2369 3509 2425 referuntur
3543 2371 3610 2425 ad

2025 2470 2275 2533 tempus,
2337 2462 2749 2531 insinuaturque
2801 2469 3200 2515 sacramentum
3256 2460 3612 2529 corporaliter

2025 2565 2253 2624 gestum,
2283 2561 2506 2624 propter
2542 2569 2635 2608 eos
2676 2553 2766 2621 qui
2803 2566 3088 2621 corporum
3130 2567 3314 2608 amore
3349 2551 3608 2621 implicati

2026 2653 2212 2706 erant,
2263 2652 2318 2698 et
2361 2645 2694 2714 temporibus
2729 2645 2948 2698 subditi.
2982 2643 3452 2714 Quadragcnarius
3482 2660 3612 2716 ergo

2027 2749 2309 2798 numerus,
2336 2742 2396 2786 ut
2423 2735 2625 2788 dictum
2668 2741 2781 2798 est,
2825 2733 3174 2804 temporalem
3203 2733 3374 2802 ipsam
3404 2733 3622 2802 dispen-

2028 2823 2314 2885 sationem,
2345 2838 2451 2877 non
2483 2824 2775 2893 incongrue
2800 2821 3108 2891 signiﬁcare
3135 2822 3394 2877 creditur.
3419 2822 3483 2876 Et
3506 2822 3628 2898 for-_

2029 2922 2172 2968 tassc
2204 2915 2307 2968 hoc
2330 2921 2431 2977 est,
2462 2915 2586 2983 quia
2619 2913 2978 2983 quadraginta
3022 2913 3139 2966 dies
3173 2913 3430 2966 Dominus
3467 2913 3609 2982 jeju—

2030 3004 2198 3067 navit,
2225 3004 2404 3057 saeculi
2430 3003 2608 3075 hujus,
2639 3003 2780 3072 quod
2816 3011 2962 3056 motu
3003 3015 3288 3070 corporum
3317 3010 3371 3056 et
3401 3010 3610 3072 tempo-

425 3097 537 3168 (Ea:
561 3097 823 3154 Δηώ-οι.)
851 3097 1122 3168 lejunavit
1156 3099 1434 3163 Dominus,
1476 3113 1598 3153 cum
1627 3105 1928 3153 tentaretur
1967 3161 2000 3168 _
2032 3093 2182 3149 ribus
2209 3096 2404 3165 agitur,
2433 3095 2722 3152 ostendens
2750 3095 3006 3166 inopiam.

357 3161 482 3240 ante
509 3194 761 3250 mortem,
784 3161 1117 3242 cibo'adbuc
1153 3161 1428 3258 indigens.
1467 3187 1809 3248 Manducavit
1835 3202 1930 3240 au.
1957 3161 2001 3225 Ε
2105 3161 2294 3242 Ροειέα
2333 3189 2536 3242 esuriit.
2585 3188 2684 3258 (Ex
2721 3161 2904 3260 Beda.)
2949 3187 3101 3254 Quod
3145 3195 3327 3242 autem
3355 3186 3614 3242 Dominus

355 3284 465 3330 tem
494 3284 549 3330 et
577 3275 733 3339 bibit,
756 3291 878 3330 cum
903 3277 1298 3346 gloriﬁcaretur
1315 3285 1438 3346 post
1455 3278 1927 3342 resurrectionem,

351 3365 464 3433 jam
507 3367 629 3421 cibo
671 3382 776 3421 non
806 3367 1068 3437 indigens.
1119 3367 1220 3422 Hic
1260 3369 1406 3422 enim
1449 3368 1766 3424 ostendebat
1787 3368 1841 3422 in
1872 3383 1931 3422 se

358 3468 603 3514 nostrum
623 3458 886 3524 laborem,
911 3459 1019 3513 iilic
1036 3468 1214 3513 autem
1237 3459 1290 3513 in
1327 3459 1482 3516 nobis
1512 3473 1661 3514 suam
1688 3459 1934 3514 consola-

358 3549 583 3614 tionem,
614 3548 978 3620 quadragenis
1001 3549 1189 3604 diebus
1209 3558 1496 3619 utrumque
1513 3549 1793 3606 deﬁniens.
1817 3550 1933 3616 Quo

357 3653 586 3697 numero
613 3641 1035 3712 quadragesima:
1060 3641 1218 3709 hujus
1250 3643 1428 3697 sxa-culi
1469 3643 1756 3712 signihcari
1788 3643 1936 3696 vide-

359 3741 448 3786 tur
491 3747 792 3787 excursus:
847 3733 898 3786 in
932 3732 1014 3785 bis
1041 3733 1132 3800 qui
1164 3741 1424 3786 vocantur
1469 3745 1566 3800 per
1605 3732 1831 3800 gratiam
1867 3731 1935 3785 ad

353 3837 504 3888 eum,
531 3823 625 3892 qui
659 3837 768 3876 non
806 3823 955 3876 venit
986 3821 1156 3890 legem
1201 3821 1424 3881 solvere,
1474 3820 1568 3874 sed
1617 3819 1931 3888 adimplere.

361 3912 556 3968 Decem
581 3928 814 3982 namque
839 3921 1106 3982 prmeepta
1130 3921 1254 3967 sunt
1279 3909 1428 3981 legis.
1452 3909 1569 3965 1am
1591 3911 1766 3982 gratia
1779 3910 1936 3968 Chri,

357 4004 428 4060 sti
459 4003 652 4060 diffusa
683 4019 781 4075 per
806 4004 1086 4068 mundum,
1113 4011 1168 4057 et
1189 4002 1614 4072 quadripartitus
1653 4009 1738 4056 est
1783 4016 1938 4055 mun-

357 4095 481 4159 dus,
524 4104 582 4150 et
624 4096 811 4151 decem
856 4094 1261 4164 quadruplicata
1310 4094 1662 4164 quadraginta
1712 4093 1933 4148 faciunt.

361 4184 628 4251 Quoniam
653 4186 747 4255 qui
773 4184 1035 4254 redempti
1065 4192 1191 4239 sunt
1210 4201 1238 4239 a
1271 4184 1514 4247 Domino,
1547 4185 1613 4238 de
1632 4184 1939 4253 regionibus

364 4277 714 4348 congregavit
750 4291 864 4341 eos,
897 4277 963 4332 ab
990 4277 1209 4330 Oriente
1238 4284 1293 4330 et
1319 4273 1625 4337 Occidente,
1671 4274 1739 4327 ab
1775 4273 1940 4340 Aqui-

363 4367 486 4422 lone
529 4376 588 4422 et
628 4367 784 4420 mari.
831 4364 1087 4434 Jejunans
1131 4365 1310 4434 itaque
1351 4365 1704 4434 quadraginta
1748 4362 1939 4416 diebus

2030 3278 2416 3334 consummatis
2438 3276 2628 3345 jejunii
2659 3279 2872 3343 diebus,
2903 3279 3116 3344 esuriit,
3153 3293 3274 3333 cum
3311 3278 3378 3332 de
3427 3276 3609 3348 Moyse

2031 3365 2116 3420 vel
2159 3365 2306 3421 Helia
2345 3367 2715 3436 jejunantibus
2757 3368 2888 3422 nihil
2919 3367 3027 3422 tale
3063 3369 3136 3423 sit
3164 3367 3445 3436 scriptum,
3494 3368 3614 3422 ideo

2031 3456 2236 3512 factum
2261 3467 2366 3523 est,
2399 3476 2467 3514 ne
2492 3460 2560 3514 ab
2589 3475 2654 3514 eo
2687 3458 2941 3513 tentando
2977 3473 3178 3527 pavens
3208 3459 3377 3512 hostis
3402 3459 3616 3530 aufuge-

2033 3557 2137 3613 ret,
2152 3564 2311 3618 quem
2333 3565 2453 3604 cum
2473 3558 2550 3603 tot
2573 3550 2738 3619 signis
2757 3549 3068 3603 cmlestibus
3093 3557 3476 3617 praeconatum,
3501 3559 3612 3602 tum

2033 3641 2195 3694 etiam
2241 3640 2375 3694 viris
2415 3639 2899 3704 excellentissimis,
2948 3640 3001 3693 in
3051 3639 3372 3694 abstinendo
3410 3639 3618 3694 videret

2033 3739 2322 3802 aequatum.
2401 3731 2588 3785 Esurit
2607 3731 2752 3785 enim
2783 3731 3003 3786 humilis
3028 3730 3170 3785 Deus
3193 3731 3375 3796 homo,
3413 3744 3480 3784 ne
3511 3731 3614 3784 ini-

2037 3825 2176 3879 mico
2203 3820 2522 3888 innotescat,
2556 3823 2800 3878 sublimis
2827 3824 2991 3878 homo
3016 3824 3178 3878 Deus.
3204 3821 3358 3878 Sicut
3387 3823 3530 3876 enim
3563 3824 3616 3876 in

2035 3917 2388 3988 quadraginta
2427 3918 2635 3972 dierum
2679 3915 2884 3985 ji-jnnio
2911 3931 3072 3970 verus
3117 3929 3237 3970 esse
3277 3915 3417 3969 Deus
3455 3929 3618 3984 appa-

2036 4011 2165 4073 ruit,
2193 4011 2270 4065 sic
2305 4011 2356 4064 in
2389 4009 2567 4065 csuric
2597 4024 2758 4063 verus
2779 4023 2900 4063 esse
2926 4007 3228 4062 credendus
3253 4013 3338 4060 est
3365 4005 3544 4059 homo.

2109 4102 2178 4156 Et
2207 4102 2456 4156 accedens
2500 4109 2756 4164 tentator,
2795 4099 2929 4152 dia-it
2971 4099 3018 4150 ei
3043 4112 3061 4149 :
3103 4096 3164 4151 Si
3207 4095 3254 4148 F
3258 4097 3380 4149 ilius
3419 4095 3516 4148 Dei
3540 4112 3616 4147 es.

2037 4193 2310 4259 Quaeritur
2331 4232 2346 4255 ,
2378 4205 2484 4259 qua
2531 4205 2694 4243 causa
2741 4188 3109 4241 aestimavcrat
3136 4200 3257 4239 eum
3289 4185 3483 4238 Filium
3523 4185 3616 4240 Dei

2035 4297 2174 4336 esse.
2209 4281 2472 4337 Nimirum
2502 4279 2846 4348 permitmnte
2868 4277 3000 4342 Deo,
3021 4277 3269 4330 audierat
3293 4277 3509 4331 Patrem
3538 4278 3618 4331 di-

2036 4379 2248 4428 centem
2277 4389 2289 4424 :
2323 4369 2424 4424 Hic
2445 4381 2519 4424 est
2548 4368 2721 4423 Filius
2742 4385 2886 4422 meus
2921 4367 3164 4432 dilectus,
3190 4368 3302 4422 sive
3333 4369 3453 4423 ideo
3490 4371 3617 4436 quia

367 4472 490 4516 ante
508 4468 739 4515 mortem
761 4459 962 4524 carnis.
989 4459 1136 4528 velut
1155 4458 1382 4513 clamat:
1409 4457 1670 4511 Αὔειὶηεεε
1693 4473 1778 4511 ωδ
1795 4474 1826 4509 α
1848 4456 1937 4509 άθν
1962 4500 2014 4559 D
2042 4463 2095 4520 in
2124 4461 2398 4532 prophetis
2427 4477 2549 4516 eum
2579 4461 2958 4530 prophetatum
2991 4467 3236 4514 noverat.
3282 4459 3390 4528 (Ea:
3436 4459 3616 4530 Vulg.)

367 4551 573 4606 sideriis
619 4552 779 4621 hujus
820 4548 1020 4606 scrc-ali.
1059 4549 1386 4604 Manducans
1429 4557 1607 4603 autem
1646 4555 1704 4602 et
1748 4548 1938 4602 bibens

361 4643 719 4714 quadraginta
740 4643 928 4698 diebus
949 4649 1073 4711 post
1093 4641 1542 4696 resurrectionem
1569 4639 1766 4704 carnis,
1795 4639 1940 4693 velut

367 4735 633 4791 clamabat
657 4753 670 4789 :
703 4735 836 4790 Ecce
860 4751 954 4806 ego
984 4734 1242 4790 vobiscum
1262 4749 1377 4786 sum
1399 4749 1561 4803 usque
1585 4732 1656 4784 ad
1693 4747 1937 4786 consum-

369 4830 648 4884 mationem
696 4827 877 4882 seculi
919 4827 1131 4896 (Matth.
1165 4822 1394 4896 ultimo).
1440 4823 1708 4895 Jejunium
1739 4825 1938 4894 quippe

367 4929 454 4976 est
479 4921 532 4974 in
556 4920 900 4974 tribulatione
926 4903 1259 4973 certaminis;
1286 4917 1548 4983 Quoniam
1577 4916 1667 4985 qui
1697 4916 1747 4970 in
1770 4930 1938 4984 agone

361 5021 470 5077 est,
489 5012 558 5067 ab
580 5012 833 5067 omnibus
855 5011 1131 5066 abstinens
1148 5018 1248 5064 est.
1265 5008 1430 5063 Cibus
1455 5017 1634 5062 autem
1651 5009 1704 5063 in
1729 5024 1823 5078 spe
1847 5024 1942 5078 pa-

373 5101 465 5166 th,
488 5117 609 5172 qua
633 5099 870 5171 perfecta
895 5116 1000 5154 non
1028 5101 1152 5166 erit,
1180 5099 1282 5152 nisi
1308 5113 1426 5153 cum
1449 5113 1646 5168 corpus
1673 5107 1940 5162 nostrum,

367 5193 520 5263 cujus
550 5200 926 5262 exspectamus
955 5189 1375 5258 redemptionem
1408 5187 1639 5241 induerit
1662 5188 1940 5240 immorta-

368 5281 601 5348 litatem,
635 5281 778 5352 quod
824 5281 1057 5336 nondum
1107 5278 1452 5349 adipiscendo
1485 5277 1804 5347 gloriamur,
1845 5275 1940 5330 sed

365 5373 634 5442 sperando
655 5373 768 5442 jam
797 5372 1096 5440 pascitnur,
1145 5378 1433 5437 utrumque
1465 5367 1752 5436 Apostolus
1779 5367 1939 5420 simul

367 5476 464 5518 nos
485 5479 647 5536 agere
673 5463 930 5527 ostendit,
960 5463 1144 5518 dicens
1169 5474 1183 5513 :
1224 5458 1325 5527 Spe
1351 5458 1632 5528 gaudentes
1650 5496 1664 5520 ,
1694 5457 1746 5509 in
1777 5455 1939 5508 tribu—

367 5553 561 5610 latione
601 5556 876 5624 patientes.
911 5553 1190 5622 Tanquam
1223 5551 1366 5605 aliud
1396 5556 1540 5604 esset
1566 5549 1617 5601 in
1655 5547 1806 5612 cibo,
1837 5546 1940 5601 hoc

367 5643 421 5702 in
441 5647 666 5719 jejunio.
697 5647 868 5702 Simul
897 5647 1039 5700 enim
1077 5657 1199 5699 cum
1227 5643 1370 5696 viam
1394 5639 1604 5694 Domini
1637 5637 1936 5706 carpimus,

369 5746 420 5792 ct
459 5755 488 5792 a
521 5741 758 5795 vanitate
801 5737 1080 5809 prmscntis
1127 5734 1305 5792 saeculi
1339 5733 1664 5803 jejunamus,
1689 5738 1742 5784 et
1773 5729 1936 5783 futuri

2041 4555 2247 4622 Quaerit
2277 4561 2511 4608 tentatur
2530 4553 2670 4622 quod
2693 4567 2801 4610 non
2824 4552 3133 4606 merebatur
3152 4565 3462 4618 agnoscere.
3491 4551 3622 4617 Ejus

2044 4664 2278 4718 namque
2305 4647 2612 4701 veneranda
2649 4644 2923 4706 uativitas,
2960 4644 3047 4697 vix
3089 4651 3217 4697 tunc
3251 4644 3437 4712 paucis
3467 4645 3622 4698 inno-

2047 4743 2169 4808 tuit,
2195 4741 2389 4814 quibus
2418 4748 2597 4796 tamen
2627 4738 2741 4808 ipse
2768 4736 3006 4791 revelare
3033 4735 3284 4803 dignatus
3319 4743 3420 4792 est.
3467 4734 3622 4789 Prin-

2045 4834 2214 4904 cipem
2241 4847 2370 4888 vero
2395 4830 2556 4899 hujus
2581 4827 2758 4884 steculi
2790 4827 3065 4886 latuerunt
3086 4825 3187 4880 ista
3214 4827 3316 4884 tria
3339 4827 3618 4894 mysteria,

2045 4925 2098 4978 id
2125 4932 2209 4978 est
2233 4923 2533 4993 virginitas,
2565 4927 2756 4991 partus
2790 4927 2848 4972 et
2875 4917 3074 4988 passio.
3109 4916 3216 4988 (Ea:
3239 4916 3430 4987 Beda.)
3471 4918 3623 4972 Anti-

2046 5029 2185 5082 quus
2210 5011 2382 5065 hostis
2409 5009 2822 5079 Rcdemptorem
2841 5005 3063 5064 humani
3091 5007 3305 5076 generis
3330 5006 3624 5064 debellato-

2046 5118 2158 5160 rem
2187 5116 2344 5156 suum
2369 5100 2424 5154 in
2457 5098 2715 5152 mundum
2743 5096 2955 5150 venisse
2980 5097 3250 5166 cognovit,
3281 5095 3421 5150 unde
3445 5105 3502 5150 et
3527 5113 3624 5166 per

2045 5193 2327 5247 obsessum
2347 5189 2621 5246 hominem
2641 5188 2805 5244 dixit:
2833 5187 2972 5255 Quid
2993 5189 3140 5242 nobis
3166 5198 3212 5242 et
3234 5189 3347 5253 tibi,
3376 5188 3482 5244 Fili
3505 5189 3619 5253 Dei,

2047 5282 2229 5346 venisti
2269 5281 2370 5332 huc
2396 5320 2410 5343 ,
2457 5287 2579 5332 ante
2624 5287 2824 5346 tempus
2863 5286 3099 5348 torquere
3148 5295 3260 5332 nos.
3313 5279 3413 5345 Qui
3445 5288 3620 5336 tamen

2043 5365 2213 5438 prius,
2239 5383 2358 5421 cum
2382 5368 2523 5420 hunc
2541 5365 2852 5434 passibiiem
2874 5375 3142 5430 cerneret,
3166 5382 3284 5421 cum
3306 5381 3463 5436 posse
3485 5381 3626 5420 mor.-

2047 5457 2172 5510 talia
2200 5455 2406 5526 perpeti
2427 5455 2736 5510 humanitas
2751 5455 3043 5521 videretur,
3062 5471 3220 5511 omne
3246 5456 3386 5524 quod
3408 5454 3474 5508 dc
3503 5452 3622 5523 ejus

2045 5547 2325 5601 divinitate
2352 5547 2659 5616 suspicatus
2686 5553 2803 5611 est,
2831 5547 2882 5602 ei
2912 5545 3054 5599 fastu
3121 5561 3230 5599 sure
3271 5545 3534 5614 superbiae
3565 5546 3620 5602 in

2044 5638 2261 5691 dubium
2292 5637 2459 5691 venit.
2509 5637 2650 5692 Nihil
2697 5638 2895 5706 quippe
2934 5636 3036 5690 nisi
3066 5636 3354 5706 superbum
3380 5637 3617 5705 sapiens,

2045 5731 2167 5784 dum
2197 5745 2316 5783 esse
2349 5730 2493 5784 lumc
2534 5729 2789 5783 humilem
2831 5727 3122 5796 conspicit,
3163 5727 3328 5782 Deum
3373 5743 3493 5785 esse
3518 5730 3618 5786 du-
