3998 6198
342 380 444 437 ητ

1614 362 1888 423 SMARAG
1897 361 1961 419 Di
1997 357 2288 416 ABBA'l‘lS

3502 351 3604 406 1‘23

341 493 559 559 bitavit,
608 488 749 544 unde
776 495 831 543 et
859 487 925 540 ad
952 484 1309 540 tentationum
1348 495 1407 535 se
1446 487 1762 549 argumenta
1787 492 1917 531 con-
1947 476 1992 533 Α
2023 469 2304 526 Dominum
2329 464 2498 519 Deum
2517 473 2682 517 tuum.
2725 461 2826 534 (Ex
2853 461 3040 532 Hier.)
3056 460 3246 516 Falsas
3278 459 3344 515 de
3359 459 3606 532 Scriptuo

342 593 523 730 Valii:
538 682 594 727 ut
621 670 839 740 lapides.
871 667 971 738 (Ex
1006 662 1251 734 Hieron.)
1287 661 1555 717 Esurienti
1580 662 1817 727 congrue
1834 656 1916 710 di-

342 767 514 820 citur:
540 763 634 817 Dic
659 770 714 814 ut
735 757 934 829 lapides
958 757 1045 809 isti
1073 770 1230 824 panes
1250 752 1401 820 ﬁant.
1429 750 1534 805 Sed
1565 749 1771 803 duobus
1789 759 1918 800 con-

347 855 527 911 trariis
555 847 1019 913 teneris,diabole.
1055 845 1111 899 Si
1142 843 1210 898 ad
1236 843 1517 911 imperium
1548 841 1662 909 ejus
1692 845 1916 908 possunt

344 940 547 1008 lapides
587 950 759 1005 panes
801 933 954 994 fieri,
999 945 1130 1001 ergo
1173 927 1375 982 frustra
1411 935 1588 981 lentas
1635 939 1790 986 eum,
1823 922 1916 993 qui

345 1037 509 1084 tanta:
527 1027 780 1096 potentiae
804 1032 906 1077 est.
933 1021 1026 1076 Sin
1054 1028 1232 1074 autem
1259 1033 1366 1072 non
1391 1023 1566 1088 potest
1587 1015 1782 1070 facere.
1808 1013 1922 1066 fru-

346 1129 458 1175 stra
488 1120 582 1173 Dei
614 1118 778 1170 tilium
805 1113 1118 1182 suspicaris.

419 1229 523 1294 Qui
554 1225 864 1295 respondens
909 1224 1022 1277 ait:
1057 1219 1318 1290 Scriptum
1365 1227 1441 1272 est
1472 1233 1488 1272 :
1524 1215 1646 1270 Non
1689 1217 1745 1270 in
1787 1232 1920 1287 pane

347 1320 457 1374 solo
487 1320 607 1373 vivit
652 1317 837 1380 homo,
873 1313 962 1368 sed
994 1315 1050 1367 in
1080 1313 1219 1367 omni
1249 1310 1399 1365 verba
1433 1309 1572 1379 quod
1597 1308 1828 1378 procedit
1857 1308 1922 1361 de

347 1427 436 1465 ore
457 1409 574 1462 Dei.
597 1407 984 1463 Testimonium
1008 1404 1073 1458 de
1095 1399 1505 1457 Deuteronomio
1526 1407 1796 1470 sumptum
1816 1406 1919 1453 est.

345 1501 472 1555 lleo
500 1507 674 1553 autem
707 1499 793 1552 sic.
812 1495 1088 1565 respondit
1117 1495 1396 1557 Dominus,
1426 1492 1550 1561 quia
1575 1491 1921 1562 praepositum

349 1593 397 1644 ei
435 1597 551 1645 erat
597 1587 900 1642 humilitate
929 1583 1199 1638 diabolum
1227 1582 1444 1636 vincere
1491 1597 1600 1635 non
1649 1581 1921 1650 potentia,

350 1681 615 1750 simulque
646 1675 1144 1739 animadvertendo,
1173 1674 1313 1745 quod
1345 1674 1446 1728 nisi
1463 1670 1710 1742 jejunare
1738 1673 1929 1741 cuspis-

351 1781 433 1826 set
457 1772 746 1833 Dominus,
793 1767 1034 1823 tentandi
1074 1764 1286 1820 occasio
1315 1778 1418 1817 non
1458 1761 1647 1816 fuisset
1687 1759 1922 1823 diabolo,

352 1862 645 1918 secundum
691 1859 859 1914 illud:
902 1855 1044 1922 Fili,
1074 1856 1322 1909 accedens
1361 1855 1428 1907 ad
1467 1853 1765 1908 servitutem
1808 1851 1924 1916 Dei,

350 1967 591 2021 prrepara
633 1948 861 2002 animam
891 1955 1034 1999 tuam
1066 1945 1133 1997 ad
1178 1944 1532 1997 tentationem.
1579 1941 1686 1996 Sed
1720 1949 1777 1995 et
1817 1942 1929 2010 ipsa

354 2039 634 2110 responsio
679 2037 978 2091 Salvatoris
1036 2035 1310 2089 hominem
1357 2033 1522 2087 fuisse
1577 2031 1807 2094 indicat,
1839 2032 1931 2101 qui

355 2138 590 2184 tentatus
612 2135 711 2182 est.
738 2127 795 2181 Si
816 2127 936 2195 quis
961 2140 1089 2194 ergo
1114 2139 1218 2177 non
1250 2124 1482 2178 vescitur
1503 2121 1668 2177 verbo
1690 2120 1808 2186 Dei,
1832 2121 1933 2176 iste

356 2235 462 2274 non
489 2219 625 2272 vivit

428 2330 536 2402 (Ex
564 2328 740 2399 Amb.)
789 2327 865 2381 Ita
905 2325 1050 2380 enim
1078 2324 1338 2378 domitam
1369 2321 1552 2377 docuit
1580 2337 1697 2376 esse
1723 2328 1939 2390 oporte-

357 2439 416 2477 re
453 2422 800 2491 cupiditatem
843 2416 1150 2486 voluptatis,
1199 2423 1260 2469 ut
1303 2430 1401 2469 nec
1445 2413 1586 2468 fame
1633 2412 1932 2468 cedendum

358 2513 445 2575 sit,
494 2508 843 2579 quamobrem
883 2506 1126 2576 quisquis
1163 2506 1305 2558 intus
1342 2504 1436 2557 Dei
1462 2503 1626 2556 verbo
1667 2502 1930 2572 pascitur,

357 2619 464 2658 non
496 2600 691 2670 quaerit
723 2600 776 2653 in
808 2598 909 2652 ista
939 2612 1121 2651 eremo
1152 2595 1496 2665 voluptatem.

419 2710 562 2764 Tunc
590 2708 867 2778 assumpsit
889 2723 1005 2760 eum
1027 2704 1267 2760 diabolus
1300 2704 1353 2756 in
1390 2711 1626 2756 sanctam
1654 2701 1931 2763 civitatem,

357 2812 407 2856 et
436 2801 616 2856 statuit
643 2815 760 2853 eum
793 2813 948 2868 super
973 2793 1312 2865 pinnaculum
1347 2791 1546 2862 templi,
1585 2801 1633 2845 et
1663 2791 1797 2844 dixit
1839 2789 1887 2844 ei
1913 2803 1933 2842 .'

363 2895 424 2948 Si
453 2891 624 2946 Filius
657 2891 756 2945 Dei
786 2907 838 2944 es
869 2889 1011 2942 mitte
1035 2899 1082 2941 te
1117 2887 1380 2941 deorsum.
1422 2884 1537 2939 Vox
1564 2883 1764 2940 diaboli
1793 2897 1936 2938 sem-

366 2997 465 3051 per
492 2996 680 3037 omnes
709 2980 957 3035 deorsum
981 2976 1175 3032 cadere
1197 2975 1326 3030 vult.

434 3089 543 3161 (Ea:
567 3087 750 3156 παις.)
788 3087 845 3139 1η
892 3093 1134 3140 sanctam
1171 3085 1444 3138 civitatem
1480 3081 1815 3136 Hierusalem
1853 3082 1935 3136 di-

2017 561 2095 614 ris
2121 557 2317 613 diaboli
2353 557 2602 627 sagittas,
2636 557 2781 611 veris
2807 553 3212 625 Seripturarum
3249 554 3450 625 frangit
3491 556 3605 626 cly—

2014 655 2151 724 peis.
2185 652 2250 706 Et
2276 651 2567 705 notandum
2595 649 2738 718 quod
2779 647 3084 702 necessaria
3125 646 3432 701 testimonia
3462 646 3602 702 Deu-

2018 742 2303 800 teronomii
2331 749 2541 796 tantum
2565 738 2872 809 protulerit.
2887 746 2957 792 -ut
2981 737 3231 793 secunda:
3259 736 3394 806 legis
3409 751 3601 792 saera-

2017 840 2198 887 menta
2235 837 2585 886 monstraret.
3016 881 3020 883 .

2089 922 2198 993 (Ea:
2227 919 2388 992 Aug.)
2437 917 2560 973 Non
2594 918 2838 981 tentabis,
2885 915 3077 984 inquit,
3117 913 3400 968 Dominum
3436 912 3609 968 Deum

2019 1021 2187 1066 tuum.
2234 1009 2634 1080 Suggerehatur
2658 1009 2802 1062 enim
2829 1015 3087 1075 tanquam
3118 1004 3344 1069 homini,
3368 1011 3431 1059 ut
3452 1004 3606 1075 signo

2019 1101 2199 1170 aliquo
2232 1099 2556 1168 exploraret,
2598 1099 2712 1168 ipse
2749 1105 2984 1167 quantus
3022 1101 3189 1159 esset,
3218 1093 3273 1148 id
3299 1101 3404 1160 est,
3439 1109 3603 1165 quam

2020 1189 2246 1244 multum
2275 1187 2415 1257 apud
2444 1187 2613 1241 Deum
2641 1194 2845 1256 posset,
2875 1184 3018 1255 quod
3042 1185 3234 1238 vitiose
3266 1182 3326 1236 fit
3354 1197 3476 1237 cum
3521 1182 3611 1244 ﬁt.

2019 1278 2254 1348 pertinet
2279 1291 2512 1346 namque
2539 1276 2604 1330 ad
2631 1291 2816 1330 sanam
2843 1274 3164 1337 doctrinam,
3197 1273 3414 1342 quando
3439 1273 3605 1329 habet

2020 1369 2161 1439 quod
2183 1367 2346 1424 faciat
2362 1367 2542 1432 homo,
2569 1381 2676 1420 non
2700 1372 2908 1420 tentare
2934 1363 3220 1418 Dominum
3236 1363 3402 1416 Deum
3425 1377 3605 1418 suum.

2092 1457 2296 1512 Iterum
2337 1457 2619 1526 assumpsit
2660 1471 2777 1508 eum
2805 1451 3046 1507 diabolus
3079 1453 3138 1505 in
3165 1461 3390 1506 montem
3423 1450 3638 1519 “exest”

2022 1565 2137 1604 sum
2165 1547 2333 1603 valde.
2371 1547 2632 1602 Excelsus
2657 1561 2811 1601 mons
2835 1544 3052 1609 dicitur,
3085 1543 3210 1613 quia
3242 1543 3298 1597 in
3329 1558 3395 1598 eo
3421 1542 3607 1597 diabo-

2019 1635 2108 1694 lus
2139 1637 2390 1701 vincitur,
2421 1645 2477 1692 et
2503 1636 2620 1705 ejus
2657 1635 2728 1690 ibi
2761 1634 2968 1690 calcata
2997 1643 3054 1688 et
3079 1631 3320 1700 subjecta
3351 1631 3608 1702 superbia

2026 1735 2248 1783 stratur.
2299 1726 2472 1781 Aliter
2493 1766 2509 1791 ,
2559 1723 2805 1780 excelsus
2847 1739 3003 1778 mons
3049 1722 3355 1791 superbiam
3405 1717 3610 1774 diaboli

1954 1821 2000 1878 Β
2028 1815 2316 1888 signiﬁcat.
2365 1815 2618 1870 Diabolus
2641 1815 2836 1869 dueere
2861 1828 2984 1868 eum
3013 1811 3232 1866 festinat
3269 1809 3338 1864 ad
3365 1816 3602 1873 montes,

2028 1916 2088 1961 ut
2109 1919 2206 1976 per
2233 1920 2368 1974 quos
2393 1905 2508 1975 ipse
2547 1911 2848 1969 corruerat,
2894 1902 3059 1957 etiam
3105 1901 3286 1958 caeteri
3324 1906 3599 1956 corruant.

2027 1993 2286 2048 Dominus
2312 1993 2382 2047 ad
2405 1993 2626 2047 humilia
2657 1990 2954 2055 descendit,
2979 1997 3039 2045 ut
3065 1990 3338 2046 diabolum
3377 1986 3606 2042 humili-7

2031 2091 2142 2138 tate
2169 2089 2470 2152 superaret.

2102 2174 2170 2228 Et
2197 2175 2420 2229 ostendit
2447 2175 2494 2228 ei
2521 2175 2697 2228 omnia
2728 2191 2885 2245 regna
2915 2172 3120 2236 mundi,
3153 2179 3258 2226 etc.
3311 2169 3504 2225 Omnia
3531 2169 3614 2222 vi-

2031 2263 2225 2318 delicet
2258 2265 2653 2330 desiderabilia,
2683 2280 2802 2334 quae
2829 2265 2883 2318 in
2925 2279 3060 2319 auro
3087 2272 3142 2318 et
3167 2271 3392 2332 argento
3428 2261 3618 2331 lapidi.

2030 2352 2130 2405 bus
2157 2352 2376 2418 electis,
2423 2361 2480 2406 et
2517 2354 2758 2407 vestibus
2803 2353 3054 2422 pretiosis
3091 2354 3460 2418 continentur,
3498 2353 3621 2408 sive

2031 2442 2350 2510 simpliciter
2381 2442 2775 2512 accipiendum,
2802 2442 2946 2512 quod
2975 2451 3120 2497 totus
3156 2443 3389 2500 mundus
3432 2445 3502 2499 ab
3547 2456 3622 2498 eo.

2032 2533 2086 2588 in
2112 2540 2388 2588 momento
2405 2532 2551 2588 visus
2574 2531 2664 2587 sit.

2107 2621 2172 2676 Et
2204 2621 2428 2693 gloriam
2451 2638 2651 2677 eorum.
2697 2621 2883 2678 Gloria
2915 2623 3120 2686 mundi,
3151 2637 3271 2691 quae
3298 2637 3420 2676 cum
3454 2638 3618 2677 mum-

2032 2717 2102 2772 do
2125 2716 2468 2786 praeteritum
2497 2722 2598 2780 est,
2624 2715 2680 2769 in
2708 2723 2892 2770 monte
2919 2723 2975 2768 et
2997 2715 3052 2768 in
3079 2713 3365 2784 supercilio
3394 2713 3622 2768 demon-

2035 2816 2255 2864 stratur.

2103 2899 2173 2954 Et
2213 2898 2350 2952 dixit
2382 2897 2462 2952 illi
2489 2911 2508 2950 :
2529 2895 2660 2952 Ha'c
2682 2898 2859 2951 omnia
2893 2896 2987 2951 tibi
3013 2897 3166 2959 dabo,
3197 2897 3248 2950 si
3269 2896 3459 2950 cadens
3483 2896 3618 2950 ado-

2035 2989 2230 3042 raveris
2263 3003 2366 3040 me.
2419 2987 2518 3058 (Ex
2552 2985 2726 3057 Hier.)
2771 2986 3042 3056 Arrogans
3079 2994 3135 3040 et
3161 2986 3426 3055 superbus
3453 2987 3617 3039 etiam

2035 3081 2138 3136 hoc
2165 3076 2515 3146 dejactantia
2543 3077 2801 3146 loquitur,
2828 3093 2934 3133 non
2970 3077 3114 3146 quod
3159 3076 3214 3130 in
3260 3083 3374 3130 toto
3417 3074 3620 3130 mundo

361 3154 454 3234 ait:
496 3154 845 3233 Pinnaeulum
873 3189 1004 3244 ergo
1038 3172 1216 3242 templi
1243 3173 1400 3227 sedes
1427 3180 1546 3226 erat
1571 3171 1848 3226 doctorum
1878 3171 1932 3224 in
1961 3154 2005 3218 C
2036 3170 2234 3226 habeat
2268 3176 2615 3239 potestatem,
2649 3175 2743 3222 aut
2774 3176 2835 3223 ut
2861 3168 3030 3238 possit
3059 3167 3239 3222 omnia
3269 3181 3433 3237 regna
3465 3167 3614 3230 dare,

364 3268 541 3324 medio
592 3265 771 3334 templi
819 3263 1074 3327 tabulata,
1123 3276 1187 3316 ac
1226 3274 1324 3331 per
1363 3261 1464 3315 hoc
1510 3268 1751 3329 apparet,
1795 3259 1939 3328 quod

365 3359 527 3413 etiam
559 3357 612 3410 in
642 3356 774 3410 locis
800 3353 1003 3408 sanctis
1031 3351 1271 3407 diabolus
1297 3350 1602 3405 insidietur.
1656 3349 1763 3404 Sed
1791 3365 1938 3419 quaa-

367 3447 473 3502 stio
513 3446 706 3510 oritur,
747 3443 1014 3514 quomodo
1053 3443 1106 3495 in
1147 3440 1362 3496 deserto
1401 3440 1727 3495 tentatienes
1785 3438 1940 3495 facta:

367 3542 638 3603 dicuntur,
665 3553 786 3592 cum
809 3537 910 3590 ista
939 3543 994 3589 et
1024 3535 1076 3588 in
1101 3542 1288 3588 sancta
1311 3532 1529 3587 civitate
1553 3541 1608 3586 et
1635 3547 1797 3601 supra
1822 3531 1941 3602 pin-

368 3629 618 3686 nacuium
673 3627 856 3696 templi
902 3625 1045 3680 facta
1094 3631 1337 3678 tcstetur.
1395 3621 1499 3675 Alii
1545 3622 1689 3675 enim
1733 3621 1936 3686 dicunt,

369 3722 512 3791 quod
532 3728 739 3774 exterae
765 3718 819 3771 in
844 3731 1048 3778 eremo,
1077 3715 1178 3768 ista
1216 3714 1271 3767 in
1301 3713 1632 3768 Hierusalem
1667 3714 1738 3768 sit
1773 3711 1940 3778 facta,

369 3812 459 3866 alii
488 3811 672 3866 dicunt
700 3806 844 3877 quod
870 3814 926 3860 et
951 3805 1052 3860 ista
1093 3805 1146 3858 in
1181 3818 1366 3859 eremo
1399 3802 1563 3857 fuerit
1610 3805 1790 3859 animo
1831 3813 1932 3859 tan

374 3913 485 3959 tum
517 3911 752 3958 ostensa.

443 4011 706 4082 Scriptum
741 4019 816 4063 est
854 4009 1012 4071 enim,
1058 4007 1182 4077 quia
1212 4006 1409 4077 angelis
1439 4007 1548 4061 suis
1583 4007 1848 4062 mandavit
1879 4006 1944 4061 de

394 4116 463 4169 te,
486 4104 608 4158 etin
629 4101 868 4155 manibus
897 4098 1078 4152 tollant
1113 4106 1180 4152 te.
1221 4097 1321 4164 (Ex
1351 4097 1521 4158 Hier.)
1561 4097 1688 4152 Haec
1727 4113 1832 4153 non
1878 4099 1945 4152 de

371 4195 609 4258 Christo,
633 4193 724 4248 sed
751 4190 818 4245 de
845 4190 952 4244 alio
980 4189 1098 4243 viro
1121 4197 1327 4254 sancto,
1355 4189 1635 4258 prophetia
1666 4197 1768 4242 est.
1809 4187 1946 4242 Male

372 4301 501 4358 ergo
529 4286 913 4353 interpretatur
940 4280 1185 4336 diabolus
1199 4281 1532 4351 Scripturas,
1563 4289 1709 4335 certe
1751 4281 1816 4335 de
1851 4295 1948 4335 an-

373 4376 613 4445 gelorum
643 4373 860 4437 auxilio,
889 4371 1044 4440 quasi
1076 4372 1142 4425 ad
1168 4371 1442 4425 infirmum
1471 4371 1724 4441 loquitur,
1764 4373 1831 4428 de
1863 4373 1948 4427 sui

374 4465 794 4525 conculcatione,
825 4463 976 4531 quasi
1005 4463 1388 4530 tergiversator
1424 4471 1585 4527 tacet,
1622 4464 1748 4531 quia
1784 4463 1850 4518 de
1888 4479 1946 4518 se

374 4553 632 4620 scriptum
655 4566 774 4605 esse
797 4548 1069 4618 cognoscit
1091 4567 1103 4600 :
1123 4547 1292 4618 Super
1311 4551 1543 4617 aspidem
1567 4560 1616 4603 et
1645 4551 1944 4605 basiliscum

375 4641 687 4705 ambulabis,
715 4650 762 4694 et
797 4638 1123 4693 conculcabis
1158 4639 1354 4692 leonem
1382 4651 1429 4692 et
1450 4639 1747 4694 draconem.

451 4751 557 4823 (Ea:
586 4751 758 4822 Cass.)
809 4750 1002 4806 Omnia
1026 4751 1128 4806 ista
1168 4752 1384 4806 nomina
1411 4753 1623 4809 diabolo
1647 4769 1948 4825 congruen-

378 4849 462 4894 ter
489 4847 759 4908 aptantur.
795 4839 952 4909 Aspis
977 4848 1081 4904 est,
1113 4840 1240 4894 dum
1274 4841 1482 4896 occulta
1508 4843 1763 4912 percutit.
1804 4843 1950 4898 Basi-

378 4931 562 4996 liscus,
591 4947 711 4987 eum
736 4932 914 5000 palam
940 4947 1142 4987 venena
1167 4933 1500 4988 disseminat.
1543 4935 1652 4989 Leo
1679 4935 1804 4990 dum
1825 4951 1948 5003 per-

379 5023 622 5090 sequitur
663 5023 990 5077 innocentes.
1028 5024 1202 5077 Draco
1246 5039 1366 5078 cum
1408 5024 1738 5095 negligentes
1786 5025 1948 5096 impia

379 5114 659 5168 ferocitate
695 5113 935 5182 deglutit.
975 5114 1172 5168 Verum
1207 5113 1323 5168 ὴωο
1354 5115 1533 5168 omnia
1575 5115 1807 5184 glorioso
1852 5116 1950 5169 ad-

381 5212 539 5258 ventu
558 5203 765 5258 Domini
785 5203 1010 5272 pedibus
1033 5204 1196 5274 ipsius
1219 5214 1482 5274 prostrata
1500 5204 1808 5273 iacuerunt.

455 5315 536 5370 Ne
567 5316 699 5386 forte
733 5317 968 5386 o/I‘endas
1002 5319 1071 5370 ad
1099 5317 1322 5386 lapidem
1360 5320 1539 5389 pedem
1566 5329 1732 5374 tuum.
1768 5321 1826 5376 ld
1869 5329 1953 5376 est

383 5428 450 5468 ne
477 5411 530 5466 in
554 5410 748 5483 legem,
776 5427 895 5480 qua:
921 5411 972 5464 in
1006 5411 1229 5480 lapideis
1255 5413 1450 5467 tabulis
1480 5413 1680 5483 scripta
1727 5414 1948 5468 videba-

383 5510 490 5576 tur,
507 5502 824 5565 incurreret,
864 5501 1017 5570 cujus
1058 5508 1282 5555 venerat
1306 5501 1688 5570 plenitudinem
1735 5504 1953 5559 salutari

385 5588 685 5660 integritate
716 5591 937 5645 ﬁrmari.

455 5701 538 5754 Ait
571 5703 646 5756 illi
673 5702 868 5759 Jcsus:
897 5702 1093 5758 Rursus
1137 5704 1383 5774 scriptum
1429 5715 1500 5759 est
1527 5719 1541 5755 :
1575 5705 1691 5776 Non
1732 5706 1952 5760 tentabis

2039 3260 2134 3317 sed
2179 3259 2454 3315 suadendo
2500 3266 2556 3313 et
2601 3265 2919 3327 arroganter
2963 3258 3080 3312 haec
3122 3257 3377 3326 loquitur.
3426 3257 3493 3311 Et
3531 3257 3620 3311 hic

2035 3351 2339 3407 ostenditur
2416 3351 2560 3420 quod
2599 3351 2776 3405 omnis
2822 3349 3139 3404 ambitiosus
3187 3350 3383 3404 cadens
3433 3349 3619 3403 diabo-

2037 3439 2148 3495 lum
2197 3439 2407 3495 adorat.
2465 3438 2738 3506 Quaeritur
2783 3455 2884 3494 cur
2923 3438 2978 3493 in
3026 3437 3217 3493 ordine
3265 3439 3618 3491 tentationum

2039 3529 2320 3585 “attinens
2364 3529 2645 3598 Lucasque
2689 3529 3042 3584 discordant?
3085 3528 3214 3584 Sine
3273 3528 3434 3582 dubio
3488 3527 3622 3581 Mat-

2037 3621 2211 3675 tbaeus
2235 3621 2480 3675 ordinem
2522 3618 2838 3674 tentationis
2874 3619 3003 3674 Adae
3025 3659 3040 3683 ,
3085 3619 3258 3674 Lucas
3287 3633 3418 3674 vero
3456 3619 3622 3673 histo-

2038 3713 2134 3769 riae
2157 3713 2401 3769 ordinem
2422 3719 2638 3767 secutus
2663 3719 2768 3767 est.

2114 3808 2260 3865 Tunc
2279 3807 2406 3861 dicit
2429 3807 2478 3860 ei
2497 3805 2692 3860 Iesus:
2723 3802 2889 3870 Vade,
2915 3802 3161 3858 Satanas.
3201 3801 3340 3867 Non,
3376 3809 3436 3856 nt
3467 3801 3624 3872 pleri-

2040 3919 2146 3973 que
2182 3899 2609 3973 putant,"‘eadem
2638 3898 2869 3953 Satanas
2896 3906 2953 3952 et
2973 3895 3248 3967 apostolus
3278 3895 3472 3949 Petrus
3501 3909 3625 3949 sen-

2040 3992 2208 4047 tentia
2237 3990 2680 4046 condemnantur.
2731 3987 2893 4041 Petro
2914 3987 3056 4041 enim
3087 3985 3284 4039 dicitur
3313 4002 3327 4037 :
3360 3985 3508 4039 Vade
3535 3999 3621 4039 re-

2043 4088 2146 4145 tro,
2177 4078 2397 4141 Satana,
2445 4077 2498 4130 id
2543 4084 2645 4142 est,
2690 4090 2917 4144 sequere
2961 4089 3066 4136 me,
3101 4073 3192 4143 qui
3229 4073 3536 4147 contrarius
3565 4089 3626 4129 es

2043 4167 2304 4222 voluntati
2329 4182 2485 4231 meae,
2515 4166 2604 4221 hic
2638 4180 2766 4219 vero
2795 4165 2962 4226 audit,
2991 4163 3147 4227 vade,
3179 4161 3399 4226 Satana,
3429 4171 3484 4216 et
3516 4178 3622 4218 non

2045 4260 2094 4314 ei
2123 4258 2322 4313 dicitur
2349 4265 2520 4322 retro,
2550 4263 2609 4310 ut
2637 4256 2988 4311 subaudiatur
3016 4255 3068 4308 in
3095 4255 3274 4325 ignem
3305 4264 3586 4308 aeternum.

2119 4347 2382 4418 Scriptum
2409 4357 2485 4401 est
2504 4347 2664 4411 enim,
2692 4346 2970 4400 Dominum
2992 4345 3159 4399 Deum
3183 4355 3328 4399 tuum
3355 4344 3621 4407 adorabis,

2048 4452 2096 4496 et
2123 4441 2202 4495 illi
2220 4441 2319 4495 soli
2349 4442 2558 4494 seruies.
2606 4439 2803 4494 Dicens
2827 4439 3073 4494 diabolus
3095 4437 3387 4503 Salvatori,
3417 4438 3462 4491 si
3498 4453 3624 4508 pro-

2051 4531 2226 4584 cidens
2258 4529 2561 4583 adoraueris
2595 4544 2697 4592 me,
2735 4543 2766 4582 e
2801 4528 3077 4582 contrario
3113 4528 3280 4590 audit,
3323 4525 3464 4595 quod
3511 4527 3627 4596 ipse

2051 4620 2223 4689 magis
2250 4620 2476 4674 adorare
2498 4633 2619 4672 eum
2645 4617 2841 4672 debeat
2870 4617 3154 4672 Dominum
3178 4625 3232 4672 et
3251 4617 3418 4670 Deum
3445 4626 3621 4670 suum.

2051 4709 2253 4776 Qumrit
2290 4709 2428 4762 forte
2472 4709 2666 4777 aliquis
2706 4709 2974 4777 quomodo
3020 4708 3321 4770 conveniat,
3365 4709 3506 4778 quod
3540 4709 3627 4763 hic

2050 4800 2359 4869 prmcipitur
2385 4799 2611 4854 Domino
2649 4799 2747 4854 soli
2776 4799 3139 4863 serviendum,
3170 4801 3409 4868 Apostoli
3437 4803 3624 4860 verbo.

2050 4888 2142 4957 qui
2185 4888 2332 4952 dicit,
2375 4886 2481 4942 Sed
2519 4904 2612 4957 per
2653 4887 2959 4941 charitatem
3000 4889 3184 4942 servile
3231 4889 3470 4942 invicem.
3519 4888 3624 4944 Sed

2046 4977 2174 5032 huic
2200 4976 2356 5032 facile
2375 4975 2576 5032 Graecae
2595 4976 2810 5044 linguis,
2834 4991 2899 5030 ex
2933 4992 3037 5045 qua
3059 4977 3341 5048 scriptura:
3369 4977 3623 5032 translata

2048 5076 2134 5123 est
2169 5069 2321 5138 origo
2360 5067 2644 5131 satisfacit,
2687 5067 2740 5120 in
2770 5082 2876 5135 qua
2917 5068 3150 5123 servitus
3192 5067 3402 5124 duobus
3453 5068 3626 5124 Iliadis

2053 5174 2118 5212 ac
2145 5159 2354 5212 diversa
2385 5157 2777 5228 significatione
2797 5157 2934 5221 solet
2951 5159 3227 5228 appellari.
3257 5160 3460 5214 Dicitur
3481 5161 3625 5215 enim

2052 5247 2257 5320 λατρία,
2286 5248 2484 5302 dicitur
2512 5254 2566 5301 et
2594 5246 2814 5309 δουλεία.
2835 5248 2926 5303 sed
2950 5249 3147 5304 δουλεία
3176 5249 3491 5320 intelligitur
3516 5266 3568 5306 se
3579 5266 3629 5303 r-

2056 5341 2198 5394 vitus
2227 5340 2545 5403 communis,
2582 5339 2685 5392 hoc
2713 5347 2815 5402 est,
2842 5340 2956 5394 sive
2986 5340 3094 5394 Deo
3129 5341 3242 5395 sive
3276 5340 3480 5395 homini
3515 5341 3630 5394 sive

2056 5429 2276 5483 cuilibet
2311 5443 2492 5482 rerum
2521 5434 2728 5481 natura:
2755 5428 3014 5495 exhibita,
3064 5445 3093 5482 a
3123 5445 3226 5498 qua
3255 5431 3421 5486 etiam
3443 5438 3499 5485 ct
3519 5444 3631 5484 ser-

2056 5535 2174 5582 vus,
2209 5521 2261 5574 id
2289 5529 2389 5583 est,
2423 5519 2595 5580 δούλος
2621 5517 2807 5574 Graece
2831 5531 3023 5576 nomen
3048 5523 3289 5590 accepit:
3329 5524 3514 5598 λατρία
3535 5538 3630 5575 an-

2057 5617 2166 5664 tem
2213 5618 2437 5664 vocatur
2474 5609 2705 5664 servitus
2729 5609 2838 5673 illa,
2867 5626 2986 5680 qua:
3011 5612 3112 5666 soli
3141 5613 3437 5668 divinitatis
3463 5611 3630 5667 cultui

2058 5703 2257 5766 debita,
2304 5717 2477 5770 neque
2509 5711 2590 5758 est
2621 5702 2712 5756 ulli
2743 5704 3110 5774 participanda
3143 5715 3422 5761 creaturae.
3481 5705 3631 5761 Unde
