3994 6206
339 369 445 424 I29

1157 367 1672 426 COLLECTIONES
1707 368 1774 425 IN
1822 366 2202 424 EPISTOLAS
2237 365 2325 421 ET
2364 364 2774 424 EVANGELIA.

3497 376 3600 434 150

329 493 391 540 et
433 480 733 537 idololatra
768 490 1164 550 nuncupantur,
1203 485 1257 538 hi
1295 485 1387 553 qui
1417 485 1606 550 vitam,
1635 500 1824 555 preces
1871 492 1927 539 et
1953 487 2002 546 Α
2031 498 2280 553 namque,
2319 493 2374 539 et
2409 485 2735 556 turpiloquia
2772 494 2830 542 et
2866 486 3167 543 scurrilitas
3205 495 3260 543 et
3304 488 3508 546 ludicra
3546 501 3606 550 et

332 571 629 637 sacrificia,
659 586 782 641 qua:
810 572 898 626 uni
927 573 1038 626 Deo
1073 573 1368 630 debuerant
1402 577 1560 632 idolis
1587 577 1923 646 impendunt.

331 663 598 718 Jubemur
621 675 751 731 ergo
776 675 873 730 per
895 661 1219 717 charitatem
1253 665 1461 720 servire
1494 666 1745 731 invicem,
1781 666 1926 735 quod

331 765 415 809 est
475 754 664 810 Graece
692 751 963 808 δουλεύειν.
994 751 1257 808 Jubemur
1285 755 1376 808 uni
1396 756 1506 810 Deo
1525 756 1748 820 servire,
1780 757 1924 826 quod

331 854 416 900 est
452 844 643 900 Graece
679 844 963 922 λατρεύειν,
992 844 1135 898 unde
1161 843 1360 897 dicitur
1389 852 1444 899 et
1470 845 1546 899 illi
1566 844 1668 899 soli
1695 845 1920 910 servies,

331 937 478 1007 ([UOd
499 944 584 990 est
611 934 801 990 Graece
826 936 1146 1011 λατρεύσεις.
1185 935 1254 990 Et
1280 936 1476 990 iterum
1505 951 1519 990 :
1549 936 1661 990 Nos
1683 937 1822 990 enim
1842 954 1927 991 su-

331 1043 452 1080 mus
474 1023 808 1078 circumcisio
830 1025 1022 1094 spiritu
1045 1023 1440 1079 Deoservientes
1461 1023 1628 1096 (Phil.
1654 1025 1763 1092 ut),
1779 1027 1925 1095 quod

329 1123 415 1168 est
440 1119 492 1168 in
515 1112 706 1168 Graeco
728 1114 1076 1188 λατρεύοντες.

405 1202 553 1256 Tunc
575 1203 784 1272 reliquit
809 1219 927 1256 eum
960 1203 1220 1269 diabolus,
1255 1213 1303 1258 et
1337 1221 1453 1259 ecce
1481 1205 1666 1276 Angeli
1695 1222 1923 1262 accesse-

332 1305 461 1349 runt
488 1305 536 1349 et
565 1294 932 1349 ministrabant
960 1295 1026 1348 ei.
1058 1295 1158 1364 (Ex
1185 1295 1356 1366 Hier.)
1381 1297 1644 1352 Praecedit
1674 1301 1920 1364 tentatio,

328 1395 392 1441 ut
430 1393 690 1456 sequatur
725 1385 975 1440 victoria.
1021 1384 1210 1456 Angeli
1254 1387 1582 1453 ministrant,
1615 1395 1673 1441 ut
1701 1389 1923 1443 victoris

329 1473 570 1546 dignitas
598 1474 999 1544 eomprobetur.

968 1626 1288 1666 CONCORDM.

402 1737 633 1792 istarum
670 1739 899 1794 duarum
929 1749 985 1795 et
1015 1741 1066 1794 in
1097 1750 1221 1796 actu
1243 1741 1597 1812 ieiuniorum,
1622 1754 1678 1800 et
1701 1747 1754 1800 in
1785 1755 1921 1801 tem-

2027 571 2196 626 multa
2221 573 2553 642 stultiloquia
2582 583 2896 631 nascuntur.

2098 663 2206 734 (Ea:
2243 662 2507 736 Cassiod.)
2546 666 2642 720 Est
2682 676 2737 722 et
2776 666 2879 720 alia
2917 666 3200 724 fornicatio
3241 669 3496 739 pessima,
3543 673 3611 728 de

2025 769 2133 823 qua
2160 771 2258 810 nos
2283 757 2429 810 omni
2461 759 2620 813 modo
2641 760 2892 813 convenit
2915 760 3207 815 abstinere.
3255 762 3348 816 illa
3373 763 3606 829 scilicet,

2024 845 2090 898 de
2117 859 2222 912 qua
2246 845 2528 900 Psalmista
2564 848 2641 900 ait
2665 861 2679 900 :
2705 845 2994 902 Perdidisti
3023 866 3199 904 omnes
3224 852 3313 920 qui
3340 851 3610 921 fornican-

2024 943 2111 986 tur
2152 934 2246 987 abs
2286 944 2334 988 te
2379 933 2550 1005 (Psal.
2590 950 2732 991 Lnu
2760 937 2797 1008 ).
2841 939 3119 995 Fornicari
3162 956 3194 994 a
3236 943 3465 999 Domino
3500 953 3604 1009 est,

2022 1023 2239 1090 quando
2263 1022 2585 1078 adulterinis
2615 1040 2668 1080 ct
2682 1026 3033 1096 gitationibus
3062 1030 3129 1084 ab
3153 1027 3271 1097 eius
3300 1046 3484 1087 amore
3515 1047 3609 1087 ea-

2023 1121 2108 1166 sto
2129 1111 2427 1179 deviamus,
2451 1123 2508 1170 et
2539 1115 2809 1170 luxuriam
2834 1119 3015 1174 saaculi
3036 1133 3430 1190 praeponentes,
3469 1140 3608 1194 prte-

2022 1209 2303 1271 ceptorum
2334 1205 2634 1260 cmlestium
2676 1223 2781 1262 non
2823 1209 3114 1278 recipimus
3147 1212 3500 1283 disciplinam,
3547 1224 3605 1270 et

2019 1295 2282 1364 quidquid
2313 1305 2585 1365 postremo
2617 1308 2803 1353 contra
2831 1301 3152 1356 catholicam
3185 1303 3346 1359 fidem
3367 1306 3608 1361 creditur
3685 1355 3690 1359 .

2020 1385 2496 1452 pollutissensibus
2529 1387 2847 1445 fornicatur.

2096 1474 2162 1528 Ut
2195 1478 2327 1530 sciat
2353 1481 2704 1551 unusquisque
2737 1497 2890 1534 suum
2919 1499 3006 1536 uas
3033 1484 3296 1552 possidere
3320 1486 3378 1539 in
3405 1487 3604 1540 sancti-

2026 1564 2274 1632 ﬁcatione
2307 1577 2354 1620 et
2381 1569 2595 1622 honore.
2637 1571 2764 1634 Vas,
2798 1571 2850 1626 id
2886 1582 2988 1638 est,
3013 1589 3209 1643 corpus
3245 1590 3400 1630 suum
3441 1592 3609 1632 unus-

2023 1654 2251 1722 quisque
2273 1663 2483 1710 castum
2511 1660 2776 1714 servando
2798 1661 2906 1714 Deo
2929 1663 3230 1717 sanctificet.
3247 1673 3315 1719 .et
3356 1666 3603 1723 honoret.

2020 1740 2156 1808 Quia
2193 1743 2308 1797 sine
2334 1745 2653 1800 castimonia
2683 1763 2839 1802 nemo
2869 1750 3070 1805 videbit
3098 1751 3285 1806 Deum.

325 1840 461 1895 pore
490 1831 916 1900 quadragesima:
943 1847 1180 1903 congrua
1205 1843 1260 1889 et
1281 1836 1595 1905 perspicua,
1631 1837 1917 1894 manifesta
1948 1824 1994 1882 B
2095 1832 2216 1886 Non
2235 1833 2289 1886 in
2313 1835 2556 1905 passione
2581 1837 2850 1903 desiderii,
2875 1841 3007 1893 sicut
3025 1852 3072 1894 et
3114 1853 3284 1912 gentes
3315 1862 3428 1915 qua
3457 1847 3605 1917 igno—

329 1918 392 1973 fit
427 1923 720 1978 concordia
751 1923 1063 1980 lectionum.

555 2081 880 2138 DOMlNICA
927 2083 1141 2139 PRIMA
1186 2083 1418 2142 MENSE
1456 2089 1689 2146 PRIMO.

518 2206 774 2248 EPISTOLA
819 2209 978 2249 ΒΕΑΤΙ
1011 2211 1168 2249 PAULI
1201 2210 1454 2252 APOSTOLI
1483 2214 1644 2254 PRIIA
1675 2217 1744 2255 AD

721 2277 1254 2332 THESSALONICENSES,
1289 2282 1405 2322 CAP.
1439 2285 1511 2323 ιν.

405 2391 424 2428 ι
444 2372 718 2444 Rogamus
745 2389 842 2430 vos
892 2384 948 2431 et
980 2376 1330 2433 obsecramus
1360 2378 1413 2432 in
1470 2379 1694 2434 Domino
1749 2377 1874 2434 Jesu
1901 2420 1917 2444 ,

332 2484 352 2515 ς
373 2474 434 2520 ut
466 2467 918 2536 quemadmodum
964 2470 1250 2538 accepistis
1275 2486 1306 2524 a
1335 2471 1492 2525 nobis
1527 2473 1796 2540 quomodo
1824 2489 1920 2527 vos

333 2565 617 2627 «oporteat
665 2559 945 2613 ambulare
994 2566 1050 2614 et
1098 2560 1311 2630 placere
1349 2562 1480 2626 Deo,
1509 2563 1590 2617 sic
1637 2571 1694 2616 et
1732 2561 1920 2616 ambu-

335 2649 501 2705 cletis
538 2660 598 2706 ut
643 2651 928 2706 abundetis
975 2651 1167 2722 magis.
1218 2651 1382 2708 Scitis
1413 2654 1556 2708 enim
1605 2669 1724 2722 qua:
1777 2668 1900 2722 prte-

333 2759 353 2790 σ
373 2751 533 2812 cepta
559 2729 800 2798 dederim
824 2743 978 2799 vobis
1003 2759 1101 2813 per
1134 2745 1420 2800 Dominum
1451 2744 1655 2800 Jesum.
1688 2746 1812 2800 Hinc
1837 2753 1921 2800 est

331 2848 351 2881 s
369 2831 524 2885 enim
542 2831 789 2886 voluntas
805 2832 898 2887 Dei
918 2833 1272 2888 sanctiﬁcatio
1290 2842 1490 2898 vestra,
1522 2843 1582 2888 ut
1604 2834 1922 2888 abstineatis

332 2935 476 2974 «vos
513 2934 543 2972 a
589 2918 957 2987 fornicatione,
994 2929 1056 2977 ut
1089 2921 1226 2976 sciat
1267 2922 1638 2991 unusquisque
1677 2930 1918 2976 vestrum

329 3027 532 3066 «suum
572 3026 668 3066 vas
702 3013 979 3081 possidere
1015 3012 1070 3067 in
1107 3011 1534 3069 sanctiﬁcatione
1585 3020 1642 3066 et
1690 3013 1918 3078 honore,

330 3123 349 3156 ι
372 3106 557 3160 nonin
580 3106 832 3175 passione
849 3107 1126 3174 desiderii,
1147 3107 1288 3163 sicut
1317 3115 1373 3160 et
1403 3115 1592 3177 gentes
1615 3122 1737 3177 qua;
1765 3107 1916 3179 igno-

2021 1923 2207 1977 rabant
2237 1923 2426 1978 Deum.
2467 1926 2546 1979 Ac
2568 1926 2614 1980 si
2645 1927 2885 1982 diceret:
2910 1928 3097 1985 Videte
3117 1947 3185 1986 ne
3215 1940 3269 1986 et
3296 1949 3392 1988 vos
3422 1936 3603 1990 nimiae

2027 2022 2081 2067 et
2119 2014 2497 2070 immoderata:
2524 2016 2732 2072 libidini
2765 2020 3083 2085 servientes,
3124 2022 3328 2078 similes
3348 2027 3598 2095 gentibus

2020 2104 2159 2166 sitis,
2185 2120 2304 2174 quae
2333 2106 2498 2161 Deum
2528 2116 2824 2163 amatorem
2851 2110 3119 2165 castitatis
3151 2112 3418 2182 ignorant.

2089 2192 2158 2246 Et
2200 2211 2263 2248 ne
2299 2197 2416 2266 quis
2450 2197 2896 2267 supergrediatur,
2934 2216 3097 2269 neque
3138 2202 3508 2256 circumueniat
3547 2206 3602 2258 in

2018 2285 2221 2352 negotio
2249 2284 2466 2353 fratrem
2497 2302 2673 2340 suum.
2710 2287 2790 2342 Ac
2817 2288 2862 2341 si
2897 2287 3057 2352 dicat,
3093 2305 3163 2345 ne
3208 2292 3330 2362 quis
3362 2303 3602 2348 vestrum

2016 2382 2140 2443 post
2189 2373 2439 2429 devotam
2478 2392 2544 2430 ex
2587 2392 2852 2434 consensu
2901 2380 3288 2435 continentiam
3329 2383 3447 2452 pari
3482 2399 3598 2447 suo,

2017 2465 2196 2534 aliqua
2223 2466 2682 2523 circumventione
2704 2469 2814 2524 vim
2849 2469 3051 2526 inferre
3076 2473 3296 2538 nitatur,
3327 2474 3441 2529 sive
3472 2491 3606 2542 quo-

2015 2555 2148 2612 libet
2175 2559 2412 2629 negotio,
2441 2559 2560 2629 quis
2585 2559 2812 2614 alterum
2838 2559 3069 2616 fraudet.

2091 2645 2353 2711 Quoniam
2374 2650 2564 2703 vindex
2597 2657 2674 2704 est
2700 2647 2955 2706 Dominus
2977 2651 3042 2704 de
3072 2652 3155 2706 Itis
3179 2653 3435 2718 omnibus,
3467 2655 3600 2708 sicut

2015 2738 2358 2806 prwdiximus
2381 2749 2428 2794 et
2449 2740 2713 2810 testiﬁcati
2742 2760 2944 2798 sumus.
2998 2744 3115 2798 Non
3145 2745 3314 2800 solum
3345 2747 3411 2802 de
3436 2745 3604 2802 forni-

2017 2826 2229 2882 catione
2265 2836 2318 2881 et
2349 2830 2560 2898 publica
2610 2833 2961 2900 turpitudine,
2999 2835 3092 2888 sed
3131 2837 3295 2890 etiam
3318 2837 3383 2892 de
3430 2845 3605 2891 trans-

2017 2919 2296 2990 gressione
2323 2921 2499 2976 omnis
2518 2921 2644 2976 boni
2665 2924 2937 2992 praepositi
2960 2925 3152 2980 vindex
3175 2934 3260 2980 est
3278 2928 3436 2981 Deus.
3467 2927 3602 2994 Quia

2019 3009 2212 3065 melius
2233 3019 2454 3066 estnon
2487 3027 2706 3079 vovere,
2743 3027 2905 3083 quam
2949 3023 3072 3084 post
3111 3024 3295 3070 votum
3336 3018 3600 3086 promissa

2022 3117 2130 3156 non
2159 3102 2401 3158 reddere.

330 3214 352 3248 ι
375 3203 502 3252 rant
533 3168 722 3251 Deum.
783 3197 850 3252 Et
886 3214 955 3253 ne
980 3168 1576 3268 quis'supergred'iatur
1605 3168 1916 3266 nequevcir.
1941 3168 1986 3231 C
2089 3189 2214 3246 Non
2243 3192 2382 3246 enim
2405 3195 2604 3248 vocavit
2638 3211 2732 3248 nos
2763 3194 2905 3248 Deus
2943 3198 2998 3249 in
3033 3196 3388 3263 immunditla,
3419 3196 3510 3252 sed
3547 3198 3602 3252 in

332 3303 352 3338 ι
372 3285 682 3340 eumveniat
709 3287 762 3340 in
797 3288 1013 3358 negotio
1041 3287 1267 3344 fratrem
1298 3301 1476 3353 suum,
1507 3287 1765 3355 quoniam
1791 3287 1914 3343 vin-

333 3393 353 3427 ι
374 3375 479 3430 ἀει
504 3385 590 3430 est
615 3375 877 3432 Dominus
907 3377 973 3432 de
995 3378 1080 3433 his
1099 3379 1372 3443 omnibus,
1401 3376 1543 3433 sicut
1567 3375 1917 3446 praediximus

338 3491 356 3522 ι
377 3472 556 3535 vobis,
594 3482 651 3526 et
684 3471 958 3526 testiﬁcati
993 3486 1201 3527 sumus.
1256 3470 1372 3526 Non
1412 3471 1555 3525 enim
1586 3467 1800 3524 vocavit
1818 3481 1917 3522 nos

333 3581 354 3613 ι
375 3563 517 3617 Deus
545 3563 602 3616 in
637 3561 1056 3627 immunditiam,
1086 3561 1179 3617 sed
1209 3561 1263 3615 in
1288 3561 1788 3616 sanetilicationem.
1821 3577 1840 3611 ι

401 3651 670 3722 Rogamus
731 3667 818 3705 vos
859 3660 908 3704 et
963 3652 1292 3706 obsecramus
1334 3652 1388 3706 in
1423 3651 1647 3705 Domino
1680 3649 1833 3714 Jesu,
1859 3659 1916 3703 ut

329 3741 770 3813 quemadmodum
795 3742 1064 3812 accepistis
1100 3759 1132 3795 a
1163 3743 1329 3807 nobis,
1358 3743 1616 3814 quomodo
1650 3760 1739 3798 vos
1771 3759 1920 3814 opor-

331 3842 433 3886 teat
470 3832 765 3898 ambulare,
795 3833 870 3886 sic
909 3841 958 3886 et
1005 3833 1306 3888 ambuletis.
1346 3833 1447 3902 (Ex
1493 3833 1748 3901 Primas.)
1790 3833 1919 3887 Post

329 3924 544 3979 laudem
572 3932 628 3978 et
649 3923 1071 3979 consolationem
1103 3923 1289 3994 incipit
1315 3923 1641 3987 exhortatio,
1670 3937 1734 3977 ac
1761 3923 1806 3978 si
1836 3924 1915 3978 di-

333 4023 506 4082 ceret,
530 4030 630 4071 vos
682 4015 876 4084 quibus
921 4013 1170 4069 Christus
1194 4013 1282 4068 via
1307 4020 1410 4078 est,
1443 4013 1619 4084 dignis
1641 4029 1763 4068 eum
1797 4028 1914 4067 am-

329 4105 580 4160 bulantes
607 4104 892 4175 sequimini
920 4102 1214 4175 gressibus,
1248 4103 1300 4158 id
1333 4111 1437 4168 est,
1462 4103 1914 4169 mansuetudinis,

331 4196 639 4261 cbaritatis,
665 4195 1010 4261 humilitatis,
1033 4194 1353 4251 obedientiae
1380 4203 1436 4250 et
1469 4196 1619 4266 pacis
1644 4197 1915 4249 omnium-

331 4301 435 4357 que
464 4287 750 4341 virtutum.

403 4373 472 4429 Ut
509 4374 786 4430 abundetis
825 4374 1010 4445 magis.
1051 4373 1186 4442 Quia
1232 4387 1356 4428 cum
1398 4378 1558 4428 mtate
1593 4371 1716 4426 ﬁdei
1757 4371 1917 4426 debet

332 4467 518 4538 augeri
552 4465 832 4537 profectus
867 4466 1148 4532 virtutum,
1190 4465 1332 4520 sicut
1370 4478 1492 4519 cum
1536 4471 1694 4519 aetate
1735 4463 1916 4518 carnis

333 4559 486 4613 cibus
523 4558 723 4614 crescit
759 4564 814 4612 et
851 4557 1108 4612 studium.

404 4647 565 4702 Scitis
590 4649 728 4702 enim
751 4663 866 4719 quis
902 4656 1161 4718 pra'ccpta
1186 4646 1418 4700 dederim
1449 4645 1592 4700 vobis
1620 4659 1713 4714 per
1739 4643 1918 4698 Domi-

331 4757 458 4794 nam
478 4739 688 4794 Iesum.
723 4739 782 4794 Id
800 4746 902 4806 est,
931 4738 1248 4794 exhortatus
1271 4753 1390 4792 sum
1421 4751 1536 4803 vos,
1577 4737 1780 4791 servire
1807 4737 1918 4792 Deo

329 4833 453 4888 vivo
495 4841 553 4887 et
596 4847 757 4898 vero,
803 4839 860 4886 et
902 4838 1222 4900 exspectare
1269 4829 1437 4884 filium
1486 4827 1600 4896 ejus
1637 4829 1703 4882 de
1739 4828 1916 4893 caelis,

327 4939 496 4994 quem
525 4924 808 4980 suscitavit
845 4938 910 4979 ex
950 4922 1178 4978 mortuis
1201 4919 1407 4986 Jesum,
1455 4919 1546 4990 qui
1585 4919 1783 4988 eripuit
1819 4936 1920 4976 nos

327 5015 400 5069 ab
429 5016 507 5069 ira
532 5022 782 5080 ventura,
809 5021 914 5069 etc.

405 5105 541 5160 Ha'c
562 5115 638 5160 est
664 5105 906 5160 voluntas
937 5102 1034 5158 Dei
1061 5103 1410 5172 sanctiﬁcatio
1441 5111 1627 5164 uestra,
1669 5111 1725 5155 ut
1761 5099 1922 5155 absti-

329 5199 502 5254 neatis
527 5215 620 5254 vos
651 5215 685 5251 a
719 5199 1082 5270 fornicatione.
1121 5194 1490 5250 Sanctiﬁcatio
1521 5193 1666 5248 enim
1700 5194 1768 5248 ab
1804 5208 1923 5247 om-

328 5290 390 5345 ni
428 5289 823 5345 incontinentia
851 5295 1070 5344 revocat
1097 5287 1486 5342 Christianum.
1527 5284 1918 5339 lncontinentia

329 5387 520 5433 autem
547 5393 656 5432 non
683 5378 897 5448 expedit
915 5384 1164 5432 sanctum
1182 5374 1384 5431 Christi
1406 5390 1602 5444 corpus
1620 5375 1918 5443 adtingere,

329 5469 576 5523 maxime
603 5482 728 5522 cum
755 5475 810 5522 ct
845 5467 1054 5537 Moyses
1090 5463 1304 5522 Judazos
1337 5464 1682 5521 sanctiﬁeare
1711 5465 1919 5530 volens,

325 5560 596 5632 populum
635 5568 806 5615 totum
865 5561 933 5615 ab
971 5560 1118 5616 omni
1155 5558 1355 5614 femina
1390 5557 1708 5628 praeceperit
1749 5555 1924 5610 conti-

332 5665 494 5706 nere.
526 5650 629 5719 Qui
663 5651 810 5706 enim
846 5667 877 5706 a
911 5651 1268 5708 fornicatione
1305 5665 1364 5706 se
1397 5649 1650 5714 abstinet,
1681 5662 1709 5701 a
1743 5647 1926 5702 multis

333 5761 403 5802 se
451 5745 563 5801 Deo
617 5745 904 5815 adiuvante
959 5745 1104 5799 vitiis
1156 5743 1398 5798 retrahit.
1453 5743 1529 5797 De
1574 5739 1928 5795 fornicatione

1939 4512 1992 4572 D

2015 3280 2452 3349 sanctiﬁcatione.
2504 3281 2680 3336 Etiam
2706 3283 2872 3338 nimia
2895 3285 3052 3339 incon
3062 3285 3280 3340 tinentia
3299 3294 3476 3355 potest
3496 3287 3567 3341 im
3587 3316 3602 3326 ε

2016 3371 2295 3426 munditiae
2322 3373 2596 3443 imputari,
2627 3389 2747 3444 qua:
2776 3389 2974 3445 corpus
3003 3375 3201 3431 Christi
3232 3377 3491 3431 audenter
3517 3393 3604 3432 ae-

2016 3464 2120 3534 eipi
2148 3480 2253 3518 non
2285 3467 2568 3535 permittit.
2627 3466 2779 3533 Quod
2806 3476 2986 3524 autem
3021 3469 3170 3534 dicit,
3202 3470 3296 3524 sed
3327 3471 3378 3524 in
3411 3473 3606 3526 sancti-

2017 3555 2268 3612 ﬁcatione
2310 3559 2364 3612 in
2403 3559 2622 3615 Christo
2659 3558 2786 3615 Jesu
2810 3602 2824 3625 ,
2875 3577 2940 3616 ac
2981 3563 3026 3617 si
3075 3561 3263 3617 dicat:
3296 3561 3388 3618 Sic
3425 3565 3603 3621 vocati
3687 3546 3700 3558 ί

2016 3647 2168 3714 estis,
2193 3655 2252 3701 ut
2271 3649 2516 3717 exemplo
2535 3648 2737 3704 Christi
2760 3651 2972 3716 vivatis,
3006 3652 3098 3724 qui
3118 3653 3261 3706 enim
3279 3653 3438 3708 habet
3465 3655 3604 3710 hanc

2017 3751 2164 3808 spem
2191 3739 2494 3794 sanctiﬁcat
2523 3756 2602 3807 se,
2633 3741 2771 3796 sicut
2801 3751 2855 3798 et
2897 3743 2988 3799 ille
3022 3752 3242 3800 sanctus
3269 3752 3369 3800 est.
3423 3745 3604 3802 Estotc

2017 3841 2145 3900 ergo
2165 3832 2356 3897 sancti,
2381 3832 2505 3903 quia
2529 3842 2578 3886 et
2599 3850 2692 3904 ego
2721 3843 2935 3889 sanctus
2961 3853 3102 3902 sum,
3134 3836 3261 3892 dicit
3287 3837 3564 3894 Dominus.

2342 3983 2680 4024 EVANGELIUI
2722 3985 3002 4034 ΙΔΤΤΙΙΑΕῙ,
3045 3985 3163 4024 CAP.
3194 3986 3280 4024 ιν.

2093 4117 2112 4150 ‹
2141 4101 2403 4171 Egressus
2437 4103 2596 4160 Jesus
2631 4105 2856 4160 secessit
2893 4106 2947 4162 in
2986 4113 3167 4176 partes
3203 4103 3329 4174 Tyri
3362 4115 3416 4160 et
3448 4105 3603 4163 Sido-

2023 4205 2042 4237 t
2061 4189 2164 4244 nis.
2200 4189 2264 4243 Et
2290 4205 2414 4246 ecce
2437 4192 2632 4248 mulier
2651 4193 2953 4248 Chanantca
2974 4211 3003 4249 a
3026 4194 3221 4248 finibus
3241 4193 3345 4248 illis
3365 4210 3600 4265 egressa,

2023 4295 2042 4328 c
2060 4278 2336 4342 clamavit,
2359 4281 2546 4334 dicens
2572 4281 2622 4334 ci
2647 4299 2658 4334 :
2683 4281 2938 4338 Miserere
2964 4286 3087 4350 mei,
3118 4285 3361 4354 Domine,
3388 4288 3460 4342 ﬁli
3492 4289 3600 4344 Da-

2024 4384 2041 4416 t
2062 4367 2170 4431 vid,
2197 4367 2302 4422 ﬁlia
2335 4383 2452 4422 mea
2481 4370 2621 4424 male
2646 4385 2678 4424 a
2703 4369 2968 4430 dmmonio
2989 4385 3234 4432 vexatur.
3263 4378 3362 4446 Qui
3384 4395 3490 4434 non
3510 4395 3603 4434 reo

2025 4476 2043 4507 ι
2065 4458 2279 4527 spondit
2303 4459 2351 4515 ei
2377 4460 2632 4525 verbum,
2663 4469 2719 4516 et
2747 4465 3063 4522 accedentes
3083 4467 3327 4540 discipuli
3348 4469 3487 4538 eius,
3518 4486 3604 4526 ιὀς-

2030 4568 2048 4600 ‹
2071 4549 2271 4620 gabant
2316 4566 2463 4616 eum,
2511 4551 2754 4615 dicentes
2789 4570 2801 4608 τ
2834 4553 3054 4610 Dimitte
3081 4572 3224 4623 eam,
3253 4560 3378 4629 qdia
3407 4559 3605 4616 clamat

2028 4657 2048 4692 α
2067 4649 2189 4710 post
2217 4657 2334 4696 nos.
2358 4642 2474 4712 lpsc
2497 4653 2679 4698 autem
2707 4646 3036 4715 respondens
3071 4648 3164 4702 ait.
3184 4648 3300 4704 Non
3332 4667 3450 4706 sum
3476 4653 3606 4709 mis-

2030 4747 2048 4780 ι
2069 4746 2162 4786 sus
2187 4732 2291 4787 nisi
2321 4735 2388 4788 ad
2417 4749 2546 4788 oves
2568 4750 2687 4804 qua:
2703 4735 2980 4804 perierunt
3000 4739 3190 4794 domus
3209 4739 3392 4795 Israel.
3423 4741 3492 4795 At
3516 4743 3603 4797 illa

2031 4823 2215 4876 «venit
2236 4832 2290 4878 et
2312 4825 2556 4878 adoravit
2580 4839 2703 4878 cum
2742 4826 2927 4880 dicens
2952 4847 2963 4879 ;
2988 4827 3233 4894 Domine,
3263 4829 3453 4897 adiuva
3494 4847 3599 4885 me.

2031 4934 2049 4967 σ
2073 4915 2176 4982 Qui
2204 4914 2532 4984 respondens
2559 4915 2669 4968 ait:
2694 4913 2810 4970 Non
2833 4925 2916 4971 est
2944 4917 3143 4972 bonum
3173 4935 3386 4972 sumere
3409 4935 3603 4989 panem

2029 5007 2299 5061 tﬁiiorum
2339 5012 2394 5059 et
2434 5005 2648 5059 mittere
2685 5005 2930 5060 canibus.
2979 5005 3046 5060 At
3084 5007 3169 5062 illa
3211 5008 3600 5074 dixitzEtiam,

2029 5117 2046 5148 ι
2067 5098 2313 5163 Domine,
2347 5112 2470 5151 nam
2495 5107 2551 5151 et
2583 5096 2762 5151 catelli
2790 5097 2955 5151 edunt
2985 5097 3052 5152 de
3079 5099 3230 5153 micis
3265 5114 3383 5168 quae
3405 5100 3605 5155 cadunt

2028 5189 2132 5244 «de
2185 5202 2371 5242 mensa
2418 5187 2757 5242 dominorum
2796 5202 3038 5242 suorum.
3086 5188 3237 5243 Tune
3276 5191 3606 5258 respondens

2029 5299 2046 5332 ‹
2067 5278 2319 5340 Jcsusait
2341 5277 2417 5331 illi
2443 5276 2524 5332 :0
2548 5276 2769 5330 mulier!
2788 5293 2979 5348 magna
3005 5286 3087 5332 est
3117 5277 3246 5332 fides
3270 5287 3378 5342 tua,
3399 5277 3491 5332 ﬁat
3511 5278 3604 5330 tibi

2033 5386 2051 5419 ‹
2072 5367 2209 5422 sicut
2228 5365 2332 5430 vis,
2360 5372 2414 5417 ct
2437 5370 2624 5418 sanata
2655 5371 2739 5416 est
2761 5362 2868 5417 filia
2891 5361 3006 5430 eius
3029 5379 3094 5418 ex
3125 5363 3213 5417 illa
3239 5365 3392 5418 hora.
3416 5382 3432 5414 ι

2099 5459 2352 5528 Egressus
2391 5454 2513 5509 inde
2540 5453 2717 5519 Jesus,
2747 5456 2953 5508 secessit
2983 5456 3037 5507 in
3075 5464 3248 5525 partes
3275 5453 3398 5523 Tyri
3433 5460 3480 5503 et
3516 5447 3603 5502 Si-

2029 5549 2200 5603 donis.
2239 5547 2341 5617 (Ex
2371 5545 2542 5617 llicr.)
2575 5544 2780 5600 Scribis
2809 5554 2863 5599 et
2893 5544 3178 5599 Pharismis
3208 5541 3610 5598 calumniatori-

2031 5643 2132 5696 bus
2157 5639 2428 5694 derelictis
2453 5638 2848 5710 transgreditur
2870 5637 2924 5690 in
2950 5643 3130 5706 partes
3145 5633 3267 5706 Tyri
3291 5642 3344 5688 et
3365 5631 3605 5700 Sidonis,

2033 5743 2093 5788 ut
2125 5733 2318 5804 Tyrios
2349 5731 2706 5800 Sidoniosquc
2734 5737 2965 5784 curaret.
