  <div class='ocr_page' id='page_1' title='image "/cluster/home/n/w/nwhite01/storage/ocr_20150623/102/hvd.32044052820032/071.png"; bbox 0 0 3998 6198; ppageno 0'>
   <div class='ocr_carea' id='block_1_1' title="bbox 335 362 440 421">
    <p class='ocr_par' dir='ltr' id='par_1_1' title="bbox 335 362 440 421">
     <span class='ocr_line' id='line_1_1' title="bbox 335 362 440 421; baseline -0.019 -1"><span class='ocrx_word' id='word_1_1' title='bbox 335 362 440 421; x_wconf 69' lang='grc'><strong>151</strong></span> 
     </span>
    </p>
   </div>
   <div class='ocr_carea' id='block_1_2' title="bbox 1553 330 2229 407">
    <p class='ocr_par' dir='ltr' id='par_1_2' title="bbox 1553 330 2229 407">
     <span class='ocr_line' id='line_1_2' title="bbox 1553 330 2229 407; baseline -0.012 -12"><span class='ocrx_word' id='word_1_2' title='bbox 1553 332 1902 399; x_wconf 62' lang='grc' dir='ltr'><strong>εωιιριαοι</strong></span> <span class='ocrx_word' id='word_1_3' title='bbox 1938 330 2229 407; x_wconf 65' lang='lat' dir='ltr'><strong>sanans</strong></span> 
     </span>
    </p>
   </div>
   <div class='ocr_carea' id='block_1_3' title="bbox 3480 319 3589 375">
    <p class='ocr_par' dir='ltr' id='par_1_3' title="bbox 3480 319 3589 375">
     <span class='ocr_line' id='line_1_3' title="bbox 3480 319 3589 375; baseline 0 -1"><span class='ocrx_word' id='word_1_4' title='bbox 3480 319 3589 375; x_wconf 66' lang='lat' dir='ltr'><strong>l5!</strong></span> 
     </span>
    </p>
   </div>
   <div class='ocr_carea' id='block_1_4' title="bbox 407 425 3594 526">
    <p class='ocr_par' dir='ltr' id='par_1_4' title="bbox 407 425 3594 526">
     <span class='ocr_line' id='line_1_4' title="bbox 407 425 3594 526; baseline -0.013 -1"><span class='ocrx_word' id='word_1_5' title='bbox 407 467 605 525; x_wconf 69' lang='lat' dir='ltr'><strong>Mulier</strong></span> <span class='ocrx_word' id='word_1_6' title='bbox 624 473 802 521; x_wconf 79' lang='lat' dir='ltr'><strong>autem</strong></span> <span class='ocrx_word' id='word_1_7' title='bbox 826 428 1128 517; x_wconf 59' lang='lat' dir='ltr'><strong>Clama</strong></span> <span class='ocrx_word' id='word_1_8' title='bbox 1148 450 1413 526; x_wconf 64' lang='lat' dir='ltr'><strong>egreditur</strong></span> <span class='ocrx_word' id='word_1_9' title='bbox 1429 448 1496 503; x_wconf 82' lang='lat' dir='ltr'><strong>de</strong></span> <span class='ocrx_word' id='word_1_10' title='bbox 1512 446 1706 518; x_wconf 76' lang='lat' dir='ltr'><strong>ﬁnibus</strong></span> <span class='ocrx_word' id='word_1_11' title='bbox 1747 443 1922 515; x_wconf 76' lang='lat' dir='ltr'><strong>pristi-</strong></span> <span class='ocrx_word' id='word_1_12' title='bbox 1943 447 1994 507; x_wconf 73' lang='grc' dir='ltr'>Α</span> <span class='ocrx_word' id='word_1_13' title='bbox 2021 454 2207 496; x_wconf 82' lang='lat' dir='ltr'><strong>rerum</strong></span> <span class='ocrx_word' id='word_1_14' title='bbox 2227 437 2400 495; x_wconf 85' lang='lat' dir='ltr'><strong>edunt</strong></span> <span class='ocrx_word' id='word_1_15' title='bbox 2422 433 2623 526; x_wconf 79' lang='lat' dir='ltr'><strong>catelli,</strong></span> <span class='ocrx_word' id='word_1_16' title='bbox 2651 433 2776 505; x_wconf 87' lang='lat' dir='ltr'><strong>quia</strong></span> <span class='ocrx_word' id='word_1_17' title='bbox 2795 428 3141 526; x_wconf 67' lang='lat' dir='ltr'><strong>conversiad</strong></span> <span class='ocrx_word' id='word_1_18' title='bbox 3154 427 3318 526; x_wconf 73' lang='lat' dir='ltr'><strong>ﬁdem</strong></span> <span class='ocrx_word' id='word_1_19' title='bbox 3338 425 3594 526; x_wconf 64' lang='lat' dir='ltr'><strong>gentiles,</strong></span> 
     </span>
    </p>
   </div>
   <div class='ocr_carea' id='block_1_5' title="bbox 338 516 3597 624">
    <p class='ocr_par' dir='ltr' id='par_1_5' title="bbox 338 516 3597 624">
     <span class='ocr_line' id='line_1_5' title="bbox 338 516 3597 624; baseline -0.015 -5"><span class='ocrx_word' id='word_1_20' title='bbox 338 516 459 618; x_wconf 64' lang='lat' dir='ltr'><strong>nis—</strong></span> <span class='ocrx_word' id='word_1_21' title='bbox 470 516 840 624; x_wconf 42' lang='grc' dir='ltr'><strong>’ἇέιλιιῖιῐέξιιε</strong></span> <span class='ocrx_word' id='word_1_22' title='bbox 872 552 999 623; x_wconf 72' lang='lat' dir='ltr'><strong>ﬁlia:</strong></span> <span class='ocrx_word' id='word_1_23' title='bbox 1052 516 1288 619; x_wconf 53' lang='grc' dir='ltr'><strong>παρεῖται</strong></span> <span class='ocrx_word' id='word_1_24' title='bbox 1332 516 1632 598; x_wconf 77' lang='lat' dir='ltr'><strong>sanitatem.</strong></span> <span class='ocrx_word' id='word_1_25' title='bbox 1674 536 1915 594; x_wconf 79' lang='lat' dir='ltr'><strong>Observa</strong></span> <span class='ocrx_word' id='word_1_26' title='bbox 2017 545 2125 585; x_wconf 89' lang='lat' dir='ltr'><strong>non</strong></span> <span class='ocrx_word' id='word_1_27' title='bbox 2154 529 2348 624; x_wconf 70' lang='lat' dir='ltr'><strong>littera:</strong></span> <span class='ocrx_word' id='word_1_28' title='bbox 2368 524 2712 597; x_wconf 89' lang='lat' dir='ltr'><strong>superﬁciem</strong></span> <span class='ocrx_word' id='word_1_29' title='bbox 2738 523 2789 577; x_wconf 88' lang='lat' dir='ltr'><strong>in</strong></span> <span class='ocrx_word' id='word_1_30' title='bbox 2808 518 3131 624; x_wconf 48' lang='lat' dir='ltr'><strong>ﬁeripturis:</strong></span> <span class='ocrx_word' id='word_1_31' title='bbox 3147 517 3245 573; x_wconf 89' lang='lat' dir='ltr'><strong>sed</strong></span> <span class='ocrx_word' id='word_1_32' title='bbox 3270 516 3597 624; x_wconf 59' lang='lat' dir='ltr'><strong>spiritalium</strong></span> 
     </span>
    </p>
   </div>
   <div class='ocr_carea' id='block_1_6' title="bbox 338 630 1915 724">
    <p class='ocr_par' dir='ltr' id='par_1_6' title="bbox 338 630 1915 724">
     <span class='ocr_line' id='line_1_6' title="bbox 338 630 1915 724; baseline -0.02 -16"><span class='ocrx_word' id='word_1_33' title='bbox 338 653 485 724; x_wconf 88' lang='lat' dir='ltr'><strong>quod</strong></span> <span class='ocrx_word' id='word_1_34' title='bbox 504 653 562 711; x_wconf 82' lang='lat' dir='ltr'><strong>in</strong></span> <span class='ocrx_word' id='word_1_35' title='bbox 587 649 775 720; x_wconf 78' lang='lat' dir='ltr'><strong>quinto</strong></span> <span class='ocrx_word' id='word_1_36' title='bbox 802 642 1013 700; x_wconf 84' lang='lat' dir='ltr'><strong>decimo</strong></span> <span class='ocrx_word' id='word_1_37' title='bbox 1039 639 1177 703; x_wconf 84' lang='lat' dir='ltr'><strong>loco,</strong></span> <span class='ocrx_word' id='word_1_38' title='bbox 1208 633 1319 689; x_wconf 87' lang='lat' dir='ltr'><strong>ﬁlia</strong></span> <span class='ocrx_word' id='word_1_39' title='bbox 1344 630 1646 688; x_wconf 70' lang='lat' dir='ltr'><strong>Chartam</strong></span> <span class='ocrx_word' id='word_1_40' title='bbox 1672 633 1915 682; x_wconf 88' lang='lat' dir='ltr'><strong>sanatur.</strong></span> 
     </span>
    </p>
   </div>
   <div class='ocr_carea' id='block_1_7' title="bbox 336 744 1375 822">
    <p class='ocr_par' dir='ltr' id='par_1_7' title="bbox 336 744 1375 822">
     <span class='ocr_line' id='line_1_7' title="bbox 336 744 1375 822; baseline -0.015 -7"><span class='ocrx_word' id='word_1_41' title='bbox 336 812 339 815; x_wconf 89' lang='lat'>.</span> <span class='ocrx_word' id='word_1_42' title='bbox 413 761 672 818; x_wconf 63' lang='lat' dir='ltr'><strong>Miserere</strong></span> <span class='ocrx_word' id='word_1_43' title='bbox 708 756 830 822; x_wconf 82' lang='lat' dir='ltr'><strong>mei,</strong></span> <span class='ocrx_word' id='word_1_44' title='bbox 866 753 1111 815; x_wconf 80' lang='lat' dir='ltr'><strong>Domine,</strong></span> <span class='ocrx_word' id='word_1_45' title='bbox 1145 747 1223 817; x_wconf 71' lang='lat' dir='ltr'><strong>ﬁli</strong></span> <span class='ocrx_word' id='word_1_46' title='bbox 1260 744 1375 800; x_wconf 71' lang='lat' dir='ltr'><strong>Dav</strong></span> 
     </span>
    </p>
   </div>
   <div class='ocr_carea' id='block_1_8' title="bbox 344 825 1926 908">
    <p class='ocr_par' dir='ltr' id='par_1_8' title="bbox 344 825 1926 908">
     <span class='ocr_line' id='line_1_8' title="bbox 344 825 1926 908; baseline -0.019 0"><span class='ocrx_word' id='word_1_47' title='bbox 344 872 381 908; x_wconf 88' lang='lat' dir='ltr'><strong>a</strong></span> <span class='ocrx_word' id='word_1_48' title='bbox 405 850 669 906; x_wconf 67' lang='lat' dir='ltr'><strong>damonis</strong></span> <span class='ocrx_word' id='word_1_49' title='bbox 698 853 938 901; x_wconf 68' lang='lat' dir='ltr'><strong>uexatur.</strong></span> <span class='ocrx_word' id='word_1_50' title='bbox 984 839 1114 895; x_wconf 83' lang='lat' dir='ltr'><strong>inde</strong></span> <span class='ocrx_word' id='word_1_51' title='bbox 1154 851 1284 892; x_wconf 82' lang='lat' dir='ltr'><strong>vero</strong></span> <span class='ocrx_word' id='word_1_52' title='bbox 1327 832 1478 889; x_wconf 80' lang='lat' dir='ltr'><strong>novit</strong></span> <span class='ocrx_word' id='word_1_53' title='bbox 1525 840 1721 885; x_wconf 80' lang='lat' dir='ltr'><strong>vocare</strong></span> <span class='ocrx_word' id='word_1_54' title='bbox 1754 825 1926 880; x_wconf 82' lang='lat' dir='ltr'><strong>ﬁlium</strong></span> 
     </span>
    </p>
   </div>
   <div class='ocr_carea' id='block_1_9' title="bbox 347 918 1927 1007">
    <p class='ocr_par' dir='ltr' id='par_1_9' title="bbox 347 918 1927 1007">
     <span class='ocr_line' id='line_1_9' title="bbox 347 918 1927 1007; baseline -0.019 -10"><span class='ocrx_word' id='word_1_55' title='bbox 347 939 537 1001; x_wconf 83' lang='lat' dir='ltr'><strong>David,</strong></span> <span class='ocrx_word' id='word_1_56' title='bbox 560 950 679 1007; x_wconf 66' lang='lat' dir='ltr'><strong>qua</strong></span> <span class='ocrx_word' id='word_1_57' title='bbox 705 948 924 1006; x_wconf 86' lang='lat' dir='ltr'><strong>egressa</strong></span> <span class='ocrx_word' id='word_1_58' title='bbox 948 931 1062 1002; x_wconf 85' lang='lat' dir='ltr'><strong>jam</strong></span> <span class='ocrx_word' id='word_1_59' title='bbox 1080 928 1262 983; x_wconf 82' lang='lat' dir='ltr'><strong>fuerat</strong></span> <span class='ocrx_word' id='word_1_60' title='bbox 1285 926 1352 981; x_wconf 87' lang='lat' dir='ltr'><strong>de</strong></span> <span class='ocrx_word' id='word_1_61' title='bbox 1381 920 1576 977; x_wconf 87' lang='lat' dir='ltr'><strong>ﬁnibus</strong></span> <span class='ocrx_word' id='word_1_62' title='bbox 1603 918 1739 982; x_wconf 82' lang='lat' dir='ltr'><strong>suis,</strong></span> <span class='ocrx_word' id='word_1_63' title='bbox 1765 922 1820 970; x_wconf 90' lang='lat' dir='ltr'><strong>et</strong></span> <span class='ocrx_word' id='word_1_64' title='bbox 1837 928 1927 969; x_wconf 87' lang='lat' dir='ltr'><strong>er-</strong></span> 
     </span>
    </p>
   </div>
   <div class='ocr_carea' id='block_1_10' title="bbox 354 1006 1931 1097">
    <p class='ocr_par' dir='ltr' id='par_1_10' title="bbox 354 1006 1931 1097">
     <span class='ocr_line' id='line_1_10' title="bbox 354 1006 1931 1097; baseline -0.019 -11"><span class='ocrx_word' id='word_1_65' title='bbox 354 1043 535 1084; x_wconf 70' lang='lat' dir='ltr'><strong>rorem</strong></span> <span class='ocrx_word' id='word_1_66' title='bbox 561 1006 829 1097; x_wconf 69' lang='lat' dir='ltr'><strong>Tyros-um</strong></span> <span class='ocrx_word' id='word_1_67' title='bbox 848 1036 915 1076; x_wconf 89' lang='lat' dir='ltr'><strong>ac</strong></span> <span class='ocrx_word' id='word_1_68' title='bbox 939 1017 1282 1074; x_wconf 78' lang='lat' dir='ltr'><strong>Sidoniorum</strong></span> <span class='ocrx_word' id='word_1_69' title='bbox 1305 1011 1411 1068; x_wconf 87' lang='lat' dir='ltr'><strong>loci</strong></span> <span class='ocrx_word' id='word_1_70' title='bbox 1448 1024 1516 1065; x_wconf 87' lang='lat' dir='ltr'><strong>ac</strong></span> <span class='ocrx_word' id='word_1_71' title='bbox 1542 1006 1669 1063; x_wconf 82' lang='lat' dir='ltr'><strong>ﬁdei</strong></span> <span class='ocrx_word' id='word_1_72' title='bbox 1692 1017 1931 1060; x_wconf 76' lang='lat' dir='ltr'><strong>commu-</strong></span> 
     </span>
    </p>
   </div>
   <div class='ocr_carea' id='block_1_11' title="bbox 351 1099 1927 1176">
    <p class='ocr_par' dir='ltr' id='par_1_11' title="bbox 351 1099 1927 1176">
     <span class='ocr_line' id='line_1_11' title="bbox 351 1099 1927 1176; baseline -0.019 0"><span class='ocrx_word' id='word_1_73' title='bbox 351 1119 554 1176; x_wconf 89' lang='lat' dir='ltr'><strong>tatione</strong></span> <span class='ocrx_word' id='word_1_74' title='bbox 580 1116 879 1172; x_wconf 83' lang='lat' dir='ltr'><strong>dimiserat.</strong></span> <span class='ocrx_word' id='word_1_75' title='bbox 911 1110 1046 1165; x_wconf 78' lang='lat' dir='ltr'><strong>Filia</strong></span> <span class='ocrx_word' id='word_1_76' title='bbox 1074 1122 1196 1164; x_wconf 86' lang='lat' dir='ltr'><strong>mea</strong></span> <span class='ocrx_word' id='word_1_77' title='bbox 1224 1104 1365 1162; x_wconf 87' lang='lat' dir='ltr'><strong>male</strong></span> <span class='ocrx_word' id='word_1_78' title='bbox 1388 1099 1655 1158; x_wconf 66' lang='lat' dir='ltr'><strong>demorﬁo</strong></span> <span class='ocrx_word' id='word_1_79' title='bbox 1677 1100 1927 1151; x_wconf 76' lang='lat' dir='ltr'><strong>vexatur.</strong></span> 
     </span>
    </p>
   </div>
   <div class='ocr_carea' id='block_1_12' title="bbox 353 1185 1931 1282">
    <p class='ocr_par' dir='ltr' id='par_1_12' title="bbox 353 1185 1931 1282">
     <span class='ocr_line' id='line_1_12' title="bbox 353 1185 1931 1282; baseline -0.018 -16"><span class='ocrx_word' id='word_1_80' title='bbox 353 1212 467 1282; x_wconf 78' lang='lat' dir='ltr'><strong>Ego</strong></span> <span class='ocrx_word' id='word_1_81' title='bbox 504 1209 672 1263; x_wconf 84' lang='lat' dir='ltr'><strong>ﬁliam</strong></span> <span class='ocrx_word' id='word_1_82' title='bbox 708 1203 966 1261; x_wconf 73' lang='lat' dir='ltr'><strong>Ecclesia:</strong></span> <span class='ocrx_word' id='word_1_83' title='bbox 1010 1206 1142 1271; x_wconf 81' lang='lat' dir='ltr'><strong>puto</strong></span> <span class='ocrx_word' id='word_1_84' title='bbox 1178 1197 1390 1252; x_wconf 83' lang='lat' dir='ltr'><strong>animas</strong></span> <span class='ocrx_word' id='word_1_85' title='bbox 1426 1205 1548 1247; x_wconf 88' lang='lat' dir='ltr'><strong>esse</strong></span> <span class='ocrx_word' id='word_1_86' title='bbox 1574 1185 1931 1248; x_wconf 73' lang='lat' dir='ltr'><strong>credentium,</strong></span> 
     </span>
    </p>
   </div>
   <div class='ocr_carea' id='block_1_13' title="bbox 354 1283 1933 1370">
    <p class='ocr_par' dir='ltr' id='par_1_13' title="bbox 354 1283 1933 1370">
     <span class='ocr_line' id='line_1_13' title="bbox 354 1283 1933 1370; baseline -0.018 -13"><span class='ocrx_word' id='word_1_87' title='bbox 354 1315 480 1370; x_wconf 75' lang='lat' dir='ltr'><strong>qum</strong></span> <span class='ocrx_word' id='word_1_88' title='bbox 504 1297 645 1353; x_wconf 84' lang='lat' dir='ltr'><strong>male</strong></span> <span class='ocrx_word' id='word_1_89' title='bbox 672 1312 704 1351; x_wconf 92' lang='lat' dir='ltr'><strong>a</strong></span> <span class='ocrx_word' id='word_1_90' title='bbox 731 1293 997 1350; x_wconf 68' lang='lat' dir='ltr'><strong>damonio</strong></span> <span class='ocrx_word' id='word_1_91' title='bbox 1030 1290 1392 1352; x_wconf 68' lang='lat' dir='ltr'><strong>vexabantur,</strong></span> <span class='ocrx_word' id='word_1_92' title='bbox 1429 1283 1743 1353; x_wconf 71' lang='lat' dir='ltr'><strong>ignorantes</strong></span> <span class='ocrx_word' id='word_1_93' title='bbox 1775 1288 1933 1330; x_wconf 67' lang='lat' dir='ltr'><strong>creao</strong></span> 
     </span>
    </p>
   </div>
   <div class='ocr_carea' id='block_1_14' title="bbox 356 1381 1240 1455">
    <p class='ocr_par' dir='ltr' id='par_1_14' title="bbox 356 1381 1240 1455">
     <span class='ocr_line' id='line_1_14' title="bbox 356 1381 1240 1455; baseline -0.015 -9"><span class='ocrx_word' id='word_1_94' title='bbox 356 1401 553 1455; x_wconf 88' lang='lat' dir='ltr'><strong>torem,</strong></span> <span class='ocrx_word' id='word_1_95' title='bbox 584 1397 640 1442; x_wconf 92' lang='lat' dir='ltr'><strong>et</strong></span> <span class='ocrx_word' id='word_1_96' title='bbox 672 1386 964 1441; x_wconf 89' lang='lat' dir='ltr'><strong>adorantes</strong></span> <span class='ocrx_word' id='word_1_97' title='bbox 986 1381 1240 1452; x_wconf 87' lang='lat' dir='ltr'><strong>lapidem.</strong></span> 
     </span>
    </p>
   </div>
   <div class='ocr_carea' id='block_1_15' title="bbox 430 1474 1939 1565">
    <p class='ocr_par' dir='ltr' id='par_1_15' title="bbox 430 1474 1939 1565">
     <span class='ocr_line' id='line_1_15' title="bbox 430 1474 1939 1565; baseline -0.017 -11"><span class='ocrx_word' id='word_1_98' title='bbox 430 1499 537 1565; x_wconf 79' lang='lat' dir='ltr'><strong>Qui</strong></span> <span class='ocrx_word' id='word_1_99' title='bbox 584 1512 689 1551; x_wconf 81' lang='lat' dir='ltr'><strong>non</strong></span> <span class='ocrx_word' id='word_1_100' title='bbox 729 1492 994 1565; x_wconf 77' lang='lat' dir='ltr'><strong>respondit</strong></span> <span class='ocrx_word' id='word_1_101' title='bbox 1046 1490 1097 1545; x_wconf 86' lang='lat' dir='ltr'><strong>ei</strong></span> <span class='ocrx_word' id='word_1_102' title='bbox 1133 1487 1365 1543; x_wconf 73' lang='lat' dir='ltr'><strong>verbum.</strong></span> <span class='ocrx_word' id='word_1_103' title='bbox 1418 1482 1538 1539; x_wconf 87' lang='lat' dir='ltr'><strong>Non</strong></span> <span class='ocrx_word' id='word_1_104' title='bbox 1580 1481 1648 1537; x_wconf 86' lang='lat' dir='ltr'><strong>de</strong></span> <span class='ocrx_word' id='word_1_105' title='bbox 1686 1474 1939 1547; x_wconf 90' lang='lat' dir='ltr'><strong>superbia</strong></span> 
     </span>
    </p>
   </div>
   <div class='ocr_carea' id='block_1_16' title="bbox 288 1565 1943 1651">
    <p class='ocr_par' dir='ltr' id='par_1_16' title="bbox 288 1565 1943 1651">
     <span class='ocr_line' id='line_1_16' title="bbox 288 1565 1943 1651; baseline -0.018 -5"><span class='ocrx_word' id='word_1_106' title='bbox 288 1615 292 1619; x_wconf 84' lang='lat'><strong>-</strong></span> <span class='ocrx_word' id='word_1_107' title='bbox 358 1588 695 1651; x_wconf 85' lang='lat' dir='ltr'><strong>Pharisaica,</strong></span> <span class='ocrx_word' id='word_1_108' title='bbox 727 1599 834 1640; x_wconf 89' lang='lat' dir='ltr'><strong>nec</strong></span> <span class='ocrx_word' id='word_1_109' title='bbox 861 1584 928 1638; x_wconf 87' lang='lat' dir='ltr'><strong>de</strong></span> <span class='ocrx_word' id='word_1_110' title='bbox 953 1580 1268 1637; x_wconf 80' lang='lat' dir='ltr'><strong>Scribarum</strong></span> <span class='ocrx_word' id='word_1_111' title='bbox 1289 1571 1596 1645; x_wconf 87' lang='lat' dir='ltr'><strong>supercilio,</strong></span> <span class='ocrx_word' id='word_1_112' title='bbox 1620 1568 1717 1624; x_wconf 87' lang='lat' dir='ltr'><strong>sed</strong></span> <span class='ocrx_word' id='word_1_113' title='bbox 1736 1581 1805 1620; x_wconf 91' lang='lat' dir='ltr'><strong>ne</strong></span> <span class='ocrx_word' id='word_1_114' title='bbox 1827 1565 1943 1634; x_wconf 88' lang='lat' dir='ltr'><strong>ipse</strong></span> 
     </span>
    </p>
   </div>
   <div class='ocr_carea' id='block_1_17' title="bbox 359 1657 1945 1735">
    <p class='ocr_par' dir='ltr' id='par_1_17' title="bbox 359 1657 1945 1735">
     <span class='ocr_line' id='line_1_17' title="bbox 359 1657 1945 1735; baseline -0.018 0"><span class='ocrx_word' id='word_1_115' title='bbox 359 1677 645 1735; x_wconf 69' lang='lat' dir='ltr'><strong>sententiae</strong></span> <span class='ocrx_word' id='word_1_116' title='bbox 667 1690 779 1732; x_wconf 77' lang='lat' dir='ltr'><strong>sua:</strong></span> <span class='ocrx_word' id='word_1_117' title='bbox 804 1674 1080 1729; x_wconf 78' lang='lat' dir='ltr'><strong>videretur</strong></span> <span class='ocrx_word' id='word_1_118' title='bbox 1106 1666 1432 1729; x_wconf 86' lang='lat' dir='ltr'><strong>contrarius,</strong></span> <span class='ocrx_word' id='word_1_119' title='bbox 1464 1676 1566 1733; x_wconf 89' lang='lat' dir='ltr'><strong>per</strong></span> <span class='ocrx_word' id='word_1_120' title='bbox 1588 1672 1750 1730; x_wconf 84' lang='lat' dir='ltr'><strong>quam</strong></span> <span class='ocrx_word' id='word_1_121' title='bbox 1767 1657 1945 1727; x_wconf 81' lang='lat' dir='ltr'><strong>jusse-</strong></span> 
     </span>
    </p>
   </div>
   <div class='ocr_carea' id='block_1_18' title="bbox 361 1748 1945 1835">
    <p class='ocr_par' dir='ltr' id='par_1_18' title="bbox 361 1748 1945 1835">
     <span class='ocr_line' id='line_1_18' title="bbox 361 1748 1945 1835; baseline -0.016 -10"><span class='ocrx_word' id='word_1_122' title='bbox 361 1778 485 1825; x_wconf 89' lang='lat' dir='ltr'><strong>rat:</strong></span> <span class='ocrx_word' id='word_1_123' title='bbox 512 1768 570 1823; x_wconf 89' lang='lat' dir='ltr'><strong>ln</strong></span> <span class='ocrx_word' id='word_1_124' title='bbox 607 1768 753 1821; x_wconf 86' lang='lat' dir='ltr'><strong>viam</strong></span> <span class='ocrx_word' id='word_1_125' title='bbox 791 1764 1054 1835; x_wconf 88' lang='lat' dir='ltr'><strong>gentium,</strong></span> <span class='ocrx_word' id='word_1_126' title='bbox 1090 1774 1160 1814; x_wconf 89' lang='lat' dir='ltr'><strong>ne</strong></span> <span class='ocrx_word' id='word_1_127' title='bbox 1200 1756 1465 1819; x_wconf 87' lang='lat' dir='ltr'><strong>abieritis,</strong></span> <span class='ocrx_word' id='word_1_128' title='bbox 1506 1760 1562 1808; x_wconf 88' lang='lat' dir='ltr'><strong>et</strong></span> <span class='ocrx_word' id='word_1_129' title='bbox 1602 1751 1658 1805; x_wconf 90' lang='lat' dir='ltr'><strong>in</strong></span> <span class='ocrx_word' id='word_1_130' title='bbox 1701 1748 1945 1803; x_wconf 71' lang='lat' dir='ltr'><strong>civitates</strong></span> 
     </span>
    </p>
   </div>
   <div class='ocr_carea' id='block_1_19' title="bbox 365 1839 1948 1920">
    <p class='ocr_par' dir='ltr' id='par_1_19' title="bbox 365 1839 1948 1920">
     <span class='ocr_line' id='line_1_19' title="bbox 365 1839 1948 1920; baseline -0.016 -4"><span class='ocrx_word' id='word_1_131' title='bbox 365 1860 833 1916; x_wconf 77' lang='lat' dir='ltr'><strong>Samaritanorum</strong></span> <span class='ocrx_word' id='word_1_132' title='bbox 871 1870 939 1909; x_wconf 90' lang='lat' dir='ltr'><strong>ne</strong></span> <span class='ocrx_word' id='word_1_133' title='bbox 972 1849 1309 1907; x_wconf 87' lang='lat' dir='ltr'><strong>intraveritis</strong></span> <span class='ocrx_word' id='word_1_134' title='bbox 1343 1844 1558 1920; x_wconf 80' lang='lat' dir='ltr'><strong>(Matth.</strong></span> <span class='ocrx_word' id='word_1_135' title='bbox 1588 1841 1667 1915; x_wconf 66' lang='grc' dir='ltr'><strong>Χ).</strong></span> <span class='ocrx_word' id='word_1_136' title='bbox 1721 1839 1948 1895; x_wconf 87' lang='lat' dir='ltr'><strong>Nolebat</strong></span> 
     </span>
    </p>
   </div>
   <div class='ocr_carea' id='block_1_20' title="bbox 362 1929 1952 2007">
    <p class='ocr_par' dir='ltr' id='par_1_20' title="bbox 362 1929 1952 2007">
     <span class='ocr_line' id='line_1_20' title="bbox 362 1929 1952 2007; baseline -0.016 0"><span class='ocrx_word' id='word_1_137' title='bbox 362 1950 509 2007; x_wconf 87' lang='lat' dir='ltr'><strong>enim</strong></span> <span class='ocrx_word' id='word_1_138' title='bbox 538 1948 884 2004; x_wconf 80' lang='lat' dir='ltr'><strong>occasionem</strong></span> <span class='ocrx_word' id='word_1_139' title='bbox 910 1940 1393 1999; x_wconf 77' lang='lat' dir='ltr'><strong>calumniatoribus</strong></span> <span class='ocrx_word' id='word_1_140' title='bbox 1431 1937 1593 2000; x_wconf 84' lang='lat' dir='ltr'><strong>dare,</strong></span> <span class='ocrx_word' id='word_1_141' title='bbox 1625 1929 1952 2005; x_wconf 85' lang='lat' dir='ltr'><strong>perfectam-</strong></span> 
     </span>
    </p>
   </div>
   <div class='ocr_carea' id='block_1_21' title="bbox 364 2021 1953 2112">
    <p class='ocr_par' dir='ltr' id='par_1_21' title="bbox 364 2021 1953 2112">
     <span class='ocr_line' id='line_1_21' title="bbox 364 2021 1953 2112; baseline -0.014 -16"><span class='ocrx_word' id='word_1_142' title='bbox 364 2055 472 2112; x_wconf 86' lang='lat' dir='ltr'><strong>que</strong></span> <span class='ocrx_word' id='word_1_143' title='bbox 490 2039 720 2095; x_wconf 76' lang='lat' dir='ltr'><strong>salutem</strong></span> <span class='ocrx_word' id='word_1_144' title='bbox 750 2037 987 2109; x_wconf 83' lang='lat' dir='ltr'><strong>geutium</strong></span> <span class='ocrx_word' id='word_1_145' title='bbox 1009 2030 1279 2104; x_wconf 81' lang='lat' dir='ltr'><strong>passionis</strong></span> <span class='ocrx_word' id='word_1_146' title='bbox 1298 2037 1355 2085; x_wconf 90' lang='lat' dir='ltr'><strong>et</strong></span> <span class='ocrx_word' id='word_1_147' title='bbox 1373 2021 1799 2093; x_wconf 84' lang='lat' dir='ltr'><strong>resurrectionis</strong></span> <span class='ocrx_word' id='word_1_148' title='bbox 1816 2027 1953 2076; x_wconf 86' lang='lat' dir='ltr'><strong>tem-</strong></span> 
     </span>
    </p>
   </div>
   <div class='ocr_carea' id='block_1_22' title="bbox 365 2129 858 2204">
    <p class='ocr_par' dir='ltr' id='par_1_22' title="bbox 365 2129 858 2204">
     <span class='ocr_line' id='line_1_22' title="bbox 365 2129 858 2204; baseline -0.016 -15"><span class='ocrx_word' id='word_1_149' title='bbox 365 2147 499 2204; x_wconf 91' lang='lat' dir='ltr'><strong>pore</strong></span> <span class='ocrx_word' id='word_1_150' title='bbox 522 2129 858 2186; x_wconf 78' lang='lat' dir='ltr'><strong>reservabat.</strong></span> 
     </span>
    </p>
   </div>
   <div class='ocr_carea' id='block_1_23' title="bbox 442 2202 1956 2286">
    <p class='ocr_par' dir='ltr' id='par_1_23' title="bbox 442 2202 1956 2286">
     <span class='ocr_line' id='line_1_23' title="bbox 442 2202 1956 2286; baseline -0.016 -10"><span class='ocrx_word' id='word_1_151' title='bbox 442 2221 513 2276; x_wconf 85' lang='lat' dir='ltr'><strong>Et</strong></span> <span class='ocrx_word' id='word_1_152' title='bbox 542 2221 841 2275; x_wconf 77' lang='lat' dir='ltr'><strong>accedentes</strong></span> <span class='ocrx_word' id='word_1_153' title='bbox 870 2212 1116 2286; x_wconf 74' lang='lat' dir='ltr'><strong>discipuli</strong></span> <span class='ocrx_word' id='word_1_154' title='bbox 1145 2213 1284 2282; x_wconf 84' lang='lat' dir='ltr'><strong>ejus,</strong></span> <span class='ocrx_word' id='word_1_155' title='bbox 1311 2209 1565 2279; x_wconf 81' lang='lat' dir='ltr'><strong>rogabant</strong></span> <span class='ocrx_word' id='word_1_156' title='bbox 1605 2220 1741 2266; x_wconf 77' lang='lat' dir='ltr'><strong>eum,</strong></span> <span class='ocrx_word' id='word_1_157' title='bbox 1780 2202 1956 2255; x_wconf 82' lang='lat' dir='ltr'><strong>dicen-</strong></span> 
     </span>
    </p>
   </div>
   <div class='ocr_carea' id='block_1_24' title="bbox 374 2286 1956 2374">
    <p class='ocr_par' dir='ltr' id='par_1_24' title="bbox 374 2286 1956 2374">
     <span class='ocr_line' id='line_1_24' title="bbox 374 2286 1956 2374; baseline -0.016 -9"><span class='ocrx_word' id='word_1_158' title='bbox 374 2320 453 2365; x_wconf 85' lang='lat' dir='ltr'><strong>tes</strong></span> <span class='ocrx_word' id='word_1_159' title='bbox 479 2322 499 2361; x_wconf 90' lang='lat'><strong><em>:</em></strong></span> <span class='ocrx_word' id='word_1_160' title='bbox 520 2308 737 2363; x_wconf 77' lang='lat' dir='ltr'><strong>Dimitte</strong></span> <span class='ocrx_word' id='word_1_161' title='bbox 756 2321 892 2369; x_wconf 87' lang='lat' dir='ltr'><strong>eam,</strong></span> <span class='ocrx_word' id='word_1_162' title='bbox 920 2304 1043 2374; x_wconf 81' lang='lat' dir='ltr'><strong>quia</strong></span> <span class='ocrx_word' id='word_1_163' title='bbox 1064 2300 1257 2355; x_wconf 85' lang='lat' dir='ltr'><strong>clamat</strong></span> <span class='ocrx_word' id='word_1_164' title='bbox 1280 2305 1395 2367; x_wconf 82' lang='lat' dir='ltr'><strong>post</strong></span> <span class='ocrx_word' id='word_1_165' title='bbox 1416 2311 1531 2349; x_wconf 80' lang='lat' dir='ltr'><strong>nos.</strong></span> <span class='ocrx_word' id='word_1_166' title='bbox 1573 2288 1829 2359; x_wconf 86' lang='lat' dir='ltr'><strong>Discipuli</strong></span> <span class='ocrx_word' id='word_1_167' title='bbox 1865 2286 1956 2340; x_wconf 90' lang='lat' dir='ltr'><strong>illo</strong></span> 
     </span>
    </p>
   </div>
   <div class='ocr_carea' id='block_1_25' title="bbox 372 2376 1956 2466">
    <p class='ocr_par' dir='ltr' id='par_1_25' title="bbox 372 2376 1956 2466">
     <span class='ocr_line' id='line_1_25' title="bbox 372 2376 1956 2466; baseline -0.016 -11"><span class='ocrx_word' id='word_1_168' title='bbox 372 2398 552 2455; x_wconf 85' lang='lat' dir='ltr'><strong>adhuc</strong></span> <span class='ocrx_word' id='word_1_169' title='bbox 598 2404 840 2466; x_wconf 86' lang='lat' dir='ltr'><strong>tempore</strong></span> <span class='ocrx_word' id='word_1_170' title='bbox 867 2392 1125 2464; x_wconf 82' lang='lat' dir='ltr'><strong>mysteria</strong></span> <span class='ocrx_word' id='word_1_171' title='bbox 1148 2387 1359 2443; x_wconf 86' lang='lat' dir='ltr'><strong>Domini</strong></span> <span class='ocrx_word' id='word_1_172' title='bbox 1388 2383 1712 2447; x_wconf 81' lang='lat' dir='ltr'><strong>nescientes,</strong></span> <span class='ocrx_word' id='word_1_173' title='bbox 1747 2378 1829 2433; x_wconf 83' lang='lat' dir='ltr'><strong>vel</strong></span> <span class='ocrx_word' id='word_1_174' title='bbox 1852 2376 1956 2431; x_wconf 84' lang='lat' dir='ltr'><strong>mi-</strong></span> 
     </span>
    </p>
   </div>
   <div class='ocr_carea' id='block_1_26' title="bbox 370 2469 1953 2553">
    <p class='ocr_par' dir='ltr' id='par_1_26' title="bbox 370 2469 1953 2553">
     <span class='ocr_line' id='line_1_26' title="bbox 370 2469 1953 2553; baseline -0.016 -7"><span class='ocrx_word' id='word_1_175' title='bbox 370 2487 673 2547; x_wconf 85' lang='lat' dir='ltr'><strong>sericordia</strong></span> <span class='ocrx_word' id='word_1_176' title='bbox 689 2485 967 2548; x_wconf 86' lang='lat' dir='ltr'><strong>commoti,</strong></span> <span class='ocrx_word' id='word_1_177' title='bbox 994 2482 1256 2553; x_wconf 73' lang='lat' dir='ltr'><strong>rogabant</strong></span> <span class='ocrx_word' id='word_1_178' title='bbox 1274 2492 1370 2549; x_wconf 91' lang='lat' dir='ltr'><strong>pro</strong></span> <span class='ocrx_word' id='word_1_179' title='bbox 1382 2476 1688 2531; x_wconf 71' lang='lat' dir='ltr'><strong>Chananzea</strong></span> <span class='ocrx_word' id='word_1_180' title='bbox 1707 2469 1953 2531; x_wconf 87' lang='lat' dir='ltr'><strong>muliere,</strong></span> 
     </span>
    </p>
   </div>
   <div class='ocr_carea' id='block_1_27' title="bbox 374 2561 1958 2654">
    <p class='ocr_par' dir='ltr' id='par_1_27' title="bbox 374 2561 1958 2654">
     <span class='ocr_line' id='line_1_27' title="bbox 374 2561 1958 2654; baseline -0.015 -17"><span class='ocrx_word' id='word_1_181' title='bbox 374 2596 538 2654; x_wconf 89' lang='lat' dir='ltr'><strong>quam</strong></span> <span class='ocrx_word' id='word_1_182' title='bbox 564 2579 702 2634; x_wconf 86' lang='lat' dir='ltr'><strong>alter</strong></span> <span class='ocrx_word' id='word_1_183' title='bbox 722 2576 1066 2648; x_wconf 85' lang='lat' dir='ltr'><strong>Evangelista</strong></span> <span class='ocrx_word' id='word_1_184' title='bbox 1098 2570 1569 2645; x_wconf 73' lang='lat' dir='ltr'><strong>Syrophmnissam</strong></span> <span class='ocrx_word' id='word_1_185' title='bbox 1595 2563 1846 2637; x_wconf 84' lang='lat' dir='ltr'><strong>appellat,</strong></span> <span class='ocrx_word' id='word_1_186' title='bbox 1874 2561 1958 2654; x_wconf 79' lang='lat' dir='ltr'><strong>vel</strong></span> 
     </span>
    </p>
   </div>
   <div class='ocr_carea' id='block_1_28' title="bbox 378 2652 1962 2741">
    <p class='ocr_par' dir='ltr' id='par_1_28' title="bbox 378 2652 1962 2741">
     <span class='ocr_line' id='line_1_28' title="bbox 378 2652 1962 2741; baseline -0.012 -14"><span class='ocrx_word' id='word_1_187' title='bbox 378 2652 786 2741; x_wconf 71' lang='lat' dir='ltr'><strong>importunitate</strong></span> <span class='ocrx_word' id='word_1_188' title='bbox 811 2665 929 2736; x_wconf 84' lang='lat' dir='ltr'><strong>ejus</strong></span> <span class='ocrx_word' id='word_1_189' title='bbox 954 2675 1143 2721; x_wconf 83' lang='lat' dir='ltr'><strong>carere</strong></span> <span class='ocrx_word' id='word_1_190' title='bbox 1167 2662 1473 2732; x_wconf 75' lang='lat' dir='ltr'><strong>cupientes,</strong></span> <span class='ocrx_word' id='word_1_191' title='bbox 1493 2658 1621 2728; x_wconf 82' lang='lat' dir='ltr'><strong>quia</strong></span> <span class='ocrx_word' id='word_1_192' title='bbox 1648 2669 1756 2711; x_wconf 89' lang='lat' dir='ltr'><strong>non</strong></span> <span class='ocrx_word' id='word_1_193' title='bbox 1777 2661 1838 2709; x_wconf 88' lang='lat' dir='ltr'><strong>ut</strong></span> <span class='ocrx_word' id='word_1_194' title='bbox 1859 2652 1962 2708; x_wconf 85' lang='lat' dir='ltr'><strong>cle-</strong></span> 
     </span>
    </p>
   </div>
   <div class='ocr_carea' id='block_1_29' title="bbox 376 2742 1960 2824">
    <p class='ocr_par' dir='ltr' id='par_1_29' title="bbox 376 2742 1960 2824">
     <span class='ocr_line' id='line_1_29' title="bbox 376 2742 1960 2824; baseline -0.012 -8"><span class='ocrx_word' id='word_1_195' title='bbox 376 2767 639 2824; x_wconf 85' lang='lat' dir='ltr'><strong>mentem,</strong></span> <span class='ocrx_word' id='word_1_196' title='bbox 685 2756 783 2813; x_wconf 87' lang='lat' dir='ltr'><strong>sed</strong></span> <span class='ocrx_word' id='word_1_197' title='bbox 832 2763 895 2811; x_wconf 86' lang='lat' dir='ltr'><strong>ut</strong></span> <span class='ocrx_word' id='word_1_198' title='bbox 944 2754 1140 2810; x_wconf 89' lang='lat' dir='ltr'><strong>durum</strong></span> <span class='ocrx_word' id='word_1_199' title='bbox 1184 2751 1455 2807; x_wconf 86' lang='lat' dir='ltr'><strong>medicum</strong></span> <span class='ocrx_word' id='word_1_200' title='bbox 1501 2747 1745 2804; x_wconf 87' lang='lat' dir='ltr'><strong>crebrius</strong></span> <span class='ocrx_word' id='word_1_201' title='bbox 1788 2742 1960 2799; x_wconf 82' lang='lat' dir='ltr'><strong>incla-</strong></span> 
     </span>
    </p>
   </div>
   <div class='ocr_carea' id='block_1_30' title="bbox 360 2842 1079 2907">
    <p class='ocr_par' dir='ltr' id='par_1_30' title="bbox 360 2842 1079 2907">
     <span class='ocr_line' id='line_1_30' title="bbox 360 2842 1079 2907; baseline -0.008 0"><span class='ocrx_word' id='word_1_202' title='bbox 360 2858 575 2907; x_wconf 79' lang='lat' dir='ltr'><strong>maret.</strong></span> <span class='ocrx_word' id='word_1_203' title='bbox 1074 2842 1079 2847; x_wconf 76' lang='grc'><em>’</em></span> 
     </span>
    </p>
   </div>
   <div class='ocr_carea' id='block_1_31' title="bbox 452 2925 1963 3016">
    <p class='ocr_par' dir='ltr' id='par_1_31' title="bbox 452 2925 1963 3016">
     <span class='ocr_line' id='line_1_31' title="bbox 452 2925 1963 3016; baseline -0.013 -17"><span class='ocrx_word' id='word_1_204' title='bbox 452 2943 575 3016; x_wconf 84' lang='lat' dir='ltr'><strong>Ipse</strong></span> <span class='ocrx_word' id='word_1_205' title='bbox 594 2952 772 2997; x_wconf 82' lang='lat' dir='ltr'><strong>autem</strong></span> <span class='ocrx_word' id='word_1_206' title='bbox 806 2937 1122 3011; x_wconf 77' lang='lat' dir='ltr'><strong>respondens</strong></span> <span class='ocrx_word' id='word_1_207' title='bbox 1165 2935 1241 2991; x_wconf 81' lang='lat' dir='ltr'><strong>ait</strong></span> <span class='ocrx_word' id='word_1_208' title='bbox 1265 2948 1284 2987; x_wconf 91' lang='lat'><strong><em>:</em></strong></span> <span class='ocrx_word' id='word_1_209' title='bbox 1325 2930 1450 2988; x_wconf 85' lang='lat' dir='ltr'><strong>Non</strong></span> <span class='ocrx_word' id='word_1_210' title='bbox 1487 2946 1605 2987; x_wconf 79' lang='lat' dir='ltr'><strong>sum</strong></span> <span class='ocrx_word' id='word_1_211' title='bbox 1644 2928 1833 2984; x_wconf 79' lang='lat' dir='ltr'><strong>missus</strong></span> <span class='ocrx_word' id='word_1_212' title='bbox 1862 2925 1963 2980; x_wconf 80' lang='lat' dir='ltr'><strong>nisi</strong></span> 
     </span>
    </p>
   </div>
   <div class='ocr_carea' id='block_1_32' title="bbox 377 3017 1965 3107">
    <p class='ocr_par' dir='ltr' id='par_1_32' title="bbox 377 3017 1965 3107">
     <span class='ocr_line' id='line_1_32' title="bbox 377 3017 1965 3107; baseline -0.013 -14"><span class='ocrx_word' id='word_1_213' title='bbox 377 3037 446 3091; x_wconf 86' lang='lat' dir='ltr'><strong>ad</strong></span> <span class='ocrx_word' id='word_1_214' title='bbox 480 3053 597 3091; x_wconf 82' lang='lat' dir='ltr'><strong>oves</strong></span> <span class='ocrx_word' id='word_1_215' title='bbox 623 3051 740 3107; x_wconf 78' lang='lat' dir='ltr'><strong>qua:</strong></span> <span class='ocrx_word' id='word_1_216' title='bbox 760 3035 1026 3104; x_wconf 78' lang='lat' dir='ltr'><strong>perierunt</strong></span> <span class='ocrx_word' id='word_1_217' title='bbox 1046 3029 1234 3084; x_wconf 85' lang='lat' dir='ltr'><strong>domus</strong></span> <span class='ocrx_word' id='word_1_218' title='bbox 1262 3024 1455 3081; x_wconf 81' lang='lat' dir='ltr'><strong>Israel.</strong></span> <span class='ocrx_word' id='word_1_219' title='bbox 1494 3021 1611 3078; x_wconf 83' lang='lat' dir='ltr'><strong>Non</strong></span> <span class='ocrx_word' id='word_1_220' title='bbox 1640 3020 1784 3093; x_wconf 89' lang='lat' dir='ltr'><strong>quod</strong></span> <span class='ocrx_word' id='word_1_221' title='bbox 1811 3026 1867 3075; x_wconf 86' lang='lat' dir='ltr'><strong>et</strong></span> <span class='ocrx_word' id='word_1_222' title='bbox 1894 3017 1965 3073; x_wconf 85' lang='lat' dir='ltr'><strong>ad</strong></span> 
     </span>
    </p>
   </div>
   <div class='ocr_carea' id='block_1_33' title="bbox 376 3112 2037 3198">
    <p class='ocr_par' dir='ltr' id='par_1_33' title="bbox 376 3112 2037 3198">
     <span class='ocr_line' id='line_1_33' title="bbox 376 3112 2037 3198; baseline -0.011 -15"><span class='ocrx_word' id='word_1_223' title='bbox 376 3137 566 3198; x_wconf 89' lang='lat' dir='ltr'><strong>gentes</strong></span> <span class='ocrx_word' id='word_1_224' title='bbox 599 3141 708 3180; x_wconf 90' lang='lat' dir='ltr'><strong>non</strong></span> <span class='ocrx_word' id='word_1_225' title='bbox 730 3124 933 3178; x_wconf 89' lang='lat' dir='ltr'><strong>missus</strong></span> <span class='ocrx_word' id='word_1_226' title='bbox 967 3122 1060 3186; x_wconf 86' lang='lat' dir='ltr'><strong>sit,</strong></span> <span class='ocrx_word' id='word_1_227' title='bbox 1093 3120 1189 3175; x_wconf 89' lang='lat' dir='ltr'><strong>sed</strong></span> <span class='ocrx_word' id='word_1_228' title='bbox 1217 3118 1451 3188; x_wconf 90' lang='lat' dir='ltr'><strong>primum</strong></span> <span class='ocrx_word' id='word_1_229' title='bbox 1477 3116 1544 3170; x_wconf 86' lang='lat' dir='ltr'><strong>ad</strong></span> <span class='ocrx_word' id='word_1_230' title='bbox 1571 3112 1735 3169; x_wconf 84' lang='lat' dir='ltr'><strong>lsrael</strong></span> <span class='ocrx_word' id='word_1_231' title='bbox 1764 3112 1965 3168; x_wconf 85' lang='lat' dir='ltr'><strong>missus</strong></span> <span class='ocrx_word' id='word_1_232' title='bbox 1989 3128 2037 3191; x_wconf 72' lang='grc' dir='ltr'>ρ</span> 
     </span>
    </p>
   </div>
   <div class='ocr_carea' id='block_1_34' title="bbox 376 3201 1967 3281">
    <p class='ocr_par' dir='ltr' id='par_1_34' title="bbox 376 3201 1967 3281">
     <span class='ocr_line' id='line_1_34' title="bbox 376 3201 1967 3281; baseline -0.011 -9"><span class='ocrx_word' id='word_1_233' title='bbox 376 3217 469 3281; x_wconf 88' lang='lat' dir='ltr'><strong>sit,</strong></span> <span class='ocrx_word' id='word_1_234' title='bbox 496 3222 555 3270; x_wconf 81' lang='lat' dir='ltr'><strong>ut</strong></span> <span class='ocrx_word' id='word_1_235' title='bbox 577 3215 683 3269; x_wconf 85' lang='lat' dir='ltr'><strong>illis</strong></span> <span class='ocrx_word' id='word_1_236' title='bbox 713 3227 821 3268; x_wconf 90' lang='lat' dir='ltr'><strong>non</strong></span> <span class='ocrx_word' id='word_1_237' title='bbox 852 3208 1242 3280; x_wconf 86' lang='lat' dir='ltr'><strong>recipientibus</strong></span> <span class='ocrx_word' id='word_1_238' title='bbox 1279 3202 1648 3277; x_wconf 58' lang='lat' dir='ltr'><strong>mangelium,</strong></span> <span class='ocrx_word' id='word_1_239' title='bbox 1683 3201 1832 3273; x_wconf 65' lang='lat' dir='ltr'><strong>iuste</strong></span> <span class='ocrx_word' id='word_1_240' title='bbox 1868 3201 1967 3256; x_wconf 85' lang='lat' dir='ltr'><strong>ﬁe-</strong></span> 
     </span>
    </p>
   </div>
   <div class='ocr_carea' id='block_1_35' title="bbox 384 3299 1227 3377">
    <p class='ocr_par' dir='ltr' id='par_1_35' title="bbox 384 3299 1227 3377">
     <span class='ocr_line' id='line_1_35' title="bbox 384 3299 1227 3377; baseline -0.014 -14"><span class='ocrx_word' id='word_1_241' title='bbox 384 3316 471 3364; x_wconf 89' lang='lat' dir='ltr'><strong>ret</strong></span> <span class='ocrx_word' id='word_1_242' title='bbox 495 3306 561 3361; x_wconf 82' lang='lat' dir='ltr'><strong>ad</strong></span> <span class='ocrx_word' id='word_1_243' title='bbox 589 3311 778 3377; x_wconf 77' lang='lat' dir='ltr'><strong>gentes</strong></span> <span class='ocrx_word' id='word_1_244' title='bbox 804 3299 1227 3371; x_wconf 76' lang='lat' dir='ltr'><strong>transmigratio.</strong></span> 
     </span>
    </p>
   </div>
   <div class='ocr_carea' id='block_1_36' title="bbox 458 3407 1970 3479">
    <p class='ocr_par' dir='ltr' id='par_1_36' title="bbox 458 3407 1970 3479">
     <span class='ocr_line' id='line_1_36' title="bbox 458 3407 1970 3479; baseline -0.009 -5"><span class='ocrx_word' id='word_1_245' title='bbox 458 3420 519 3474; x_wconf 80' lang='lat' dir='ltr'><strong>At</strong></span> <span class='ocrx_word' id='word_1_246' title='bbox 548 3417 642 3475; x_wconf 88' lang='lat' dir='ltr'><strong>illa</strong></span> <span class='ocrx_word' id='word_1_247' title='bbox 664 3418 802 3473; x_wconf 84' lang='lat' dir='ltr'><strong>venit</strong></span> <span class='ocrx_word' id='word_1_248' title='bbox 826 3426 876 3473; x_wconf 85' lang='lat' dir='ltr'><strong>et</strong></span> <span class='ocrx_word' id='word_1_249' title='bbox 902 3414 1141 3471; x_wconf 82' lang='lat' dir='ltr'><strong>adoravit</strong></span> <span class='ocrx_word' id='word_1_250' title='bbox 1155 3428 1271 3466; x_wconf 88' lang='lat' dir='ltr'><strong>eum</strong></span> <span class='ocrx_word' id='word_1_251' title='bbox 1288 3411 1466 3466; x_wconf 84' lang='lat' dir='ltr'><strong>dicens</strong></span> <span class='ocrx_word' id='word_1_252' title='bbox 1493 3428 1506 3465; x_wconf 88' lang='lat'><strong>:</strong></span> <span class='ocrx_word' id='word_1_253' title='bbox 1534 3407 1778 3474; x_wconf 84' lang='lat' dir='ltr'><strong>Domine,</strong></span> <span class='ocrx_word' id='word_1_254' title='bbox 1806 3407 1970 3479; x_wconf 83' lang='lat' dir='ltr'><strong>adju-</strong></span> 
     </span>
    </p>
   </div>
   <div class='ocr_carea' id='block_1_37' title="bbox 380 3496 1970 3576">
    <p class='ocr_par' dir='ltr' id='par_1_37' title="bbox 380 3496 1970 3576">
     <span class='ocr_line' id='line_1_37' title="bbox 380 3496 1970 3576; baseline -0.009 -10"><span class='ocrx_word' id='word_1_255' title='bbox 380 3528 444 3568; x_wconf 74' lang='grc' dir='ltr'><strong>να</strong></span> <span class='ocrx_word' id='word_1_256' title='bbox 498 3526 602 3564; x_wconf 83' lang='lat' dir='ltr'><strong>nte.</strong></span> <span class='ocrx_word' id='word_1_257' title='bbox 650 3507 783 3563; x_wconf 81' lang='lat' dir='ltr'><strong>Mira</strong></span> <span class='ocrx_word' id='word_1_258' title='bbox 834 3505 937 3562; x_wconf 90' lang='lat' dir='ltr'><strong>sub</strong></span> <span class='ocrx_word' id='word_1_259' title='bbox 980 3517 1213 3576; x_wconf 87' lang='lat' dir='ltr'><strong>persona</strong></span> <span class='ocrx_word' id='word_1_260' title='bbox 1263 3500 1512 3557; x_wconf 89' lang='lat' dir='ltr'><strong>mulieris</strong></span> <span class='ocrx_word' id='word_1_261' title='bbox 1563 3496 1970 3564; x_wconf 88' lang='lat' dir='ltr'><strong>Chananitidis,</strong></span> 
     </span>
    </p>
   </div>
   <div class='ocr_carea' id='block_1_38' title="bbox 381 3580 1975 3665">
    <p class='ocr_par' dir='ltr' id='par_1_38' title="bbox 381 3580 1975 3665">
     <span class='ocr_line' id='line_1_38' title="bbox 381 3580 1975 3665; baseline -0.009 -10"><span class='ocrx_word' id='word_1_262' title='bbox 381 3598 640 3655; x_wconf 67' lang='lat' dir='ltr'><strong>Ecclesiae</strong></span> <span class='ocrx_word' id='word_1_263' title='bbox 669 3596 826 3661; x_wconf 90' lang='lat' dir='ltr'><strong>ﬁdes,</strong></span> <span class='ocrx_word' id='word_1_264' title='bbox 861 3592 1143 3665; x_wconf 88' lang='lat' dir='ltr'><strong>patientia,</strong></span> <span class='ocrx_word' id='word_1_265' title='bbox 1176 3588 1470 3653; x_wconf 90' lang='lat' dir='ltr'><strong>humilitas,</strong></span> <span class='ocrx_word' id='word_1_266' title='bbox 1506 3586 1851 3658; x_wconf 80' lang='lat' dir='ltr'><strong>praedicatur.</strong></span> <span class='ocrx_word' id='word_1_267' title='bbox 1886 3580 1975 3642; x_wconf 84' lang='lat' dir='ltr'><strong>Fi-</strong></span> 
     </span>
    </p>
   </div>
   <div class='ocr_carea' id='block_1_39' title="bbox 386 3676 1977 3756">
    <p class='ocr_par' dir='ltr' id='par_1_39' title="bbox 386 3676 1977 3756">
     <span class='ocr_line' id='line_1_39' title="bbox 386 3676 1977 3756; baseline -0.009 -13"><span class='ocrx_word' id='word_1_268' title='bbox 386 3687 504 3754; x_wconf 86' lang='lat' dir='ltr'><strong>des,</strong></span> <span class='ocrx_word' id='word_1_269' title='bbox 535 3701 641 3756; x_wconf 91' lang='lat' dir='ltr'><strong>qua</strong></span> <span class='ocrx_word' id='word_1_270' title='bbox 667 3683 959 3739; x_wconf 78' lang='lat' dir='ltr'><strong>crediderit</strong></span> <span class='ocrx_word' id='word_1_271' title='bbox 983 3680 1162 3737; x_wconf 88' lang='lat' dir='ltr'><strong>sanari</strong></span> <span class='ocrx_word' id='word_1_272' title='bbox 1182 3692 1340 3750; x_wconf 88' lang='lat' dir='ltr'><strong>posse</strong></span> <span class='ocrx_word' id='word_1_273' title='bbox 1365 3677 1528 3732; x_wconf 91' lang='lat' dir='ltr'><strong>ﬁliam</strong></span> <span class='ocrx_word' id='word_1_274' title='bbox 1552 3692 1704 3732; x_wconf 84' lang='lat' dir='ltr'><strong>suam</strong></span> <span class='ocrx_word' id='word_1_275' title='bbox 1729 3694 1742 3729; x_wconf 88' lang='lat'>:</span> <span class='ocrx_word' id='word_1_276' title='bbox 1768 3676 1977 3749; x_wconf 89' lang='lat' dir='ltr'><strong>patien-</strong></span> 
     </span>
    </p>
   </div>
   <div class='ocr_carea' id='block_1_40' title="bbox 382 3768 1971 3844">
    <p class='ocr_par' dir='ltr' id='par_1_40' title="bbox 382 3768 1971 3844">
     <span class='ocr_line' id='line_1_40' title="bbox 382 3768 1971 3844; baseline -0.006 -16"><span class='ocrx_word' id='word_1_277' title='bbox 382 3775 481 3839; x_wconf 86' lang='lat' dir='ltr'><strong>tia,</strong></span> <span class='ocrx_word' id='word_1_278' title='bbox 528 3788 634 3844; x_wconf 86' lang='lat' dir='ltr'><strong>qua</strong></span> <span class='ocrx_word' id='word_1_279' title='bbox 684 3772 843 3827; x_wconf 88' lang='lat' dir='ltr'><strong>toties</strong></span> <span class='ocrx_word' id='word_1_280' title='bbox 880 3777 1187 3840; x_wconf 89' lang='lat' dir='ltr'><strong>contempta</strong></span> <span class='ocrx_word' id='word_1_281' title='bbox 1237 3769 1291 3823; x_wconf 91' lang='lat' dir='ltr'><strong>in</strong></span> <span class='ocrx_word' id='word_1_282' title='bbox 1328 3768 1581 3839; x_wconf 89' lang='lat' dir='ltr'><strong>precibus</strong></span> <span class='ocrx_word' id='word_1_283' title='bbox 1623 3773 1971 3837; x_wconf 85' lang='lat' dir='ltr'><strong>perseverat:</strong></span> 
     </span>
    </p>
   </div>
   <div class='ocr_carea' id='block_1_41' title="bbox 385 3858 1973 3933">
    <p class='ocr_par' dir='ltr' id='par_1_41' title="bbox 385 3858 1973 3933">
     <span class='ocr_line' id='line_1_41' title="bbox 385 3858 1973 3933; baseline -0.004 -14"><span class='ocrx_word' id='word_1_284' title='bbox 385 3863 683 3926; x_wconf 84' lang='lat' dir='ltr'><strong>humilitas,</strong></span> <span class='ocrx_word' id='word_1_285' title='bbox 726 3877 833 3933; x_wconf 88' lang='lat' dir='ltr'><strong>qua</strong></span> <span class='ocrx_word' id='word_1_286' title='bbox 870 3876 930 3917; x_wconf 91' lang='lat' dir='ltr'><strong>se</strong></span> <span class='ocrx_word' id='word_1_287' title='bbox 963 3860 1157 3916; x_wconf 83' lang='lat' dir='ltr'><strong>catulis</strong></span> <span class='ocrx_word' id='word_1_288' title='bbox 1185 3867 1487 3930; x_wconf 83' lang='lat' dir='ltr'><strong>comparat.</strong></span> <span class='ocrx_word' id='word_1_289' title='bbox 1542 3858 1588 3914; x_wconf 91' lang='grc' dir='ltr'><strong>Ο</strong></span> <span class='ocrx_word' id='word_1_290' title='bbox 1622 3858 1764 3913; x_wconf 88' lang='lat' dir='ltr'><strong>mira</strong></span> <span class='ocrx_word' id='word_1_291' title='bbox 1793 3872 1973 3912; x_wconf 87' lang='lat' dir='ltr'><strong>rerum</strong></span> 
     </span>
    </p>
   </div>
   <div class='ocr_carea' id='block_1_42' title="bbox 385 3947 1976 4022">
    <p class='ocr_par' dir='ltr' id='par_1_42' title="bbox 385 3947 1976 4022">
     <span class='ocr_line' id='line_1_42' title="bbox 385 3947 1976 4022; baseline -0.006 -12"><span class='ocrx_word' id='word_1_292' title='bbox 385 3954 688 4021; x_wconf 89' lang='lat' dir='ltr'><strong>conversio,</strong></span> <span class='ocrx_word' id='word_1_293' title='bbox 717 3952 885 4009; x_wconf 89' lang='lat' dir='ltr'><strong>lsrael</strong></span> <span class='ocrx_word' id='word_1_294' title='bbox 917 3951 1191 4022; x_wconf 75' lang='lat' dir='ltr'><strong>quosdam</strong></span> <span class='ocrx_word' id='word_1_295' title='bbox 1218 3950 1384 4014; x_wconf 79' lang='lat' dir='ltr'><strong>ﬁlius,</strong></span> <span class='ocrx_word' id='word_1_296' title='bbox 1412 3964 1513 4004; x_wconf 86' lang='lat' dir='ltr'><strong>nos</strong></span> <span class='ocrx_word' id='word_1_297' title='bbox 1553 3963 1735 4012; x_wconf 85' lang='lat' dir='ltr'><strong>canes,</strong></span> <span class='ocrx_word' id='word_1_298' title='bbox 1771 3962 1872 4017; x_wconf 91' lang='lat' dir='ltr'><strong>pro</strong></span> <span class='ocrx_word' id='word_1_299' title='bbox 1899 3947 1976 4001; x_wconf 88' lang='lat' dir='ltr'><strong>di-</strong></span> 
     </span>
    </p>
   </div>
   <div class='ocr_carea' id='block_1_43' title="bbox 385 4036 1980 4105">
    <p class='ocr_par' dir='ltr' id='par_1_43' title="bbox 385 4036 1980 4105">
     <span class='ocr_line' id='line_1_43' title="bbox 385 4036 1980 4105; baseline -0.006 -3"><span class='ocrx_word' id='word_1_300' title='bbox 385 4046 645 4102; x_wconf 88' lang='lat' dir='ltr'><strong>versitate</strong></span> <span class='ocrx_word' id='word_1_301' title='bbox 673 4044 798 4105; x_wconf 87' lang='lat' dir='ltr'><strong>ﬁdei</strong></span> <span class='ocrx_word' id='word_1_302' title='bbox 837 4044 972 4099; x_wconf 90' lang='lat' dir='ltr'><strong>ordo</strong></span> <span class='ocrx_word' id='word_1_303' title='bbox 1004 4043 1284 4097; x_wconf 90' lang='lat' dir='ltr'><strong>nominum</strong></span> <span class='ocrx_word' id='word_1_304' title='bbox 1319 4046 1700 4096; x_wconf 87' lang='lat' dir='ltr'><strong>commutatur.</strong></span> <span class='ocrx_word' id='word_1_305' title='bbox 1752 4037 1831 4093; x_wconf 91' lang='lat' dir='ltr'><strong>De</strong></span> <span class='ocrx_word' id='word_1_306' title='bbox 1875 4036 1980 4093; x_wconf 89' lang='lat' dir='ltr'><strong>illis</strong></span> 
     </span>
    </p>
   </div>
   <div class='ocr_carea' id='block_1_44' title="bbox 386 4130 1976 4211">
    <p class='ocr_par' dir='ltr' id='par_1_44' title="bbox 386 4130 1976 4211">
     <span class='ocr_line' id='line_1_44' title="bbox 386 4130 1976 4211; baseline -0.006 -16"><span class='ocrx_word' id='word_1_307' title='bbox 386 4145 576 4211; x_wconf 85' lang='lat' dir='ltr'><strong>postea</strong></span> <span class='ocrx_word' id='word_1_308' title='bbox 606 4137 802 4193; x_wconf 86' lang='lat' dir='ltr'><strong>dicitur</strong></span> <span class='ocrx_word' id='word_1_309' title='bbox 824 4151 839 4191; x_wconf 89' lang='lat'><strong>:</strong></span> <span class='ocrx_word' id='word_1_310' title='bbox 860 4133 1330 4191; x_wconf 84' lang='lat' dir='ltr'><strong>Circumdederunt</strong></span> <span class='ocrx_word' id='word_1_311' title='bbox 1359 4149 1442 4187; x_wconf 91' lang='lat' dir='ltr'><strong>me</strong></span> <span class='ocrx_word' id='word_1_312' title='bbox 1458 4149 1612 4187; x_wconf 84' lang='lat' dir='ltr'><strong>canes</strong></span> <span class='ocrx_word' id='word_1_313' title='bbox 1632 4130 1782 4186; x_wconf 83' lang='lat' dir='ltr'><strong>multi</strong></span> <span class='ocrx_word' id='word_1_314' title='bbox 1804 4130 1976 4204; x_wconf 84' lang='lat' dir='ltr'><strong>(Psal.</strong></span> 
     </span>
    </p>
   </div>
   <div class='ocr_carea' id='block_1_45' title="bbox 386 4217 1979 4302">
    <p class='ocr_par' dir='ltr' id='par_1_45' title="bbox 386 4217 1979 4302">
     <span class='ocr_line' id='line_1_45' title="bbox 386 4217 1979 4302; baseline -0.008 -17"><span class='ocrx_word' id='word_1_315' title='bbox 386 4229 530 4302; x_wconf 70' lang='lat' dir='ltr'><strong>xxi),</strong></span> <span class='ocrx_word' id='word_1_316' title='bbox 560 4239 611 4284; x_wconf 88' lang='lat' dir='ltr'><strong>et</strong></span> <span class='ocrx_word' id='word_1_317' title='bbox 635 4228 802 4283; x_wconf 79' lang='lat' dir='ltr'><strong>videte</strong></span> <span class='ocrx_word' id='word_1_318' title='bbox 832 4243 1011 4291; x_wconf 84' lang='lat' dir='ltr'><strong>canes,</strong></span> <span class='ocrx_word' id='word_1_319' title='bbox 1044 4225 1210 4279; x_wconf 81' lang='lat' dir='ltr'><strong>videte</strong></span> <span class='ocrx_word' id='word_1_320' title='bbox 1239 4223 1406 4280; x_wconf 87' lang='lat' dir='ltr'><strong>malos</strong></span> <span class='ocrx_word' id='word_1_321' title='bbox 1444 4222 1710 4295; x_wconf 81' lang='lat' dir='ltr'><strong>operarios</strong></span> <span class='ocrx_word' id='word_1_322' title='bbox 1754 4217 1979 4294; x_wconf 81' lang='lat' dir='ltr'><strong>(Philip.</strong></span> 
     </span>
    </p>
   </div>
   <div class='ocr_carea' id='block_1_46' title="bbox 390 4312 1978 4394">
    <p class='ocr_par' dir='ltr' id='par_1_46' title="bbox 390 4312 1978 4394">
     <span class='ocr_line' id='line_1_46' title="bbox 390 4312 1978 4394; baseline -0.007 -17"><span class='ocrx_word' id='word_1_323' title='bbox 390 4323 496 4394; x_wconf 83' lang='lat' dir='ltr'><strong>nt).</strong></span> <span class='ocrx_word' id='word_1_324' title='bbox 551 4320 629 4376; x_wconf 90' lang='lat' dir='ltr'><strong>De</strong></span> <span class='ocrx_word' id='word_1_325' title='bbox 656 4320 817 4376; x_wconf 85' lang='lat' dir='ltr'><strong>nobis</strong></span> <span class='ocrx_word' id='word_1_326' title='bbox 846 4326 1050 4384; x_wconf 89' lang='lat' dir='ltr'><strong>autem,</strong></span> <span class='ocrx_word' id='word_1_327' title='bbox 1078 4316 1144 4372; x_wconf 90' lang='lat' dir='ltr'><strong>ad</strong></span> <span class='ocrx_word' id='word_1_328' title='bbox 1178 4315 1392 4388; x_wconf 86' lang='lat' dir='ltr'><strong>pietatis</strong></span> <span class='ocrx_word' id='word_1_329' title='bbox 1423 4314 1654 4387; x_wconf 80' lang='lat' dir='ltr'><strong>gratiam</strong></span> <span class='ocrx_word' id='word_1_330' title='bbox 1678 4312 1978 4379; x_wconf 85' lang='lat' dir='ltr'><strong>conversis,</strong></span> 
     </span>
    </p>
   </div>
   <div class='ocr_carea' id='block_1_47' title="bbox 391 4399 1979 4477">
    <p class='ocr_par' dir='ltr' id='par_1_47' title="bbox 391 4399 1979 4477">
     <span class='ocr_line' id='line_1_47' title="bbox 391 4399 1979 4477; baseline -0.008 -11"><span class='ocrx_word' id='word_1_331' title='bbox 391 4410 561 4466; x_wconf 87' lang='lat' dir='ltr'><strong>dicit:</strong></span> <span class='ocrx_word' id='word_1_332' title='bbox 589 4408 654 4463; x_wconf 84' lang='lat' dir='ltr'><strong>Et</strong></span> <span class='ocrx_word' id='word_1_333' title='bbox 682 4409 819 4463; x_wconf 84' lang='lat' dir='ltr'><strong>alias</strong></span> <span class='ocrx_word' id='word_1_334' title='bbox 856 4424 973 4462; x_wconf 84' lang='lat' dir='ltr'><strong>oves</strong></span> <span class='ocrx_word' id='word_1_335' title='bbox 995 4406 1181 4469; x_wconf 82' lang='lat' dir='ltr'><strong>habeo,</strong></span> <span class='ocrx_word' id='word_1_336' title='bbox 1206 4421 1323 4477; x_wconf 69' lang='lat' dir='ltr'><strong>qua:</strong></span> <span class='ocrx_word' id='word_1_337' title='bbox 1346 4421 1451 4458; x_wconf 82' lang='lat' dir='ltr'><strong>non</strong></span> <span class='ocrx_word' id='word_1_338' title='bbox 1478 4412 1599 4458; x_wconf 82' lang='lat' dir='ltr'><strong>sunt</strong></span> <span class='ocrx_word' id='word_1_339' title='bbox 1620 4418 1684 4457; x_wconf 76' lang='lat' dir='ltr'><strong>ea:</strong></span> <span class='ocrx_word' id='word_1_340' title='bbox 1711 4400 1808 4455; x_wconf 82' lang='lat' dir='ltr'><strong>hoc</strong></span> <span class='ocrx_word' id='word_1_341' title='bbox 1834 4399 1979 4466; x_wconf 85' lang='lat' dir='ltr'><strong>ovili,</strong></span> 
     </span>
    </p>
   </div>
   <div class='ocr_carea' id='block_1_48' title="bbox 2017 605 3599 682">
    <p class='ocr_par' dir='ltr' id='par_1_48' title="bbox 2017 605 3599 682">
     <span class='ocr_line' id='line_1_48' title="bbox 2017 605 3599 682; baseline -0.008 -8"><span class='ocrx_word' id='word_1_342' title='bbox 2017 616 2306 674; x_wconf 86' lang='lat' dir='ltr'><strong>medullam</strong></span> <span class='ocrx_word' id='word_1_343' title='bbox 2332 628 2606 679; x_wconf 86' lang='lat' dir='ltr'><strong>sensuum,</strong></span> <span class='ocrx_word' id='word_1_344' title='bbox 2627 626 2790 682; x_wconf 90' lang='lat' dir='ltr'><strong>quam</strong></span> <span class='ocrx_word' id='word_1_345' title='bbox 2817 610 2974 666; x_wconf 88' lang='lat' dir='ltr'><strong>bonis</strong></span> <span class='ocrx_word' id='word_1_346' title='bbox 2996 607 3208 665; x_wconf 81' lang='lat' dir='ltr'><strong>actibus</strong></span> <span class='ocrx_word' id='word_1_347' title='bbox 3228 605 3494 676; x_wconf 78' lang='lat' dir='ltr'><strong>proﬁcere</strong></span> <span class='ocrx_word' id='word_1_348' title='bbox 3516 608 3599 663; x_wconf 69' lang='lat' dir='ltr'><strong>vi~</strong></span> 
     </span>
    </p>
   </div>
   <div class='ocr_carea' id='block_1_49' title="bbox 1375 697 1964 810">
    <p class='ocr_par' dir='ltr' id='par_1_49' title="bbox 1375 735 1922 810">
     <span class='ocr_line' id='line_1_49' title="bbox 1375 735 1922 810; baseline -0.013 -13"><span class='ocrx_word' id='word_1_349' title='bbox 1375 742 1449 807; x_wconf 87' lang='lat' dir='ltr'><strong>id,</strong></span> <span class='ocrx_word' id='word_1_350' title='bbox 1478 740 1594 810; x_wconf 76' lang='lat' dir='ltr'><strong>ﬁlia</strong></span> <span class='ocrx_word' id='word_1_351' title='bbox 1620 755 1737 793; x_wconf 83' lang='lat' dir='ltr'><strong>mea</strong></span> <span class='ocrx_word' id='word_1_352' title='bbox 1784 735 1922 809; x_wconf 77' lang='lat' dir='ltr'><strong>male</strong></span> 
     </span>
    </p>
   </div>
   <div class='ocr_carea' id='block_1_50' title="bbox 2067 697 3601 810">
    <p class='ocr_par' dir='ltr' id='par_1_50' title="bbox 2067 697 3601 810">
     <span class='ocr_line' id='line_1_50' title="bbox 2067 697 3601 779; baseline -0.008 -13"><span class='ocrx_word' id='word_1_353' title='bbox 2067 719 2181 766; x_wconf 80' lang='lat' dir='ltr'><strong>eant</strong></span> <span class='ocrx_word' id='word_1_354' title='bbox 2201 708 2499 779; x_wconf 84' lang='lat' dir='ltr'><strong>inquirunt.</strong></span> <span class='ocrx_word' id='word_1_355' title='bbox 2529 705 2598 760; x_wconf 85' lang='lat' dir='ltr'><strong>Et</strong></span> <span class='ocrx_word' id='word_1_356' title='bbox 2615 706 2721 759; x_wconf 87' lang='lat' dir='ltr'><strong>hoc</strong></span> <span class='ocrx_word' id='word_1_357' title='bbox 2741 702 2842 760; x_wconf 80' lang='lat' dir='ltr'><strong>sub</strong></span> <span class='ocrx_word' id='word_1_358' title='bbox 2862 715 3047 757; x_wconf 83' lang='lat' dir='ltr'><strong>mensa</strong></span> <span class='ocrx_word' id='word_1_359' title='bbox 3076 697 3442 763; x_wconf 83' lang='lat' dir='ltr'><strong>dominorum,</strong></span> <span class='ocrx_word' id='word_1_360' title='bbox 3471 698 3601 754; x_wconf 85' lang='lat' dir='ltr'><strong>dum</strong></span> 
     </span>
     <span class='ocr_line' id='line_1_51' title="bbox 2122 787 3597 810; baseline -0.003 0"><span class='ocrx_word' id='word_1_361' title='bbox 2122 796 2173 810; x_wconf 80' lang='lat'><strong>..</strong></span> <span class='ocrx_word' id='word_1_362' title='bbox 2360 800 2372 810; x_wconf 93' lang='lat'><strong>.</strong></span> <span class='ocrx_word' id='word_1_363' title='bbox 2450 798 2464 810; x_wconf 89' lang='lat'><strong>.</strong></span> <span class='ocrx_word' id='word_1_364' title='bbox 2582 796 2613 809; x_wconf 91' lang='lat'><strong>..</strong></span> <span class='ocrx_word' id='word_1_365' title='bbox 2669 795 2684 810; x_wconf 91' lang='lat'><strong>.</strong></span> <span class='ocrx_word' id='word_1_366' title='bbox 2993 788 3188 810; x_wconf 49' lang='lat' dir='ltr'><strong>mu...</strong></span> <span class='ocrx_word' id='word_1_367' title='bbox 3237 787 3301 810; x_wconf 46' lang='grc' dir='ltr'><em>Α</em></span> <span class='ocrx_word' id='word_1_368' title='bbox 3333 787 3597 810; x_wconf 56' lang='lat'><strong>.___,-_,-</strong></span> 
     </span>
    </p>
   </div>
   <div class='ocr_carea' id='block_1_51' title="bbox 2025 787 3603 868">
    <p class='ocr_par' dir='ltr' id='par_1_51' title="bbox 2025 787 3603 868">
     <span class='ocr_line' id='line_1_52' title="bbox 2025 787 3603 868; baseline -0.01 -13"><span class='ocrx_word' id='word_1_369' title='bbox 2025 796 2208 857; x_wconf 79' lang='lat' dir='ltr'><strong>verbis</strong></span> <span class='ocrx_word' id='word_1_370' title='bbox 2231 800 2375 855; x_wconf 83' lang='lat' dir='ltr'><strong>sacri</strong></span> <span class='ocrx_word' id='word_1_371' title='bbox 2416 796 2619 868; x_wconf 87' lang='lat' dir='ltr'><strong>eloquii</strong></span> <span class='ocrx_word' id='word_1_372' title='bbox 2652 792 2945 850; x_wconf 80' lang='lat' dir='ltr'><strong>humiliter</strong></span> <span class='ocrx_word' id='word_1_373' title='bbox 2991 788 3192 847; x_wconf 89' lang='lat' dir='ltr'><strong>subditi</strong></span> <span class='ocrx_word' id='word_1_374' title='bbox 3234 787 3303 842; x_wconf 83' lang='lat' dir='ltr'><strong>ad</strong></span> <span class='ocrx_word' id='word_1_375' title='bbox 3333 787 3603 858; x_wconf 85' lang='lat' dir='ltr'><strong>implenda</strong></span> 
     </span>
    </p>
   </div>
   <div class='ocr_carea' id='block_1_52' title="bbox 2026 878 3606 962">
    <p class='ocr_par' dir='ltr' id='par_1_52' title="bbox 2026 878 3606 962">
     <span class='ocr_line' id='line_1_53' title="bbox 2026 878 3606 962; baseline -0.008 -17"><span class='ocrx_word' id='word_1_376' title='bbox 2026 906 2146 962; x_wconf 66' lang='lat' dir='ltr'><strong>quae</strong></span> <span class='ocrx_word' id='word_1_377' title='bbox 2179 895 2447 960; x_wconf 70' lang='lat' dir='ltr'><strong>prmeepta</strong></span> <span class='ocrx_word' id='word_1_378' title='bbox 2484 894 2630 951; x_wconf 87' lang='lat' dir='ltr'><strong>sunt,</strong></span> <span class='ocrx_word' id='word_1_379' title='bbox 2676 891 2871 940; x_wconf 84' lang='lat' dir='ltr'><strong>cuncta</strong></span> <span class='ocrx_word' id='word_1_380' title='bbox 2916 880 3001 937; x_wconf 89' lang='lat' dir='ltr'><strong>sui</strong></span> <span class='ocrx_word' id='word_1_381' title='bbox 3043 878 3223 934; x_wconf 85' lang='lat' dir='ltr'><strong>cordis</strong></span> <span class='ocrx_word' id='word_1_382' title='bbox 3264 886 3323 933; x_wconf 90' lang='lat' dir='ltr'><strong>et</strong></span> <span class='ocrx_word' id='word_1_383' title='bbox 3360 879 3606 950; x_wconf 86' lang='lat' dir='ltr'><strong>corporis</strong></span> 
     </span>
    </p>
   </div>
   <div class='ocr_carea' id='block_1_53' title="bbox 2027 967 3608 1047">
    <p class='ocr_par' dir='ltr' id='par_1_53' title="bbox 2027 967 3608 1047">
     <span class='ocr_line' id='line_1_54' title="bbox 2027 967 3608 1047; baseline -0.011 -11"><span class='ocrx_word' id='word_1_384' title='bbox 2027 978 2203 1036; x_wconf 78' lang='lat' dir='ltr'><strong>cilicia</strong></span> <span class='ocrx_word' id='word_1_385' title='bbox 2229 979 2559 1047; x_wconf 84' lang='lat' dir='ltr'><strong>subponunt,</strong></span> <span class='ocrx_word' id='word_1_386' title='bbox 2589 982 2855 1044; x_wconf 86' lang='lat' dir='ltr'><strong>quatenus</strong></span> <span class='ocrx_word' id='word_1_387' title='bbox 2880 971 2952 1027; x_wconf 89' lang='lat' dir='ltr'><strong>ad</strong></span> <span class='ocrx_word' id='word_1_388' title='bbox 2976 967 3244 1040; x_wconf 82' lang='lat' dir='ltr'><strong>speranda</strong></span> <span class='ocrx_word' id='word_1_389' title='bbox 3269 982 3392 1037; x_wconf 70' lang='lat' dir='ltr'><strong>qua:</strong></span> <span class='ocrx_word' id='word_1_390' title='bbox 3423 982 3457 1022; x_wconf 90' lang='lat' dir='ltr'><strong>a</strong></span> <span class='ocrx_word' id='word_1_391' title='bbox 3496 967 3608 1022; x_wconf 79' lang='lat' dir='ltr'><strong>Do-</strong></span> 
     </span>
    </p>
   </div>
   <div class='ocr_carea' id='block_1_54' title="bbox 2028 1056 3609 1139">
    <p class='ocr_par' dir='ltr' id='par_1_54' title="bbox 2028 1056 3609 1139">
     <span class='ocr_line' id='line_1_55' title="bbox 2028 1056 3609 1139; baseline -0.009 -13"><span class='ocrx_word' id='word_1_392' title='bbox 2028 1072 2177 1126; x_wconf 90' lang='lat' dir='ltr'><strong>mino</strong></span> <span class='ocrx_word' id='word_1_393' title='bbox 2204 1068 2471 1139; x_wconf 90' lang='lat' dir='ltr'><strong>promissa</strong></span> <span class='ocrx_word' id='word_1_394' title='bbox 2498 1075 2625 1122; x_wconf 90' lang='lat' dir='ltr'><strong>sunt</strong></span> <span class='ocrx_word' id='word_1_395' title='bbox 2656 1064 2876 1135; x_wconf 76' lang='lat' dir='ltr'><strong>praemia</strong></span> <span class='ocrx_word' id='word_1_396' title='bbox 2904 1063 2962 1118; x_wconf 87' lang='lat' dir='ltr'><strong>in</strong></span> <span class='ocrx_word' id='word_1_397' title='bbox 2983 1061 3136 1118; x_wconf 63' lang='lat' dir='ltr'><strong>oculis</strong></span> <span class='ocrx_word' id='word_1_398' title='bbox 3155 1100 3171 1126; x_wconf 93' lang='lat'><strong>,</strong></span> <span class='ocrx_word' id='word_1_399' title='bbox 3202 1059 3398 1115; x_wconf 78' lang='lat' dir='ltr'><strong>merito</strong></span> <span class='ocrx_word' id='word_1_400' title='bbox 3424 1072 3488 1113; x_wconf 81' lang='lat' dir='ltr'><strong>se</strong></span> <span class='ocrx_word' id='word_1_401' title='bbox 3511 1056 3609 1114; x_wconf 69' lang='lat' dir='ltr'><strong>de~</strong></span> 
     </span>
    </p>
   </div>
   <div class='ocr_carea' id='block_1_55' title="bbox 2029 1156 2757 1225">
    <p class='ocr_par' dir='ltr' id='par_1_55' title="bbox 2029 1156 2757 1225">
     <span class='ocr_line' id='line_1_56' title="bbox 2029 1156 2757 1225; baseline -0.008 -10"><span class='ocrx_word' id='word_1_402' title='bbox 2029 1160 2157 1215; x_wconf 62' lang='lat' dir='ltr'><strong>bitat</strong></span> <span class='ocrx_word' id='word_1_403' title='bbox 2181 1157 2500 1213; x_wconf 81' lang='lat' dir='ltr'><strong>humilitatis</strong></span> <span class='ocrx_word' id='word_1_404' title='bbox 2526 1156 2757 1225; x_wconf 86' lang='lat' dir='ltr'><strong>erigant.</strong></span> 
     </span>
    </p>
   </div>
   <div class='ocr_carea' id='block_1_56' title="bbox 2107 1240 3611 1314">
    <p class='ocr_par' dir='ltr' id='par_1_56' title="bbox 2107 1240 3611 1314">
     <span class='ocr_line' id='line_1_57' title="bbox 2107 1240 3611 1314; baseline -0.009 -11"><span class='ocrx_word' id='word_1_405' title='bbox 2107 1247 2149 1303; x_wconf 84' lang='grc' dir='ltr'><strong><em>Τ</em></strong></span> <span class='ocrx_word' id='word_1_406' title='bbox 2151 1263 2252 1302; x_wconf 84' lang='lat' dir='ltr'><strong>unc</strong></span> <span class='ocrx_word' id='word_1_407' title='bbox 2278 1245 2589 1314; x_wconf 80' lang='lat' dir='ltr'><strong>respondens</strong></span> <span class='ocrx_word' id='word_1_408' title='bbox 2613 1244 2649 1298; x_wconf 85' lang='lat' dir='ltr'><strong><em>J</em></strong></span> <span class='ocrx_word' id='word_1_409' title='bbox 2652 1261 2771 1300; x_wconf 87' lang='lat' dir='ltr'><strong>esus</strong></span> <span class='ocrx_word' id='word_1_410' title='bbox 2797 1244 2871 1298; x_wconf 83' lang='lat' dir='ltr'><strong>ait</strong></span> <span class='ocrx_word' id='word_1_411' title='bbox 2897 1242 2975 1297; x_wconf 85' lang='lat' dir='ltr'><strong>illi</strong></span> <span class='ocrx_word' id='word_1_412' title='bbox 2991 1241 3068 1298; x_wconf 90' lang='lat'><strong>:0</strong></span> <span class='ocrx_word' id='word_1_413' title='bbox 3092 1240 3302 1297; x_wconf 77' lang='lat' dir='ltr'><strong>mulier!</strong></span> <span class='ocrx_word' id='word_1_414' title='bbox 3324 1253 3517 1308; x_wconf 72' lang='lat' dir='ltr'><strong>magna</strong></span> <span class='ocrx_word' id='word_1_415' title='bbox 3539 1244 3611 1290; x_wconf 85' lang='lat' dir='ltr'><strong>est</strong></span> 
     </span>
    </p>
   </div>
   <div class='ocr_carea' id='block_1_57' title="bbox 2035 1326 3615 1407">
    <p class='ocr_par' dir='ltr' id='par_1_57' title="bbox 2035 1326 3615 1407">
     <span class='ocr_line' id='line_1_58' title="bbox 2035 1326 3615 1407; baseline -0.008 -15"><span class='ocrx_word' id='word_1_416' title='bbox 2035 1338 2166 1407; x_wconf 80' lang='lat' dir='ltr'><strong>ﬁdes</strong></span> <span class='ocrx_word' id='word_1_417' title='bbox 2191 1347 2307 1403; x_wconf 88' lang='lat' dir='ltr'><strong>tua,</strong></span> <span class='ocrx_word' id='word_1_418' title='bbox 2332 1336 2428 1405; x_wconf 77' lang='lat' dir='ltr'><strong>ﬁat</strong></span> <span class='ocrx_word' id='word_1_419' title='bbox 2452 1336 2545 1390; x_wconf 88' lang='lat' dir='ltr'><strong>tibi</strong></span> <span class='ocrx_word' id='word_1_420' title='bbox 2573 1336 2706 1390; x_wconf 85' lang='lat' dir='ltr'><strong>sicut</strong></span> <span class='ocrx_word' id='word_1_421' title='bbox 2731 1335 2827 1401; x_wconf 80' lang='lat' dir='ltr'><strong>vis,</strong></span> <span class='ocrx_word' id='word_1_422' title='bbox 2859 1343 2909 1388; x_wconf 90' lang='lat' dir='ltr'><strong>et</strong></span> <span class='ocrx_word' id='word_1_423' title='bbox 2938 1342 3127 1388; x_wconf 79' lang='lat' dir='ltr'><strong>sanata</strong></span> <span class='ocrx_word' id='word_1_424' title='bbox 3151 1342 3227 1386; x_wconf 85' lang='lat' dir='ltr'><strong>est</strong></span> <span class='ocrx_word' id='word_1_425' title='bbox 3247 1331 3360 1400; x_wconf 71' lang='lat' dir='ltr'><strong>ﬁlia</strong></span> <span class='ocrx_word' id='word_1_426' title='bbox 3382 1326 3523 1384; x_wconf 79' lang='lat' dir='ltr'><strong>illius</strong></span> <span class='ocrx_word' id='word_1_427' title='bbox 3549 1339 3615 1393; x_wconf 63' lang='lat' dir='ltr'><strong>ex</strong></span> 
     </span>
    </p>
   </div>
   <div class='ocr_carea' id='block_1_58' title="bbox 2036 1415 3617 1497">
    <p class='ocr_par' dir='ltr' id='par_1_58' title="bbox 2036 1415 3617 1497">
     <span class='ocr_line' id='line_1_59' title="bbox 2036 1415 3617 1497; baseline -0.008 -17"><span class='ocrx_word' id='word_1_428' title='bbox 2036 1417 2132 1481; x_wconf 76' lang='lat' dir='ltr'><strong>illa</strong></span> <span class='ocrx_word' id='word_1_429' title='bbox 2166 1428 2314 1480; x_wconf 85' lang='lat' dir='ltr'><strong>hora.</strong></span> <span class='ocrx_word' id='word_1_430' title='bbox 2363 1425 2593 1496; x_wconf 88' lang='lat' dir='ltr'><strong>Propter</strong></span> <span class='ocrx_word' id='word_1_431' title='bbox 2619 1440 2873 1497; x_wconf 87' lang='lat' dir='ltr'><strong>magnam</strong></span> <span class='ocrx_word' id='word_1_432' title='bbox 2913 1423 3104 1479; x_wconf 82' lang='lat' dir='ltr'><strong>matris</strong></span> <span class='ocrx_word' id='word_1_433' title='bbox 3135 1419 3296 1477; x_wconf 87' lang='lat' dir='ltr'><strong>ﬁdem</strong></span> <span class='ocrx_word' id='word_1_434' title='bbox 3326 1417 3491 1475; x_wconf 86' lang='lat' dir='ltr'><strong>ﬁliam</strong></span> <span class='ocrx_word' id='word_1_435' title='bbox 3521 1415 3617 1481; x_wconf 83' lang='lat' dir='ltr'><strong>do-</strong></span> 
     </span>
    </p>
   </div>
   <div class='ocr_carea' id='block_1_59' title="bbox 2040 1507 3619 1584">
    <p class='ocr_par' dir='ltr' id='par_1_59' title="bbox 2040 1507 3619 1584">
     <span class='ocr_line' id='line_1_60' title="bbox 2040 1507 3619 1584; baseline -0.009 -11"><span class='ocrx_word' id='word_1_436' title='bbox 2040 1518 2214 1573; x_wconf 89' lang='lat' dir='ltr'><strong>seruit</strong></span> <span class='ocrx_word' id='word_1_437' title='bbox 2237 1516 2583 1572; x_wconf 64' lang='lat' dir='ltr'><strong>daemonium.</strong></span> <span class='ocrx_word' id='word_1_438' title='bbox 2633 1515 2736 1571; x_wconf 88' lang='lat' dir='ltr'><strong>Ubi</strong></span> <span class='ocrx_word' id='word_1_439' title='bbox 2766 1515 2924 1569; x_wconf 90' lang='lat' dir='ltr'><strong>datur</strong></span> <span class='ocrx_word' id='word_1_440' title='bbox 2952 1511 3255 1584; x_wconf 79' lang='lat' dir='ltr'><strong>exemplum</strong></span> <span class='ocrx_word' id='word_1_441' title='bbox 3281 1507 3619 1564; x_wconf 84' lang='lat' dir='ltr'><strong>cateehizan-</strong></span> 
     </span>
    </p>
   </div>
   <div class='ocr_carea' id='block_1_60' title="bbox 2043 1599 3618 1679">
    <p class='ocr_par' dir='ltr' id='par_1_60' title="bbox 2043 1599 3618 1679">
     <span class='ocr_line' id='line_1_61' title="bbox 2043 1599 3618 1679; baseline -0.01 -13"><span class='ocrx_word' id='word_1_442' title='bbox 2043 1611 2095 1666; x_wconf 90' lang='lat' dir='ltr'><strong>di</strong></span> <span class='ocrx_word' id='word_1_443' title='bbox 2124 1607 2375 1671; x_wconf 83' lang='lat' dir='ltr'><strong>infantes,</strong></span> <span class='ocrx_word' id='word_1_444' title='bbox 2403 1609 2529 1679; x_wconf 88' lang='lat' dir='ltr'><strong>quia</strong></span> <span class='ocrx_word' id='word_1_445' title='bbox 2562 1607 2810 1663; x_wconf 85' lang='lat' dir='ltr'><strong>videlicet</strong></span> <span class='ocrx_word' id='word_1_446' title='bbox 2828 1621 2928 1677; x_wconf 89' lang='lat' dir='ltr'><strong>per</strong></span> <span class='ocrx_word' id='word_1_447' title='bbox 2955 1605 3114 1661; x_wconf 89' lang='lat' dir='ltr'><strong>ﬁdem</strong></span> <span class='ocrx_word' id='word_1_448' title='bbox 3134 1612 3191 1658; x_wconf 92' lang='lat' dir='ltr'><strong>et</strong></span> <span class='ocrx_word' id='word_1_449' title='bbox 3225 1599 3618 1657; x_wconf 81' lang='lat' dir='ltr'><strong>confessionem</strong></span> 
     </span>
    </p>
   </div>
   <div class='ocr_carea' id='block_1_61' title="bbox 2045 1687 3618 1771">
    <p class='ocr_par' dir='ltr' id='par_1_61' title="bbox 2045 1687 3618 1771">
     <span class='ocr_line' id='line_1_62' title="bbox 2045 1687 3618 1771; baseline -0.006 -16"><span class='ocrx_word' id='word_1_450' title='bbox 2045 1708 2329 1771; x_wconf 88' lang='lat' dir='ltr'><strong>parentum</strong></span> <span class='ocrx_word' id='word_1_451' title='bbox 2353 1700 2407 1755; x_wconf 91' lang='lat' dir='ltr'><strong>in</strong></span> <span class='ocrx_word' id='word_1_452' title='bbox 2432 1698 2721 1771; x_wconf 87' lang='lat' dir='ltr'><strong>baptismo,</strong></span> <span class='ocrx_word' id='word_1_453' title='bbox 2748 1697 3048 1753; x_wconf 86' lang='lat' dir='ltr'><strong>liberantur</strong></span> <span class='ocrx_word' id='word_1_454' title='bbox 3074 1710 3107 1749; x_wconf 86' lang='lat' dir='ltr'><strong>a</strong></span> <span class='ocrx_word' id='word_1_455' title='bbox 3147 1691 3362 1750; x_wconf 82' lang='lat' dir='ltr'><strong>diabolo</strong></span> <span class='ocrx_word' id='word_1_456' title='bbox 3390 1687 3618 1762; x_wconf 85' lang='lat' dir='ltr'><strong>parvuli.</strong></span> 
     </span>
    </p>
   </div>
   <div class='ocr_carea' id='block_1_62' title="bbox 1973 1774 3623 1861">
    <p class='ocr_par' dir='ltr' id='par_1_62' title="bbox 1973 1774 3623 1861">
     <span class='ocr_line' id='line_1_63' title="bbox 1973 1774 3623 1861; baseline -0.009 -15"><span class='ocrx_word' id='word_1_457' title='bbox 1973 1795 2021 1856; x_wconf 86' lang='lat' dir='ltr'><strong>B</strong></span> <span class='ocrx_word' id='word_1_458' title='bbox 2047 1792 2140 1860; x_wconf 88' lang='lat' dir='ltr'><strong>qui</strong></span> <span class='ocrx_word' id='word_1_459' title='bbox 2197 1790 2427 1849; x_wconf 88' lang='lat' dir='ltr'><strong>necdum</strong></span> <span class='ocrx_word' id='word_1_460' title='bbox 2454 1803 2553 1861; x_wconf 88' lang='lat' dir='ltr'><strong>per</strong></span> <span class='ocrx_word' id='word_1_461' title='bbox 2582 1802 2642 1843; x_wconf 90' lang='lat' dir='ltr'><strong>se</strong></span> <span class='ocrx_word' id='word_1_462' title='bbox 2678 1801 2893 1857; x_wconf 82' lang='lat' dir='ltr'><strong>sapere,</strong></span> <span class='ocrx_word' id='word_1_463' title='bbox 2928 1785 3011 1841; x_wconf 87' lang='lat' dir='ltr'><strong>vel</strong></span> <span class='ocrx_word' id='word_1_464' title='bbox 3059 1782 3262 1855; x_wconf 88' lang='lat' dir='ltr'><strong>aliquid</strong></span> <span class='ocrx_word' id='word_1_465' title='bbox 3299 1793 3459 1852; x_wconf 88' lang='lat' dir='ltr'><strong>agere</strong></span> <span class='ocrx_word' id='word_1_466' title='bbox 3495 1774 3623 1833; x_wconf 78' lang='lat' dir='ltr'><strong>boui</strong></span> 
     </span>
    </p>
   </div>
   <div class='ocr_carea' id='block_1_63' title="bbox 2045 1876 2560 1949">
    <p class='ocr_par' dir='ltr' id='par_1_63' title="bbox 2045 1876 2560 1949">
     <span class='ocr_line' id='line_1_64' title="bbox 2045 1876 2560 1949; baseline -0.008 -15"><span class='ocrx_word' id='word_1_467' title='bbox 2045 1886 2274 1949; x_wconf 89' lang='lat' dir='ltr'><strong>possunt</strong></span> <span class='ocrx_word' id='word_1_468' title='bbox 2296 1887 2391 1933; x_wconf 88' lang='lat' dir='ltr'><strong>aut</strong></span> <span class='ocrx_word' id='word_1_469' title='bbox 2414 1876 2560 1932; x_wconf 89' lang='lat' dir='ltr'><strong>mali.</strong></span> 
     </span>
    </p>
   </div>
   <div class='ocr_carea' id='block_1_64' title="bbox 2121 1977 3628 2063">
    <p class='ocr_par' dir='ltr' id='par_1_64' title="bbox 2121 1977 3628 2063">
     <span class='ocr_line' id='line_1_65' title="bbox 2121 1977 3628 2063; baseline -0.007 -19"><span class='ocrx_word' id='word_1_470' title='bbox 2121 1988 2229 2063; x_wconf 72' lang='lat' dir='ltr'><strong>(Ex</strong></span> <span class='ocrx_word' id='word_1_471' title='bbox 2253 1988 2444 2062; x_wconf 86' lang='lat' dir='ltr'><strong>Beda.)</strong></span> <span class='ocrx_word' id='word_1_472' title='bbox 2480 1988 2679 2060; x_wconf 85' lang='lat' dir='ltr'><strong>Typiee</strong></span> <span class='ocrx_word' id='word_1_473' title='bbox 2705 1996 2887 2042; x_wconf 87' lang='lat' dir='ltr'><strong>autem</strong></span> <span class='ocrx_word' id='word_1_474' title='bbox 2912 1986 3106 2042; x_wconf 90' lang='lat' dir='ltr'><strong>mulier</strong></span> <span class='ocrx_word' id='word_1_475' title='bbox 3130 1986 3246 2040; x_wconf 58' lang='lat' dir='ltr'><strong>haec</strong></span> <span class='ocrx_word' id='word_1_476' title='bbox 3267 1980 3502 2056; x_wconf 72' lang='lat' dir='ltr'><strong>gentilis,</strong></span> <span class='ocrx_word' id='word_1_477' title='bbox 3529 1977 3628 2034; x_wconf 93' lang='lat' dir='ltr'><strong>sed</strong></span> 
     </span>
    </p>
   </div>
   <div class='ocr_carea' id='block_1_65' title="bbox 2050 2070 3631 2141">
    <p class='ocr_par' dir='ltr' id='par_1_65' title="bbox 2050 2070 3631 2141">
     <span class='ocr_line' id='line_1_66' title="bbox 2050 2070 3631 2141; baseline -0.008 -5"><span class='ocrx_word' id='word_1_478' title='bbox 2050 2096 2173 2137; x_wconf 90' lang='lat' dir='ltr'><strong>cum</strong></span> <span class='ocrx_word' id='word_1_479' title='bbox 2208 2079 2314 2135; x_wconf 90' lang='lat' dir='ltr'><strong>ﬁde</strong></span> <span class='ocrx_word' id='word_1_480' title='bbox 2346 2081 2415 2135; x_wconf 91' lang='lat' dir='ltr'><strong>ad</strong></span> <span class='ocrx_word' id='word_1_481' title='bbox 2453 2079 2740 2135; x_wconf 87' lang='lat' dir='ltr'><strong>Dominum</strong></span> <span class='ocrx_word' id='word_1_482' title='bbox 2777 2079 2997 2133; x_wconf 83' lang='lat' dir='ltr'><strong>veniens</strong></span> <span class='ocrx_word' id='word_1_483' title='bbox 3041 2075 3338 2131; x_wconf 86' lang='lat' dir='ltr'><strong>Ecclesiam</strong></span> <span class='ocrx_word' id='word_1_484' title='bbox 3383 2070 3631 2141; x_wconf 78' lang='lat' dir='ltr'><strong>designat</strong></span> 
     </span>
    </p>
   </div>
   <div class='ocr_carea' id='block_1_66' title="bbox 2053 2162 3629 2239">
    <p class='ocr_par' dir='ltr' id='par_1_66' title="bbox 2053 2162 3629 2239">
     <span class='ocr_line' id='line_1_67' title="bbox 2053 2162 3629 2239; baseline -0.006 -15"><span class='ocrx_word' id='word_1_485' title='bbox 2053 2170 2119 2224; x_wconf 90' lang='lat' dir='ltr'><strong>de</strong></span> <span class='ocrx_word' id='word_1_486' title='bbox 2132 2169 2379 2239; x_wconf 77' lang='lat' dir='ltr'><strong>gentibus</strong></span> <span class='ocrx_word' id='word_1_487' title='bbox 2391 2169 2670 2226; x_wconf 83' lang='lat' dir='ltr'><strong>collectam</strong></span> <span class='ocrx_word' id='word_1_488' title='bbox 2684 2185 2709 2234; x_wconf 79' lang='grc' dir='ltr'><strong>ς,</strong></span> <span class='ocrx_word' id='word_1_489' title='bbox 2722 2183 2843 2238; x_wconf 66' lang='lat' dir='ltr'><strong>quae</strong></span> <span class='ocrx_word' id='word_1_490' title='bbox 2861 2168 3225 2224; x_wconf 70' lang='lat' dir='ltr'><strong>ethananaaa</strong></span> <span class='ocrx_word' id='word_1_491' title='bbox 3238 2174 3489 2227; x_wconf 75' lang='lat' dir='ltr'><strong>vocatur,</strong></span> <span class='ocrx_word' id='word_1_492' title='bbox 3501 2162 3629 2231; x_wconf 88' lang='lat' dir='ltr'><strong>quia</strong></span> 
     </span>
    </p>
   </div>
   <div class='ocr_carea' id='block_1_67' title="bbox 2052 2252 3633 2321">
    <p class='ocr_par' dir='ltr' id='par_1_67' title="bbox 2052 2252 3633 2321">
     <span class='ocr_line' id='line_1_68' title="bbox 2052 2252 3633 2321; baseline -0.004 -9"><span class='ocrx_word' id='word_1_493' title='bbox 2052 2260 2168 2314; x_wconf 80' lang='lat' dir='ltr'><strong>zelo</strong></span> <span class='ocrx_word' id='word_1_494' title='bbox 2194 2258 2319 2313; x_wconf 88' lang='lat' dir='ltr'><strong>ﬁdei</strong></span> <span class='ocrx_word' id='word_1_495' title='bbox 2341 2268 2609 2314; x_wconf 79' lang='lat' dir='ltr'><strong>commota</strong></span> <span class='ocrx_word' id='word_1_496' title='bbox 2637 2261 2705 2315; x_wconf 84' lang='lat' dir='ltr'><strong>ad</strong></span> <span class='ocrx_word' id='word_1_497' title='bbox 2734 2260 3019 2315; x_wconf 85' lang='lat' dir='ltr'><strong>Dominum</strong></span> <span class='ocrx_word' id='word_1_498' title='bbox 3044 2256 3289 2321; x_wconf 89' lang='lat' dir='ltr'><strong>veniens,</strong></span> <span class='ocrx_word' id='word_1_499' title='bbox 3318 2252 3455 2309; x_wconf 90' lang='lat' dir='ltr'><strong>idola</strong></span> <span class='ocrx_word' id='word_1_500' title='bbox 3483 2252 3633 2307; x_wconf 90' lang='lat' dir='ltr'><strong>dere-</strong></span> 
     </span>
    </p>
   </div>
   <div class='ocr_carea' id='block_1_68' title="bbox 2046 2349 3635 2419">
    <p class='ocr_par' dir='ltr' id='par_1_68' title="bbox 2046 2349 3635 2419">
     <span class='ocr_line' id='line_1_69' title="bbox 2046 2349 3635 2419; baseline 0.005 -14"><span class='ocrx_word' id='word_1_501' title='bbox 2046 2349 2227 2419; x_wconf 82' lang='lat' dir='ltr'><strong>liquit.</strong></span> <span class='ocrx_word' id='word_1_502' title='bbox 2269 2349 2527 2405; x_wconf 87' lang='lat' dir='ltr'><strong>Chanaan</strong></span> <span class='ocrx_word' id='word_1_503' title='bbox 2546 2359 2731 2405; x_wconf 83' lang='lat' dir='ltr'><strong>autem</strong></span> <span class='ocrx_word' id='word_1_504' title='bbox 2774 2352 2924 2408; x_wconf 89' lang='lat' dir='ltr'><strong>zelus</strong></span> <span class='ocrx_word' id='word_1_505' title='bbox 2957 2351 3362 2418; x_wconf 77' lang='lat' dir='ltr'><strong>interpretatur.</strong></span> <span class='ocrx_word' id='word_1_506' title='bbox 3388 2359 3509 2415; x_wconf 67' lang='lat' dir='ltr'><strong>quae</strong></span> <span class='ocrx_word' id='word_1_507' title='bbox 3536 2356 3635 2412; x_wconf 66' lang='grc' dir='ltr'><strong>Ρτο</strong></span> 
     </span>
    </p>
   </div>
   <div class='ocr_carea' id='block_1_69' title="bbox 2056 2434 3634 2513">
    <p class='ocr_par' dir='ltr' id='par_1_69' title="bbox 2056 2434 3634 2513">
     <span class='ocr_line' id='line_1_70' title="bbox 2056 2434 3634 2513; baseline 0.002 -19"><span class='ocrx_word' id='word_1_508' title='bbox 2056 2439 2163 2494; x_wconf 86' lang='lat' dir='ltr'><strong>ﬁlia</strong></span> <span class='ocrx_word' id='word_1_509' title='bbox 2202 2441 2535 2497; x_wconf 74' lang='lat' dir='ltr'><strong>daemoniaea</strong></span> <span class='ocrx_word' id='word_1_510' title='bbox 2585 2441 2870 2495; x_wconf 85' lang='lat' dir='ltr'><strong>Dominum</strong></span> <span class='ocrx_word' id='word_1_511' title='bbox 2911 2448 3088 2513; x_wconf 85' lang='lat' dir='ltr'><strong>rogat,</strong></span> <span class='ocrx_word' id='word_1_512' title='bbox 3130 2455 3254 2496; x_wconf 88' lang='lat' dir='ltr'><strong>cum</strong></span> <span class='ocrx_word' id='word_1_513' title='bbox 3290 2452 3389 2509; x_wconf 90' lang='lat' dir='ltr'><strong>pro</strong></span> <span class='ocrx_word' id='word_1_514' title='bbox 3424 2434 3634 2508; x_wconf 67' lang='lat' dir='ltr'><strong>populi!</strong></span> 
     </span>
    </p>
   </div>
   <div class='ocr_carea' id='block_1_70' title="bbox 2054 2523 3687 2601">
    <p class='ocr_par' dir='ltr' id='par_1_70' title="bbox 2054 2523 3687 2601">
     <span class='ocr_line' id='line_1_71' title="bbox 2054 2523 3687 2601; baseline 0 -12"><span class='ocrx_word' id='word_1_515' title='bbox 2054 2533 2191 2598; x_wconf 82' lang='lat' dir='ltr'><strong>suis,</strong></span> <span class='ocrx_word' id='word_1_516' title='bbox 2234 2533 2463 2590; x_wconf 85' lang='lat' dir='ltr'><strong>necdum</strong></span> <span class='ocrx_word' id='word_1_517' title='bbox 2487 2532 2854 2598; x_wconf 79' lang='lat' dir='ltr'><strong>credentibus,</strong></span> <span class='ocrx_word' id='word_1_518' title='bbox 2890 2541 2949 2587; x_wconf 89' lang='lat' dir='ltr'><strong>ut</strong></span> <span class='ocrx_word' id='word_1_519' title='bbox 2977 2541 3034 2587; x_wconf 87' lang='lat' dir='ltr'><strong>et</strong></span> <span class='ocrx_word' id='word_1_520' title='bbox 3066 2532 3171 2601; x_wconf 84' lang='lat' dir='ltr'><strong>ipsi</strong></span> <span class='ocrx_word' id='word_1_521' title='bbox 3196 2523 3233 2585; x_wconf 48' lang='lat' dir='ltr'><strong>a&#39;</strong></span> <span class='ocrx_word' id='word_1_522' title='bbox 3248 2530 3464 2587; x_wconf 83' lang='lat' dir='ltr'><strong>diabolo</strong></span> <span class='ocrx_word' id='word_1_523' title='bbox 3491 2527 3639 2586; x_wconf 75' lang='lat' dir='ltr'><strong>freu-</strong></span> 
     </span>
    </p>
   </div>
   <div class='ocr_carea' id='block_1_71' title="bbox 2058 2616 3647 2692">
    <p class='ocr_par' dir='ltr' id='par_1_71' title="bbox 2058 2616 3647 2692">
     <span class='ocr_line' id='line_1_72' title="bbox 2058 2616 3647 2692; baseline -0.004 -14"><span class='ocrx_word' id='word_1_524' title='bbox 2058 2622 2215 2678; x_wconf 87' lang='lat' dir='ltr'><strong>dibus</strong></span> <span class='ocrx_word' id='word_1_525' title='bbox 2246 2623 2627 2689; x_wconf 82' lang='lat' dir='ltr'><strong>sbsolvantur,</strong></span> <span class='ocrx_word' id='word_1_526' title='bbox 2657 2634 2905 2692; x_wconf 67' lang='lat' dir='ltr'><strong>superna:</strong></span> <span class='ocrx_word' id='word_1_527' title='bbox 2938 2622 3125 2691; x_wconf 84' lang='lat' dir='ltr'><strong>pietati</strong></span> <span class='ocrx_word' id='word_1_528' title='bbox 3151 2619 3432 2690; x_wconf 70' lang='lat' dir='ltr'><strong>supplicat.</strong></span> <span class='ocrx_word' id='word_1_529' title='bbox 3484 2616 3647 2684; x_wconf 38' lang='lat' dir='ltr'><strong>Quod»</strong></span> 
     </span>
    </p>
   </div>
   <div class='ocr_carea' id='block_1_72' title="bbox 2056 2706 3642 2783">
    <p class='ocr_par' dir='ltr' id='par_1_72' title="bbox 2056 2706 3642 2783">
     <span class='ocr_line' id='line_1_73' title="bbox 2056 2706 3642 2783; baseline -0.006 -14"><span class='ocrx_word' id='word_1_530' title='bbox 2056 2727 2190 2769; x_wconf 84' lang='lat' dir='ltr'><strong>vero</strong></span> <span class='ocrx_word' id='word_1_531' title='bbox 2214 2713 2364 2782; x_wconf 87' lang='lat' dir='ltr'><strong>prius</strong></span> <span class='ocrx_word' id='word_1_532' title='bbox 2386 2728 2494 2769; x_wconf 89' lang='lat' dir='ltr'><strong>non</strong></span> <span class='ocrx_word' id='word_1_533' title='bbox 2516 2714 2796 2783; x_wconf 57' lang='lat' dir='ltr'><strong>respondit.</strong></span> <span class='ocrx_word' id='word_1_534' title='bbox 2810 2713 3171 2775; x_wconf 52' lang='lat' dir='ltr'><strong>eiu-tinus,</strong></span> <span class='ocrx_word' id='word_1_535' title='bbox 3193 2708 3464 2781; x_wconf 86' lang='lat' dir='ltr'><strong>signiﬁcat</strong></span> <span class='ocrx_word' id='word_1_536' title='bbox 3496 2706 3642 2777; x_wconf 86' lang='lat' dir='ltr'><strong>quod</strong></span> 
     </span>
    </p>
   </div>
   <div class='ocr_carea' id='block_1_73' title="bbox 2060 2800 3641 2875">
    <p class='ocr_par' dir='ltr' id='par_1_73' title="bbox 2060 2800 3641 2875">
     <span class='ocr_line' id='line_1_74' title="bbox 2060 2800 3641 2875; baseline -0.003 -16"><span class='ocrx_word' id='word_1_537' title='bbox 2060 2803 2153 2860; x_wconf 88' lang='lat' dir='ltr'><strong>illo</strong></span> <span class='ocrx_word' id='word_1_538' title='bbox 2172 2803 2228 2859; x_wconf 87' lang='lat' dir='ltr'><strong>in</strong></span> <span class='ocrx_word' id='word_1_539' title='bbox 2257 2819 2423 2859; x_wconf 87' lang='lat' dir='ltr'><strong>carne</strong></span> <span class='ocrx_word' id='word_1_540' title='bbox 2443 2813 2731 2874; x_wconf 62' lang='lat' dir='ltr'><strong>praesente,</strong></span> <span class='ocrx_word' id='word_1_541' title='bbox 2762 2811 2952 2875; x_wconf 85' lang='lat' dir='ltr'><strong>gentes</strong></span> <span class='ocrx_word' id='word_1_542' title='bbox 2970 2816 3080 2859; x_wconf 89' lang='lat' dir='ltr'><strong>non</strong></span> <span class='ocrx_word' id='word_1_543' title='bbox 3108 2802 3396 2856; x_wconf 84' lang='lat' dir='ltr'><strong>audierunt</strong></span> <span class='ocrx_word' id='word_1_544' title='bbox 3415 2800 3641 2854; x_wconf 80' lang='lat' dir='ltr'><strong>verbum</strong></span> 
     </span>
    </p>
   </div>
   <div class='ocr_carea' id='block_1_74' title="bbox 2061 2890 3641 2966">
    <p class='ocr_par' dir='ltr' id='par_1_74' title="bbox 2061 2890 3641 2966">
     <span class='ocr_line' id='line_1_75' title="bbox 2061 2890 3641 2966; baseline -0.006 -15"><span class='ocrx_word' id='word_1_545' title='bbox 2061 2910 2130 2952; x_wconf 82' lang='lat' dir='ltr'><strong>ex</strong></span> <span class='ocrx_word' id='word_1_546' title='bbox 2158 2910 2258 2951; x_wconf 92' lang='lat' dir='ltr'><strong>ore</strong></span> <span class='ocrx_word' id='word_1_547' title='bbox 2290 2896 2442 2966; x_wconf 82' lang='lat' dir='ltr'><strong>ejus;</strong></span> <span class='ocrx_word' id='word_1_548' title='bbox 2485 2895 2630 2966; x_wconf 91' lang='lat' dir='ltr'><strong>quod</strong></span> <span class='ocrx_word' id='word_1_549' title='bbox 2668 2902 2848 2951; x_wconf 82' lang='lat' dir='ltr'><strong>autem</strong></span> <span class='ocrx_word' id='word_1_550' title='bbox 2882 2893 3110 2965; x_wconf 85' lang='lat' dir='ltr'><strong>apostoli</strong></span> <span class='ocrx_word' id='word_1_551' title='bbox 3151 2894 3339 2949; x_wconf 82' lang='lat' dir='ltr'><strong>dicunt</strong></span> <span class='ocrx_word' id='word_1_552' title='bbox 3376 2890 3641 2947; x_wconf 84' lang='lat' dir='ltr'><strong>DOmino:</strong></span> 
     </span>
    </p>
   </div>
   <div class='ocr_carea' id='block_1_75' title="bbox 2056 2980 3644 3056">
    <p class='ocr_par' dir='ltr' id='par_1_75' title="bbox 2056 2980 3644 3056">
     <span class='ocr_line' id='line_1_76' title="bbox 2056 2980 3644 3056; baseline -0.005 -15"><span class='ocrx_word' id='word_1_553' title='bbox 2056 2986 2284 3041; x_wconf 73' lang='lat' dir='ltr'><strong>Dimitte</strong></span> <span class='ocrx_word' id='word_1_554' title='bbox 2301 3001 2437 3052; x_wconf 85' lang='lat' dir='ltr'><strong>eam,</strong></span> <span class='ocrx_word' id='word_1_555' title='bbox 2470 2985 2526 3041; x_wconf 90' lang='lat' dir='ltr'><strong>id</strong></span> <span class='ocrx_word' id='word_1_556' title='bbox 2547 2996 2655 3051; x_wconf 85' lang='lat' dir='ltr'><strong>est,</strong></span> <span class='ocrx_word' id='word_1_557' title='bbox 2682 2987 2894 3056; x_wconf 82' lang='lat' dir='ltr'><strong>suscipe</strong></span> <span class='ocrx_word' id='word_1_558' title='bbox 2913 2999 3103 3055; x_wconf 87' lang='lat' dir='ltr'><strong>preces</strong></span> <span class='ocrx_word' id='word_1_559' title='bbox 3129 2983 3267 3053; x_wconf 82' lang='lat' dir='ltr'><strong>ejus,</strong></span> <span class='ocrx_word' id='word_1_560' title='bbox 3296 2982 3422 3051; x_wconf 83' lang='lat' dir='ltr'><strong>quia</strong></span> <span class='ocrx_word' id='word_1_561' title='bbox 3445 2980 3644 3036; x_wconf 76' lang='lat' dir='ltr'><strong>clamat</strong></span> 
     </span>
    </p>
   </div>
   <div class='ocr_carea' id='block_1_76' title="bbox 2062 3075 3647 3150">
    <p class='ocr_par' dir='ltr' id='par_1_76' title="bbox 2062 3075 3647 3150">
     <span class='ocr_line' id='line_1_77' title="bbox 2062 3075 3647 3150; baseline -0.005 -17"><span class='ocrx_word' id='word_1_562' title='bbox 2062 3085 2191 3150; x_wconf 70' lang='lat' dir='ltr'><strong>post</strong></span> <span class='ocrx_word' id='word_1_563' title='bbox 2219 3090 2340 3143; x_wconf 85' lang='lat' dir='ltr'><strong>nos,</strong></span> <span class='ocrx_word' id='word_1_564' title='bbox 2364 3075 2652 3148; x_wconf 72' lang='lat' dir='ltr'><strong>signiﬁcat,</strong></span> <span class='ocrx_word' id='word_1_565' title='bbox 2681 3078 2823 3148; x_wconf 78' lang='lat' dir='ltr'><strong>quod</strong></span> <span class='ocrx_word' id='word_1_566' title='bbox 2844 3086 2965 3149; x_wconf 83' lang='lat' dir='ltr'><strong>post</strong></span> <span class='ocrx_word' id='word_1_567' title='bbox 2988 3076 3439 3132; x_wconf 82' lang='lat' dir='ltr'><strong>resurrectionem</strong></span> <span class='ocrx_word' id='word_1_568' title='bbox 3464 3085 3647 3127; x_wconf 83' lang='lat' dir='ltr'><strong>ascen-</strong></span> 
     </span>
    </p>
   </div>
   <div class='ocr_carea' id='block_1_77' title="bbox 2066 3161 3644 3239">
    <p class='ocr_par' dir='ltr' id='par_1_77' title="bbox 2066 3161 3644 3239">
     <span class='ocr_line' id='line_1_78' title="bbox 2066 3161 3644 3239; baseline -0.006 -14"><span class='ocrx_word' id='word_1_569' title='bbox 2066 3169 2383 3238; x_wconf 83' lang='lat' dir='ltr'><strong>sionemque</strong></span> <span class='ocrx_word' id='word_1_570' title='bbox 2410 3167 2625 3223; x_wconf 79' lang='lat' dir='ltr'><strong>Domini</strong></span> <span class='ocrx_word' id='word_1_571' title='bbox 2648 3168 2874 3225; x_wconf 76' lang='lat' dir='ltr'><strong>audiens</strong></span> <span class='ocrx_word' id='word_1_572' title='bbox 2906 3165 3345 3239; x_wconf 58' lang='lat' dir='ltr'><strong>medicationem</strong></span> <span class='ocrx_word' id='word_1_573' title='bbox 3373 3161 3644 3234; x_wconf 78' lang='lat' dir='ltr'><strong>apostolo-</strong></span> 
     </span>
    </p>
   </div>
   <div class='ocr_carea' id='block_1_78' title="bbox 2070 3256 3648 3331">
    <p class='ocr_par' dir='ltr' id='par_1_78' title="bbox 2070 3256 3648 3331">
     <span class='ocr_line' id='line_1_79' title="bbox 2070 3256 3648 3331; baseline -0.005 -12"><span class='ocrx_word' id='word_1_574' title='bbox 2070 3279 2223 3331; x_wconf 71' lang='lat' dir='ltr'><strong>run,</strong></span> <span class='ocrx_word' id='word_1_575' title='bbox 2250 3270 2313 3317; x_wconf 79' lang='lat' dir='ltr'><strong>ut</strong></span> <span class='ocrx_word' id='word_1_576' title='bbox 2343 3264 2714 3330; x_wconf 76' lang='lat' dir='ltr'><strong>exaudiretur,</strong></span> <span class='ocrx_word' id='word_1_577' title='bbox 2749 3263 3034 3319; x_wconf 75' lang='lat' dir='ltr'><strong>clamabat.</strong></span> <span class='ocrx_word' id='word_1_578' title='bbox 3084 3261 3238 3330; x_wconf 81' lang='lat' dir='ltr'><strong>Quod</strong></span> <span class='ocrx_word' id='word_1_579' title='bbox 3272 3275 3398 3316; x_wconf 81' lang='lat' dir='ltr'><strong>vero</strong></span> <span class='ocrx_word' id='word_1_580' title='bbox 3426 3259 3492 3314; x_wconf 85' lang='lat' dir='ltr'><strong>de</strong></span> <span class='ocrx_word' id='word_1_581' title='bbox 3528 3256 3648 3312; x_wconf 82' lang='lat' dir='ltr'><strong>ﬁni—</strong></span> 
     </span>
    </p>
   </div>
   <div class='ocr_carea' id='block_1_79' title="bbox 2070 3350 3644 3427">
    <p class='ocr_par' dir='ltr' id='par_1_79' title="bbox 2070 3350 3644 3427">
     <span class='ocr_line' id='line_1_80' title="bbox 2070 3350 3644 3427; baseline -0.006 -15"><span class='ocrx_word' id='word_1_582' title='bbox 2070 3355 2172 3411; x_wconf 75' lang='lat' dir='ltr'><strong>bus</strong></span> <span class='ocrx_word' id='word_1_583' title='bbox 2211 3357 2325 3412; x_wconf 89' lang='lat' dir='ltr'><strong>suis</strong></span> <span class='ocrx_word' id='word_1_584' title='bbox 2351 3368 2625 3427; x_wconf 83' lang='lat' dir='ltr'><strong>egressam</strong></span> <span class='ocrx_word' id='word_1_585' title='bbox 2660 3368 2783 3410; x_wconf 87' lang='lat' dir='ltr'><strong>eam</strong></span> <span class='ocrx_word' id='word_1_586' title='bbox 2824 3355 2960 3409; x_wconf 81' lang='lat' dir='ltr'><strong>dicit</strong></span> <span class='ocrx_word' id='word_1_587' title='bbox 2987 3352 3289 3415; x_wconf 67' lang='lat' dir='ltr'><strong>Matthasus,</strong></span> <span class='ocrx_word' id='word_1_588' title='bbox 3320 3352 3425 3406; x_wconf 83' lang='lat' dir='ltr'><strong>hoc</strong></span> <span class='ocrx_word' id='word_1_589' title='bbox 3448 3350 3644 3419; x_wconf 83' lang='lat' dir='ltr'><strong>signat,</strong></span> 
     </span>
    </p>
   </div>
   <div class='ocr_carea' id='block_1_80' title="bbox 2070 3442 3647 3520">
    <p class='ocr_par' dir='ltr' id='par_1_80' title="bbox 2070 3442 3647 3520">
     <span class='ocr_line' id='line_1_81' title="bbox 2070 3442 3647 3520; baseline -0.008 -13"><span class='ocrx_word' id='word_1_590' title='bbox 2070 3450 2215 3520; x_wconf 85' lang='lat' dir='ltr'><strong>quod</strong></span> <span class='ocrx_word' id='word_1_591' title='bbox 2236 3451 2313 3506; x_wconf 85' lang='lat' dir='ltr'><strong>illi</strong></span> <span class='ocrx_word' id='word_1_592' title='bbox 2337 3449 2512 3506; x_wconf 85' lang='lat' dir='ltr'><strong>solum</strong></span> <span class='ocrx_word' id='word_1_593' title='bbox 2534 3448 2765 3504; x_wconf 72' lang='lat' dir='ltr'><strong>ﬁdeliter</strong></span> <span class='ocrx_word' id='word_1_594' title='bbox 2784 3462 2848 3503; x_wconf 82' lang='lat' dir='ltr'><strong>ac</strong></span> <span class='ocrx_word' id='word_1_595' title='bbox 2868 3454 3012 3502; x_wconf 81' lang='lat' dir='ltr'><strong>recte</strong></span> <span class='ocrx_word' id='word_1_596' title='bbox 3030 3442 3446 3517; x_wconf 82' lang='lat' dir='ltr'><strong>properantibus</strong></span> <span class='ocrx_word' id='word_1_597' title='bbox 3467 3449 3647 3505; x_wconf 84' lang='lat' dir='ltr'><strong>orant,</strong></span> 
     </span>
    </p>
   </div>
   <div class='ocr_carea' id='block_1_81' title="bbox 2073 3538 3651 3612">
    <p class='ocr_par' dir='ltr' id='par_1_81' title="bbox 2073 3538 3651 3612">
     <span class='ocr_line' id='line_1_82' title="bbox 2073 3538 3651 3612; baseline -0.008 -13"><span class='ocrx_word' id='word_1_598' title='bbox 2073 3543 2165 3612; x_wconf 83' lang='lat' dir='ltr'><strong>qui</strong></span> <span class='ocrx_word' id='word_1_599' title='bbox 2185 3544 2391 3612; x_wconf 77' lang='lat' dir='ltr'><strong>priscas</strong></span> <span class='ocrx_word' id='word_1_600' title='bbox 2410 3556 2520 3597; x_wconf 67' lang='lat' dir='ltr'><strong>sum</strong></span> <span class='ocrx_word' id='word_1_601' title='bbox 2545 3540 2784 3612; x_wconf 60' lang='lat' dir='ltr'><strong>perﬁdia</strong></span> <span class='ocrx_word' id='word_1_602' title='bbox 2808 3539 3114 3594; x_wconf 87' lang='lat' dir='ltr'><strong>mansiones</strong></span> <span class='ocrx_word' id='word_1_603' title='bbox 3134 3538 3461 3607; x_wconf 83' lang='lat' dir='ltr'><strong>relinquunt,</strong></span> <span class='ocrx_word' id='word_1_604' title='bbox 3490 3541 3651 3601; x_wconf 79' lang='lat' dir='ltr'><strong>atqne</strong></span> 
     </span>
    </p>
   </div>
   <div class='ocr_carea' id='block_1_82' title="bbox 2074 3624 3654 3697">
    <p class='ocr_par' dir='ltr' id='par_1_82' title="bbox 2074 3624 3654 3697">
     <span class='ocr_line' id='line_1_83' title="bbox 2074 3624 3654 3697; baseline -0.005 -12"><span class='ocrx_word' id='word_1_605' title='bbox 2074 3632 2129 3685; x_wconf 83' lang='lat' dir='ltr'><strong>in</strong></span> <span class='ocrx_word' id='word_1_606' title='bbox 2155 3630 2375 3686; x_wconf 78' lang='lat' dir='ltr'><strong>donum</strong></span> <span class='ocrx_word' id='word_1_607' title='bbox 2406 3631 2638 3696; x_wconf 80' lang='lat' dir='ltr'><strong>Domini,</strong></span> <span class='ocrx_word' id='word_1_608' title='bbox 2665 3628 2915 3685; x_wconf 81' lang='lat' dir='ltr'><strong>videlicet</strong></span> <span class='ocrx_word' id='word_1_609' title='bbox 2935 3628 3254 3693; x_wconf 85' lang='lat' dir='ltr'><strong>Eeclesiam,</strong></span> <span class='ocrx_word' id='word_1_610' title='bbox 3288 3627 3373 3697; x_wconf 87' lang='lat' dir='ltr'><strong>pia</strong></span> <span class='ocrx_word' id='word_1_611' title='bbox 3406 3638 3466 3680; x_wconf 89' lang='lat' dir='ltr'><strong>se</strong></span> <span class='ocrx_word' id='word_1_612' title='bbox 3493 3624 3654 3679; x_wconf 87' lang='lat' dir='ltr'><strong>devo-</strong></span> 
     </span>
    </p>
   </div>
   <div class='ocr_carea' id='block_1_83' title="bbox 2077 3719 2606 3776">
    <p class='ocr_par' dir='ltr' id='par_1_83' title="bbox 2077 3719 2606 3776">
     <span class='ocr_line' id='line_1_84' title="bbox 2077 3719 2606 3776; baseline -0.006 0"><span class='ocrx_word' id='word_1_613' title='bbox 2077 3722 2225 3776; x_wconf 86' lang='lat' dir='ltr'><strong>tione</strong></span> <span class='ocrx_word' id='word_1_614' title='bbox 2250 3719 2606 3776; x_wconf 75' lang='lat' dir='ltr'><strong>transierunt.</strong></span> 
     </span>
    </p>
   </div>
   <div class='ocr_carea' id='block_1_84' title="bbox 2486 3869 3222 3930">
    <p class='ocr_par' dir='ltr' id='par_1_84' title="bbox 2486 3869 3222 3930">
     <span class='ocr_line' id='line_1_85' title="bbox 2486 3869 3222 3930; baseline 0 0"><span class='ocrx_word' id='word_1_615' title='bbox 2486 3871 2814 3930; x_wconf 67' lang='lat' dir='ltr'><strong>DOHINICA</strong></span> <span class='ocrx_word' id='word_1_616' title='bbox 2858 3869 3222 3930; x_wconf 63' lang='grc' dir='ltr'><strong>τιιιεεειω</strong></span> 
     </span>
    </p>
   </div>
   <div class='ocr_carea' id='block_1_85' title="bbox 2170 4017 3562 4069">
    <p class='ocr_par' dir='ltr' id='par_1_85' title="bbox 2170 4017 3562 4069">
     <span class='ocr_line' id='line_1_86' title="bbox 2170 4017 3562 4069; baseline -0.005 -6"><span class='ocrx_word' id='word_1_617' title='bbox 2170 4020 2364 4063; x_wconf 72' lang='grc' dir='ltr'><strong>ιεετιο</strong></span> <span class='ocrx_word' id='word_1_618' title='bbox 2382 4021 2556 4061; x_wconf 65' lang='grc' dir='ltr'><strong>ενιετ.</strong></span> <span class='ocrx_word' id='word_1_619' title='bbox 2581 4021 2743 4061; x_wconf 63' lang='lat' dir='ltr'><strong>BEN&quot;</strong></span> <span class='ocrx_word' id='word_1_620' title='bbox 2765 4021 2917 4061; x_wconf 76' lang='lat' dir='ltr'><strong>PAULI</strong></span> <span class='ocrx_word' id='word_1_621' title='bbox 2939 4020 3191 4062; x_wconf 77' lang='lat' dir='ltr'><strong>APOS‘I&#39;OLI</strong></span> <span class='ocrx_word' id='word_1_622' title='bbox 3206 4020 3275 4059; x_wconf 75' lang='lat' dir='ltr'><strong>AD</strong></span> <span class='ocrx_word' id='word_1_623' title='bbox 3297 4017 3562 4069; x_wconf 66' lang='grc' dir='ltr'><strong>εηιεεποε,</strong></span> 
     </span>
    </p>
   </div>
   <div class='ocr_carea' id='block_1_86' title="bbox 2726 4110 3012 4151">
    <p class='ocr_par' dir='ltr' id='par_1_86' title="bbox 2726 4110 3012 4151">
     <span class='ocr_line' id='line_1_87' title="bbox 2726 4110 3012 4151; baseline -0.007 0"><span class='ocrx_word' id='word_1_624' title='bbox 2726 4111 2789 4151; x_wconf 77' lang='lat' dir='ltr'><strong>CA</strong></span> <span class='ocrx_word' id='word_1_625' title='bbox 2797 4111 2845 4150; x_wconf 72' lang='grc'><strong>1⁵1</strong></span> <span class='ocrx_word' id='word_1_626' title='bbox 2852 4112 2920 4150; x_wconf 71' lang='grc' dir='ltr'><strong>τι</strong></span> <span class='ocrx_word' id='word_1_627' title='bbox 2959 4110 3012 4150; x_wconf 69' lang='grc' dir='ltr'><strong>Υ.</strong></span> 
     </span>
    </p>
   </div>
   <div class='ocr_carea' id='block_1_87' title="bbox 2159 4186 3662 4295">
    <p class='ocr_par' dir='ltr' id='par_1_87' title="bbox 2159 4224 3662 4295">
     <span class='ocr_line' id='line_1_88' title="bbox 2159 4224 3662 4295; baseline -0.003 -10"><span class='ocrx_word' id='word_1_628' title='bbox 2159 4249 2178 4281; x_wconf 76' lang='grc' dir='ltr'><strong><em>ι</em></strong></span> <span class='ocrx_word' id='word_1_629' title='bbox 2204 4229 2393 4285; x_wconf 85' lang='lat' dir='ltr'><strong>Estote</strong></span> <span class='ocrx_word' id='word_1_630' title='bbox 2428 4224 2730 4284; x_wconf 86' lang='lat' dir='ltr'><strong>imitatores</strong></span> <span class='ocrx_word' id='word_1_631' title='bbox 2761 4228 2878 4295; x_wconf 87' lang='lat' dir='ltr'><strong>Dei,</strong></span> <span class='ocrx_word' id='word_1_632' title='bbox 2911 4226 3053 4283; x_wconf 89' lang='lat' dir='ltr'><strong>sicut</strong></span> <span class='ocrx_word' id='word_1_633' title='bbox 3087 4224 3179 4281; x_wconf 91' lang='lat' dir='ltr'><strong>ﬁlii</strong></span> <span class='ocrx_word' id='word_1_634' title='bbox 3216 4225 3541 4286; x_wconf 65' lang='lat' dir='ltr'><strong>charissim.</strong></span> <span class='ocrx_word' id='word_1_635' title='bbox 3594 4225 3662 4282; x_wconf 83' lang='lat' dir='ltr'><strong>Et</strong></span> 
     </span>
    </p>
   </div>
   <div class='ocr_carea' id='block_1_88' title="bbox 2091 4316 3659 4386">
    <p class='ocr_par' dir='ltr' id='par_1_88' title="bbox 2091 4316 3659 4386">
     <span class='ocr_line' id='line_1_89' title="bbox 2091 4316 3659 4386; baseline -0.005 -9"><span class='ocrx_word' id='word_1_636' title='bbox 2091 4342 2110 4376; x_wconf 76' lang='grc' dir='ltr'>ι</span> <span class='ocrx_word' id='word_1_637' title='bbox 2129 4320 2401 4377; x_wconf 87' lang='lat' dir='ltr'><strong>ambulate</strong></span> <span class='ocrx_word' id='word_1_638' title='bbox 2423 4321 2478 4376; x_wconf 88' lang='lat' dir='ltr'><strong>in</strong></span> <span class='ocrx_word' id='word_1_639' title='bbox 2499 4319 2809 4386; x_wconf 81' lang='lat' dir='ltr'><strong>dilectione,</strong></span> <span class='ocrx_word' id='word_1_640' title='bbox 2827 4319 2968 4375; x_wconf 86' lang='lat' dir='ltr'><strong>sicut</strong></span> <span class='ocrx_word' id='word_1_641' title='bbox 2986 4328 3041 4374; x_wconf 89' lang='lat' dir='ltr'><strong>et</strong></span> <span class='ocrx_word' id='word_1_642' title='bbox 3062 4316 3312 4375; x_wconf 81' lang='lat' dir='ltr'><strong>Christus</strong></span> <span class='ocrx_word' id='word_1_643' title='bbox 3328 4316 3519 4377; x_wconf 77' lang='lat' dir='ltr'><strong>dilexit</strong></span> <span class='ocrx_word' id='word_1_644' title='bbox 3540 4331 3659 4380; x_wconf 87' lang='lat' dir='ltr'><strong>nos,</strong></span> 
     </span>
    </p>
   </div>
   <div class='ocr_carea' id='block_1_89' title="bbox 2093 4407 3666 4482">
    <p class='ocr_par' dir='ltr' id='par_1_89' title="bbox 2093 4407 3666 4482">
     <span class='ocr_line' id='line_1_90' title="bbox 2093 4407 3666 4482; baseline -0.003 -16"><span class='ocrx_word' id='word_1_645' title='bbox 2093 4433 2111 4466; x_wconf 76' lang='grc' dir='ltr'>ι</span> <span class='ocrx_word' id='word_1_646' title='bbox 2133 4424 2189 4470; x_wconf 88' lang='lat' dir='ltr'><strong>et</strong></span> <span class='ocrx_word' id='word_1_647' title='bbox 2214 4413 2433 4469; x_wconf 88' lang='lat' dir='ltr'><strong>tradidit</strong></span> <span class='ocrx_word' id='word_1_648' title='bbox 2457 4412 2806 4482; x_wconf 83' lang='lat' dir='ltr'><strong>semetipsum</strong></span> <span class='ocrx_word' id='word_1_649' title='bbox 2831 4426 2929 4482; x_wconf 83' lang='lat' dir='ltr'><strong>pro</strong></span> <span class='ocrx_word' id='word_1_650' title='bbox 2948 4410 3128 4476; x_wconf 84' lang='lat' dir='ltr'><strong>nobis,</strong></span> <span class='ocrx_word' id='word_1_651' title='bbox 3155 4409 3482 4467; x_wconf 80' lang='lat' dir='ltr'><strong>oblationem</strong></span> <span class='ocrx_word' id='word_1_652' title='bbox 3498 4415 3557 4462; x_wconf 87' lang='lat' dir='ltr'><strong>et</strong></span> <span class='ocrx_word' id='word_1_653' title='bbox 3573 4407 3666 4462; x_wconf 87' lang='lat' dir='ltr'><strong>bo-</strong></span> 
     </span>
    </p>
   </div>
   <div class='ocr_carea' id='block_1_90' title="bbox 396 4462 3668 4570">
    <p class='ocr_par' dir='ltr' id='par_1_90' title="bbox 396 4462 3668 4570">
     <span class='ocr_line' id='line_1_91' title="bbox 396 4462 3668 4570; baseline -0.008 -14"><span class='ocrx_word' id='word_1_654' title='bbox 396 4510 445 4556; x_wconf 85' lang='lat' dir='ltr'><strong>et</strong></span> <span class='ocrx_word' id='word_1_655' title='bbox 475 4497 598 4553; x_wconf 83' lang='lat' dir='ltr'><strong>illas</strong></span> <span class='ocrx_word' id='word_1_656' title='bbox 629 4506 829 4570; x_wconf 82' lang='lat' dir='ltr'><strong>oportet</strong></span> <span class='ocrx_word' id='word_1_657' title='bbox 857 4513 938 4551; x_wconf 84' lang='lat' dir='ltr'><strong>me</strong></span> <span class='ocrx_word' id='word_1_658' title='bbox 966 4462 1249 4561; x_wconf 55' lang='lat' dir='ltr'><strong>adducerd,</strong></span> <span class='ocrx_word' id='word_1_659' title='bbox 1275 4503 1323 4548; x_wconf 88' lang='lat' dir='ltr'><strong>et</strong></span> <span class='ocrx_word' id='word_1_660' title='bbox 1352 4509 1524 4548; x_wconf 73' lang='lat' dir='ltr'><strong>vocem</strong></span> <span class='ocrx_word' id='word_1_661' title='bbox 1560 4508 1726 4546; x_wconf 87' lang='lat' dir='ltr'><strong>meam</strong></span> <span class='ocrx_word' id='word_1_662' title='bbox 1767 4462 1982 4544; x_wconf 79' lang='lat' dir='ltr'><strong>audient</strong></span> <span class='ocrx_word' id='word_1_663' title='bbox 2005 4462 2061 4523; x_wconf 62' lang='grc' dir='ltr'><strong><em>Β</em></strong></span> <span class='ocrx_word' id='word_1_664' title='bbox 2092 4462 3593 4561; x_wconf 34' lang='grc' dir='ltr'><strong>ἕοῶἆίδέάωω</strong></span> <span class='ocrx_word' id='word_1_665' title='bbox 3611 4507 3668 4553; x_wconf 62' lang='grc' dir='ltr'><strong>ει</strong></span> 
     </span>
    </p>
   </div>
   <div class='ocr_carea' id='block_1_91' title="bbox 395 4579 1770 4662">
    <p class='ocr_par' dir='ltr' id='par_1_91' title="bbox 395 4579 1770 4662">
     <span class='ocr_line' id='line_1_92' title="bbox 395 4579 1770 4662; baseline -0.008 -18"><span class='ocrx_word' id='word_1_666' title='bbox 395 4590 576 4662; x_wconf 82' lang='lat' dir='ltr'><strong>(Joan.</strong></span> <span class='ocrx_word' id='word_1_667' title='bbox 603 4588 681 4659; x_wconf 68' lang='grc' dir='ltr'><strong>ι).</strong></span> <span class='ocrx_word' id='word_1_668' title='bbox 713 4588 782 4642; x_wconf 85' lang='lat' dir='ltr'><strong>Et</strong></span> <span class='ocrx_word' id='word_1_669' title='bbox 816 4586 938 4641; x_wconf 78' lang='lat' dir='ltr'><strong>ﬁlim</strong></span> <span class='ocrx_word' id='word_1_670' title='bbox 962 4603 976 4638; x_wconf 88' lang='lat'><strong>:</strong></span> <span class='ocrx_word' id='word_1_671' title='bbox 1002 4584 1160 4638; x_wconf 85' lang='lat' dir='ltr'><strong>Fides</strong></span> <span class='ocrx_word' id='word_1_672' title='bbox 1189 4592 1279 4638; x_wconf 88' lang='lat' dir='ltr'><strong>tua</strong></span> <span class='ocrx_word' id='word_1_673' title='bbox 1314 4591 1367 4636; x_wconf 90' lang='lat' dir='ltr'><strong>te</strong></span> <span class='ocrx_word' id='word_1_674' title='bbox 1388 4582 1593 4636; x_wconf 90' lang='lat' dir='ltr'><strong>salvam</strong></span> <span class='ocrx_word' id='word_1_675' title='bbox 1621 4579 1770 4636; x_wconf 83' lang='lat' dir='ltr'><strong>fecit.</strong></span> 
     </span>
    </p>
   </div>
   <div class='ocr_carea' id='block_1_92' title="bbox 472 4695 1987 4771">
    <p class='ocr_par' dir='ltr' id='par_1_92' title="bbox 472 4695 1987 4771">
     <span class='ocr_line' id='line_1_93' title="bbox 472 4695 1987 4771; baseline -0.007 -16"><span class='ocrx_word' id='word_1_676' title='bbox 472 4698 574 4767; x_wconf 82' lang='lat' dir='ltr'><strong>Qui</strong></span> <span class='ocrx_word' id='word_1_677' title='bbox 598 4698 914 4771; x_wconf 81' lang='lat' dir='ltr'><strong>respondens</strong></span> <span class='ocrx_word' id='word_1_678' title='bbox 939 4697 1055 4751; x_wconf 88' lang='lat' dir='ltr'><strong>ait:</strong></span> <span class='ocrx_word' id='word_1_679' title='bbox 1081 4695 1203 4749; x_wconf 77' lang='lat' dir='ltr'><strong>Non</strong></span> <span class='ocrx_word' id='word_1_680' title='bbox 1236 4704 1310 4750; x_wconf 87' lang='lat' dir='ltr'><strong>est</strong></span> <span class='ocrx_word' id='word_1_681' title='bbox 1347 4695 1538 4749; x_wconf 83' lang='lat' dir='ltr'><strong>bonum</strong></span> <span class='ocrx_word' id='word_1_682' title='bbox 1565 4708 1768 4747; x_wconf 83' lang='lat' dir='ltr'><strong>sumere</strong></span> <span class='ocrx_word' id='word_1_683' title='bbox 1800 4708 1987 4763; x_wconf 81' lang='lat' dir='ltr'><strong>partem</strong></span> 
     </span>
    </p>
   </div>
   <div class='ocr_carea' id='block_1_93' title="bbox 397 4781 1990 4865">
    <p class='ocr_par' dir='ltr' id='par_1_93' title="bbox 397 4781 1990 4865">
     <span class='ocr_line' id='line_1_94' title="bbox 397 4781 1990 4865; baseline -0.007 -18"><span class='ocrx_word' id='word_1_684' title='bbox 397 4793 629 4865; x_wconf 80' lang='lat' dir='ltr'><strong>ﬁliorum</strong></span> <span class='ocrx_word' id='word_1_685' title='bbox 654 4801 702 4845; x_wconf 82' lang='lat' dir='ltr'><strong>et</strong></span> <span class='ocrx_word' id='word_1_686' title='bbox 730 4792 932 4846; x_wconf 87' lang='lat' dir='ltr'><strong>mittere</strong></span> <span class='ocrx_word' id='word_1_687' title='bbox 969 4788 1207 4852; x_wconf 77' lang='lat' dir='ltr'><strong>canibus,</strong></span> <span class='ocrx_word' id='word_1_688' title='bbox 1254 4796 1309 4841; x_wconf 91' lang='lat' dir='ltr'><strong>at</strong></span> <span class='ocrx_word' id='word_1_689' title='bbox 1337 4785 1431 4839; x_wconf 87' lang='lat' dir='ltr'><strong>illa</strong></span> <span class='ocrx_word' id='word_1_690' title='bbox 1459 4785 1590 4840; x_wconf 73' lang='lat' dir='ltr'><strong>dixit</strong></span> <span class='ocrx_word' id='word_1_691' title='bbox 1612 4801 1631 4838; x_wconf 88' lang='lat'><strong><em>:</em></strong></span> <span class='ocrx_word' id='word_1_692' title='bbox 1657 4782 1855 4848; x_wconf 87' lang='lat' dir='ltr'><strong>Etiam,</strong></span> <span class='ocrx_word' id='word_1_693' title='bbox 1881 4781 1990 4837; x_wconf 88' lang='lat' dir='ltr'><strong>Do-</strong></span> 
     </span>
    </p>
   </div>
   <div class='ocr_carea' id='block_1_94' title="bbox 2097 4588 3667 4659">
    <p class='ocr_par' dir='ltr' id='par_1_94' title="bbox 2097 4588 3667 4659">
     <span class='ocr_line' id='line_1_95' title="bbox 2097 4588 3667 4659; baseline -0.005 -8"><span class='ocrx_word' id='word_1_694' title='bbox 2097 4598 2313 4654; x_wconf 82' lang='lat' dir='ltr'><strong>tomnis</strong></span> <span class='ocrx_word' id='word_1_695' title='bbox 2354 4594 2716 4659; x_wconf 88' lang='lat' dir='ltr'><strong>immunditia,</strong></span> <span class='ocrx_word' id='word_1_696' title='bbox 2742 4602 2837 4649; x_wconf 87' lang='lat' dir='ltr'><strong>aut</strong></span> <span class='ocrx_word' id='word_1_697' title='bbox 2863 4592 3114 4656; x_wconf 82' lang='lat' dir='ltr'><strong>avaritia,</strong></span> <span class='ocrx_word' id='word_1_698' title='bbox 3144 4605 3244 4646; x_wconf 89' lang='lat' dir='ltr'><strong>nec</strong></span> <span class='ocrx_word' id='word_1_699' title='bbox 3272 4588 3582 4646; x_wconf 77' lang='lat' dir='ltr'><strong>nominetur</strong></span> <span class='ocrx_word' id='word_1_700' title='bbox 3610 4588 3667 4643; x_wconf 91' lang='lat' dir='ltr'><strong>in</strong></span> 
     </span>
    </p>
   </div>
   <div class='ocr_carea' id='block_1_95' title="bbox 2094 4679 3665 4759">
    <p class='ocr_par' dir='ltr' id='par_1_95' title="bbox 2094 4679 3665 4759">
     <span class='ocr_line' id='line_1_96' title="bbox 2094 4679 3665 4759; baseline 0.001 -19"><span class='ocrx_word' id='word_1_701' title='bbox 2094 4689 2311 4759; x_wconf 63' lang='lat' dir='ltr'><strong>nobis,</strong></span> <span class='ocrx_word' id='word_1_702' title='bbox 2343 4686 2485 4743; x_wconf 90' lang='lat' dir='ltr'><strong>sicut</strong></span> <span class='ocrx_word' id='word_1_703' title='bbox 2510 4686 2671 4742; x_wconf 81' lang='lat' dir='ltr'><strong>decet</strong></span> <span class='ocrx_word' id='word_1_704' title='bbox 2686 4692 2904 4740; x_wconf 85' lang='lat' dir='ltr'><strong>sanctos</strong></span> <span class='ocrx_word' id='word_1_705' title='bbox 2936 4683 3056 4748; x_wconf 89' lang='lat' dir='ltr'><strong>Dei,</strong></span> <span class='ocrx_word' id='word_1_706' title='bbox 3092 4692 3183 4737; x_wconf 88' lang='lat' dir='ltr'><strong>aut</strong></span> <span class='ocrx_word' id='word_1_707' title='bbox 3231 4679 3529 4751; x_wconf 87' lang='lat' dir='ltr'><strong>turpitudo,</strong></span> <span class='ocrx_word' id='word_1_708' title='bbox 3575 4690 3665 4741; x_wconf 68' lang='lat' dir='ltr'><strong>aut</strong></span> 
     </span>
    </p>
   </div>
   <div class='ocr_carea' id='block_1_96' title="bbox 2099 4770 3673 4844">
    <p class='ocr_par' dir='ltr' id='par_1_96' title="bbox 2099 4770 3673 4844">
     <span class='ocr_line' id='line_1_97' title="bbox 2099 4770 3673 4844; baseline -0.001 -15"><span class='ocrx_word' id='word_1_709' title='bbox 2099 4797 2116 4829; x_wconf 75' lang='grc' dir='ltr'>ι</span> <span class='ocrx_word' id='word_1_710' title='bbox 2137 4777 2548 4844; x_wconf 86' lang='lat' dir='ltr'><strong>stultiloquium,</strong></span> <span class='ocrx_word' id='word_1_711' title='bbox 2572 4784 2667 4830; x_wconf 90' lang='lat' dir='ltr'><strong>aut</strong></span> <span class='ocrx_word' id='word_1_712' title='bbox 2694 4773 2991 4831; x_wconf 78' lang='lat' dir='ltr'><strong>scurrilitas</strong></span> <span class='ocrx_word' id='word_1_713' title='bbox 3014 4787 3153 4842; x_wconf 66' lang='lat' dir='ltr'><strong>quae,</strong></span> <span class='ocrx_word' id='word_1_714' title='bbox 3178 4770 3248 4827; x_wconf 87' lang='lat' dir='ltr'><strong>ad</strong></span> <span class='ocrx_word' id='word_1_715' title='bbox 3276 4784 3392 4827; x_wconf 78' lang='lat' dir='ltr'><strong>rem</strong></span> <span class='ocrx_word' id='word_1_716' title='bbox 3419 4785 3525 4829; x_wconf 77' lang='lat' dir='ltr'><strong>non</strong></span> <span class='ocrx_word' id='word_1_717' title='bbox 3552 4785 3673 4840; x_wconf 80' lang='lat' dir='ltr'><strong>per-</strong></span> 
     </span>
    </p>
   </div>
   <div class='ocr_carea' id='block_1_97' title="bbox 398 4863 3666 4959">
    <p class='ocr_par' dir='ltr' id='par_1_97' title="bbox 398 4863 3666 4959">
     <span class='ocr_line' id='line_1_98' title="bbox 398 4863 3666 4959; baseline -0.006 -23"><span class='ocrx_word' id='word_1_718' title='bbox 398 4863 554 4946; x_wconf 81' lang='lat' dir='ltr'><strong>mine,</strong></span> <span class='ocrx_word' id='word_1_719' title='bbox 588 4898 709 4935; x_wconf 87' lang='lat' dir='ltr'><strong>nam</strong></span> <span class='ocrx_word' id='word_1_720' title='bbox 747 4889 794 4935; x_wconf 86' lang='lat' dir='ltr'><strong>et</strong></span> <span class='ocrx_word' id='word_1_721' title='bbox 840 4877 1013 4959; x_wconf 83' lang='lat' dir='ltr'><strong>catelli</strong></span> <span class='ocrx_word' id='word_1_722' title='bbox 1049 4877 1207 4932; x_wconf 81' lang='lat' dir='ltr'><strong>edunt</strong></span> <span class='ocrx_word' id='word_1_723' title='bbox 1252 4875 1316 4930; x_wconf 86' lang='lat' dir='ltr'><strong>de</strong></span> <span class='ocrx_word' id='word_1_724' title='bbox 1362 4875 1510 4929; x_wconf 85' lang='lat' dir='ltr'><strong>micis</strong></span> <span class='ocrx_word' id='word_1_725' title='bbox 1551 4889 1668 4947; x_wconf 70' lang='lat' dir='ltr'><strong>quae</strong></span> <span class='ocrx_word' id='word_1_726' title='bbox 1705 4871 1900 4929; x_wconf 75' lang='lat' dir='ltr'><strong>cadunt</strong></span> <span class='ocrx_word' id='word_1_727' title='bbox 1927 4871 1992 4926; x_wconf 86' lang='lat' dir='ltr'><strong>de</strong></span> <span class='ocrx_word' id='word_1_728' title='bbox 2100 4888 2120 4921; x_wconf 74' lang='grc' dir='ltr'>ι</span> <span class='ocrx_word' id='word_1_729' title='bbox 2146 4863 3227 4939; x_wconf 54' lang='grc' dir='ltr'><strong>ιίιιεωειιωααίεεηιίπωιαίορεοο</strong></span> <span class='ocrx_word' id='word_1_730' title='bbox 3251 4871 3433 4917; x_wconf 73' lang='lat' dir='ltr'><strong>autem</strong></span> 
     </span>
    </p>
   </div>
   <div class='ocr_carea' id='block_1_98' title="bbox 400 4961 1989 5032">
    <p class='ocr_par' dir='ltr' id='par_1_98' title="bbox 400 4961 1989 5032">
     <span class='ocr_line' id='line_1_99' title="bbox 400 4961 1989 5032; baseline -0.006 -6"><span class='ocrx_word' id='word_1_731' title='bbox 400 4987 579 5026; x_wconf 82' lang='lat' dir='ltr'><strong>mensa</strong></span> <span class='ocrx_word' id='word_1_732' title='bbox 621 4970 954 5025; x_wconf 85' lang='lat' dir='ltr'><strong>dominorum</strong></span> <span class='ocrx_word' id='word_1_733' title='bbox 1000 4982 1239 5023; x_wconf 70' lang='lat' dir='ltr'><strong>suorum;</strong></span> <span class='ocrx_word' id='word_1_734' title='bbox 1295 4964 1602 5021; x_wconf 80' lang='lat' dir='ltr'><strong>Notandum</strong></span> <span class='ocrx_word' id='word_1_735' title='bbox 1650 4974 1782 5019; x_wconf 84' lang='lat' dir='ltr'><strong>sane</strong></span> <span class='ocrx_word' id='word_1_736' title='bbox 1845 4961 1989 5032; x_wconf 84' lang='lat' dir='ltr'><strong>quod</strong></span> 
     </span>
    </p>
   </div>
   <div class='ocr_carea' id='block_1_99' title="bbox 403 5051 1991 5133">
    <p class='ocr_par' dir='ltr' id='par_1_99' title="bbox 403 5051 1991 5133">
     <span class='ocr_line' id='line_1_100' title="bbox 403 5051 1991 5133; baseline -0.006 -17"><span class='ocrx_word' id='word_1_737' title='bbox 403 5061 631 5133; x_wconf 83' lang='lat' dir='ltr'><strong>mystice</strong></span> <span class='ocrx_word' id='word_1_738' title='bbox 676 5060 916 5130; x_wconf 88' lang='lat' dir='ltr'><strong>loquitur</strong></span> <span class='ocrx_word' id='word_1_739' title='bbox 953 5059 1183 5114; x_wconf 85' lang='lat' dir='ltr'><strong>credens</strong></span> <span class='ocrx_word' id='word_1_740' title='bbox 1221 5072 1289 5113; x_wconf 76' lang='lat' dir='ltr'><strong>ex</strong></span> <span class='ocrx_word' id='word_1_741' title='bbox 1330 5055 1579 5128; x_wconf 83' lang='lat' dir='ltr'><strong>gentibus</strong></span> <span class='ocrx_word' id='word_1_742' title='bbox 1620 5053 1835 5109; x_wconf 90' lang='lat' dir='ltr'><strong>mulier.</strong></span> <span class='ocrx_word' id='word_1_743' title='bbox 1886 5051 1991 5121; x_wconf 87' lang='lat' dir='ltr'><strong>Qui</strong></span> 
     </span>
    </p>
   </div>
   <div class='ocr_carea' id='block_1_100' title="bbox 401 5145 1991 5216">
    <p class='ocr_par' dir='ltr' id='par_1_100' title="bbox 401 5145 1991 5216">
     <span class='ocr_line' id='line_1_101' title="bbox 401 5145 1991 5216; baseline -0.007 -7"><span class='ocrx_word' id='word_1_744' title='bbox 401 5152 579 5209; x_wconf 90' lang='lat' dir='ltr'><strong>catelli</strong></span> <span class='ocrx_word' id='word_1_745' title='bbox 636 5152 737 5208; x_wconf 90' lang='lat' dir='ltr'><strong>sub</strong></span> <span class='ocrx_word' id='word_1_746' title='bbox 779 5168 964 5207; x_wconf 90' lang='lat' dir='ltr'><strong>mensa</strong></span> <span class='ocrx_word' id='word_1_747' title='bbox 1014 5151 1302 5207; x_wconf 87' lang='lat' dir='ltr'><strong>comedunt</strong></span> <span class='ocrx_word' id='word_1_748' title='bbox 1343 5150 1408 5205; x_wconf 87' lang='lat' dir='ltr'><strong>de</strong></span> <span class='ocrx_word' id='word_1_749' title='bbox 1461 5147 1614 5202; x_wconf 80' lang='lat' dir='ltr'><strong>micis</strong></span> <span class='ocrx_word' id='word_1_750' title='bbox 1658 5145 1991 5216; x_wconf 85' lang='lat' dir='ltr'><strong>puerorum?</strong></span> 
     </span>
    </p>
   </div>
   <div class='ocr_carea' id='block_1_101' title="bbox 400 5235 1993 5313">
    <p class='ocr_par' dir='ltr' id='par_1_101' title="bbox 400 5235 1993 5313">
     <span class='ocr_line' id='line_1_102' title="bbox 400 5235 1993 5313; baseline -0.006 -14"><span class='ocrx_word' id='word_1_751' title='bbox 400 5240 588 5299; x_wconf 76' lang='lat' dir='ltr'><strong>Mensa</strong></span> <span class='ocrx_word' id='word_1_752' title='bbox 626 5244 824 5313; x_wconf 86' lang='lat' dir='ltr'><strong>quippe</strong></span> <span class='ocrx_word' id='word_1_753' title='bbox 861 5250 945 5298; x_wconf 90' lang='lat' dir='ltr'><strong>est</strong></span> <span class='ocrx_word' id='word_1_754' title='bbox 969 5242 1247 5310; x_wconf 75' lang='lat' dir='ltr'><strong>Scriptura</strong></span> <span class='ocrx_word' id='word_1_755' title='bbox 1297 5247 1507 5302; x_wconf 87' lang='lat' dir='ltr'><strong>sancta,</strong></span> <span class='ocrx_word' id='word_1_756' title='bbox 1549 5253 1668 5306; x_wconf 75' lang='lat' dir='ltr'><strong>qua:</strong></span> <span class='ocrx_word' id='word_1_757' title='bbox 1709 5235 1864 5292; x_wconf 86' lang='lat' dir='ltr'><strong>nobis</strong></span> <span class='ocrx_word' id='word_1_758' title='bbox 1898 5249 1993 5304; x_wconf 86' lang='lat' dir='ltr'><strong>pa-</strong></span> 
     </span>
    </p>
   </div>
   <div class='ocr_carea' id='block_1_102' title="bbox 405 5320 1991 5395">
    <p class='ocr_par' dir='ltr' id='par_1_102' title="bbox 405 5320 1991 5395">
     <span class='ocr_line' id='line_1_103' title="bbox 405 5320 1991 5395; baseline -0.008 -4"><span class='ocrx_word' id='word_1_759' title='bbox 405 5350 529 5391; x_wconf 88' lang='lat' dir='ltr'><strong>nem</strong></span> <span class='ocrx_word' id='word_1_760' title='bbox 555 5320 678 5388; x_wconf 66' lang='lat' dir='ltr'><strong>vita:</strong></span> <span class='ocrx_word' id='word_1_761' title='bbox 702 5332 993 5395; x_wconf 83' lang='lat' dir='ltr'><strong>ministrat,</strong></span> <span class='ocrx_word' id='word_1_762' title='bbox 1021 5331 1150 5385; x_wconf 90' lang='lat' dir='ltr'><strong>hinc</strong></span> <span class='ocrx_word' id='word_1_763' title='bbox 1174 5329 1373 5384; x_wconf 85' lang='lat' dir='ltr'><strong>etenim</strong></span> <span class='ocrx_word' id='word_1_764' title='bbox 1403 5327 1535 5381; x_wconf 88' lang='lat' dir='ltr'><strong>dicit</strong></span> <span class='ocrx_word' id='word_1_765' title='bbox 1576 5325 1816 5391; x_wconf 84' lang='lat' dir='ltr'><strong>Ecclesia</strong></span> <span class='ocrx_word' id='word_1_766' title='bbox 1842 5339 1857 5378; x_wconf 89' lang='lat'><strong>:</strong></span> <span class='ocrx_word' id='word_1_767' title='bbox 1881 5321 1991 5378; x_wconf 84' lang='lat' dir='ltr'><strong>Pa-</strong></span> 
     </span>
    </p>
   </div>
   <div class='ocr_carea' id='block_1_103' title="bbox 406 5413 1990 5492">
    <p class='ocr_par' dir='ltr' id='par_1_103' title="bbox 406 5413 1990 5492">
     <span class='ocr_line' id='line_1_104' title="bbox 406 5413 1990 5492; baseline -0.008 -13"><span class='ocrx_word' id='word_1_768' title='bbox 406 5425 535 5479; x_wconf 88' lang='lat' dir='ltr'><strong>rasti</strong></span> <span class='ocrx_word' id='word_1_769' title='bbox 555 5423 612 5478; x_wconf 86' lang='lat' dir='ltr'><strong>in</strong></span> <span class='ocrx_word' id='word_1_770' title='bbox 645 5430 919 5492; x_wconf 80' lang='lat' dir='ltr'><strong>conspectu</strong></span> <span class='ocrx_word' id='word_1_771' title='bbox 945 5436 1058 5474; x_wconf 83' lang='lat' dir='ltr'><strong>meo</strong></span> <span class='ocrx_word' id='word_1_772' title='bbox 1100 5434 1331 5472; x_wconf 82' lang='lat' dir='ltr'><strong>mensam</strong></span> <span class='ocrx_word' id='word_1_773' title='bbox 1364 5416 1610 5471; x_wconf 80' lang='lat' dir='ltr'><strong>adversus</strong></span> <span class='ocrx_word' id='word_1_774' title='bbox 1651 5431 1736 5469; x_wconf 82' lang='lat' dir='ltr'><strong>eos</strong></span> <span class='ocrx_word' id='word_1_775' title='bbox 1769 5413 1857 5487; x_wconf 84' lang='lat' dir='ltr'><strong>qui</strong></span> <span class='ocrx_word' id='word_1_776' title='bbox 1893 5414 1990 5467; x_wconf 84' lang='lat' dir='ltr'><strong>tri-</strong></span> 
     </span>
    </p>
   </div>
   <div class='ocr_carea' id='block_1_104' title="bbox 409 5507 1994 5586">
    <p class='ocr_par' dir='ltr' id='par_1_104' title="bbox 409 5507 1994 5586">
     <span class='ocr_line' id='line_1_105' title="bbox 409 5507 1994 5586; baseline -0.006 -19"><span class='ocrx_word' id='word_1_777' title='bbox 409 5514 589 5570; x_wconf 80' lang='lat' dir='ltr'><strong>bulant</strong></span> <span class='ocrx_word' id='word_1_778' title='bbox 611 5528 692 5567; x_wconf 85' lang='lat' dir='ltr'><strong>nte</strong></span> <span class='ocrx_word' id='word_1_779' title='bbox 714 5509 887 5586; x_wconf 82' lang='lat' dir='ltr'><strong>(Psal.</strong></span> <span class='ocrx_word' id='word_1_780' title='bbox 913 5508 1073 5583; x_wconf 79' lang='lat' dir='ltr'><strong>ml).</strong></span> <span class='ocrx_word' id='word_1_781' title='bbox 1118 5507 1267 5561; x_wconf 72' lang='lat' dir='ltr'><strong>Mica:</strong></span> <span class='ocrx_word' id='word_1_782' title='bbox 1294 5522 1584 5577; x_wconf 85' lang='lat' dir='ltr'><strong>puerorum</strong></span> <span class='ocrx_word' id='word_1_783' title='bbox 1620 5507 1831 5561; x_wconf 86' lang='lat' dir='ltr'><strong>interna</strong></span> <span class='ocrx_word' id='word_1_784' title='bbox 1866 5511 1994 5559; x_wconf 83' lang='lat' dir='ltr'><strong>sunt</strong></span> 
     </span>
    </p>
   </div>
   <div class='ocr_carea' id='block_1_105' title="bbox 410 5596 1995 5675">
    <p class='ocr_par' dir='ltr' id='par_1_105' title="bbox 410 5596 1995 5675">
     <span class='ocr_line' id='line_1_106' title="bbox 410 5596 1995 5675; baseline -0.006 -17"><span class='ocrx_word' id='word_1_785' title='bbox 410 5605 663 5675; x_wconf 85' lang='lat' dir='ltr'><strong>mysteria</strong></span> <span class='ocrx_word' id='word_1_786' title='bbox 675 5601 1103 5675; x_wconf 86' lang='lat' dir='ltr'><strong>S.:ripturarum,</strong></span> <span class='ocrx_word' id='word_1_787' title='bbox 1135 5598 1332 5668; x_wconf 88' lang='lat' dir='ltr'><strong>quibus</strong></span> <span class='ocrx_word' id='word_1_788' title='bbox 1357 5597 1643 5653; x_wconf 84' lang='lat' dir='ltr'><strong>humilium</strong></span> <span class='ocrx_word' id='word_1_789' title='bbox 1670 5596 1845 5653; x_wconf 87' lang='lat' dir='ltr'><strong>solent</strong></span> <span class='ocrx_word' id='word_1_790' title='bbox 1874 5610 1995 5651; x_wconf 77' lang='lat' dir='ltr'><strong>cor-</strong></span> 
     </span>
    </p>
   </div>
   <div class='ocr_carea' id='block_1_106' title="bbox 414 5688 1995 5759">
    <p class='ocr_par' dir='ltr' id='par_1_106' title="bbox 414 5688 1995 5759">
     <span class='ocr_line' id='line_1_107' title="bbox 414 5688 1995 5759; baseline -0.001 -13"><span class='ocrx_word' id='word_1_791' title='bbox 414 5691 481 5746; x_wconf 84' lang='lat' dir='ltr'><strong>da</strong></span> <span class='ocrx_word' id='word_1_792' title='bbox 508 5693 675 5750; x_wconf 89' lang='lat' dir='ltr'><strong>reﬁci.</strong></span> <span class='ocrx_word' id='word_1_793' title='bbox 712 5691 827 5748; x_wconf 85' lang='lat' dir='ltr'><strong>Non</strong></span> <span class='ocrx_word' id='word_1_794' title='bbox 855 5707 982 5759; x_wconf 69' lang='lat' dir='ltr'><strong>ergo</strong></span> <span class='ocrx_word' id='word_1_795' title='bbox 1006 5698 1240 5757; x_wconf 78' lang='lat' dir='ltr'><strong>crustas,</strong></span> <span class='ocrx_word' id='word_1_796' title='bbox 1272 5689 1365 5745; x_wconf 80' lang='lat' dir='ltr'><strong>sed</strong></span> <span class='ocrx_word' id='word_1_797' title='bbox 1394 5690 1562 5745; x_wconf 86' lang='lat' dir='ltr'><strong>micas</strong></span> <span class='ocrx_word' id='word_1_798' title='bbox 1593 5688 1659 5744; x_wconf 88' lang='lat' dir='ltr'><strong>de</strong></span> <span class='ocrx_word' id='word_1_799' title='bbox 1695 5703 1832 5759; x_wconf 87' lang='lat' dir='ltr'><strong>pane</strong></span> <span class='ocrx_word' id='word_1_800' title='bbox 1864 5703 1995 5759; x_wconf 79' lang='lat' dir='ltr'><strong>pue-</strong></span> 
     </span>
    </p>
   </div>
   <div class='ocr_carea' id='block_1_107' title="bbox 2094 4951 3668 5030">
    <p class='ocr_par' dir='ltr' id='par_1_107' title="bbox 2094 4951 3668 5030">
     <span class='ocr_line' id='line_1_108' title="bbox 2094 4951 3668 5030; baseline -0.004 -17"><span class='ocrx_word' id='word_1_801' title='bbox 2094 4979 2113 5013; x_wconf 74' lang='grc' dir='ltr'><strong><em>ι</em></strong></span> <span class='ocrx_word' id='word_1_802' title='bbox 2134 4959 2495 5030; x_wconf 88' lang='lat' dir='ltr'><strong>intelligentes</strong></span> <span class='ocrx_word' id='word_1_803' title='bbox 2514 4958 2658 5028; x_wconf 90' lang='lat' dir='ltr'><strong>quod</strong></span> <span class='ocrx_word' id='word_1_804' title='bbox 2681 4957 2857 5012; x_wconf 89' lang='lat' dir='ltr'><strong>omnis</strong></span> <span class='ocrx_word' id='word_1_805' title='bbox 2878 4955 3190 5021; x_wconf 80' lang='lat' dir='ltr'><strong>fornicator,</strong></span> <span class='ocrx_word' id='word_1_806' title='bbox 3221 4959 3316 5007; x_wconf 89' lang='lat' dir='ltr'><strong>aut</strong></span> <span class='ocrx_word' id='word_1_807' title='bbox 3336 4951 3668 5018; x_wconf 83' lang='lat' dir='ltr'><strong>immundus,</strong></span> 
     </span>
    </p>
   </div>
   <div class='ocr_carea' id='block_1_108' title="bbox 2098 5043 3668 5119">
    <p class='ocr_par' dir='ltr' id='par_1_108' title="bbox 2098 5043 3668 5119">
     <span class='ocr_line' id='line_1_109' title="bbox 2098 5043 3668 5119; baseline -0.004 -17"><span class='ocrx_word' id='word_1_808' title='bbox 2098 5057 2232 5104; x_wconf 75' lang='lat' dir='ltr'><strong>caut</strong></span> <span class='ocrx_word' id='word_1_809' title='bbox 2268 5063 2488 5119; x_wconf 83' lang='lat' dir='ltr'><strong>avarus,</strong></span> <span class='ocrx_word' id='word_1_810' title='bbox 2524 5048 2667 5118; x_wconf 89' lang='lat' dir='ltr'><strong>quod</strong></span> <span class='ocrx_word' id='word_1_811' title='bbox 2703 5055 2787 5103; x_wconf 88' lang='lat' dir='ltr'><strong>est</strong></span> <span class='ocrx_word' id='word_1_812' title='bbox 2823 5046 3089 5103; x_wconf 84' lang='lat' dir='ltr'><strong>idolorum</strong></span> <span class='ocrx_word' id='word_1_813' title='bbox 3134 5044 3390 5106; x_wconf 88' lang='lat' dir='ltr'><strong>servitus,</strong></span> <span class='ocrx_word' id='word_1_814' title='bbox 3426 5058 3531 5099; x_wconf 91' lang='lat' dir='ltr'><strong>non</strong></span> <span class='ocrx_word' id='word_1_815' title='bbox 3569 5043 3668 5097; x_wconf 91' lang='lat' dir='ltr'><strong>ha-</strong></span> 
     </span>
    </p>
   </div>
   <div class='ocr_carea' id='block_1_109' title="bbox 2100 5132 3673 5208">
    <p class='ocr_par' dir='ltr' id='par_1_109' title="bbox 2100 5132 3673 5208">
     <span class='ocr_line' id='line_1_110' title="bbox 2100 5132 3673 5208; baseline -0.003 -16"><span class='ocrx_word' id='word_1_816' title='bbox 2100 5140 2231 5197; x_wconf 65' lang='lat' dir='ltr'><strong>rbet</strong></span> <span class='ocrx_word' id='word_1_817' title='bbox 2275 5139 2647 5195; x_wconf 60' lang='lat' dir='ltr'><strong>hereditatem</strong></span> <span class='ocrx_word' id='word_1_818' title='bbox 2688 5138 2746 5192; x_wconf 89' lang='lat' dir='ltr'><strong>in</strong></span> <span class='ocrx_word' id='word_1_819' title='bbox 2784 5152 2951 5208; x_wconf 85' lang='lat' dir='ltr'><strong>regno</strong></span> <span class='ocrx_word' id='word_1_820' title='bbox 2990 5135 3193 5191; x_wconf 84' lang='lat' dir='ltr'><strong>Christi</strong></span> <span class='ocrx_word' id='word_1_821' title='bbox 3229 5142 3287 5191; x_wconf 90' lang='lat' dir='ltr'><strong>ct</strong></span> <span class='ocrx_word' id='word_1_822' title='bbox 3324 5134 3441 5191; x_wconf 88' lang='lat' dir='ltr'><strong>Dei.</strong></span> <span class='ocrx_word' id='word_1_823' title='bbox 3502 5132 3673 5188; x_wconf 77' lang='lat' dir='ltr'><strong>Nemo</strong></span> 
     </span>
    </p>
   </div>
   <div class='ocr_carea' id='block_1_110' title="bbox 2101 5222 3673 5297">
    <p class='ocr_par' dir='ltr' id='par_1_110' title="bbox 2101 5222 3673 5297">
     <span class='ocr_line' id='line_1_111' title="bbox 2101 5222 3673 5297; baseline -0.004 -15"><span class='ocrx_word' id='word_1_824' title='bbox 2101 5249 2119 5282; x_wconf 71' lang='grc' dir='ltr'><strong>ε</strong></span> <span class='ocrx_word' id='word_1_825' title='bbox 2141 5244 2237 5287; x_wconf 80' lang='lat' dir='ltr'><strong>vos</strong></span> <span class='ocrx_word' id='word_1_826' title='bbox 2264 5230 2488 5284; x_wconf 73' lang='lat' dir='ltr'><strong>seducet</strong></span> <span class='ocrx_word' id='word_1_827' title='bbox 2510 5228 2759 5285; x_wconf 84' lang='lat' dir='ltr'><strong>inanibus</strong></span> <span class='ocrx_word' id='word_1_828' title='bbox 2788 5226 2986 5291; x_wconf 79' lang='lat' dir='ltr'><strong>verbis,</strong></span> <span class='ocrx_word' id='word_1_829' title='bbox 3016 5233 3240 5297; x_wconf 86' lang='lat' dir='ltr'><strong>propter</strong></span> <span class='ocrx_word' id='word_1_830' title='bbox 3267 5227 3382 5282; x_wconf 57' lang='lat' dir='ltr'><strong>inec</strong></span> <span class='ocrx_word' id='word_1_831' title='bbox 3408 5222 3557 5280; x_wconf 81' lang='lat' dir='ltr'><strong>enim</strong></span> <span class='ocrx_word' id='word_1_832' title='bbox 3581 5235 3673 5276; x_wconf 73' lang='lat' dir='ltr'><strong>ve-</strong></span> 
     </span>
    </p>
   </div>
   <div class='ocr_carea' id='block_1_111' title="bbox 2100 5312 3674 5388">
    <p class='ocr_par' dir='ltr' id='par_1_111' title="bbox 2100 5312 3674 5388">
     <span class='ocr_line' id='line_1_112' title="bbox 2100 5312 3674 5388; baseline -0.003 -13"><span class='ocrx_word' id='word_1_833' title='bbox 2100 5340 2120 5375; x_wconf 73' lang='grc'><strong>(</strong></span> <span class='ocrx_word' id='word_1_834' title='bbox 2142 5322 2222 5377; x_wconf 88' lang='lat' dir='ltr'><strong>nit</strong></span> <span class='ocrx_word' id='word_1_835' title='bbox 2264 5321 2345 5375; x_wconf 89' lang='lat' dir='ltr'><strong>ira</strong></span> <span class='ocrx_word' id='word_1_836' title='bbox 2383 5319 2479 5375; x_wconf 89' lang='lat' dir='ltr'><strong>Dei</strong></span> <span class='ocrx_word' id='word_1_837' title='bbox 2508 5319 2564 5373; x_wconf 91' lang='lat' dir='ltr'><strong>in</strong></span> <span class='ocrx_word' id='word_1_838' title='bbox 2602 5318 2741 5374; x_wconf 89' lang='lat' dir='ltr'><strong>ﬁlios</strong></span> <span class='ocrx_word' id='word_1_839' title='bbox 2772 5316 3103 5375; x_wconf 66' lang='lat' dir='ltr'><strong>diﬁideutia.</strong></span> <span class='ocrx_word' id='word_1_840' title='bbox 3156 5317 3332 5373; x_wconf 79' lang='lat' dir='ltr'><strong>Nolite</strong></span> <span class='ocrx_word' id='word_1_841' title='bbox 3369 5330 3500 5388; x_wconf 77' lang='lat' dir='ltr'><strong>ergo</strong></span> <span class='ocrx_word' id='word_1_842' title='bbox 3535 5312 3674 5370; x_wconf 82' lang='lat' dir='ltr'><strong>elllei</strong></span> 
     </span>
    </p>
   </div>
   <div class='ocr_carea' id='block_1_112' title="bbox 2105 5406 3676 5489">
    <p class='ocr_par' dir='ltr' id='par_1_112' title="bbox 2105 5406 3676 5489">
     <span class='ocr_line' id='line_1_113' title="bbox 2105 5406 3676 5489; baseline -0.003 -27"><span class='ocrx_word' id='word_1_843' title='bbox 2105 5429 2123 5462; x_wconf 75' lang='grc' dir='ltr'>ι</span> <span class='ocrx_word' id='word_1_844' title='bbox 2143 5409 2437 5482; x_wconf 88' lang='lat' dir='ltr'><strong>participes</strong></span> <span class='ocrx_word' id='word_1_845' title='bbox 2474 5422 2681 5489; x_wconf 71' lang='lat' dir='ltr'><strong>eorum.</strong></span> <span class='ocrx_word' id='word_1_846' title='bbox 2728 5406 2907 5463; x_wconf 83' lang='lat' dir='ltr'><strong>Eratis</strong></span> <span class='ocrx_word' id='word_1_847' title='bbox 2939 5406 3223 5477; x_wconf 79' lang='lat' dir='ltr'><strong>aliquando</strong></span> <span class='ocrx_word' id='word_1_848' title='bbox 3249 5406 3505 5477; x_wconf 65' lang='lat' dir='ltr'><strong>tenebrae,</strong></span> <span class='ocrx_word' id='word_1_849' title='bbox 3530 5416 3676 5459; x_wconf 81' lang='lat' dir='ltr'><strong>nunc</strong></span> 
     </span>
    </p>
   </div>
   <div class='ocr_carea' id='block_1_113' title="bbox 2105 5492 3676 5564">
    <p class='ocr_par' dir='ltr' id='par_1_113' title="bbox 2105 5492 3676 5564">
     <span class='ocr_line' id='line_1_114' title="bbox 2105 5492 3676 5564; baseline -0.003 -13"><span class='ocrx_word' id='word_1_850' title='bbox 2105 5518 2123 5551; x_wconf 71' lang='grc' dir='ltr'>ι</span> <span class='ocrx_word' id='word_1_851' title='bbox 2146 5507 2327 5554; x_wconf 84' lang='lat' dir='ltr'><strong>autem</strong></span> <span class='ocrx_word' id='word_1_852' title='bbox 2348 5498 2437 5555; x_wconf 79' lang='lat' dir='ltr'><strong>lus</strong></span> <span class='ocrx_word' id='word_1_853' title='bbox 2470 5498 2524 5553; x_wconf 88' lang='lat' dir='ltr'><strong>in</strong></span> <span class='ocrx_word' id='word_1_854' title='bbox 2550 5497 2803 5564; x_wconf 75' lang='lat' dir='ltr'><strong>Domino,</strong></span> <span class='ocrx_word' id='word_1_855' title='bbox 2832 5505 2894 5552; x_wconf 91' lang='lat' dir='ltr'><strong>ut</strong></span> <span class='ocrx_word' id='word_1_856' title='bbox 2923 5497 3019 5553; x_wconf 90' lang='lat' dir='ltr'><strong>ﬁlii</strong></span> <span class='ocrx_word' id='word_1_857' title='bbox 3046 5497 3182 5553; x_wconf 87' lang='lat' dir='ltr'><strong>lucis</strong></span> <span class='ocrx_word' id='word_1_858' title='bbox 3201 5496 3309 5552; x_wconf 88' lang='lat' dir='ltr'><strong>aml</strong></span> <span class='ocrx_word' id='word_1_859' title='bbox 3328 5494 3491 5551; x_wconf 78' lang='lat' dir='ltr'><strong>ulate.</strong></span> <span class='ocrx_word' id='word_1_860' title='bbox 3538 5492 3676 5548; x_wconf 69' lang='grc' dir='ltr'><strong>Ρω-</strong></span> 
     </span>
    </p>
   </div>
   <div class='ocr_carea' id='block_1_114' title="bbox 2106 5585 3680 5657">
    <p class='ocr_par' dir='ltr' id='par_1_114' title="bbox 2106 5585 3680 5657">
     <span class='ocr_line' id='line_1_115' title="bbox 2106 5585 3680 5657; baseline -0.003 -13"><span class='ocrx_word' id='word_1_861' title='bbox 2106 5610 2125 5644; x_wconf 73' lang='grc' dir='ltr'>ι</span> <span class='ocrx_word' id='word_1_862' title='bbox 2144 5601 2265 5648; x_wconf 90' lang='lat' dir='ltr'><strong>ctus</strong></span> <span class='ocrx_word' id='word_1_863' title='bbox 2288 5592 2434 5648; x_wconf 86' lang='lat' dir='ltr'><strong>enim</strong></span> <span class='ocrx_word' id='word_1_864' title='bbox 2465 5590 2602 5648; x_wconf 87' lang='lat' dir='ltr'><strong>lucis</strong></span> <span class='ocrx_word' id='word_1_865' title='bbox 2629 5599 2735 5657; x_wconf 90' lang='lat' dir='ltr'><strong>est,</strong></span> <span class='ocrx_word' id='word_1_866' title='bbox 2773 5591 2828 5647; x_wconf 90' lang='lat' dir='ltr'><strong>in</strong></span> <span class='ocrx_word' id='word_1_867' title='bbox 2851 5590 2997 5647; x_wconf 90' lang='lat' dir='ltr'><strong>omni</strong></span> <span class='ocrx_word' id='word_1_868' title='bbox 3025 5589 3267 5646; x_wconf 84' lang='lat' dir='ltr'><strong>bonitate</strong></span> <span class='ocrx_word' id='word_1_869' title='bbox 3302 5585 3585 5657; x_wconf 78' lang='lat' dir='ltr'><strong>etjustitis</strong></span> <span class='ocrx_word' id='word_1_870' title='bbox 3620 5592 3680 5640; x_wconf 88' lang='lat' dir='ltr'><strong>et</strong></span> 
     </span>
    </p>
   </div>
   <div class='ocr_carea' id='block_1_115' title="bbox 2107 5688 2446 5741">
    <p class='ocr_par' dir='ltr' id='par_1_115' title="bbox 2107 5688 2446 5741">
     <span class='ocr_line' id='line_1_116' title="bbox 2107 5688 2446 5741; baseline -0.015 1"><span class='ocrx_word' id='word_1_871' title='bbox 2107 5704 2125 5737; x_wconf 77' lang='grc' dir='ltr'>ι</span> <span class='ocrx_word' id='word_1_872' title='bbox 2147 5688 2393 5741; x_wconf 74' lang='lat' dir='ltr'><strong>veritate.</strong></span> <span class='ocrx_word' id='word_1_873' title='bbox 2424 5704 2446 5737; x_wconf 74' lang='grc' dir='ltr'><strong><em>ι</em></strong></span> 
     </span>
    </p>
   </div>
  </div>
