3998 6198
370 374 477 429 135

1190 359 1706 422 COLLECTIONES
1738 357 1803 412 IN
1840 348 2220 409 EPiS'lOLAS
2255 350 2344 406 ΕΤ
2381 349 2766 407 EVANGELIA

3515 345 3618 402 154

441 485 622 538 L’stote
640 482 930 535 imitatores
950 479 1065 544 Dei,
1085 479 1222 532 sicut
1243 477 1340 547 ﬁlii
1361 473 1675 531 charissimi.
1703 472 1802 542 (Ex
1825 471 1952 522 κιε-
1977 468 2024 526 Λ
2051 465 2177 517 salsi
2224 464 2364 532 apud
2390 462 2638 517 homines
2672 459 3019 530 appellamur.
3068 456 3233 512 Decet
3281 456 3425 512 enim
3469 454 3626 513 ειη-ι.

367 574 515 646 ron.)
545 572 661 627 Non
695 571 842 626 enim
861 578 993 641 puto
1029 570 1179 638 quod
1199 570 1250 622 in
1279 570 1492 621 caeteris
1513 576 1760 632 quoqtve,
1799 572 1945 627 qna:-

368 679 592 734 eunque
615 663 759 717 Deus
788 661 1017 726 fecerit,
1056 661 1218 715 homo
1241 673 1369 713 eum
1388 664 1572 727 posset
1595 653 1795 709 imitari
1812 692 1826 716 ,
1855 648 1952 703 sed

368 755 524 811 verbi
553 767 743 817 causa,
785 759 848 805 ut
875 765 983 819 quo
1009 750 1169 804 modo
1197 747 1290 803 ille
1322 754 1406 802 est
1427 745 1665 800 clemens
1686 782 1700 806 ,
1729 750 1786 796 et
1815 738 1954 810 pluit

370 860 536 914 super
579 845 750 898 bonos
775 849 832 896 et
859 839 1051 903 malos,
1083 839 1163 894 sic
1184 838 1348 892 etiam
1379 850 1479 890 nos
1520 833 1817 887 bonitatem
1857 844 1956 883 no-

373 943 546 989 stram
579 946 744 1001 super
769 944 959 985 omnes
984 927 1230 983 homines
1257 924 1612 980 effundamus.
1642 920 1794 988 Quod
1828 933 1955 972 cum

373 1021 690 1085 fecerimus,
706 1019 912 1074 erimus
933 1016 1027 1070 lilii
1056 1013 1254 1079 dilecti,
1277 1015 1390 1068 sive
1411 1011 1581 1082 ipsius
1608 1009 1792 1073 Pauli,
1817 1007 1955 1070 sive,

373 1111 524 1182 quod
551 1110 745 1165 melius
771 1117 926 1179 puto,
954 1106 1069 1160 Dei.

448 1223 558 1295 (Ea:
587 1219 844 1292 Primos.)
869 1218 1174 1273 lmitatione
1197 1217 1342 1270 enim
1368 1229 1473 1269 non
1509 1221 1698 1267 natura
1739 1210 1831 1263 lilii
1861 1209 1955 1262 Dei

379 1331 589 1380 sumus,
617 1314 760 1368 sicut
783 1311 860 1364 ait
886 1308 1165 1364 Salvator:
1201 1303 1271 1359 Ut
1307 1305 1422 1359 sitis
1449 1303 1549 1372 filii
1580 1299 1759 1354 Patris
1779 1299 1955 1362 vestri,

378 1409 472 1477 qui
499 1408 554 1460 in
581 1403 722 1459 ctelis
749 1409 823 1457 est
854 1400 1070 1472 (Matth.
1099 1414 1131 1450 v
1157 1398 1197 1469 ).

455 1518 524 1571 Et
558 1514 820 1571 ambulate
857 1513 910 1565 in
938 1510 1233 1573 dilectione,
1263 1509 1396 1561 sicut
1425 1515 1470 1560 et
1503 1503 1742 1558 Chrissus
1776 1501 1959 1556 dilexit

382 1627 498 1673 nos,
530 1618 576 1661 et
604 1604 822 1660 tradidit
852 1602 1181 1671 semetipsum
1215 1613 1308 1668 pro
1345 1597 1510 1660 nobis,
1556 1594 1867 1648 oblationem
1913 1601 1960 1646 et

382 1699 608 1754 hostiam
647 1695 774 1757 Deo,
816 1693 870 1745 in
902 1690 1113 1745 odorem
1135 1686 1427 1742 suavitatis.
1461 1684 1559 1752 (Ex
1586 1679 1831 1752 Hieron.)
1861 1680 1961 1748 Qui

382 1803 481 1859 pro
511 1786 736 1840 aliorum
763 1781 936 1837 salute
961 1793 1131 1848 usque
1166 1777 1231 1830 ad
1261 1774 1574 1845 sanguinem
1609 1781 1797 1826 contra
1835 1786 1962 1840 pec-

381 1894 563 1939 catum
588 1880 829 1941 dimicat,
853 1877 925 1930 ita
951 1882 1083 1928 utet
1109 1872 1342 1926 animam
1367 1883 1518 1924 suam
1541 1867 1721 1921 tradat
1742 1876 1840 1934 pro
1859 1863 1958 1927 eis,

386 1977 493 2030 iste
520 1971 753 2028 ambulat
778 1965 1143 2031 incharitate,
1176 1962 1392 2016 imitans
1426 1959 1722 2020 Christum,
1750 1955 1841 2026 qui
1868 1965 1966 2008 nos

387 2066 442 2120 in
481 2073 684 2119 tantum
726 2058 929 2119 dilexit,
968 2063 1028 2110 ut
1076 2066 1290 2109 crucem
1333 2065 1432 2122 pro
1473 2049 1646 2103 salute
1686 2045 1966 2101 hominum

388 2157 714 2219 sustineret,
758 2149 1024 2221 quomodo
1053 2146 1193 2201 enim
1228 2143 1316 2198 ille
1355 2141 1580 2196 tradidit
1618 2137 1966 2206 semetipsum

388 2266 487 2321 pro
516 2247 690 2311 nobis,
716 2245 792 2298 sic
816 2250 870 2297 et
899 2243 1010 2312 ipse
1037 2251 1136 2309 pro
1173 2235 1370 2306 quibus
1393 2239 1572 2304 potest
1615 2229 1847 2284 libenter
1871 2242 1968 2282 oc-

389 2317 676 2403 cumbens,
692 2334 988 2391 imitabitur
1007 2345 1152 2394 eum,
1168 2328 1261 2399 qui
1283 2325 1610 2381 oblationem
1635 2329 1691 2375 et
1710 2317 1966 2380 hostiam,

392 2431 446 2486 in
473 2430 700 2486 odorem
731 2423 1002 2480 suavitatis
1027 2436 1086 2476 se
1113 2417 1260 2474 Patri
1283 2416 1522 2478 tradidit,
1549 2413 1640 2468 tiet
1663 2412 1828 2467 etiam
1851 2408 1967 2480 ipse

391 2521 600 2578 oblatio
623 2526 676 2573 et
702 2515 875 2572 hostia
903 2513 1078 2568 Deoin
1106 2511 1326 2566 odorem
1357 2505 1657 2562 suavitatis.

466 2628 774 2684 Form'catio
795 2633 990 2687 autem,
1004 2630 1050 2676 et
1072 2619 1237 2674 omnis
1257 2616 1597 2671 immunditia
1614 2622 1704 2668 aut
1725 2612 1972 2676 avaritia,

399 2737 489 2774 nec
519 2717 815 2771 nominetur
841 2713 893 2765 in
916 2711 1073 2775 vobis,
1106 2710 1239 2762 sicut
1279 2706 1421 2760 decet
1451 2713 1678 2758 sanctos.
1713 2700 1826 2755 Nisi
1856 2700 1974 2771 phi-

401 2808 744 2878 losophorum
775 2803 991 2872 quidam
1022 2799 1242 2870 cynicus
1267 2796 1604 2858 exstitisset,
1640 2792 1732 2861 qui
1760 2793 1978 2848 doceret

403 2913 616 2955 omnem
643 2895 1004 2951 titillationem
1041 2890 1218 2946 carnis
1264 2897 1320 2943 et
1363 2886 1562 2940 ﬂuxum
1607 2883 1829 2938 seminis
1871 2897 1975 2935 non

400 2988 699 3051 vitandum,
730 2999 1003 3053 nunquam
1028 2988 1244 3036 sanctus
1271 2975 1580 3047 Apostolus,
1626 2970 1868 3027 scribens
1911 2973 1980 3024 ad

401 3081 685 3153 Ephesios,
718 3078 784 3132 ad
813 3073 1222 3131 fornicationem
1249 3071 1412 3124 etiam
1447 3080 1662 3123 omnem
1691 3062 1980 3118 immundi-

403 3150 536 3230 tiam
565 3170 886 3242 copulasset,
915 3177 973 3223 et
1000 3167 1067 3221 ad
1096 3161 1486 3218 immunditiam
1509 3158 1781 3230 iunxisset
1806 3156 1982 3210 avari-
2009 3150 2053 3212 C

406 3267 557 3322 tiam.
580 3262 698 3318 Non
725 3263 884 3326 hanc,
913 3257 1053 3329 quod
1079 3254 1334 3321 pecunias
1356 3252 1600 3322 cupimus
1629 3260 1981 3318 congregare,

404 3358 503 3414 sed
530 3356 698 3421 illam,
726 3354 793 3408 de
821 3367 922 3422 qua
952 3363 1113 3418 supra
1140 3346 1404 3400 diximus:
1448 3341 1530 3396 Ne
1558 3337 1986 3410 supergredialur

407 3463 601 3502 avarus
623 3445 678 3498 in
700 3441 903 3514 negotio
925 3440 1140 3510 fratrem
1166 3453 1320 3490 suum
1344 3431 1394 3506 (Ι
1420 3431 1571 3485 Thes.
1597 3431 1694 3498 tv),
1723 3429 1774 3484 id
1805 3438 1905 3492 est,
1931 3425 1985 3479 in

407 3535 662 3592 adulterii
707 3531 1002 3602 negotium,
1053 3527 1196 3598 quod
1238 3533 1322 3580 est
1358 3519 1681 3580 insatiabilis
1726 3534 1824 3590 per
1874 3531 1989 3570 om-

409 3629 502 3683 nia
535 3623 919 3695 turpitudinum
960 3619 1301 3687 lasciviaeque
1339 3616 1646 3678 discursus,
1690 3611 1829 3681 quod
1857 3625 1988 3666 con-

411 3726 669 3792 gruenter
703 3724 758 3770 et
785 3710 1132 3783 turpitudinis
1167 3706 1494 3779 generaliter
1519 3704 1716 3774 accipit
1740 3717 1954 3757 nomen.

485 3826 879 3898 Stultiloqaium
901 3834 990 3878 aut
1014 3819 1309 3877 scurrilitas
1328 3857 1344 3886 ,
1373 3833 1489 3889 quis
1519 3815 1589 3870 ad
1613 3831 1721 3870 rem
1748 3830 1850 3868 non
1876 3827 1994 3884 per-

414 3923 600 3977 tinent.
631 3915 1036 3985 Stultiloquium
1060 3927 1181 3967 esse
1201 3910 1430 3974 testium,
1456 3922 1562 3962 non
1587 3906 1763 3960 solum
1807 3919 1992 3960 eorum

418 4011 512 4082 qui
546 4009 726 4078 aliqua
761 4013 989 4061 narrant
1015 4003 1210 4073 turpia,
1243 4009 1302 4055 ut
1331 4001 1500 4054 risum
1531 4004 1816 4061 moveant,
1839 4003 1896 4050 et
1921 3994 1999 4048 fa-

420 4103 610 4158 tuitate
657 4097 928 4161 simulata,
961 4096 1133 4165 magis
1171 4094 1398 4148 illudant
1427 4091 1527 4157 eis,
1558 4089 1756 4161 quibus
1782 4087 2000 4158 placere

421 4193 756 4257 desiderant,
807 4189 902 4246 sed
931 4189 1095 4242 etiam
1141 4201 1329 4242 eorum
1373 4185 1466 4254 qui
1518 4182 1790 4252 sapientes
1819 4179 2001 4236 steculi

419 4293 702 4359 putantur,
723 4291 777 4336 et
801 4282 868 4337 de
896 4281 1058 4336 rebus
1079 4277 1316 4350 physicis
1338 4277 1694 4346 disputantes,
1718 4272 1905 4327 dicunt
1946 4284 2005 4326 se

423 4391 622 4432 arenas
647 4375 910 4435 littorum,
937 4379 1117 4442 guttas
1143 4368 1351 4434 oceani,
1377 4365 1637 4422 ctelorum
1665 4363 1864 4434 spatia,
1895 4370 2005 4415 ter-

427 4481 613 4538 ra:th
635 4473 893 4536 punctum
917 4462 1119 4531 liquido
1145 4457 1638 4528 comprehendisse.
1665 4455 1811 4510 Inter
1832 4452 2007 4509 stulti-

429 4559 669 4629 loquium
698 4564 877 4611 autem
927 4563 984 4610 et
1011 4552 1393 4609 scurrilitatem
1415 4591 1429 4616 ,
1451 4549 1554 4604 hoc
1581 4550 1827 4611 interest,
1862 4546 2006 4616 quod

431 4649 823 4719 stultiloquium
857 4647 989 4702 nihil
1037 4646 1089 4700 in
1136 4661 1193 4700 se
1227 4645 1440 4714 sapiens
1468 4643 1650 4705 habet,
1708 4640 2009 4695 scurrilitas

433 4761 566 4802 vero
611 4743 677 4798 de
703 4741 952 4811 prudenti
982 4747 1163 4794 mente
1198 4737 1507 4798 descendit,
1547 4744 1602 4790 et
1630 4733 1875 4789 consulto
1916 4749 2012 4803 ap-

419 4837 569 4908 petit
593 4834 864 4904 qumdam,
895 4830 978 4886 vel
1005 4832 1208 4886 urbana
1237 4829 1424 4893 verba,
1452 4826 1538 4881 vel
1565 4827 1764 4881 rustica
1785 4865 1800 4890 ,
1823 4823 1908 4879 vel
1937 4824 2011 4877 fa-

435 4936 577 4990 ceta,
610 4939 732 4994 quae
754 4939 849 4977 nos
870 4920 1266 4990 jocularitatem
1289 4919 1395 4973 alio
1424 4918 1589 4972 verbo
1615 4930 1898 4986 possumus
1921 4930 2016 4984 ap-

437 5015 662 5087 pellare,
690 5021 752 5068 ut
781 5013 950 5067 risum
976 5018 1193 5066 moveat
1221 5009 1583 5064 audientibus.
1616 5007 1812 5061 Verum
1843 5006 1960 5059 haac
1987 5019 2018 5057 a

438 5106 645 5161 sanctis
669 5103 804 5158 viris
837 5103 1051 5172 penitus
1079 5099 1445 5172 propellenda,
1475 5098 1669 5166 quibus
1695 5095 1865 5166 magis
1892 5109 2022 5149 con-

439 5199 592 5255 venit
638 5197 858 5268 lugere:
899 5195 1049 5250 Beati
1091 5194 1231 5249 enim
1267 5193 1357 5262 qui
1398 5191 1596 5261 lugent,
1642 5190 1888 5261 quoniam
1923 5188 2024 5254 ipsi

443 5286 876 5344 consolabuntur.

518 5379 624 5435 Sed
644 5380 811 5450 magis
834 5379 1125 5450 gratiarum
1150 5378 1306 5432 actio.
1321 5375 1540 5444 Quaerat
1559 5375 1755 5445 aliquis
1774 5382 1828 5429 et
1849 5373 2020 5428 dicat:

446 5469 576 5539 quid
602 5471 704 5525 sibi
735 5469 848 5524 vult
872 5477 994 5539 post
1028 5469 1434 5524 fornicationem
1475 5467 1800 5538 prohibitam
1839 5473 1893 5521 et
1921 5465 2024 5519 im-

448 5561 789 5626 munditiam,
818 5571 1122 5632 cazteraque
1143 5561 1294 5626 vitia,
1325 5560 1618 5631 gratiarum
1642 5559 1818 5614 actio?
1845 5557 1900 5612 in
1925 5559 2028 5612 hoc

451 5650 572 5706 loco
599 5668 706 5706 non
738 5650 840 5706 ista
864 5659 949 5707 est
974 5652 1271 5715 nominata,
1299 5651 1452 5720 juxta
1495 5665 1658 5720 quam
1685 5649 1890 5717 gratias
1915 5647 2029 5718 agi-

453 5758 576 5799 mus
620 5743 761 5809 Deo,
790 5744 882 5800 sed
909 5745 1061 5815 juxta
1096 5759 1259 5816 quam
1291 5743 1533 5815 gratiam,
1580 5743 1694 5797 sive
1721 5741 1946 5814 gratiosi
1975 5749 2030 5796 et

2049 553 2211 609 stiani
2237 567 2541 608 sermonem
2567 551 2682 607 sale
2699 565 2819 606 esse
2839 550 3138 615 conditum,
3159 557 3218 603 ut
3237 548 3467 620 gratiam
3487 549 3640 619 apud.

2049 644 2334 700 audientes
2359 643 2573 698 habeat.

2085 778 2088 781 ·
2124 753 2238 807 Hoc
2267 763 2441 806 autem
2464 752 2647 806 scitote
2686 750 3047 820 intelligentes,
3092 749 3230 820 quod
3256 749 3425 803 omnis
3467 748 3633 819 forni-

2052 853 2220 906 cator,
2251 853 2343 895 aut
2369 841 2689 905 immundus,
2730 850 2822 892 aut
2846 855 3058 903 avarus,
3087 838 3232 909 quod
3269 847 3341 891 est
3369 836 3633 890 idolorum

2051 939 2293 999 seruitus,
2341 950 2443 988 non
2481 932 2633 986 habet
2666 931 3021 986 hereditatem
3058 932 3116 984 in
3150 947 3307 1000 regno
3347 927 3541 983 Christi
3585 941 3641 984 et

2052 1029 2171 1083 Dei.
2202 1027 2504 1081 Notandum
2531 1025 2674 1095 quod
2699 1039 2794 1080 sex
2817 1025 2964 1078 vitiis
2991 1037 3152 1092 supra
3178 1020 3464 1091 prohibitis
3483 1060 3498 1084 ,
3531 1019 3642 1074 for-

2053 1117 2348 1180 nicatione,
2378 1114 2740 1179 immunditia,
2772 1113 3020 1176 avaritia,
3061 1111 3425 1180 turpitudine,
3462 1109 3642 1164 stulti-

2053 1205 2614 1276 loquio,'scurrilitate
2636 1245 2649 1269 ,
2679 1219 2822 1258 nunc
2849 1212 3052 1257 tantum
3087 1202 3197 1256 tria
3215 1201 3492 1271 posuerit,
3523 1199 3636 1254 for-

2055 1298 2418 1361 nicationem,
2470 1293 2900 1358 immunditiam,
2949 1293 3264 1357 avaritiam,
3307 1293 3507 1360 quibus
3547 1293 3638 1359 qui

2057 1388 2222 1443 fuerit
2247 1388 2534 1452 obnoxius,
2562 1386 2936 1442 hereditatem
2959 1386 3013 1438 in
3040 1399 3206 1454 regno
3231 1383 3430 1438 Christi
3457 1390 3512 1437 et
3542 1381 3642 1436 Dei

2059 1477 2259 1531 habere
2305 1491 2410 1529 non
2457 1477 2648 1544 possit.
2701 1474 2758 1529 Si
2799 1476 2949 1528 enim
2991 1475 3335 1542 stultiloquus
3370 1484 3424 1528 et
3453 1488 3642 1529 scurra

2061 1568 2219 1623 alieni
2247 1575 2426 1623 essent
2450 1583 2479 1621 a
2509 1583 2676 1638 regno
2705 1567 2821 1632 Dei,
2847 1569 3116 1637 quomodo
3140 1576 3250 1622 tres
3277 1583 3412 1637 quos
3437 1568 3644 1638 specia-

2062 1659 2185 1713 liter
2231 1673 2567 1728 separamus,
2615 1659 2889 1713 videretur
2916 1661 3182 1714 senténtia
3210 1675 3331 1715 esse
3374 1661 3642 1726 crudelis,

2064 1763 2170 1802 non
2201 1748 2482 1818 ignoscere
2513 1749 2867 1804 imbecillitati
2899 1749 3202 1820 fragilitatis
3230 1752 3497 1816 humanm,
3523 1767 3648 1807 cum

2066 1841 2226 1897 etiam
2254 1857 2354 1911 per
2375 1841 2556 1909 jocum
2582 1857 2681 1896 nos
2708 1842 2849 1897 dicta
2885 1844 3222 1899 damnarent.
3275 1845 3378 1912 Qui
3419 1847 3562 1900 enim
3593 1847 3648 1900 in

2067 1947 2320 1986 sermone
2339 1947 2444 1986 non
2475 1931 2690 1996 labitur,
2709 1933 2983 2000 perfectus
3011 1942 3095 1988 est
3119 1935 3218 1997 vir,
3237 1936 3484 2004 quamvis
3505 1936 3649 1990 enim

2069 2019 2266 2088 aliquis
2313 2034 2342 2072 a
2391 2018 2784 2085 fornicatione,
2834 2020 3169 2075 immunditia
3221 2031 3382 2092 atque
3429 2021 3651 2077 lascivia

2071 2109 2280 2164 alienus
2311 2111 2415 2172 sit,
2463 2120 2644 2164 tamen
2687 2112 2735 2165 si
2777 2112 3120 2181 stultiloquus
3148 2121 3202 2167 et
3237 2128 3428 2168 scurra
3466 2113 3649 2180 fuerit,

2070 2215 2175 2255 non
2204 2199 2408 2254 tenebit
2431 2215 2553 2254 eum
2584 2200 2759 2254 locum
2779 2242 2791 2263 ,
2836 2217 2997 2270 quem
3036 2217 3387 2271 possessums
3411 2215 3559 2269 erat,
3604 2205 3652 2260 si

2071 2290 2187 2344 haec
2217 2290 2346 2343 vitia
2378 2305 2485 2343 non
2512 2291 2756 2344 haberet.
2794 2290 3137 2361 Respondeat
3167 2293 3306 2363 quis,
3334 2301 3484 2361 esto,
3519 2296 3654 2350 stul-

2072 2381 2388 2449 tiloquium,
2422 2380 2725 2435 scurrilitas
2759 2396 2865 2437 non
2903 2383 3153 2438 eumdem
3187 2383 3388 2439 habent
3423 2394 3654 2449 reatum,

2072 2483 2232 2540 quem
2279 2469 2594 2536 fornicatio,
2627 2471 2966 2527 immunditia
3001 2479 3056 2527 et
3101 2474 3361 2539 avaritia,
3417 2475 3660 2544 nunquid

2072 2561 2179 2616 nan
2205 2569 2260 2615 et
2289 2562 2681 2631 turpitudinem
2727 2577 2850 2617 cum
2884 2563 3058 2618 tribus
3110 2563 3296 2617 debuit
3340 2565 3660 2620 nominare?

2072 2649 2154 2704 Ad
2185 2651 2328 2720 quod
2352 2651 2660 2718 dicendum,
2688 2653 3071 2722 turpitudinem
3097 2653 3186 2708 hic
3214 2655 3519 2726 significare
3542 2656 3661 2711 abs-

2076 2741 2293 2795 condita
2325 2743 2730 2811 cogitationum,
2763 2757 2884 2797 cum
2915 2743 3319 2798 inflammantur
3346 2759 3538 2801 sensus
3567 2760 3664 2800 no-

2077 2830 2176 2884 stri
2202 2829 2593 2893 ad'libidinem,
2635 2840 2690 2886 et
2727 2833 2908 2886 carnis
2943 2833 3251 2888 titillatione
3285 2836 3465 2889 anima
3494 2836 3665 2905 ignita

2081 2920 2448 2985 succenditur,
2473 2929 2529 2974 et
2553 2921 2901 2976 nihilominus
2926 2922 3022 2976 Dei
3047 2924 3241 2978 timore
3269 2932 3324 2978 et
3356 2927 3553 2980 mentis
3570 2926 3662 2996 ju-

2080 3008 2223 3066 dicio
2244 3009 2571 3066 refrenatur.
2605 3012 2844 3081 Denique
2881 3015 3046 3067 etiam
3071 3029 3232 3084 supra
3262 3018 3465 3086 absque
3495 3019 3666 3088 turpi-

2087 3101 2272 3156 tudine
2319 3102 2424 3155 tria
2471 3103 2676 3171 pariter
2723 3101 3047 3172 appellavit,
3099 3104 3319 3159 dicens:
3363 3103 3668 3161 Fornicatio

2085 3202 2256 3246 autem
2281 3200 2330 3246 et
2355 3193 2523 3246 omnis
2552 3193 2885 3246 immunditia
2911 3203 2959 3246 et
2983 3193 3230 3258 avaritia,
3259 3211 3349 3248 nec
3376 3196 3674 3249 nominetur

2086 3285 2144 3336 in
2172 3282 2332 3346 vobis,
2363 3291 2418 3338 et
2447 3283 2740 3352 deinceps:
2777 3281 3069 3352 Turpitudo
3113 3299 3230 3337 cum
3261 3284 3586 3358 stultiloquio
3623 3297 3672 3341 et

2087 3374 2405 3428 ssimilitate
2433 3384 2708 3428 numerata
2750 3383 2859 3438 est,
2899 3381 2956 3428 et
2982 3374 3250 3444 quomodo
3281 3375 3673 3446 stultiloquium

2089 3473 2146 3519 et
2169 3463 2494 3528 scurrilitas,
2518 3464 2597 3518 sic
2615 3469 2672 3516 et
2701 3464 2802 3517 ista
2830 3463 3108 3532 turpitudo
3135 3478 3240 3517 non
3267 3463 3464 3531 perdit,
3489 3478 3591 3518 nec
3617 3464 3674 3518 in

2090 3562 2413 3627 perpetuum
2438 3551 2674 3607 excludit
2697 3567 2727 3604 a
2758 3566 2947 3622 regno.
2977 3550 3286 3606 invenimus
3312 3552 3368 3604 in
3395 3551 3528 3606 locis
3552 3552 3672 3622 plu-

2091 3647 2247 3701 rimis
2268 3646 2654 3730 prophetarum
2677 3643 3036 3699 idololatriam
3062 3642 3476 3700 fornicationem
3499 3647 3681 3717 appel-

2092 3738 2294 3792 latam:
2338 3733 2789 3800 Fornicabantur,
2821 3735 3016 3805 inQuit,
3041 3744 3156 3806 post
3186 3734 3330 3789 idola
3355 3753 3474 3802 sua,
3503 3747 3552 3791 et
3573 3738 3682 3808 spi-

2095 3829 2200 3882 ritu
2222 3825 2587 3896 fornicationis
2609 3826 2812 3880 seducti
2838 3836 2960 3880 sunt
2985 3823 3157 3891 (Osew
3179 3826 3276 3898 tv).
3295 3826 3479 3883 Potest
3501 3829 3684 3898 itaque

2097 3918 2452 3974 foruicatioet
2477 3933 2640 3988 super
2662 3917 2962 3977 idololatria
2991 3917 3234 3990 intelligi.
3260 3917 3316 3973 Si
3341 3935 3468 3975 vero
3489 3935 3686 3977 avarus

2099 4011 2189 4066 ille
2217 4010 2494 4080 accipitur,
2529 4010 2622 4079 qui
2667 4009 2952 4079 pecuniam
3002 4018 3276 4080 utcunque
3315 4012 3682 4080 conquirens,

2100 4116 2351 4156 nummos
2379 4114 2481 4169 per
2503 4098 2586 4153 fas
2607 4106 2661 4153 et
2689 4098 2844 4153 nefas
2873 4099 3072 4153 habere
3109 4099 3413 4166 desiderat,
3441 4101 3542 4155 iste
3570 4101 3686 4156 ido-

2100 4187 2294 4244 lolatra
2343 4187 2396 4240 in
2441 4201 2508 4242 eo
2541 4195 2660 4252 est,
2705 4187 2830 4256 quia
2871 4187 3204 4256 sculpturam
3263 4187 3434 4256 ipsius
3477 4192 3684 4245 nummi

2106 4279 2256 4345 colit,
2289 4287 2346 4334 et
2369 4280 2509 4335 idola
2539 4281 2593 4334 in
2639 4295 2703 4334 ea
2747 4279 2931 4335 caelata
2967 4289 3276 4335 veneratur.
3309 4281 3380 4338 Ut
3409 4283 3686 4338 voracium

2107 4371 2240 4425 deus
2281 4378 2472 4425 venter
2509 4378 2626 4436 est,
2668 4372 2742 4426 ita
2772 4371 3088 4442 cupidorum
3137 4388 3350 4444 quoque
3389 4373 3690 4445 justissime

2108 4461 2336 4531 pecunia
2364 4462 2498 4516 deus
2537 4461 2646 4516 dici
2687 4471 2884 4531 potest.
2935 4462 3166 4519 Maxime
3195 4479 3318 4519 cum
3347 4465 3399 4520 in
3441 4467 3548 4522 alio
3572 4467 3692 4524 loco

2112 4555 2400 4626 Apostolus
2446 4556 2797 4625 cupiditatem
2841 4556 3198 4620 idololatriam
3226 4569 3401 4616 vocet.
3451 4561 3533 4618 Ad
3577 4564 3693 4619 haec

2113 4648 2402 4702 videndum
2450 4647 2579 4718 quid
2631 4649 2832 4704 sentire
2882 4649 3112 4705 voluerit
3158 4652 3381 4708 dicens:
3425 4653 3482 4708 in
3529 4670 3696 4726 regno

2115 4739 2314 4795 Christi
2344 4747 2399 4792 et
2426 4739 2544 4805 Dei,
2577 4749 2886 4794 utrumnam
2922 4741 3064 4796 aliud
3119 4758 3344 4812 regnum
3375 4743 3574 4799 Christi
3604 4746 3694 4810 sit,

2117 4831 2260 4885 aliud
2289 4830 2408 4896 Dei,
2437 4846 2504 4885 an
2537 4831 2675 4885 idem
2706 4847 2928 4901 regnum
2960 4833 3030 4887 sit
3065 4833 3244 4888 Patris
3271 4841 3324 4888 et
3351 4833 3493 4888 Filii.
3523 4835 3592 4890 Et
3618 4837 3697 4891 si-

2118 4921 2336 4990 quidem
2366 4921 2591 4976 dixisset
2615 4941 2626 4975 :
2662 4922 2716 4976 in
2740 4937 2904 4992 regno
2930 4922 3050 4976 Filii
3076 4932 3130 4978 et
3159 4922 3355 4988 Patris,
3388 4941 3485 4994 per
3505 4925 3699 4981 Filium

2121 5012 2428 5066 veniremus
2470 5010 2536 5064 ad
2568 5010 2808 5075 Patrem,
2844 5018 2898 5082 et
2926 5010 3055 5066 licet
3090 5019 3233 5067 esset
3264 5013 3547 5068 diversitas
3575 5031 3700 5085 per~

2124 5116 2413 5165 sonarum,
2463 5109 2641 5155 tamen
2689 5109 2834 5154 esset
2883 5101 3226 5170 regnantium
3273 5119 3379 5156 una
3427 5101 3703 5172 majestas.

2125 5192 2282 5248 Nunc
2328 5207 2458 5248 vero
2502 5205 2624 5248 cum
2675 5192 2909 5247 dixerit:
2947 5192 3004 5247 in
3042 5209 3211 5264 regno
3235 5194 3441 5251 Christi
3487 5206 3541 5252 et
3581 5197 3707 5257 Dei,

2128 5285 2304 5354 ipsum
2332 5284 2618 5339 Dominum
2653 5291 2707 5338 et
2735 5282 3009 5339 Christum
3058 5285 3452 5356 intelligamus,
3502 5289 3626 5357 quia
3653 5296 3707 5340 ct

2129 5390 2251 5430 cum
2281 5375 2565 5429 tradiderit
2594 5389 2817 5445 regnum
2842 5373 2954 5432 Deo
2983 5383 3038 5431 et
3060 5375 3230 5442 Patri,
3262 5393 3369 5432 non
3407 5377 3512 5430 erit
3551 5374 3712 5429 Pater

2132 5469 2314 5523 omnia
2345 5468 2398 5521 in
2426 5468 2692 5531 omnibus,
2721 5470 2814 5524 sed
2842 5469 2984 5525 Deus
3010 5469 3192 5524 omnia
3223 5469 3278 5523 in
3307 5467 3575 5522 omnibus.
3611 5467 3710 5523 Ubi

2135 5567 2315 5613 autem
2341 5557 2484 5613 Deus
2509 5566 2625 5624 est,
2653 5566 2761 5613 tam
2799 5558 2962 5614 Pater
2989 5574 3150 5629 quam
3181 5557 3346 5612 Filius
3376 5556 3597 5630 intelligi
3621 5573 3716 5629 po-

2135 5661 2260 5708 test.
2282 5651 2454 5706 Porro
2478 5650 2622 5720 Quod
2651 5651 2716 5706 de
2736 5650 2896 5706 Patre
2921 5662 2975 5706 et
3003 5651 3140 5706 Filio
3169 5649 3413 5714 dicimus,
3441 5649 3544 5706 hoc
3576 5651 3713 5707 idem

2137 5752 2192 5800 et
2217 5742 2282 5798 dc
2311 5749 2500 5798 sancto
2533 5741 2738 5812 Spiritu
2768 5742 3078 5796 sentiamus.
