3998 6198
290 379 394 438 15ξῖ

1567 358 1917 420 SMABAGDI
1953 355 2242 413 ABBATIS

3439 340 3542 398 156

363 495 532 552 Nemo
559 510 646 548 vos
670 491 893 562 decipiat
917 486 1162 542 inanibus
1200 483 1386 539 verbis.
1425 480 1601 535 Verba
1627 491 1747 548 quae
1773 477 1868 530 de-
1893 473 1943 534 A
1975 488 1995 522 ι
2027 473 2112 562 cio
2134 469 2416 562 daemonia,
2444 466 2688 542 profecto
2707 473 2955 562 pervenit
2971 464 3040 562 and
3061 475 3156 518 vos
3180 473 3406 562 regnum
3427 457 3546 513 Dei.

293 590 499 659 cipiunt
526 593 686 654 atque
711 582 1074 652 supplantant,
1101 576 1282 631 inania
1311 581 1436 628 sunt
1461 580 1515 627 et
1542 585 1734 634 vacua,
1754 581 1874 638 qua:

292 693 424 733 vero
465 675 730 737 aediﬁcant
777 671 1092 736 audientes,
1135 666 1328 738 plena,
1373 663 1684 726 cumulata,
1739 673 1872 714 con-

297 769 566 836 fertaque.

369 857 592 926 Propter
613 856 722 909 lure
749 854 883 908 enim
912 853 1045 906 venit
1072 851 1154 904 ira
1175 848 1275 902 Dei
1310 848 1367 900 in
1389 845 1529 914 ﬁlios
1551 841 1870 912 difﬁdentia.

297 946 614 1002 Diﬁidentiaa
635 943 728 998 lilii
753 943 833 997 sic
851 942 1122 1003 dicuntur,
1151 937 1422 1008 quomodo
1443 934 1537 989 ﬁlii
1558 929 1876 1002 perditionis

298 1047 354 1092 et
382 1033 772 1096 fornicationis,
796 1038 850 1085 et
877 1029 972 1083 ﬁlii
1002 1028 1188 1082 mortis
1217 1035 1268 1080 et
1291 1025 1385 1080 ﬁli.
1407 1023 1683 1095 gehennaa,
1699 1027 1753 1073 et
1775 1033 1878 1095 cm-

301 1135 414 1182 tera
437 1126 524 1180 his
543 1123 760 1186 similia,
786 1135 906 1190 qua:
932 1119 985 1174 in
1011 1117 1177 1172 variis
1203 1115 1608 1184 Scripturarum
1636 1109 1772 1164 locis
1797 1107 1878 1161 in-

300 1216 486 1270 venire
511 1210 762 1283 perfacile
787 1217 890 1264 est.

373 1304 550 1359 Nolite
575 1318 696 1371 ergo
741 1299 870 1371 eﬁici
895 1298 1174 1367 participes
1212 1310 1412 1350 eorum.
1455 1290 1732 1358 Particeps
1765 1287 1880 1342 sive

303 1393 694 1463 comparticeps
727 1389 790 1444 ﬁt
813 1388 1118 1444 difﬁdentiae
1146 1385 1402 1449 ﬁliorum,
1436 1381 1528 1452 qui
1558 1380 1613 1433 in
1642 1376 1880 1433 fornica-

304 1485 451 1538 tione
477 1491 534 1536 et
555 1480 894 1536 immunditia
923 1477 1053 1533 etin
1079 1475 1324 1537 avaritia,
1351 1479 1574 1542 praptcr
1594 1483 1714 1538 qua:
1733 1464 1881 1520 venit

306 1573 384 1627 ira
414 1573 506 1627 Dei
537 1586 698 1640 super
718 1570 855 1624 ﬁlios
880 1565 1206 1629 diﬁidentiaa,
1230 1563 1520 1633 reperitur,
1535 1568 1590 1614 et
1611 1557 1882 1628 particeps

310 1661 524 1732 quidem
551 1675 738 1714 eorum
762 1667 848 1712 est
867 1698 882 1723 ,
912 1657 981 1711 ab
1015 1671 1081 1711 eo
1109 1655 1249 1724 quod
1274 1651 1626 1723 participatur
1655 1656 1710 1702 et
1733 1662 1883 1702 com-

309 1754 619 1808 munionem
669 1752 834 1806 habet
880 1749 1144 1804 malorum
1188 1760 1438 1815 Operum,
1492 1741 1884 1811 compartieeps

308 1859 439 1900 vero
472 1844 517 1898 is
542 1841 858 1912 appellatur,
888 1838 978 1907 qui
1007 1853 1126 1892 cum
1167 1836 1287 1889 aliis
1311 1842 1396 1889 est
1419 1833 1708 1902 particeps.

379 1935 558 1988 Eratis
586 1933 724 1986 enim
754 1931 1038 2001 aliquando
1061 1927 1304 1989 tenebar,
1337 1943 1475 1980 nunc
1502 1934 1677 1978 autem
1709 1922 1802 1978 luat
1831 1923 1888 1977 in

310 2024 555 2078 Domino.
583 2021 963 2091 Cumpropter
987 2017 1246 2073 malitiam
1282 2015 1517 2071 tenebrae
1545 2020 1888 2076 vocarentur,

314 2116 382 2170 ad
405 2115 624 2170 meliora
644 2099 910 2178 conversi,
930 2126 1074 2166 nunc
1095 2110 1188 2165 lux
1209 2108 1546 2180 appellantur
1567 2106 1623 2160 in
1640 2105 1887 2160 Domino.

315 2201 502 2259 omnis
530 2203 672 2256 enim
701 2201 792 2269 qui
819 2208 1074 2270 operatur
1098 2199 1324 2261 malum,
1351 2196 1464 2252 odit
1493 2195 1687 2257 lucem,
1715 2194 1782 2247 de
1804 2193 1888 2262 ju-

314 2295 414 2350 stis
440 2293 658 2349 dicitur:
695 2291 852 2346 Nunc
873 2298 1047 2346 autem
1080 2289 1173 2343 lux
1196 2289 1252 2342 in
1276 2287 1522 2340 Domino.
1550 2285 1894 2338 Tenebrosus

314 2394 399 2440 est
424 2392 478 2439 et
505 2384 643 2438 ﬁlius
680 2381 855 2438 noctis
879 2387 1043 2449 atque
1084 2377 1466 2439 tenebrarum,
1513 2373 1604 2442 qui
1638 2378 1894 2442 operatur

317 2473 542 2537 malum,
571 2471 663 2541 qui
692 2485 818 2525 vero
843 2475 1104 2539 operatur
1131 2466 1416 2521 veritatem
1443 2471 1498 2518 et
1518 2462 1575 2517 in
1602 2461 1777 2518 lucem
1802 2475 1893 2514 ve-

317 2563 397 2616 nit
424 2560 510 2615 lux
539 2569 622 2614 est
643 2567 698 2614 et
727 2558 870 2613 ﬁlius
895 2557 1034 2612 lueis
1060 2565 1116 2611 et
1140 2554 1262 2610 diei.

394 2647 461 2702 Ut
483 2647 581 2716 ﬁlii
605 2646 739 2700 lucis
761 2645 1045 2700 ambulate.
1079 2642 1137 2699 Si
1169 2645 1310 2698 Deus
1339 2642 1429 2698 lux
1469 2650 1632 2698 estet
1659 2641 1895 2696 tenebrae

321 2752 430 2792 non
473 2742 598 2790 sunt
633 2736 687 2789 in
735 2749 822 2798 eo,
850 2733 945 2788 ﬁlii
976 2733 1114 2788 lucis
1140 2741 1285 2799 sunt,
1315 2747 1547 2797 necnon,
1577 2732 1624 2786 si
1652 2729 1898 2784 Christus

320 2827 410 2881 lux
440 2841 566 2880 vera
591 2832 692 2889 est,
723 2824 816 2879 ﬁlii
841 2838 1053 2895 quoque
1081 2822 1218 2892 ejus,
1261 2822 1330 2877 ad
1373 2838 1509 2892 quos
1532 2820 1790 2890 loquitur,
1816 2818 1896 2874 di-

322 2932 452 2972 cens
489 2935 500 2970 :
541 2914 722 2970 Filioli
767 2915 898 2979 mei,
948 2914 1119 2968 adhuc
1164 2913 1428 2968 modicum
1474 2911 1738 2966 vobiscum
1779 2924 1895 2965 sunt

321 3007 502 3081 (Joan.
566 3008 692 3078 vn),
735 3006 828 3061 ﬁlii
857 3020 988 3060 vero
1013 3005 1150 3061 lucis
1177 3013 1334 3070 sunt,
1381 3021 1448 3059 ex
1477 3019 1586 3073 quo
1629 3003 1898 3072 colligitur

321 3101 537 3154 eosdem
590 3097 726 3152 ﬁlios
765 3109 884 3151 esse
913 3094 1008 3149 Dei
1047 3095 1250 3164 patris,
1287 3095 1377 3164 qui
1413 3101 1547 3162 sunt
1574 3091 1667 3147 ﬁlii
1696 3091 1896 3147 Christi

322 3189 470 3246 Jcsu.

396 3277 626 3330 Fructus
648 3275 784 3329 enim
807 3284 881 3329 est
909 3273 1063 3338 lum,
1079 3281 1134 3329 et
1151 3282 1364 3329 caetera.
1393 3272 1669 3344 Siquidem
1693 3270 1901 3328 fructus

324 3369 461 3425 lucis
488 3383 592 3422 non
616 3366 786 3422 solum
815 3373 901 3422 est
929 3365 984 3420 in
1014 3366 1251 3420 bonitate
1270 3405 1284 3427 ,
1317 3364 1411 3420 scd
1438 3364 1492 3420 in
1521 3362 1736 3431 jusutia
1762 3371 1820 3417 et
1846 3362 1899 3417 in

323 3458 575 3522 veritate,
604 3457 695 3512 ubi
730 3457 910 3526 itaque
957 3455 1171 3515 bonitas
1200 3461 1302 3520 est,
1336 3455 1407 3509 ibi
1445 3463 1500 3510 et
1519 3453 1773 3525 justitia:
1809 3452 1901 3509 ubi

318 3547 551 3617 justitia,
594 3549 667 3603 ibi
715 3557 1109 3617 consequenter
1146 3555 1201 3603 et
1244 3546 1464 3601 veritas.
1503 3545 1660 3615 Apud
1701 3545 1904 3602 bonum

326 3654 454 3709 ergo
480 3639 680 3694 Christi
709 3639 946 3703 Patrem,
971 3648 1031 3694 ut
1051 3639 1150 3710 ipsi
1175 3653 1387 3708 quoque
1407 3637 1662 3700 fatentur,
1676 3645 1733 3692 et
1753 3636 1906 3691 boni-

329 3738 413 3784 tas
437 3738 521 3784 est
548 3739 602 3783 et
628 3729 861 3783 veritas:
887 3728 976 3783 ubi
1002 3737 1182 3783 autem
1213 3729 1425 3784 bonitas
1443 3736 1498 3783 et
1522 3728 1740 3792 veritas,
1762 3727 1906 3797 apud

330 3816 526 3885 ipsum,
563 3825 618 3871 et
646 3831 752 3870 non
783 3817 925 3886 apud
947 3817 1127 3882 alium,
1160 3827 1221 3872 ut
1248 3833 1390 3873 nunc
1414 3816 1702 3886 Apostolus
1725 3816 1903 3882 docet,

323 3904 531 3974 justitia
575 3913 677 3960 est.
719 3905 988 3978 lntclligat
1025 3922 1238 3977 quoque
1267 3907 1504 3963 Marcion
1535 3909 1710 3978 ipsum
1750 3908 1908 3963 Chri-

331 4002 473 4048 stum
515 3991 834 4058 bonitatem,
869 3995 1154 4050 veritatem
1201 4003 1255 4049 et
1293 3994 1558 4064 justitiam
1583 3996 1903 4066 nuncupari.

332 4083 634 4140 Bonitatem
661 4083 716 4137 in
745 4097 834 4148 eo,
863 4084 1006 4153 quod
1031 4100 1136 4140 non
1163 4085 1457 4154 secundum
1489 4100 1673 4156 opera,
1702 4087 1797 4143 sed
1822 4103 1909 4144 se-

333 4175 563 4229 cundum
585 4174 1010 4232 misericordiam
1029 4177 1118 4232 det
1138 4179 1365 4249 gratiam
1387 4181 1730 4238 credentibus
1745 4181 1798 4235 in
1815 4195 1904 4246 se;

327 4263 532 4330 justitia
555 4265 610 4320 in
632 4286 717 4332 eo,
747 4267 870 4321 dum
897 4266 1180 4336 unicuique
1203 4270 1450 4324 retribuit
1471 4270 1613 4340 quod
1637 4282 1906 4338 meretur;

332 4374 493 4428 porro
553 4361 776 4424 veritas.
826 4362 953 4416 dum
1014 4362 1126 4431 ipse
1177 4365 1324 4419 solus
1393 4380 1588 4422 causas
1629 4376 1907 4422 creatura-

335 4464 453 4502 rum
481 4451 718 4505 omnium
753 4467 1040 4522 rerumque
1066 4458 1360 4525 cognoscit.

712 4555 1046 4596 EVANCSLIUI
1087 4560 1256 4609 ιυωε,
1297 4562 1413 4600 CAP.
1454 4563 1526 4601 XI.

413 4647 431 4680 ι
468 4628 599 4682 Erat
631 4629 787 4685 Iesus
811 4630 1032 4698 cjicicns
1058 4634 1398 4700 daemonium,
1429 4651 1484 4694 et
1507 4639 1634 4694 illud
1654 4649 1774 4695 erat
1793 4656 1909 4695 mu-

345 4742 363 4774 α
400 4732 531 4778 tum.
566 4721 631 4777 Et
656 4739 777 4778 cum
808 4723 1059 4793 ejecisset
1085 4726 1428 4796 daemonium,
1457 4730 1668 4787 locutus
1691 4740 1778 4787 est
1799 4749 1914 4788 mu-

345 4832 363 4864 ς
398 4822 501 4878 tus,
529 4822 582 4867 et
609 4815 885 4871 admirata:
913 4828 1040 4872 sunt
1059 4821 1243 4874 turba).
1274 4821 1501 4887 Quidam
1532 4833 1710 4878 autem
1739 4839 1806 4879 ex
1835 4825 1914 4881 eis

347 4921 364 4954 ‹
399 4905 648 4958 dixerunt
675 4926 687 4959 :
724 4905 779 4960 In
809 4907 1106 4964 Beelzebub
1133 4911 1375 4982 principe
1412 4913 1794 4970 daemoniorum
1821 4915 1915 4983 eji-

348 5009 365 5042 ‹
405 4993 478 5047 cit
511 4993 794 5049 dcemonia.
837 4995 903 5050 Et
947 4997 1038 5052 alii
1084 5007 1388 5064 tentantes,
1429 5001 1640 5071 signum
1682 5004 1749 5058 de
1780 5005 1918 5060 coelo

349 5100 367 5132 ς
407 5084 717 5152 qumrebant
749 5085 816 5140 ab
839 5100 921 5140 co.
950 5086 1066 5158 Ipse
1094 5098 1273 5144 autem
1314 5100 1370 5144 ut
1397 5092 1531 5146 vidit
1567 5094 1920 5163 cogitationes

353 5190 371 5222 ‹
405 5188 611 5238 eorum,
640 5173 777 5228 dixit
809 5177 924 5232 eis:
963 5176 1133 5233 Omne
1159 5195 1381 5250 regnum
1405 5182 1460 5236 in
1490 5197 1548 5238 se
1573 5183 1747 5252 ipsum
1781 5183 1920 5239 divi-

352 5281 369 5314 i
407 5279 524 5318 sum
563 5264 924 5332 desolabitur,
957 5278 1010 5324 et
1057 5269 1247 5334 domus
1275 5288 1436 5343 supra
1473 5272 1692 5329 domum
1743 5277 1919 5331 cadet.

352 5373 370 5405 Ι
409 5354 465 5410 Si
496 5363 752 5410 autemet
779 5357 1010 5416 Satanas
1056 5359 1107 5414 in
1147 5362 1384 5430 seipsum
1421 5364 1626 5420 divisus
1651 5375 1752 5429 est,
1792 5383 1920 5436 quo-

354 5461 372 5493 ε
406 5444 564 5499 modo
591 5445 755 5500 stabit
787 5462 1009 5518 regnum
1038 5448 1192 5516 ejus?
1229 5453 1354 5520 quia
1380 5454 1557 5509 dicitis
1583 5473 1594 5508 :
1633 5456 1687 5509 ln
1713 5456 1922 5513 Beelze-

355 5552 372 5584 ι
406 5534 516 5591 ’ὺιὼ
539 5536 730 5607 ejicere
747 5553 830 5593 me
847 5539 1128 5595 dmmonia.
1147 5541 1200 5595 Si
1219 5553 1399 5598 autem
1426 5561 1524 5615 ego
1548 5547 1600 5601 in
1623 5548 1920 5605 Beelzebub

357 5641 374 5672 ι
409 5623 563 5691 ejicio
600 5627 881 5693 dmmonia,
915 5630 1006 5685 lilii
1054 5635 1216 5687 vestri
1256 5635 1309 5689 in
1349 5651 1455 5705 quo
1497 5636 1762 5706 cjiciunt?
1799 5642 1922 5694 Ideo

357 5728 374 5763 ¢
411 5713 508 5782 ipsi
533 5715 740 5786 judices
769 5722 929 5775 vestri
958 5731 1135 5807 erunt.
1161 5721 1330 5781 Porro
1356 5726 1398 5780 si
1430 5726 1482 5781 in
1515 5727 1678 5800 digito
1708 5729 1799 5785 Dei
1827 5732 1921 5802 cji«

1933 4513 1987 4571 D

1982 579 2000 612 ς
2036 561 2170 616 Cum
2199 557 2354 617 fortis
2374 568 2617 616 armatus
2651 558 2890 614 custodit
2911 555 3106 609 atrium
3130 567 3304 613 suum,
3336 551 3391 606 in
3417 564 3554 619 pace

1983 669 2002 702 ‹
2034 659 2161 706 sunt
2183 651 2362 706 omnia
2391 666 2512 720 qua:
2544 649 2803 718 possidet.
2850 645 2906 700 Si
2944 651 3123 698 autem
3153 641 3346 694 fortior
3371 653 3436 694 eo
3462 653 3556 692 su-

1982 758 2001 791 i
2037 740 2359 810 perveniens
2383 743 2575 793 vicerit
2611 751 2735 791 eum
2755 776 2769 800 ,
2800 735 3051 788 universa
3079 746 3234 785 arma
3257 727 3375 797 ejus
3404 726 3557 782 aufe—

1983 851 2001 883 ι
2038 839 2143 895 ret,
2169 831 2222 886 in
2249 832 2442 900 quibus
2467 829 2786 890 conﬁdebat,
2817 833 2872 880 et
2898 824 3068 895 spolia
3099 824 3219 894 ejus
3245 821 3553 876 distribuet.

1984 939 2002 971 ι
2039 920 2140 986 Qui
2165 935 2270 973 non
2294 928 2378 975 est
2403 933 2633 983 mecum,
2670 918 2957 972 adversum
2982 928 3070 968 me
3094 919 3208 977 est,
3239 919 3294 965 et
3323 910 3416 978 qui
3448 923 3556 963 non

1985 1033 2004 1064 ς
2038 1012 2244 1081 colligit
2268 1026 2498 1074 mecum,
2534 1009 2813 1080 dispergit.
2841 1006 2976 1060 Cum
3003 1004 3310 1059 immundus
3338 1002 3560 1070 spiritus

1985 1123 2004 1154 ι
2039 1103 2233 1158 exierit
2275 1102 2343 1155 ab
2387 1102 2636 1164 homine,
2684 1099 2922 1153 ambulat
2962 1112 3061 1166 per
3104 1096 3218 1150 loca
3263 1095 3557 1164 inaquosa,

1984 1211 2004 1244 ο
2036 1207 2284 1261 quaerens
2312 1191 2574 1259 requiem,
2595 1197 2651 1244 et
2679 1204 2787 1244 non
2815 1188 3098 1242 inveniens
3116 1226 3132 1252 ,
3157 1185 3324 1240 dicit:
3363 1185 3545 1239 Rever-

1987 1300 2006 1333 ι
2039 1292 2123 1338 tar
2141 1282 2197 1334 in
2222 1282 2439 1336 domum
2471 1294 2648 1335 meam
2676 1277 2817 1334 unde
2846 1277 3011 1333 exivi.
3050 1277 3115 1330 Et
3157 1290 3283 1330 cum
3316 1275 3560 1336 venerit.

1988 1389 2006 1421 ι
2043 1371 2280 1426 inveniet
2321 1384 2440 1424 eam
2485 1369 2664 1440 scopis
2697 1368 3032 1423 mundatam.
3071 1367 3140 1421 Et
3169 1375 3300 1421 tunc
3337 1367 3486 1421 vadit
3509 1376 3566 1423 et

1987 1480 2007 1514 ι
2044 1463 2269 1518 assumit
2298 1471 2502 1532 septem
2527 1461 2662 1516 alios
2699 1461 2921 1531 spiritus
2949 1475 3132 1516 secum
3161 1459 3449 1529 nequiores
3482 1472 3561 1512 se.

1989 1575 2008 1608 ι
2043 1555 2110 1610 Et
2139 1557 2366 1626 ingressi
2389 1556 2634 1611 habitant
2655 1555 2747 1611 ibi.
2766 1555 2834 1609 Et
2862 1544 2998 1610 ﬁunt
3017 1553 3307 1609 novissima
3329 1551 3565 1607 hominis

1991 1664 2009 1696 α
2047 1646 2188 1700 illius
2211 1646 2394 1718 pejora
2413 1646 2704 1716 prioribus.
2733 1644 2958 1700 Factum
2983 1651 3067 1700 est
3092 1653 3272 1698 autem
3299 1658 3422 1697 cum
3449 1643 3567 1697 haec

1993 1755 2012 1788 ε
2051 1737 2276 1800 diceret,
2306 1737 2570 1793 extollens
2599 1752 2784 1793 vocem
2811 1737 3054 1806 quaedam
3079 1736 3274 1791 mulier
3294 1739 3358 1792 de
3387 1737 3566 1798 turba,

1913 1805 1961 1864 Β
1996 1847 2015 1881 i
2055 1829 2190 1884 dixit
2225 1828 2300 1883 illi
2329 1847 2341 1882 :
2381 1829 2578 1884 Beatus
2606 1837 2796 1884 venter
2819 1805 2911 1898 qui
2935 1836 2988 1884 te
3017 1827 3283 1898 portavit,
3324 1834 3377 1880 et
3403 1825 3569 1880 ubera

1995 1942 2013 1975 ο
2050 1938 2171 1993 qua:
2200 1922 2412 1978 suxisti.
2443 1921 2513 1976 At
2542 1922 2630 1976 ille
2659 1921 2812 1977 dixit.
2841 1920 3092 1988 Quinimo
3116 1960 3130 1983 ,
3167 1919 3310 1974 beati
3347 1918 3439 1986 qui
3470 1933 3567 1972 au-

1997 2031 2015 2066 i
2049 2014 2203 2069 diunt
2227 2013 2450 2068 verbum
2478 2012 2573 2067 Dei
2595 2020 2652 2067 et
2675 2011 2986 2067 custodiunt
3010 2009 3161 2063 illud.
3198 2027 3214 2060 ι

2060 2103 2193 2158 Erat
2216 2102 2373 2158 Iesus
2393 2103 2607 2172 ejiciens
2630 2101 2967 2164 daemonium,
2991 2108 3039 2152 et
3061 2096 3195 2150 illud
3216 2105 3325 2150 erat
3346 2105 3566 2157 nultum,

1991 2204 2042 2250 et
2088 2211 2206 2248 cum
2245 2194 2478 2264 ejecisset
2526 2192 2880 2252 damonium,
2927 2188 3151 2242 locutus.
3181 2195 3254 2239 est
3291 2195 3498 2248 mutus,
3524 2193 3569 2237 et

1990 2287 2268 2340 admirata:
2303 2295 2424 2338 sunt
2468 2284 2654 2339 turtur.
2699 2283 2800 2350 (Ex
2843 2267 3028 2351 Beda.)
3075 2276 3444 2333 Dmmoniacus
3472 2276 3573 2328 iste

1992 2373 2132 2442 apud
2169 2371 2499 2436 Matthteum,
2549 2387 2655 2425 non
2696 2372 2870 2426 solum
2917 2378 3126 2432 mutus,
3173 2367 3266 2422 sed
3299 2375 3354 2420 et
3400 2380 3575 2420 caecus

1991 2461 2158 2517 fuisse
2188 2469 2461 2516 narratur.
2491 2461 2828 2530 Curatusque
2858 2461 3056 2514 dicitur
3081 2475 3110 2511 a
3137 2458 3386 2520 Domino,
3417 2456 3488 2510 ita
3517 2462 3575 2535 ut

1992 2551 2303 2622 loqueretur
2326 2559 2383 2615 et
2416 2551 2642 2609 videret.
2673 2550 2798 2605 Tria
2844 2565 2974 2620 ergo
3003 2549 3154 2616 signa
3194 2545 3353 2601 simul
3385 2545 3438 2599 in
3470 2560 3578 2599 uno

1994 2641 2212 2698 homine
2235 2649 2542 2712 perpetrata
2567 2648 2709 2696 sunt.
2729 2637 2914 2694 Caecus
2932 2637 3097 2702 videt,
3117 2643 3296 2690 mutus
3318 2634 3577 2702 loquitur,

1994 2748 2276 2806 possessus
2301 2749 2330 2788 a
2355 2733 2618 2788 daemonio
2649 2732 2924 2787 liberatur.
2951 2729 3102 2796 Quod
3126 2736 3183 2782 et
3207 2735 3335 2782 tunc
3359 2725 3580 2795 quidem

1998 2824 2287 2881 carnaliter
2310 2823 2512 2879 factum
2542 2830 2645 2887 est,
2691 2821 2787 2876 sed
2827 2828 2880 2875 et
2918 2819 3158 2888 quotidie
3199 2815 3498 2886 completur
3525 2813 3579 2870 in

1998 2917 2349 2972 conversione
2369 2913 2722 2974 credentium,
2741 2921 2800 2967 ut
2819 2910 3041 2982 expulso
3061 2909 3294 2981 primum
3317 2907 3578 2969 dmmone,

1999 3006 2125 3063 ﬁdei
2153 3006 2335 3061 lumen
2363 3005 2642 3075 aspiciant,
2683 3003 2875 3058 deinde
2905 3002 2973 3056 ad
2999 2999 3186 3056 laudes
3215 3000 3309 3054 Dei
3347 2997 3578 3053 tacentia

2001 3099 2154 3170 prius
2179 3112 2274 3153 ora
2301 3096 2573 3151 laxentur.

2074 3187 2303 3254 Quidam
2330 3196 2504 3240 autem
2531 3203 2596 3242 ea:
2622 3188 2703 3241 his
2733 3187 2980 3241 dixerunt
3005 3199 3022 3238 :
3051 3183 3118 3239 In
3141 3181 3423 3238 Beelzebub
3445 3181 3583 3251 prin-

2003 3277 2113 3349 cipe
2136 3277 2516 3331 dmmoniorum
2560 3278 2701 3347 ejicit
2743 3277 3024 3332 dirmonia.
3055 3274 3155 3347 (Ex
3186 3271 3426 3344 Hieron.)
3467 3271 3583 3326 Non

2004 3371 2121 3425 haec
2143 3369 2307 3441 aliqui
2334 3369 2399 3424 de
2429 3370 2606 3434 turba,
2643 3370 2736 3424 sed
2763 3368 3010 3440 pharisaai
3037 3367 3504 3422 calumniabantur
3531 3371 3585 3418 et

2005 3459 2235 3526 scribta,
2289 3460 2429 3515 sicut
2475 3459 2565 3514 alii
2621 3461 2978 3532 Evangelistm
3036 3468 3324 3514 testantur.
3391 3455 3586 3510 Turbis

2004 3549 2203 3620 quippe
2222 3590 2237 3616 ,
2267 3565 2387 3619 quae
2411 3551 2590 3605 minus
2614 3551 2837 3606 erudita:
2867 3550 3218 3612 videbantur,
3252 3547 3346 3604 Dei
3374 3561 3587 3617 semper

2006 3639 2150 3695 facta
2175 3639 2514 3706 mirantibus,
2544 3640 2618 3695 illi
2646 3651 2853 3706 contra,
2876 3640 2959 3696 vel
2985 3656 3180 3712 negare
3208 3641 3340 3705 huic,
3362 3639 3445 3694 vel
3467 3654 3587 3708 qua:

2006 3745 2204 3801 negare
2233 3731 2609 3800 nequiverant,
2641 3732 2859 3786 sinistra
2895 3733 3337 3802 interpretatione
3366 3747 3587 3802 perver-

2007 3829 2122 3876 tere
2145 3821 2485 3886 laborabant,
2513 3822 2668 3892 quasi
2696 3837 2803 3877 non
2833 3824 2948 3878 haec
2985 3823 3282 3877 divinitatis
3301 3863 3315 3887 ,
3345 3822 3438 3876 sed
3481 3815 3585 3876 im-

2007 3914 2192 3968 mundi
2219 3914 2442 3984 spiritus
2462 3929 2626 3985 0pera
2648 3913 2896 3970 fuissent.
2920 3915 3043 3971 ldeo
3067 3915 3118 3970 in
3149 3914 3473 3978 Beelzebub,
3498 3913 3588 3984 qui

2009 4003 2141 4058 deus
2175 4012 2293 4058 erat
2319 4005 2586 4059 Accaron.
2616 4004 2752 4058 Nam
2791 4005 2914 4058 Beel
2945 4006 3157 4074 quidem
3186 4006 3299 4074 ipse
3330 4013 3415 4058 est
3441 4003 3587 4058 Baal.

2008 4095 2196 4149 Zebub
2241 4103 2452 4157 autem,
2496 4109 2679 4148 musca
2713 4104 2953 4148 vocatur.
2998 4094 3105 4148 Nec
3145 4092 3299 4161 juxta
3345 4093 3591 4163 quaedam

2008 4185 2265 4240 mendosa
2311 4184 2665 4254 exemplaria,
2701 4184 2720 4237 Ι
2749 4185 2926 4239 littera
2956 4183 3039 4240 vel
3079 4184 3114 4238 ά
3158 4185 3212 4238 in
3250 4184 3357 4239 ﬁne
3383 4191 3468 4239 est
3496 4199 3594 4238 no-

2009 4275 2172 4330 minis
2190 4275 2436 4343 legenda,
2454 4274 2548 4329 sed
2566 4275 2614 4328 b.
2631 4274 2933 4330 Beelzebub
2957 4289 3089 4347 ergo
3107 4274 3235 4328 Baal
3261 4287 3588 4339 muscarum,

2012 4367 2066 4421 id
2093 4375 2193 4430 est,
2226 4367 2311 4420 vir
2338 4380 2667 4432 muscarum,
2696 4367 2810 4421 sive
2832 4365 3036 4421 habens
3068 4380 3297 4430 muscas,
3329 4365 3592 4434 interpr-ek

2014 4463 2181 4509 tatur.
2230 4454 2311 4510 0b
2358 4455 2546 4510 sordes
2574 4457 2824 4512 videlicet
2871 4457 3197 4512 immolatitii
3234 4457 3476 4518 cruoris,
3522 4472 3588 4510 ex

2013 4543 2167 4613 cujus
2200 4546 2548 4616 spurcissimo
2575 4547 2680 4600 ritu
2709 4547 2793 4601 vel
2823 4549 3038 4603 nomine
3062 4549 3358 4618 principem
3385 4549 3589 4603 daemo-

2017 4636 2230 4690 niorum
2257 4635 2727 4706 cognominabant.

2093 4726 2158 4779 Et
2188 4726 2280 4779 alii
2305 4737 2582 4792 tentantes,
2611 4729 2813 4798 signum
2844 4727 2908 4780 de
2936 4726 3063 4780 caelo
3089 4727 3389 4797 qtuerebant
3418 4728 3482 4782 ab
3511 4746 3594 4783 eo.

2019 4815 2118 4886 (Ex
2149 4814 2339 4886 Beda.)
2371 4816 2467 4871 Vel
2495 4816 2548 4870 in
2579 4832 2782 4872 morem
2813 4816 3005 4882 Helix,
3054 4817 3228 4888 ignem
3273 4817 3342 4872 de
3383 4817 3597 4874 sublimi

2021 4905 2208 4960 venire
2238 4906 2546 4975 cupiebant,
2568 4908 2650 4962 vel
2673 4907 2726 4961 in
2748 4906 3150 4962 similitudinem
3181 4906 3449 4964 Samuelis
3469 4917 3598 4964 tem-

2016 5015 2148 5070 pore
2173 5001 2362 5055 :estivo
2387 5001 2595 5070 mugire
2620 5003 2879 5064 tonitrua,
2914 5015 3206 5056 coruscare
3239 5001 3466 5073 fulgura,
3500 5003 3596 5056 im-

2020 5094 2147 5147 bres
2173 5106 2353 5156 ruere,
2382 5091 2535 5159 quasi
2566 5107 2671 5145 non
2717 5091 2928 5159 possint
2963 5099 3016 5145 et
3054 5092 3157 5145 alia
3203 5091 3516 5147 calumniari
3543 5101 3601 5148 et

2021 5185 2222 5250 dicere,
2257 5201 2323 5239 cx
2357 5185 2586 5239 occultis
2615 5193 2671 5238 et
2707 5185 2874 5239 variis
2905 5187 3049 5241 aeris
3082 5187 3422 5256 passionibus
3453 5187 3596 5241 acci-

2023 5279 2186 5334 disse.
2234 5277 2303 5330 At
2342 5285 2396 5330 tu
2442 5278 2532 5348 qui
2569 5276 2919 5332 calumniaris
2965 5292 3027 5332 ea
3062 5293 3183 5348 qum
3227 5279 3398 5333 oculis
3428 5280 3595 5344 vides,

2024 5386 2185 5425 manu
2219 5378 2399 5434 tenes,
2431 5369 2664 5423 utilitate
2691 5371 2879 5435 sentis,
2911 5371 3040 5440 quid
3088 5371 3221 5426 facis
3261 5374 3326 5426 de
3363 5372 3448 5426 his
3481 5386 3600 5440 qua:

2025 5461 2092 5515 de
2119 5460 2258 5515 emlo
2283 5459 2572 5515 venerint?
2599 5460 2782 5528 utique
2826 5462 3197 5532 respondebis,
3228 5471 3282 5518 et
3325 5477 3509 5533 magos
3542 5462 3600 5516 i‘n

2026 5546 2262 5619 [Egypto
2284 5547 2450 5602 multa
2475 5547 2628 5618 signa
2661 5547 2856 5604 fecisse
2883 5551 2946 5604 de
2969 5549 3316 5620 cmlo(l€.rad.
3344 5565 3442 5615 vn,
3459 5549 3599 5622 vm).

2099 5639 2218 5709 Ipse
2248 5651 2421 5693 autem
2451 5650 2504 5693 ut
2538 5641 2662 5695 vidit
2707 5642 3044 5712 cogitationes
3072 5660 3251 5697 eorum
3273 5684 3286 5706 ,
3327 5643 3459 5696 dixit
3487 5643 3562 5696 eis
3583 5656 3602 5695 :

2031 5730 2196 5784 Omne
2225 5745 2438 5800 regnum
2469 5730 2522 5784 in
2550 5731 2774 5800 seipsum
2802 5731 3022 5787 divisum
3069 5732 3406 5801 desolabitur,
3439 5744 3484 5788 ct
3508 5733 3602 5788 do-
