3994 6206
345 355 444 414 l3?

1151 358 1669 414 COLLECTIONES
1707 349 1772 412 IN
1810 357 2188 439 pplsroms
2227 345 2312 413 ET
2355 358 2768 415 EVANGEUA.

3502 363 3604 419 £38

339 485 462 522 mus
485 481 645 538 supra
669 465 879 518 domum
907 465 1076 519 cadet.
1112 464 1224 520 Non
1257 468 1326 520 ad
1361 466 1534 533 dicta,
1566 468 1658 522 sed
1686 467 1752 522 ad
1781 469 1928 538 cogi-
1955 479 2001 534 Α
2030 470 2191 523 veniet
2224 471 2363 524 vobis
2391 486 2603 542 regnum
2635 470 2752 535 Dei,
2784 469 2910 525 illud
2941 470 3170 526 sublime
3204 471 3394 528 solium
3418 517 3431 540 ,
3468 479 3612 531 unde

339 565 455 610 tata
485 553 784 624 respondit,
815 562 873 606 ιιι
898 554 978 608 vel
1007 555 1084 608 sic
1115 555 1570 625 compellerentur
1592 557 1812 611 credere
1834 571 1924 626 po-

339 647 525 700 tentia:
569 644 721 713 ejus,
771 645 863 714 qui
892 646 1073 700 cordis
1116 647 1334 702 videbat
1379 649 1608 703 occulta.
1653 647 1712 704 Si
1747 658 1926 704 autem

333 749 498 791 omne
547 749 776 805 regnum
813 750 868 788 tn
899 735 1080 805 Seipso
1125 737 1356 792 divisum
1386 738 1747 804 desolabitur,
1795 754 1926 810 ergo

334 827 514 882 Patris
540 833 598 882 et
623 824 745 880 Filii
774 833 831 880 et
859 825 1096 896 Spiritus
1126 827 1300 881 sancti
1342 843 1563 899 regnum
1594 843 1698 882 non
1729 839 1814 884 est
1839 830 1924 884 di-

330 920 544 983 visum,
594 918 740 988 quod
784 917 903 972 sine
942 916 1051 971 ulla
1087 917 1548 983 contradictione,
1591 935 1696 974 non
1741 919 1924 990 aliquo

329 1011 568 1083 impulsu
593 1007 965 1075 desolandum,
993 1009 1089 1064 sed
1112 1017 1314 1064 aeterna
1341 1016 1428 1064 est
1451 1009 1750 1065 stabilitate
1777 1025 1926 1066 man-

328 1118 526 1159 surum

401 1194 461 1250 Si
496 1203 671 1248 autem
695 1200 744 1247 et
769 1191 999 1248 Satanas
1025 1194 1080 1246 in
1108 1192 1382 1262 semetipso
1411 1193 1608 1248 divisus
1645 1204 1740 1260 est,
1784 1212 1919 1266 quo-

317 1276 486 1338 modo
513 1283 672 1337 stabit
701 1298 918 1353 regnum
944 1283 1108 1351 ipsius
1132 1283 1157 1335 ?
1192 1283 1317 1352 quia
1346 1283 1521 1336 dicitis
1552 1284 1606 1336 in
1630 1283 1918 1338 Beelzebub

323 1377 519 1446 ejicere
545 1391 628 1428 me
655 1374 936 1429 dmonia.
983 1373 1099 1428 Hoc
1129 1375 1337 1440 dicens,
1377 1390 1443 1429 ex
1486 1390 1673 1430 eorum
1701 1377 1916 1432 confes-

326 1468 481 1521 sione
506 1465 723 1520 volebat
745 1464 993 1534 intelligi;
1023 1464 1166 1533 quod
1194 1465 1248 1518 in
1270 1481 1393 1520 eum
1418 1481 1524 1520 non
1547 1466 1833 1532 credendo,
1861 1469 1915 1523 in

324 1568 498 1622 regno
526 1552 721 1608 diaboli
750 1567 869 1607 esse
890 1553 1200 1621 elegissent,
1237 1555 1380 1623 quod
1410 1555 1594 1625 utique
1625 1559 1914 1612 adversum

324 1659 383 1698 se
410 1644 644 1697 divisum
670 1650 815 1697 stare
851 1657 957 1696 non
996 1651 1200 1711 posset.
1236 1643 1448 1714 Eligant
1495 1659 1626 1716 ergo
1652 1646 1914 1702 Pharisaei

322 1736 472 1807 quod
497 1734 800 1799 voluerint,
831 1735 875 1788 si
915 1733 1147 1790 Satanas
1191 1735 1429 1791 Satanan
1462 1754 1568 1793 non
1609 1748 1787 1810 potest
1814 1741 1912 1810 eji-

2027 555 2262 614 Joannes
2302 561 2512 616 aiebat:
2563 561 2925 615 Paenitentiam
2971 563 3130 633 agite,
3176 567 3611 638 appropinquabit

2027 649 2162 702 enim
2191 667 2404 720 regnum
2430 651 2695 708 caelorum.

2096 737 2226 791 Cum
2255 738 2404 806 fortis
2426 750 2660 794 armatus
2682 743 2910 796 custodit
2939 745 3134 797 atrium
3170 763 3324 800 suum
3343 787 3358 812 ,
3390 750 3443 802 in
3485 767 3612 820 pace

2025 835 2144 877 sunt
2169 828 2344 880 omnia
2374 845 2492 898 qute
2514 830 2761 897 possidet.
2799 831 3016 886 Fortem
3065 834 3360 902 diabolum,
3408 839 3606 893 atrium

2023 932 2153 972 vero
2182 919 2323 974 illius
2351 923 2630 988 mundum,
2656 926 2746 993 qui
2778 926 2832 979 in
2859 928 3096 999 maligno
3119 909 3328 1000 positus
3365 943 3475 997 est,
3516 951 3609 1005 ap-

2022 1007 2216 1076 pellat,
2267 1009 2320 1063 in
2368 1026 2474 1080 quo
2519 1028 2688 1080 usque
2718 1016 2784 1070 ad
2817 1017 3118 1073 Salvatoris
3149 1021 3438 1078 adventum
3471 1027 3610 1081 male

2020 1107 2214 1166 pacato
2239 1100 2545 1167 potiebatur
2584 1103 2832 1172 imperio,
2865 1109 2989 1175 quia
3038 1110 3092 1163 in
3137 1113 3391 1166 cordibus
3421 1113 3610 1170 inﬁde-

2022 1189 2150 1243 lium
2172 1230 2186 1254 ,
2218 1191 2335 1245 sine
2365 1192 2470 1246 ulla
2509 1197 2938 1253 contradictione
2969 1202 3316 1269 quiescebat,
3366 1206 3510 1260 unde
3555 1218 3606 1262 ct

2019 1279 2144 1332 alibi
2171 1281 2423 1352 princeps
2443 1287 2627 1339 mundi
2653 1297 2894 1353 vocatur,
2923 1292 3135 1346 dicente
3155 1294 3418 1350 Domino:
3456 1297 3604 1353 Venit

2018 1373 2154 1425 enim
2179 1374 2416 1444 princeps
2448 1378 2660 1441 mundi,
2701 1386 2750 1432 et
2789 1383 2844 1434 in
2886 1398 2968 1434 me
2997 1384 3128 1436 nihil
3163 1385 3386 1457 inueniet
3418 1388 3605 1457 (Joan.

2018 1459 2152 1530 xw),
2184 1471 2238 1515 et
2270 1463 2495 1518 iterum:
2525 1466 2575 1518 Ν
2583 1484 2683 1520 unc
2704 1470 2942 1538 princeps
2968 1473 3153 1526 mundi
3179 1453 3417 1540 ejicietur
3437 1479 3604 1548 foras,

2017 1548 2084 1601 de
2112 1563 2217 1616 qua
2250 1550 2340 1603 hic
2365 1550 2629 1618 cjcetione
2647 1555 3015 1626 sulijungitur.

2089 1637 2152 1696 Si
2175 1648 2348 1693 autem
2374 1641 2562 1711 fortior
2597 1642 2687 1697 illo
2716 1648 3084 1714 superveniens
3112 1651 3286 1705 ricerit
3309 1669 3450 1719 eum,
3479 1660 3602 1710 uni-

2017 1747 2166 1785 versa
2193 1748 2345 1786 arma
2370 1733 2485 1802 ejus
2511 1733 2734 1804 auferet,
2759 1737 2813 1790 in
2837 1738 3026 1807 quibus
3048 1741 3338 1809 conﬁdebat
3367 1755 3414 1798 et
3437 1747 3604 1816 spolia

321 1843 471 1889 cere,
496 1825 632 1880 nihil
662 1833 851 1878 contra
872 1825 1158 1880 Dominum
1177 1866 1190 1891 ,
1220 1827 1362 1896 quod
1391 1829 1634 1884 dicerent
1669 1831 1910 1888 invenire

2019 1819 2127 1888 ejus
2156 1820 2448 1875 distribuet.
2477 1821 2555 1877 De
2583 1823 2761 1893 seipse
2787 1826 2982 1897 quippe
3010 1828 3266 1898 loquitur,
3311 1835 3451 1902 quod
3489 1852 3601 1892 non

321 1925 637 1988 potuerunt,
669 1916 714 1972 si
739 1925 919 1970 autem
945 1925 1146 1986 potest,
1178 1919 1346 1975 multo
1377 1921 1548 1992 magis
1577 1923 1678 1977 sibi
1704 1925 1912 1996 prospi-

319 2011 490 2073 ciant,
519 2018 575 2063 et
599 2009 857 2064 recedant
886 2011 954 2064 de
978 2025 1144 2080 regno
1170 2011 1288 2080 ejus
1307 2053 1321 2077 ,
1360 2015 1505 2084 quod
1536 2015 1822 2071 adversum
1853 2034 1911 2073 se

319 2100 556 2154 divisum
603 2107 751 2156 stare
791 2117 899 2156 non
931 2110 1128 2184 potest.
1182 2104 1238 2157 ln
1287 2119 1395 2174 quo
1439 2115 1619 2161 autem
1651 2109 1911 2166 Dominus

318 2190 572 2246 Christus
592 2190 774 2259 ejiciat
795 2194 1086 2260 datmones,
1105 2210 1172 2250 ne
1193 2197 1581 2254 daemoniorum
1611 2202 1909 2273 principem

318 2285 657 2351 existiment,
689 2289 973 2342 attendant
995 2291 1136 2360 quod
1166 2293 1410 2362 sequitur
1434 2313 1447 2347 :

390 2377 450 2433 Si
476 2390 650 2434 autem
678 2397 770 2452 ego
793 2382 846 2435 in
871 2382 1155 2438 Beelzebub
1187 2387 1341 2456 ejicio
1380 2389 1641 2444 da’monia
1661 2431 1675 2456 ,
1705 2392 1806 2462 ﬁlii
1829 2411 1910 2449 re-

317 2473 413 2524 stri
457 2474 510 2525 in
549 2490 651 2543 quo
696 2473 913 2543 ejiciunt
938 2474 965 2528 ?
999 2474 1128 2531 Ideo
1172 2477 1270 2547 ipsi
1305 2477 1513 2548 judices
1552 2485 1706 2536 vestri
1733 2497 1906 2542 erunt.

319 2563 467 2617 Dixit
497 2565 599 2619 hoc
625 2565 811 2634 utique
832 2564 900 2620 de
918 2565 1195 2637 discipulis
1221 2569 1355 2634 suis,
1383 2569 1526 2627 illius
1555 2574 1732 2644 populi
1761 2574 1909 2644 ﬁliis,

317 2656 411 2725 qui
461 2665 611 2710 certe
658 2657 911 2726 discipuli
962 2657 1175 2714 Domini
1223 2657 1350 2714 Jesu
1398 2659 1602 2718 Christi
1638 2665 1776 2720 bene
1807 2667 1908 2721 sibi

317 2747 525 2802 conscii
553 2745 786 2814 fuerant,
816 2749 950 2804 nihil
978 2764 1038 2804 se
1062 2750 1326 2806 malorum
1351 2753 1549 2808 artium
1573 2769 1604 2808 a
1631 2754 1775 2811 bono
1801 2757 1912 2812 Ma-

317 2838 500 2908 gistro
522 2837 790 2903 didicisse,
811 2849 871 2894 ut
895 2840 948 2894 in
969 2841 1215 2912 principe
1241 2842 1629 2899 dtemoniorum
1651 2845 1912 2914 ejicercnt

316 2928 614 2982 dzemones.
643 2925 995 2998 Ideo,inquit,
1019 2930 1120 3000 ipsi
1141 2930 1345 3002 iudices
1377 2943 1529 2986 erunt
1559 2935 1733 2989 vestri.
1759 2935 1907 3002 Ideo,

318 3019 524 3088 inquit,
557 3019 656 3089 ipsi
688 3019 942 3091 ignobilia
981 3030 1037 3076 et
1061 3023 1481 3093 contemptibilia
1518 3023 1677 3094 hujus
1698 3028 1902 3093 mundi,

318 3115 370 3168 in
397 3114 594 3183 quibus
616 3127 722 3167 non
753 3112 1050 3168 artiﬁciosa
1081 3114 1409 3186 malignitas,
1441 3117 1534 3172 sed
1563 3126 1749 3172 sancta
1777 3119 1905 3173 sim-

315 3205 530 3274 plicitas
558 3217 678 3258 mea
706 3213 967 3274 apparet,
1011 3204 1112 3276 ipsi
1148 3214 1313 3262 testes
1336 3209 1470 3273 mei,
1495 3208 1707 3277 judices
1734 3211 1902 3266 vestri

315 3301 490 3347 erunt.
515 3291 709 3358 Aliter,
728 3292 868 3348 ﬁlios
891 3291 1220 3360 Judteorum,
1239 3298 1538 3353 exorcistas
1561 3301 1738 3368 gentis
1760 3301 1903 3356 illius

315 3401 378 3438 ex
407 3400 560 3439 more
589 3384 889 3456 signiﬁcat,
923 3387 1013 3456 qui
1061 3388 1126 3442 ad
1174 3389 1571 3446 invocationem
1614 3393 1904 3463 ejiciebant

315 3477 610 3540 dremones,
640 3483 693 3530 et
714 3486 959 3531 coarctat
983 3494 1076 3533 eos
1102 3479 1522 3552 interrogatione
1544 3485 1816 3552 prudenti,
1845 3494 1905 3538 ut

315 3561 679 3616 conﬁteantur
703 3561 942 3632 Spiritus
967 3565 1140 3619 sancti
1171 3574 1314 3620 esset
1340 3567 1518 3636 opus?
1551 3568 1703 3636 Quod
1734 3570 1777 3624 si
1809 3586 1903 3624 ex-

315 3652 510 3722 pulsio,
541 3652 737 3722 inquit,
783 3653 1085 3708 daemonum
1125 3655 1178 3708 in
1227 3655 1350 3711 ﬁliis
1395 3657 1613 3717 vestris,
1646 3657 1756 3713 Deo
1795 3675 1900 3713 non

314 3743 650 3800 (temonibus
678 3743 992 3813 deputatur,
1038 3761 1208 3815 quare
1249 3747 1302 3800 in
1341 3763 1426 3802 me
1463 3748 1601 3802 idem
1630 3764 1765 3818 opus
1794 3765 1900 3804 non

315 3838 560 3890 eamdem
612 3835 808 3891 habeat
866 3849 1117 3898 causam?
1149 3839 1289 3910 Ergo
1340 3839 1436 3908 ipsi
1480 3839 1691 3910 judiees
1736 3843 1900 3915 vestri

313 3939 490 3991 erunt,
518 3945 625 3984 non
651 3939 939 3999 potestate,
968 3933 1060 3986 sed
1087 3933 1512 4000 comparatione,
1545 3933 1670 3988 dum
1704 3935 1776 3989 illi
1807 3952 1902 3990 cx-

316 4018 617 4087 pulsioncm
648 4020 949 4075 daemonum
991 4021 1102 4075 Deo
1144 4021 1444 4092 assignant,
1476 4037 1572 4078 vos
1602 4022 1902 4079 Beelzebub

315 4111 542 4182 principi
573 4113 980 4167 dtemuniorum.

384 4202 557 4259 Porro
582 4207 627 4258 si
653 4205 706 4258 in
734 4204 897 4275 digito
931 4204 1027 4258 Dei
1052 4205 1205 4274 ejicio
1227 4207 1509 4272 dtrmonia,
1538 4209 1766 4278 profecto
1793 4225 1905 4278 pcr-

315 4297 445 4348 renit
472 4297 526 4348 in
558 4313 646 4350 vos
678 4314 892 4368 regnum
925 4297 1040 4351 Dei.
1073 4298 1178 4353 lstc
1205 4308 1289 4354 cst
1321 4299 1551 4369 digitus,
1585 4316 1744 4369 quem
1776 4316 1903 4354 cou-

315 4387 536 4440 ﬁtentur
563 4396 619 4442 et
650 4373 814 4460 magi,
846 4388 936 4458 qui
968 4397 1153 4444 contra
1185 4389 1420 4460 Moysem
1449 4399 1504 4444 et
1538 4390 1719 4444 Aaron
1747 4391 1902 4462 signa

315 4479 612 4545 faciebant,
641 4480 883 4537 dicentes
908 4495 921 4535 :
964 4482 1168 4553 Digitus
1197 4483 1292 4537 Dei
1314 4494 1387 4537 est
1409 4485 1504 4539 iste
1530 4483 1726 4556 (Exod.
1757 4486 1902 4558 vnn),

315 4588 420 4641 quo
446 4580 502 4626 et
531 4572 725 4627 tabulte
762 4573 986 4644 lapideae
1030 4575 1246 4644 scripta!
1285 4584 1412 4629 sunt
1438 4575 1490 4629 in
1529 4586 1712 4632 monte
1748 4576 1898 4633 Sina.

317 4664 480 4735 Igitur
507 4680 702 4719 manus
729 4673 784 4718 et
824 4667 1126 4731 brachium,
1157 4663 1248 4720 Dei
1282 4667 1447 4722 Filius
1473 4677 1575 4733 est,
1607 4675 1663 4724 et
1706 4671 1906 4741 digitus

316 4755 452 4823 ejus,
481 4766 568 4811 est
600 4756 836 4826 Spiritus
864 4767 1102 4821 sanctus,
1139 4758 1319 4814 Patris
1359 4769 1412 4815 et
1438 4760 1558 4814 Filii
1587 4769 1642 4816 ct
1672 4761 1906 4832 Spiritus

317 4849 488 4901 sancti
523 4865 630 4902 una
663 4847 963 4902 substantia
991 4857 1091 4902 est.
1138 4847 1254 4902 Non
1286 4858 1336 4902 te
1367 4849 1697 4905 scandalizet
1737 4866 1907 4906 mem-

318 4940 540 4994 brorum
582 4939 946 5010 inzequalitas,
978 4957 1100 4997 cum
1151 4941 1380 4997 tediﬁcct
1418 4943 1599 4998 unitas
1637 4945 1902 5014 corporis.

316 5031 510 5097 Aliter,
542 5032 741 5102 digitus
772 5030 870 5088 Dei
901 5041 1125 5088 vocatur
1153 5034 1388 5104 Spiritus
1419 5043 1659 5103 sanctus,
1686 5045 1909 5108 propter

316 5125 666 5194 partitionem
697 5126 980 5191 donorum,
1029 5141 1150 5196 qua:
1196 5127 1249 5181 in
1287 5142 1351 5181 eo
1393 5127 1591 5183 dantur
1617 5130 1908 5200 unicuique

316 5216 566 5285 propria,
619 5216 731 5270 sive
777 5217 1091 5282 hominum,
1141 5219 1254 5273 sive
1287 5219 1631 5289 angelorum,
1667 5222 1717 5275 in
1749 5223 1906 5277 nullis

316 5307 457 5360 enim
490 5306 751 5362 membris
785 5309 987 5364 nostris
1022 5309 1198 5380 magis
1239 5317 1462 5379 apparet
1492 5311 1708 5380 partitio
1745 5327 1904 5382 quam

318 5396 368 5448 in
400 5397 603 5468 digitis.
629 5397 784 5464 Quod
817 5408 998 5453 autem
1024 5398 1180 5464 dixit,
1207 5399 1455 5468 pervenit
1481 5400 1533 5454 in
1557 5413 1652 5455 vos
1681 5415 1902 5472 regnum

320 5487 436 5552 Dei,
461 5503 687 5560 regnum
720 5490 814 5544 Dei
848 5505 992 5544 nunc
1033 5489 1198 5554 dicit,
1223 5504 1331 5558 quo
1360 5490 1689 5546 damnantur
1717 5491 1863 5560 impii
1888 5533 1902 5554 ,

317 5590 370 5633 et
397 5597 425 5634 a
466 5580 742 5644 ﬁdelibus,
789 5583 858 5637 de
899 5582 1136 5651 peccatis
1182 5583 1296 5636 suis
1337 5581 1711 5652 paenitentiam
1762 5599 1905 5636 nunc

321 5674 624 5742 agentibus,
649 5682 1027 5729 secernuntur.
1058 5672 1250 5738 Aliter,
1277 5688 1502 5746 regnum
1534 5672 1627 5727 Dei
1657 5671 1906 5728 Christus

321 5775 435 5830 est,
465 5765 532 5821 de
563 5780 672 5834 quo
713 5764 880 5820 alibi:
927 5765 1163 5835 Regnum
1205 5765 1306 5818 Dei
1347 5763 1484 5820 intra
1518 5783 1605 5820 ros
1639 5778 1746 5831 est,
1793 5767 1906 5820 sive

729 5857 1004 5916 Pnnoe.
1044 5855 1170 5916 Cll.

2011 1912 2264 1968 concordi
2311 1912 2472 1967 fallax
2517 1915 2862 1985 operatione,
2900 1921 3352 1988 quemadmodum
3390 1926 3600 1981 calum-

2012 1999 2318 2066 niabantur,
2353 2004 2446 2059 sed
2493 2003 2703 2060 fortiori
2752 2010 2992 2077 potentia
3029 2011 3222 2078 victor,
3269 2013 3518 2072 homines
3567 2033 3599 2072 a

2011 2089 2276 2148 daemonio
2301 2093 2579 2150 liberaret.
2626 2095 2793 2152 Arma
2825 2099 2878 2153 in
2917 2103 3115 2170 quibus
3148 2105 3287 2160 male
3323 2106 3480 2163 fortis
3509 2109 3596 2164 ille

2012 2181 2338 2250 conﬁdebat,
2391 2201 2512 2256 quae
2559 2189 2725 2242 sunt?
2774 2191 3030 2258 nequitia:
3076 2194 3368 2261 spiritales.
3416 2197 3597 2267 Spolia

2010 2286 2142 2327 vero
2180 2274 2298 2344 ejus
2340 2277 2440 2345 ipsi
2476 2278 2723 2334 homines
2751 2289 2878 2334 sunt
2915 2283 2985 2337 ab
3011 2295 3077 2338 eo
3111 2285 3342 2355 decepti,
3373 2303 3493 2358 qua:
3520 2292 3600 2344 vi-’

2011 2373 2130 2419 ctor
2153 2364 2403 2422 Christus
2429 2368 2725 2436 distribuit,
2757 2374 2900 2440 quod
2923 2381 3008 2428 est
3033 2374 3242 2445 insigne
3263 2379 3597 2448 triumphan-

2011 2457 2112 2520 tis,
2157 2457 2281 2526 quia
2313 2459 2598 2527 captivam‘
2621 2461 2826 2517 ducens
2859 2463 3249 2532 captivitatem,
3284 2469 3433 2523 dedit
3458 2471 3597 2526 dona

2010 2546 2340 2611 hominibus,
2377 2549 2637 2616 quosdam
2662 2552 2882 2620 quidem
2920 2555 3223 2623 apostolos,
3275 2558 3410 2614 alios
3433 2576 3599 2617 θηη-

2011 2637 2261 2706 gelistas,
2296 2639 2394 2694 hos
2421 2641 2716 2710 prophetas
2739 2680 2754 2708 ,
2803 2642 2920 2699 illos
2963 2655 3208 2715 pastores
3244 2649 3504 2707 ordinans
3541 2662 3598 2708 et

2011 2727 2283 2784 doctores.

2081 2817 2190 2889 (Ea:
2210 2820 2400 2892 Beda.)
2427 2823 2599 2878 Intrat
2625 2840 2756 2897 ergo
2789 2827 2843 2881 in
2858 2828 3086 2885 domum
3119 2831 3295 2900 fortis,
3327 2836 3380 2891 id
3406 2846 3511 2903 est,
3543 2840 3597 2894 in

2012 2909 2116 2964 hoc
2168 2909 2427 2965 saaculum
2473 2915 2818 2982 mortalium,
2893 2919 2995 2974 sub
3043 2930 3312 2984 potestate
3366 2927 3596 2994 diaboli,

2011 3011 2274 3072 quantum
2317 3004 2384 3058 ad
2419 3005 2591 3074 ipsam
2635 3017 2866 3064 mortem
2913 3013 3169 3080 pertinet,
3219 3018 3592 3075 constitutum.

2012 3091 2088 3146 De
2115 3092 2233 3162 ipso
2261 3094 2460 3164 quippe
2495 3097 2756 3168 scriptum
2786 3108 2908 3154 est:
2947 3103 3089 3171 quod
3132 3114 3454 3176 potestatem
3498 3112 3598 3167 ha-

1935 3167 1980 3229 C
2011 3184 2138 3238 beat
2166 3186 2376 3241 mortis.
2399 3188 2568 3243 Intrat
2590 3167 2721 3260 ergo
2744 3167 3165 3262 domum—fertis,
3195 3199 3248 3254 id
3271 3209 3376 3267 est,
3415 3203 3468 3258 in
3497 3219 3596 3262 suo

2007 3277 2286 3333 dominatu
2324 3280 2574 3336 habentis
2615 3296 2784 3352 genus
2824 3284 3151 3353 humanum,
3194 3297 3250 3344 et
3283 3292 3435 3361 prius
3482 3294 3598 3350 alli-

2007 3380 2100 3442 gat
2123 3385 2268 3441 eum,
2293 3374 2348 3430 id
2372 3387 2473 3440 est,
2502 3375 2620 3445 ejus
2663 3388 2878 3434 coercet
2920 3388 2974 3433 et
3000 3382 3215 3437 cohibet
3241 3393 3592 3454 potestatem.

2006 3461 2300 3521 Potestatis
2350 3481 2459 3521 sum
2508 3467 2828 3524 fortioribus
2861 3470 3108 3534 vinculis,
3151 3473 3230 3528 sic
3269 3477 3433 3545 eripit
3462 3493 3590 3533 vasa

2007 3556 2144 3626 ejus,
2193 3573 2530 3628 qumcunque
2566 3560 2973 3629 prtedestinavit
3003 3564 3236 3632 eripere,
3277 3565 3347 3619 ab
3375 3565 3494 3636 ejus
3530 3568 3595 3622 li-

2005 3649 2202 3702 berans
2230 3657 2522 3719 potestate,
2553 3658 2613 3704 ut
2641 3649 2731 3705 illo
2756 3665 2861 3705 non
2901 3651 3245 3721 impediente,
3280 3657 3506 3712 credant
3539 3659 3593 3714 in

2005 3741 2168 3796 istum
2199 3741 2371 3798 libera
2396 3743 2694 3800 voluntate.

2077 3835 2183 3901 Qui
2213 3853 2317 3891 non
2348 3845 2422 3891 est
2457 3853 2682 3904 mecum,
2717 3839 2990 3896 adversum
3030 3859 3111 3898 me
3147 3853 3245 3912 est,
3285 3853 3334 3898 et
3367 3846 3459 3916 qui
3488 3864 3592 3902 non

2006 3925 2203 3997 colligit
2238 3943 2470 3993 meeum,
2515 3931 2789 4002 dispergit.
2831 3931 2932 4004 (Ex
2985 3933 3230 4007 Hieron.)
3278 3935 3395 3990 Non
3441 3946 3596 4007 putet

2006 4022 2290 4091 quisquam
2343 4023 2409 4076 de
2452 4023 2726 4078 hmreticis
2769 4032 2823 4078 et
2871 4024 3254 4092 schismaticis,
3281 4042 3590 4098 quanquam

2006 4121 2060 4168 et
2101 4114 2174 4167 ita
2218 4130 2284 4168 ex
2326 4113 2596 4182 superfluo
2637 4114 2805 4183 possit
2854 4115 3098 4185 intelligi,
3149 4116 3242 4171 sed
3287 4132 3354 4170 ex
3401 4132 3593 4172 conse-

2005 4205 2296 4273 quentibus
2340 4213 2596 4274 tcxtuque
2625 4204 2909 4266 sermonis,
2939 4205 3007 4258 ad
3034 4205 3301 4260 diabolum
3334 4205 3588 4263 refertur.

2007 4293 2072 4347 Et
2097 4294 2240 4362 quod
2270 4309 2376 4347 non
2406 4293 2615 4363 possint
2643 4308 2804 4362 opera
2837 4291 3136 4349 Salvatoris
3163 4295 3431 4352 Belzebub
3462 4314 3590 4369 ope-

2007 4384 2158 4438 ribus
2181 4383 2482 4454 comparari
2513 4401 2525 4436 :
2557 4383 2646 4438 ille
2670 4382 2821 4453 cupit
2846 4385 3057 4439 animas
3089 4386 3368 4442 hominum
3404 4396 3589 4446 tenere

2009 4474 2271 4544 captivas,
2323 4474 2586 4528 Dominus
2641 4473 2873 4528 liberare
2917 4491 2930 4526 :
2975 4475 3064 4530 ille
3109 4477 3365 4547 praedicat
3422 4479 3588 4545 idola,

2010 4567 2096 4622 hic
2131 4567 2292 4622 unius
2318 4565 2413 4621 Dei
2449 4566 2738 4622 notitiam:
2776 4565 2866 4622 ille
2903 4567 3070 4622 trahit
3110 4567 3177 4622 ad
3213 4569 3368 4628 vitia,
3396 4570 3487 4626 hic
3521 4575 3588 4627 ad

2003 4659 2235 4714 virtutes
2265 4667 2506 4714 revocat.

2076 4748 2207 4804 Cum
2238 4749 2542 4804 immundus
2571 4751 2788 4821 spiritus
2813 4752 2976 4806 exiret
3002 4751 3066 4805 de
3092 4753 3321 4817 homine,
3350 4751 3591 4806 ambula-

2008 4843 2093 4897 bat
2119 4858 2212 4912 per
2245 4839 2360 4896 loca
2391 4841 2670 4912 inaquosa.
2717 4839 2979 4907 Quamvis
3018 4841 3336 4910 simpliciter
3365 4843 3588 4915 intelligi

2007 4933 2200 5005 possit,
2229 4933 2517 4988 Dominum
2566 4933 2681 4987 hmc
2727 4931 2794 4985 ad
2824 4931 3223 4986 distinctionem
3267 4947 3489 4986 suorum
3536 4942 3591 4987 et

2011 5027 2229 5082 Satanas
2252 5041 2495 5097 operum,
2526 5023 2854 5094 adjunxissc.
2885 5023 3036 5090 Quod
3063 5023 3271 5079 scilicet
3305 5025 3418 5094 ipse
3443 5040 3589 5081 sem-

2010 5137 2105 5192 per
2133 5121 2334 5191 polluta
2366 5119 2650 5182 mundare,
2680 5115 2912 5171 Satanas
2939 5129 3067 5169 vero
3096 5116 3347 5169 mundata
3379 5117 3592 5187 gravioo

2012 5213 2160 5267 ribus
2205 5211 2424 5267 festinet
2475 5208 2845 5264 contaminare
2890 5207 3170 5271 sordibus,
3214 5215 3388 5261 tamen
3436 5215 3491 5261 et
3527 5208 3594 5260 de

2009 5303 2266 5359 hzeretico
2295 5300 2567 5372 quolibet,
2598 5297 2682 5353 vel
2720 5297 3070 5353 schismatico
3089 5339 3102 5362 ,
3132 5297 3216 5352 vel
3247 5298 3409 5352 etiam
3452 5297 3593 5351 malo

2014 5397 2280 5453 catholico
2304 5403 2484 5465 potest
2520 5411 2625 5450 non
2653 5394 3104 5450 inconvenienter
3129 5393 3321 5464 accipi.
3353 5392 3429 5446 De
3461 5405 3589 5458 quo,

2014 5499 2257 5560 tempore
2292 5488 2654 5558 baptismatis,
2697 5489 2920 5559 spiritus
2960 5487 3286 5548 immundus,
3317 5482 3406 5552 qui
3441 5480 3596 5551 prius

2015 5581 2068 5634 in
2109 5595 2174 5634 eo
2203 5579 2561 5643 habitaverat,
2593 5579 2659 5632 ad
2688 5579 3085 5634 confessionem
3130 5572 3410 5631 catholica:
3444 5570 3594 5637 ﬁdei,

2015 5669 2538 5726 abrenuntiationem
2571 5669 3020 5732 conversationis,
3051 5666 3326 5734 ejiciatur;
3367 5661 3599 5733 locaque

2018 5765 2276 5834 inaquosa
2323 5769 2598 5832 peragret,
2647 5762 2698 5815 id
2727 5770 2832 5827 est,
2882 5761 3043 5814 corda
3084 5758 3344 5822 ﬁdelium,
3393 5772 3514 5828 qua:
3566 5771 3596 5811 a

3165 5851 3205 5910 5
