3998 6198
357 306 477 362 ’159

1651 306 1927 362 SMARAG
1937 305 2000 360 Di
2035 304 2322 360 ABBATIS

3530 305 3632 362 NO

369 423 598 478 mollitie
637 421 791 476 llum:
838 423 1182 493 cogitationis
1226 432 1521 493 expurgatu
1550 425 1676 488 sint,
1729 423 1956 479 callidus
1983 423 2032 482 Λ
2060 417 2202 472 illius
2229 418 2407 489 populi
2441 416 2618 488 pejora
2650 417 2941 488 prioribus.
2975 413 3141 472 Multo
3170 416 3314 471 enim
3345 427 3487 472 nunc
3521 434 3634 478 ma-

370 516 652 571 insi.liator
686 515 954 585 exploret,
985 516 1030 571 si
1068 531 1207 585 quos
1241 516 1315 570 ibi
1354 517 1494 570 forte
1525 531 1653 572 suos
1696 515 1951 586 nequitia

369 620 588 676 gressus
625 609 787 681 ﬁgere
817 609 1017 678 possit,
1050 609 1144 663 scd
1173 608 1311 663 bene
1340 608 1574 664 dicitur:

447 704 700 770 Qurerens
740 706 991 775 requiem,
1034 713 1084 759 et
1123 721 1225 759 non
1266 705 1550 761 inveniens.
1594 705 1729 771 Quia
1772 712 1952 760 castas

372 801 582 849 mentes
623 791 903 864 effugiens,
946 793 1000 847 in
1042 793 1156 848 solo
1184 792 1430 848 diabolus
1466 793 1628 848 corde
1662 807 1954 863 pravorum

370 881 602 949 gratiam
640 881 742 936 sibi
780 889 960 951 potest
1000 881 1246 936 invenire
1281 882 1538 952 quietem.
1589 883 1742 939 Unde
1766 884 1833 937 de
1864 881 1954 935 illo

372 971 635 1028 Dominus
660 989 672 1026 :
699 969 806 1028 Sub
828 972 1034 1037 umbra,
1063 971 1256 1041 inquit,
1299 973 1492 1026 dormit
1535 973 1590 1026 in
1632 980 1826 1026 secreto
1866 987 1957 1024 ca-

373 1060 518 1124 lami,
547 1071 597 1115 et
627 1063 684 1116 in
713 1061 840 1116 locis
860 1062 1195 1116 humentibus
1224 1062 1367 1132 (Job.
1399 1063 1520 1130 XL);
1555 1063 1611 1115 in
1635 1061 1850 1122 umbra,
1876 1060 1958 1112 vi-

359 1146 569 1213 ?delicet
593 1151 911 1208 tenebrosas
935 1152 1300 1208 conscientias
1322 1171 1334 1206 2
1359 1153 1412 1207 in
1442 1152 1672 1215 calamo,
1701 1151 1795 1220 qui
1826 1149 1956 1204 foris

358 1241 596 1305 ‘nitidus,
626 1242 774 1297 intus
803 1253 888 1297 est
915 1259 1143 1306 vacuus,
1170 1243 1533 1300 simulatrices
1560 1262 1574 1296 :
1619 1243 1676 1297 in
1701 1243 1836 1298 locis
1856 1244 1956 1298 hu-

353 1331 667 1402 .fmentibus,
698 1332 927 1388 lascivas
950 1334 1248 1404 mollesque
1274 1341 1484 1388 mentes
1515 1332 1814 1388 insinuans.

440 1422 580 1477 Dicit
605 1422 896 1478 :Revertar
931 1424 988 1478 in
1019 1424 1230 1478 domum
1269 1440 1438 1478 meam
1477 1424 1616 1478 unde
1654 1425 1810 1479 exivi.
1861 1423 1956 1478 Ti-

370 1511 599 1567 mendus
639 1520 725 1568 est
773 1513 877 1568 iste
925 1512 1256 1578 versiculus,
1311 1529 1421 1568 non
1469 1514 1847 1583 exponendus,
1889 1527 1959 1568 ne

369 1603 528 1673 culpa
572 1617 740 1672 quam
781 1603 836 1658 in
880 1603 1038 1659 nobis
1081 1603 1406 1660 exstinctam
1453 1603 1832 1671 credebamus,
1860 1618 1959 1674 per

374 1693 640 1750 incuriam
669 1708 770 1749 nos
795 1703 1054 1752 vacantes
1084 1693 1374 1764 opprimat.

2049 507 2169 579 jore
2209 510 2508 565 daemonum
2549 524 2774 564 numero
2800 508 3164 579 possidentur,
3196 507 3636 578 blasphemantes

2056 603 2111 657 in
2138 604 2426 674 synagogis
2457 603 2570 657 suis
2593 601 2869 658 Christum
2897 600 3104 666 Iesum,
3129 616 3292 671 quam
3325 602 3379 656 in
3401 601 3640 676 IEgypto

2054 697 2287 764 possessi
2317 695 2530 750 fuerant
2562 703 2690 748 ante
2730 693 2864 763 legis
2891 693 3163 748 notitiam.
3206 691 3342 758 Quia
3379 691 3528 748 aliud
3557 702 3640 748 est

2055 796 2340 841 venturum
2391 803 2498 841 non
2548 787 2794 850 credere,
2843 785 2985 840 aliud
3031 799 3154 840 eum
3201 800 3310 841 non
3339 786 3643 858 suscepisse

2055 877 2146 946 qui
2173 878 2400 932 venerit.
2434 876 2815 946 Septenarinm
2842 876 2989 932 enim
3016 891 3302 931 numerum
3330 875 3641 944 adjunctum

2056 969 2289 1034 diabolo,
2316 969 2399 1023 vel
2428 978 2649 1039 propter
2687 970 2975 1024 sabbatum
3019 967 3280 1040 intellige,
3310 969 3398 1023 vel
3423 980 3646 1041 prepter

2056 1074 2342 1114 numerum
2373 1059 2606 1129 Spiritus
2652 1061 2846 1124 sancti,
2887 1069 2948 1115 ut
2975 1060 3248 1130 quomodo
3285 1061 3339 1116 in
3385 1063 3522 1118 Isaia
3557 1080 3646 1135 su-

2056 1163 2154 1219 per
2184 1151 2394 1221 virgam
2425 1151 2490 1204 de
2520 1151 2704 1205 radice
2731 1149 2905 1216 Jessc,
2936 1161 2992 1206 et
3019 1151 3206 1207 florem
3245 1154 3338 1226 qui
3367 1153 3434 1210 de
3464 1158 3646 1211 radice

2057 1239 2174 1309 ejus
2225 1243 2564 1306 conscendit,
2594 1250 2800 1312 septem
2848 1244 3072 1313 spiritus
3117 1243 3383 1300 virtutum
3430 1247 3650 1302 descen-

2057 1329 2202 1386 disse
2245 1339 2562 1398 narrantur,
2595 1331 2668 1385 ita
2709 1339 2763 1386 et
2793 1346 2824 1386 e
2860 1333 3134 1389 contrario
3163 1334 3420 1391 vitiorum
3458 1352 3649 1393 nume

2059 1436 2151 1476 rus
2177 1423 2233 1475 in
2261 1421 2476 1476 diabolo
2503 1430 2854 1477 consecratus
2881 1423 2971 1476 sit.

2129 1508 2357 1564 Factum
2385 1521 2458 1565 est
2481 1521 2656 1565 autem
2676 1527 2795 1564 cum
2814 1512 2926 1565 haec
2949 1512 3168 1579 diceret,
3194 1513 3449 1569 extollens
3473 1532 3644 1572 vocem
3683 1517 3696 1524 ’

2057 1599 2299 1670 quadam
2329 1599 2520 1655 mulier
2551 1600 2615 1654 de
2641 1601 2795 1654 turba
2829 1600 2962 1655 dixit
2990 1601 3110 1656 illi:
3135 1602 3330 1658 Beatus
3365 1616 3538 1660 venter
3558 1608 3647 1677 qui

2059 1700 2109 1744 te
2141 1692 2386 1762 portavit,
2419 1701 2468 1746 et
2502 1692 2662 1746 ubera
2696 1709 2815 1764 qua:
2848 1691 3061 1748 auxisti.
3109 1693 3318 1766 Magum
3348 1698 3648 1755 devotionis

439 1783 513 1838 Et
542 1801 659 1839 cum
685 1784 900 1850 venerit,
924 1784 1120 1840 invenit
1144 1785 1314 1855 scopis
1337 1783 1664 1839 mundatam.
1703 1781 1823 1841 Hoc
1847 1791 1950 1851 est,
1983 1769 2030 1828 Β
2059 1789 2116 1836 et
2142 1780 2265 1836 ﬁdei
2295 1782 2410 1837 hinc
2437 1782 2632 1836 mulier
2655 1784 2982 1851 ostenditur,
3040 1800 3162 1855 quae
3192 1785 3399 1858 Scribis
3425 1797 3481 1843 et
3511 1790 3649 1845 Pha-

372 1877 547 1948 gratia
586 1876 930 1960 baptismatis
977 1891 1009 1931 a
1047 1883 1395 1949 peccatorum
1443 1876 1565 1931 labe
1611 1874 1952 1945 castigatam,

368 1966 463 2022 sed
499 1965 644 2021 nulla
684 1967 811 2024 boni
861 1967 1045 2038 operis
1087 1966 1359 2023 industria
1398 1966 1746 2022 cumulatam.
1799 1965 1953 2022 Unde

365 2055 507 2113 bene
531 2055 815 2113 Matthzeus
841 2057 982 2117 hanc
1009 2057 1231 2112 domum
1258 2064 1564 2122 vacantem,
1593 2055 1772 2126 scopis
1797 2070 1954 2110 mun-

368 2149 551 2204 datam
595 2155 758 2218 atque
795 2158 1048 2206 ornatam
1096 2148 1230 2204 dicit
1275 2147 1550 2203 inventam
1585 2166 1596 2201 :
1639 2146 1953 2203 mundatam

366 2238 618 2295 videlicet
645 2255 677 2294 a
703 2239 852 2294 vitiis
877 2239 1126 2308 pristinis
1149 2253 1250 2308 per
1276 2239 1626 2306 baptismum,
1665 2245 1952 2292 vacantem

368 2345 398 2384 a
421 2329 577 2384 bonis
605 2329 815 2385 actibus
843 2343 940 2398 per
968 2327 1378 2398 negligentiam,
1406 2334 1654 2382 ornatam
1684 2322 1953 2380 simulatis

368 2419 662 2475 virtutibus
686 2434 783 2489 per
811 2417 1163 2490 hypocrisim.

439 2508 508 2564 Et
543 2519 666 2566 tum:
690 2509 832 2564 vadit
867 2518 916 2564 et
951 2508 1172 2562 assumit
1200 2515 1396 2577 septem
1431 2504 1565 2559 alios
1601 2503 1815 2575 spiritus
1857 2519 1950 2556 ue-

365 2605 574 2674 quiores
601 2621 676 2668 se,
701 2613 747 2660 et
776 2604 999 2674 ingressi
1025 2602 1263 2659 habitant
1287 2601 1380 2656 ibi.
1409 2600 1515 2656 Per
1543 2606 1752 2669 septem
1781 2597 1953 2654 malos

367 2695 591 2765 spiritus
624 2696 874 2751 universa
907 2696 1038 2750 vitia
1091 2694 1358 2764 designat.
1397 2692 1783 2760 Quemcunque
1805 2690 1952 2746 enim

365 2798 489 2859 post
514 2788 780 2859 baptisma
813 2788 928 2844 sive
954 2787 1197 2858 pravitas
1228 2785 1514 2849 bzcretica,
1547 2798 1640 2838 seu
1681 2782 1950 2837 mundana

364 2878 632 2949 cupiditas
667 2879 926 2950 arripuit,
969 2893 1094 2934 mox
1131 2877 1373 2932 omnium
1401 2881 1712 2946 prosternet
1746 2872 1800 2926 in
1844 2872 1952 2928 ima

364 2968 640 3024 vitiorum.
694 2967 850 3024 Unde
891 2976 1056 3031 recte,
1114 2966 1406 3036 nequiores
1447 2973 1579 3028 tunc
1619 2979 1684 3018 eo
1729 2961 1954 3031 spiritus

366 3058 622 3114 dicuntur
658 3058 911 3128 ingressi,
951 3058 1078 3127 quia
1119 3072 1226 3112 non
1267 3056 1440 3111 solum
1476 3055 1696 3110 habebit
1733 3054 1824 3108 illa
1867 3069 1953 3110 se—

2057 1871 2232 1927 ristcis
2253 1871 2543 1927 Dominum
2587 1874 2922 1930 tentantibus
2950 1875 3110 1931 simul
3140 1885 3195 1932 et
3221 1878 3644 1949 blasphcmauti-

2054 1964 2178 2031 bus,
2219 1971 2369 2019 tanta
2412 1963 2530 2034 ejus
2586 1965 3013 2022 incarnationem
3079 1983 3192 2038 pra:
3234 1971 3488 2026 omnibus
3532 1973 3643 2026 sia-

2055 2055 2284 2111 ceritate
2335 2056 2634 2125 cognoscit,
2683 2065 2832 2110 tanta
2885 2055 3081 2111 fiducia
3129 2058 3436 2126 confitetur,
3493 2069 3550 2115 ut
3589 2074 3642 2117 et

2053 2144 2402 2214 prmsentitrm
2465 2161 2753 2217 procerum
2816 2146 3164 2214 calumniam,
3239 2157 3293 2204 et
3338 2148 3640 2206 futurorum

2053 2234 2349 2290 confundat
2386 2237 2765 2291 hrcreticorum
2813 2236 3117 2307 perﬁdiam.
3162 2239 3295 2294 Nam
3329 2241 3466 2295 sicut
3513 2250 3642 2297 tuue

2053 2322 2222 2378 Iudici
2269 2325 2442 2378 sancti
2485 2323 2722 2394 Spiritus
2766 2341 2930 2395 opera
2973 2326 3419 2397 blasphemando,
3451 2347 3638 2386 verum

2053 2414 2674 2486 consubstantialemque
2688 2419 2866 2473 Patris
2880 2419 2972 2473 Dei
2988 2419 3180 2475 Filium
3197 2425 3480 2492 negabant,
3500 2425 3576 2479 sic
3591 2433 3644 2480 et

2054 2507 2294 2562 haeretici
2326 2514 2512 2576 postea
2541 2507 2808 2577 negando,
2845 2495 3069 2562 Mariam
3101 2524 3319 2581 semper
3353 2513 3643 2584 virginem,

2053 2596 2226 2652 sancti
2259 2595 2492 2666 Spiritus
2522 2604 2779 2666 operante
2804 2596 3022 2662 virtute,
3051 2599 3330 2655 nascituro
3356 2617 3422 2655 ex
3453 2604 3644 2657 burna»

2053 2689 2140 2744 nis
2174 2688 2437 2745 membris
2476 2688 2752 2759 unigenito
2776 2690 2910 2757 Deo,
2958 2691 3140 2746 carnis
3191 2707 3300 2748 sua:
3353 2696 3640 2752 materiam

2052 2782 2434 2848 ministrasse,
2477 2797 2666 2836 verum
2695 2821 2710 2846 ,
2771 2783 3398 2854 eonsubstautialemque
3444 2789 3640 2844 matris

2053 2871 2229 2930 ﬁlium
2257 2873 2514 2940 hominis,
2560 2871 2720 2929 fateri
2771 2888 2879 2928 non
2923 2875 3119 2930 debere
3149 2876 3421 2932 dixerunt.
3464 2877 3568 2940 Sed
3597 2879 3646 2934 si

2054 2980 2182 3020 caro
2213 2965 2363 3020 verbi
2392 2965 2486 3020 Dei
2513 2965 2809 3020 secundum
2839 2980 3062 3021 carnem
3107 2969 3381 3024 nascentis
3420 2985 3451 3023 a
3478 2986 3642 3024 carne

2054 3056 2278 3128 virginis
2327 3056 2518 3110 matris
2556 3055 2941 3125 pronuntiatur
2981 3043 3274 3125 iextranea,
3319 3060 3435 3115 sine
3480 3075 3647 3116 causa

363 3161 510 3219 ptem
538 3150 691 3214 vitia,
736 3164 857 3218 qua:
891 3158 1098 3217 septem
1147 3147 1482 3217 spiritalibus
1525 3153 1650 3200 sunt
1675 3145 1947 3200 contraria
1977 3151 2020 3212 C
2053 3155 2244 3202 venter
2292 3148 2385 3217 qui
2427 3163 2548 3202 eam
2594 3155 2885 3216 portasset,
2940 3149 3105 3204 ubera
3156 3167 3277 3221 qua:
3326 3150 3642 3219 iactassent,

364 3240 676 3305 virtutibus,
707 3239 800 3295 sed
837 3247 894 3294 et
918 3254 1017 3310 per
1063 3237 1391 3310 hypocrisin)
1429 3239 1576 3309 ipsas
1617 3252 1677 3292 se
1722 3237 1952 3294 virtutes

365 3331 567 3387 habere
596 3329 890 3386 simulabit.

434 3423 506 3476 Et
536 3431 658 3477 sunt
695 3423 978 3477 novissima
1013 3423 1237 3491 hominis
1275 3422 1421 3478 illius
1451 3425 1633 3495 pejora
1663 3426 1947 3496 prioribus.

364 3513 558 3570 Melius
601 3513 801 3584 quippe
846 3521 966 3569 erat
1013 3513 1086 3578 ei,
1132 3514 1275 3568 viam
1304 3513 1550 3568 veritatis
1593 3529 1699 3569 non
1745 3529 1949 3586 cogno-

363 3621 538 3671 scere,
582 3619 745 3675 quam
799 3612 922 3675 post
966 3605 1296 3677 agnitionem
1344 3612 1649 3662 retrorsum
1681 3605 1944 3662 convorti.

363 3697 515 3766 Quod
565 3695 617 3748 in
644 3694 780 3749 Juda
811 3695 1094 3763 traditore,
1125 3697 1210 3751 vel
1241 3694 1464 3752 Simone
1497 3695 1676 3769 Mago,
1705 3699 1948 3755 emteris-

362 3801 468 3857 que
503 3785 702 3840 talibus
739 3785 1051 3856 specialiter
1097 3786 1329 3856 legimus
1363 3787 1665 3857 impletum.
1703 3788 1824 3856 Quo
1852 3805 1947 3844 au-

364 3890 470 3933 tem
504 3876 829 3948 generaliter
857 3877 974 3932 haec
1000 3877 1250 3946 parabola
1277 3877 1478 3943 tendat,
1501 3877 1618 3947 ipse
1647 3880 1946 3936 secundum

363 3965 668 4021 Blatthmum
693 3964 943 4022 Salvator
969 3966 1239 4037 exposuit,
1270 3967 1362 4022 ubi
1391 3982 1453 4023 ea
1480 3968 1792 4033 terminata,
1819 3985 1945 4025 mox

359 4056 560 4124 subdit,
594 4057 782 4114 dicens
810 4075 822 4110 :
851 4055 939 4112 Sic
973 4057 1070 4111 erit
1095 4065 1144 4111 et
1172 4056 1500 4127 generationi
1526 4057 1649 4112 huic
1681 4059 1941 4128 pessima,

359 4147 416 4203 id
445 4156 550 4215 est,
586 4148 731 4222 quod
770 4148 836 4204 de
876 4162 984 4202 uno
1022 4145 1262 4218 quolibet
1298 4145 1608 4217 specialiter
1649 4147 1760 4216 geri
1806 4147 1944 4203 solet

358 4242 630 4308 enarravi,
661 4243 764 4298 hoc
808 4241 862 4297 in
891 4248 1004 4296 tota
1030 4239 1358 4310 generaliter
1382 4236 1544 4309 hujus
1565 4237 1748 4311 populi
1781 4247 1943 4311 gente

357 4334 469 4404 geri
503 4349 611 4388 non
641 4334 858 4389 desinit.
1335 4382 1346 4396 ,

425 4423 740 4480 Immundas
760 4425 956 4495 quippe
980 4424 1203 4494 spiritus
1227 4423 1396 4480 exivit
1420 4439 1451 4478 a
1476 4422 1696 4491 Iudaeis,
1725 4423 1941 4494 quando

2054 3238 2455 3295 beatiﬁcantur.
2521 3238 2640 3306 Qua
2695 3240 2841 3294 enim
2895 3243 3284 3312 consequentia
3340 3242 3456 3311 ejus
3504 3244 3644 3300 lacte

2053 3331 2307 3386 credatur
2345 3331 2607 3397 nutritus,
2648 3331 2804 3401 cujus
2847 3332 3055 3388 semine
3101 3341 3330 3404 negatur
3358 3349 3478 3390 esse
3508 3352 3641 3391 con-

2052 3430 2262 3492 ceptus,
2313 3438 2436 3479 cum
2482 3437 2548 3478 ex
2597 3423 2758 3478 unius
2796 3422 3150 3492 ejusdemque
3200 3425 3361 3480 fontis
3409 3425 3638 3495 origine,

2050 3513 2345 3570 secundum
2377 3515 2649 3586 physicos,
2680 3521 2909 3585 uterque
2947 3515 3126 3583 liquor
3161 3531 3416 3571 emanare
3448 3518 3640 3587 probe-

2051 3611 2162 3658 tur.
2201 3602 2319 3659 Nisi
2355 3603 2496 3660 for:e
2532 3604 2769 3675 putanda
2809 3615 2892 3660 est
2929 3605 3080 3676 virgo
3125 3607 3479 3661 sementivam
3524 3624 3637 3662 sua:

2056 3697 2232 3756 carnis
2258 3697 2571 3762 materiam,
2606 3695 2894 3750 nutriendo
2929 3695 2982 3750 in
3023 3711 3188 3751 carne
3223 3696 3319 3751 Dei
3349 3697 3487 3752 Filio
3513 3713 3646 3768 sug-

2049 3802 2240 3860 gerere
2284 3787 2557 3858 potuisse,
2605 3783 2936 3840 incarnando
2985 3793 3192 3852 autem,
3244 3787 3397 3856 quasi
3446 3788 3637 3857 majori

2047 3887 2104 3933 et
2148 3877 2408 3932 inusitato
2459 3874 2720 3930 miraculo
2770 3874 2992 3929 minime
3039 3876 3302 3945 potuisse.
3355 3877 3460 3932 Sed
3514 3879 3637 3933 huic

2045 3967 2286 4037 Opittioni
2321 3967 2500 4021 obstat
2521 3964 2840 4036 Apostolus,
2874 3965 3058 4019 dicens
3103 3981 3123 4021 :
3167 3965 3303 4031 Quia
3333 3970 3476 4022 misit
3497 3968 3644 4024 Deus.

2045 4055 2249 4110 Filium
2289 4071 2474 4119 suum,
2518 4054 2715 4124 factum
2763 4071 2828 4108 ex
2863 4053 3100 4121 muliere,
3144 4055 3342 4124 factum
3390 4059 3485 4110 sub
3531 4058 3640 4128 lege

2046 4145 2248 4219 (Gatat.
2274 4145 2371 4215 tv).
2398 4144 2582 4215 Neque
2611 4145 2753 4200 enim
2781 4143 3034 4198 audiendi
3061 4154 3208 4211 sunt,
3232 4147 3323 4216 qui
3353 4147 3636 4219 legendum

2044 4247 2275 4310 putant:
2303 4235 2500 4292 Natum
2543 4251 2607 4290 ex
2660 4237 2910 4301 muliere,
2963 4238 3167 4293 factum
3216 4238 3315 4292 sub
3363 4238 3501 4310 lege,
3545 4241 3637 4294 scd

2045 4331 2244 4401 factum
2266 4345 2330 4384 ea:
2355 4327 2594 4394 muliere,
2627 4329 2753 4398 quia
2780 4339 3072 4401 conceptus
3099 4330 3150 4385 in
3182 4336 3334 4382 utero
3363 4329 3636 4400 virginali,

2050 4439 2270 4478 carnem
2319 4439 2425 4478 non
2473 4424 2538 4476 de
2584 4423 2778 4488 nihilo,
2821 4440 2927 4479 non
2979 4422 3212 4486 aliunde,
3254 4423 3350 4478 sed
3387 4431 3635 4477 materna

358 4525 686 4586 acceperunt
733 4516 945 4585 legem,
995 4522 1050 4570 ct
1095 4516 1394 4584 ambulavit
1440 4531 1537 4585 per
1590 4516 1709 4571 loca
1763 4516 1936 4581 arida,
1967 4504 2020 4563 D
2048 4515 2215 4568 traxit
2253 4531 2319 4570 ex
2363 4530 2546 4569 carne.
2580 4514 2860 4584 Alioquin,
2907 4533 3008 4572 nec
3041 4532 3167 4572 vere
3208 4516 3353 4570 ﬁlius
3402 4517 3639 4572 hominis

355 4620 603 4676 quatrens
640 4605 742 4659 sibi
782 4605 1046 4674 requiem.
1083 4603 1352 4673 Expulsus
1377 4603 1627 4658 videlicet
1659 4619 1690 4658 a
1716 4602 1938 4670 ludatis,

356 4697 654 4752 ambulavit
679 4710 776 4767 per
803 4696 1046 4768 gentium
1077 4695 1425 4762 solitudines;
1455 4712 1574 4766 qute
1601 4713 1724 4752 cum
1751 4707 1937 4768 postea

358 4785 586 4840 Domino
613 4785 991 4852 credidissent,
1025 4785 1114 4840 ille
1141 4799 1248 4840 non
1279 4786 1496 4841 invento
1532 4786 1650 4842 loco
1680 4787 1732 4842 in
1763 4789 1939 4843 natio-

355 4877 536 4943 nibus,
559 4878 720 4944 dixit,
744 4887 975 4933 revertar
994 4879 1049 4932 in
1071 4878 1283 4932 domum
1307 4896 1476 4933 meam
1499 4881 1776 4950 pristinam
1800 4881 1938 4936 unde

351 4969 509 5024 exivi.
560 4968 745 5026 Habeo
772 4967 1008 5035 Judteos,
1052 4985 1188 5040 quos
1217 4979 1342 5026 ante
1370 4971 1704 5027 dimiseram.
1753 4973 1819 5027 Et
1849 4989 1939 5029 ve-

355 5062 510 5118 niens
548 5061 756 5117 invenit
785 5069 1069 5118 vacantem
1109 5063 1285 5132 scopis
1334 5064 1665 5119 mandatam.
1700 5065 1942 5121 Vacabat

352 5154 496 5210 enim
551 5153 808 5224 templum
856 5152 1204 5219 Judznornm,
1251 5165 1308 5211 et
1349 5155 1623 5211 Christum
1670 5157 1938 5228 hospitem

352 5262 460 5306 non
489 5245 726 5301 habebat
751 5245 1018 5301 dicentem
1050 5264 1064 5301 :
1103 5245 1416 5319 Dimittetu-r
1441 5249 1594 5304 vobis
1622 5249 1814 5304 domus
1842 5265 1937 5304 ve-

352 5348 463 5396 stra
492 5339 704 5395 deserta
734 5336 951 5410 (Matth.
982 5339 1297 5411 xxnt).Quia
1325 5341 1489 5411 igitur
1521 5342 1614 5398 Dei
1645 5350 1698 5396 ct
1723 5342 1941 5414 angelo-

352 5446 472 5486 rum
510 5429 765 5500 przcsidia
804 5445 912 5484 non
938 5430 1225 5494 habebant,
1257 5440 1312 5486 et
1344 5433 1522 5487 ornati
1562 5443 1718 5490 erant
1753 5449 1941 5505 super-

351 5520 473 5578 tluis
519 5521 993 5579 observationibus
1044 5520 1468 5588 Pharisarorum,
1524 5527 1816 5581 revertitur
1872 5527 1938 5582 ad

350 5627 444 5667 eos
484 5613 753 5681 diabolus,
795 5622 852 5671 et
888 5613 1197 5686 septenario
1236 5615 1339 5671 sibi
1381 5633 1607 5673 numero
1637 5620 1937 5675 dmmonum

352 5703 555 5769 addito,
585 5705 787 5778 habitat
816 5706 1099 5779 pristinam
1128 5703 1371 5776 domum,
1401 5717 1457 5764 et
1482 5708 1614 5764 ﬁunt
1637 5709 1938 5780 posteriora

2044 4605 2336 4671 diceretur,
2385 4606 2476 4676 qui
2525 4606 2793 4677 originem
2844 4623 2948 4661 non
3000 4609 3224 4662 haberet
3263 4622 3330 4662 ex
3392 4607 3634 4665 homine.

2043 4698 2111 4752 Et
2141 4713 2238 4753 nos
2268 4698 2430 4768 igitur
2455 4698 2540 4753 his
2571 4707 2758 4752 contra
2790 4698 3053 4754 Eutbic-en
3089 4698 3267 4760 dictis,
3309 4699 3636 4774 attollamus

2042 4805 2230 4846 vocem
2289 4805 2411 4844 cum
2445 4789 2686 4844 Ecclesia
2735 4789 3020 4852 catholica,
3067 4788 3227 4857 cujus
3271 4775 3636 4846 haecimulicr

2041 4891 2225 4953 typum
2255 4883 2440 4953 gessit.
2473 4881 2806 4936 Extollamus
2840 4889 2894 4936 et
2935 4889 3173 4936 mentem
3206 4881 3271 4935 de
3298 4882 3482 4936 medio
3513 4890 3629 4936 tur-

2041 4975 2259 5040 barum,
2289 4974 2644 5044 dicamusque
2691 4973 2960 5028 Salvatori
2987 4990 3000 5028 :
3026 4973 3223 5027 Beatus
3263 4984 3441 5028 venter
3466 4978 3553 5044 qui
3583 4985 3633 5028 te

2040 5067 2288 5138 portarit,
2316 5077 2363 5120 et
2391 5067 2549 5121 ubera
2590 5085 2707 5138 qum
2747 5067 2954 5121 auxisti.
3003 5067 3141 5121 Vere
3170 5067 3317 5121 enim
3340 5066 3497 5123 beata
3525 5083 3623 5137 pa-

2043 5177 2188 5226 rens,
2217 5176 2355 5230 quae,
2390 5162 2534 5216 sicut
2565 5163 2784 5230 quidam
2816 5161 2892 5214 ait
2930 5160 3254 5234 (Sedulius),

2664 5291 2821 5354 Enixa
2847 5299 2923 5340 est
2949 5303 3194 5354 puerpera
3219 5305 3416 5352 regem.

2167 5353 2360 5403 Numen
2383 5359 2433 5402 et
2452 5360 2640 5403 interno
2663 5353 2997 5416 complectens
3020 5355 3179 5402 omnia
3202 5368 3344 5416 gyro.

2168 5416 2356 5466 Gaudia
2384 5418 2554 5464 matris
2581 5417 2782 5471 habens,
2810 5429 2918 5464 cum
2949 5417 3239 5475 \irginitatis
3265 5417 3469 5466 honore.

2167 5479 2261 5536 Qui
2286 5477 2461 5524 culum
2487 5485 2771 5537 terramque
2797 5485 2936 5525 tenet
2962 5489 3053 5538 per
3077 5477 3273 5532 smcula.
3303 5478 3442 5537 cujus

2169 5539 2432 5601 imperium
2457 5541 2568 5587 sine
2593 5539 2690 5587 line
2711 5546 2896 5601 suimet,
2926 5552 3037 5600 qlia:
3065 5548 3238 5588 ventre
3262 5539 3428 5596 beato,

2166 5599 2270 5650 Nec
2295 5603 2492 5663 primam
2516 5602 2726 5651 similem
2752 5604 2852 5651 visa
2875 5599 2968 5658 est,
2988 5614 3080 5650 nec
3108 5601 3293 5654 habere
3314 5607 3629 5663 sequentem.

2114 5717 2179 5766 At
2224 5710 2310 5767 ille
2344 5711 2477 5768 dixit
2505 5727 2523 5766 .'
2549 5713 2832 5782 Quiuimo,
2865 5713 3001 5769 beati
3027 5711 3116 5783 qui
3157 5714 3387 5766 audiunt
3430 5710 3626 5765 verbum
