3994 6206
351 325 445 383 Hi
1160 315 1672 377 COLLECTIONES
1711 316 1778 372 IN
1810 313 2194 372 EPISTOLAS
2232 312 2321 370 ET
2360 311 2769 371 EVANGELIA.
3511 311 3617 368 li!

348 444 464 509 D'ei,
494 450 542 498 et
568 438 866 496 custodiunt
892 436 1048 493 illud.
1074 436 1305 493 Pulchre
1325 435 1573 491 Salvator
1596 428 1929 488 attestationi
1961 429 2006 488 Α
2041 444 2060 477 ‹
2108 427 2219 498 Ego
2247 443 2365 483 sum
2394 428 2485 498 qui
2514 427 2707 497 loquor
2733 420 2931 481 tecum.
2978 425 3047 480 Et
3070 426 3327 482 continuo
3356 440 3621 484 νοηρπιιηη

346 534 589 593 mulieris
610 532 820 587 annuit.
847 528 967 586 Non
993 543 1113 587 eam
1141 526 1534 590 tantummodo,
1560 523 1929 596 quaeVerbum
2043 538 2061 569 ε
2108 520 2353 591 discipuli
2398 519 2516 591 ejus
2558 528 2614 574 et
2657 519 3020 584 mirabantur,
3058 520 3185 590 quia
3234 535 3357 575 cum
3400 522 3624 578 muliere

345 627 441 683 Dei
472 622 828 695 corporaliter
864 635 1128 693 generare
1167 625 1464 685 meruerat,
1501 617 1598 673 sed
1633 625 1688 672 et
1722 627 1929 696 omnes,

2107 609 2466 678 loquebatur,
2533 625 2695 666 nemo
2745 617 2929 665 tamen
2973 610 3111 665 dixit
3148 630 3162 665 :
3199 610 3341 679 Quid
3391 614 3627 683 qumris?

340 718 562 790 quidem
591 716 824 772 verbum
859 711 1219 783 Spirituaiiter
1243 710 1427 765 auditu
1459 706 1582 763 ﬁdei
1620 705 1930 775 concipere,
2044 715 2062 746 ι
2109 706 2202 752 aut
2226 699 2355 769 quid
2391 700 2630 790 loqueris
2661 713 2790 754 eum
2818 699 2918 756 ea?
2949 698 3191 771 Reliquit
3217 715 3347 773 ergo
3371 701 3623 774 hydriat'n

344 788 401 867 et
423 807 554 866 boni
595 807 781 879 operis
807 804 1075 870 custodia,
1103 802 1189 859 vei
1224 802 1279 858 in
1306 815 1426 865 suo,
1453 798 1539 855 vel
1574 798 1629 852 in
1656 797 1935 868 proximo-
2045 805 2064 836 ι
2106 800 2258 879 suam
2307 789 2505 845 mulier
2548 798 2606 845 et
2650 788 2785 844 abiit
2824 790 2884 845 in
2926 790 3223 857 civitatem,
3264 801 3322 848 et
3349 792 3489 849 dixit
3521 793 3628 853 illis

345 916 467 956 rum
503 877 668 955 corde
707 910 925 968 parere,
959 903 1014 949 et
1051 893 1207 964 quasi
1236 891 1386 947 alere
1424 887 1757 955 studuerint,
1787 901 1936 943 asse-
2045 895 2063 929 ι
2111 877 2419 935 hominibus
2451 897 2464 934 ε
2504 881 2691 938 Venite
2723 890 2781 938 et
2806 882 2988 938 Videte
3030 882 3304 939 hominem
3344 886 3437 956 qui
3484 886 3624 944 dixit

342 978 551 1049 vorans
588 1003 711 1045 esse
753 987 968 1043 beatos.
1018 983 1157 1052 Quia
1200 991 1256 1038 et
1301 980 1494 1037 eadem
1529 978 1629 1036 Dei
1674 977 1931 1051 genitrix,

2110 972 2245 1027 mihi
2291 972 2475 1029 omnia
2520 990 2856 1046 quacunque
2901 973 3026 1032 feci.
3087 975 3342 1049 Nunquid
3378 980 3497 1050 ipse
3539 992 3625 1037 cst

346 1094 403 1140 et
436 1083 564 1138 inde
600 1079 828 1152 quidem
856 1078 1039 1142 beata,
1066 1076 1195 1146 quia
1208 1072 1375 1134 Verbi
1412 1071 1731 1129 incarnandi
1777 1066 1937 1123 mini—
2040 1080 2063 1113 η‹
2109 1061 2398 1118 Christus?
2428 1062 2693 1119 Exierunt
2725 1078 2857 1136 ergo
2883 1067 2950 1122 de
2985 1066 3223 1133 civitate,
3252 1076 3307 1124 et
3332 1070 3625 1126 veniebant

343 1184 462 1231 stra
499 1180 586 1228 est.
625 1170 769 1225 facta
814 1166 1154 1237 temporalis,
1198 1164 1296 1221 sed
1340 1163 1465 1219 inde
1504 1161 1676 1218 multo
1701 1159 1934 1222 beatior,
2047 1173 2066 1204 ‹
2113 1154 2180 1209 ad
2208 1168 2352 1210 eum.
2372 1155 2588 1213 interea
2617 1160 2878 1229 rogabant
2902 1174 3027 1215 eum
3052 1161 3318 1232 discipuli,
3340 1163 3620 1220 dicentes;

343 1263 478 1333 quia
542 1256 794 1330 eiusdem
856 1269 1074 1326 semper
1138 1252 1358 1309 amandi
1439 1258 1625 1306 custos
1683 1248 1939 1303 manebat
2042 1264 2066 1296 ι
2112 1245 2308 1311 Rabbi,
2345 1250 2630 1305 manduca.
2658 1250 2753 1307 ωε
2781 1261 2963 1308 autem
2991 1252 3129 1308 dixit
3146 1253 3269 1309 eis:
3306 1253 3419 1326 Ego
3442 1256 3622 1311 cibum

346 1361 575 1408 aeterna.
642 1346 759 1416 Qua
798 1344 1096 1410 sententia,
1129 1344 1404 1413 sapientes
1432 1340 1743 1396 Iudaeorum
1799 1338 1937 1394 clam
2050 1356 2068 1388 ι
2112 1339 2291 1395 habeo
2336 1339 2687 1407 manducare,
2727 1355 2887 1412 quem
2926 1357 3026 1397 vos
3067 1343 3315 1397 nescitis.
3362 1344 3634 1401 Dixerunt

344 1438 605 1511 percutit,
646 1436 743 1508 qui
777 1435 1006 1491 verbum
1044 1432 1142 1489 Dei
1180 1447 1289 1488 non
1332 1431 1522 1487 audire
1561 1438 1619 1485 et
1639 1428 1936 1493 custodire.
2050 1450 2069 1482 ι
2116 1446 2245 1503 ergo
2276 1433 2524 1503 discipuli
2545 1432 2614 1488 ad
2644 1433 2880 1488 invicem
2902 1448 2920 1485 :
2943 1431 3197 1503 Nunquid
3227 1434 3423 1503 aliquis
3451 1437 3633 1491 attulit

351 1534 450 1591 sed
473 1546 671 1605 negare
693 1539 753 1585 et
772 1529 1162 1599 biaspbemare
1191 1524 1527 1598 quaerebant.

377 1667 587 1723 FERIA
642 1662 876 1722 SEXTA
932 1659 1379 1719 HEBDOMADE
1442 1655 1784 1716 SECUNDJE
1847 1656 1917 1712 ΙΝ

859 1751 1434 1825 ὨΙῚΑΒΒΑΕΕΒΙΜΑ.
1486 1754 1493 1759 ’

719 1881 1061 1925 mansum
1098 1880 1335 1932 IOANNIS,
1364 1879 1484 1920 cn.
1518 1878 1590 1918 tv.

437 2003 458 2035 ς
486 1983 662 2039 Iesus
706 1988 890 2036 autem
935 1977 1191 2050 fatigatus
1234 1993 1305 2033 ex
1351 1976 1566 2042 itinere,
1612 1974 1837 2031 sedebat
1868 1974 1950 2029 sic

360 2096 384 2125 ι
429 2089 597 2146 supra
649 2073 855 2128 fontem
882 2113 897 2138 ,
964 2071 1103 2126 hora
1164 2078 1349 2124 autem
1398 2076 1521 2123 erat
1566 2067 1721 2138 quasi
1772 2073 1946 2121 sexta.

366 2188 385 2219 ε
434 2167 597 2223 Venit
634 2166 830 2221 mulier
873 2164 938 2220 de
974 2161 1223 2217 Samaria
1258 2162 1482 2217 haurire
1527 2175 1749 2230 aquam.
1811 2158 1955 2214 Dicit

359 2283 387 2310 η
434 2261 486 2316 ei
530 2258 693 2315 Iesus
729 2257 861 2313 :‘Da
905 2256 1036 2312 mihi
1085 2254 1293 2311 bibere.
1346 2252 1602 2324 Discipuli
1648 2253 1794 2307 enim
1838 2249 1956 2319 ejus

372 2374 390 2406 ‹
436 2354 687 2410 abierant
736 2351 794 2404 in
843 2349 1145 2412 civitatem,
1194 2356 1255 2402 ut
1305 2347 1457 2402 cibos
1502 2352 1765 2400 emerent.
1815 2342 1957 2398 Dicit

376 2464 394 2494 ι
440 2458 574 2514 ergo
620 2442 673 2497 ei
722 2439 923 2495 mulier
972 2439 1065 2493 illa
1123 2435 1508 2493 Samaritana:
1544 2433 1830 2502 Quomodo
1864 2441 1956 2499 tu,

374 2555 394 2587 ι
440 2523 661 2590 Iudaeus
702 2547 827 2587 cum
872 2531 972 2595 sis,
1013 2530 1203 2586 lubere
1250 2545 1283 2583 a
1320 2540 1408 2585 me
1446 2528 1647 2600 poscis,
1674 2542 1798 2598 qua!
1832 2541 1958 2582 sum

370 2647 397 2680 ιι
436 2626 636 2683 mulier
671 2623 1057 2680 Samaritana?
1103 2621 1221 2676 Non
1258 2620 1407 2676 enim
1448 2626 1754 2677 contuetur
1787 2617 1959 2673 ,ιιιάωί

372 2735 399 2768 ί
444 2714 828 2772 Samaritanis.
872 2712 1172 2784 Respondit
1223 2711 1381 2767 Iesus
1430 2720 1490 2766 et
1550 2709 1691 2765 dixit
1738 2707 1791 2765 ei
1836 2726 1851 2761 :
1903 2708 1964 2764 Si

382 2826 403 2860 ι
449 2808 625 2864 scires
661 2807 855 2861 donum
896 2804 1017 2870 Dei,
1058 2812 1118 2861 es
1154 2804 1280 2874 quis
1314 2810 1402 2859 est
1440 2802 1537 2873 qui
1572 2800 1706 2857 (ﬁcit
1741 2800 1859 2867 tibi,
1896 2801 1964 2856 da

2051 1539 2071 1572 ε
2117 1522 2168 1576 ei
2203 1522 2575 1581 manducare?
2612 1522 2756 1577 Dicit
2791 1522 2872 1577 eis
2902 1521 3062 1578 Iesus
3095 1539 3107 1574 :
3143 1522 3294 1578 Meus
3327 1523 3482 1580 cibus
3527 1537 3629 1585 est.

2052 1633 2071 1666 ε
2116 1623 2177 1671 ut
2213 1613 2408 1671 faciam
2443 1614 2775 1670 voiuntatem
2806 1614 2925 1685 ejus
2960 1615 3051 1687 qui
3091 1615 3240 1671 misit
3284 1631 3391 1680 me,
3420 1626 3483 1671 ut
3510 1632 3639 1686 per-

2056 1726 2075 1757 α
2118 1706 2299 1762 ﬁcium
2329 1722 2464 1779 opus
2500 1706 2636 1778 ejus.
2685 1704 2874 1762 Nonne
2899 1722 2998 1764 vos
3026 1707 3230 1773 dicitis,
3271 1709 3415 1778 quod
3460 1710 3639 1764 adhuc

1974 1781 2023 1840 Β
2056 1815 2077 1851 ‹
2119 1805 2354 1869 quatuor
2382 1812 2599 1857 menses
2635 1806 2784 1864 sunt,
2810 1806 2867 1852 et
2910 1798 3101 1854 messis
3124 1799 3315 1854 venit?
3348 1798 3488 1855 Ecce
3510 1799 3637 1854 dico

2058 1910 2077 1940 ι
2122 1891 2310 1946 vobis:
2352 1890 2551 1947 Levatc
2588 1892 2777 1947 oculos
2806 1900 3023 1947 vestros
3060 1899 3116 1947 et
3146 1892 3326 1949 videte
3363 1893 3636 1965 regiones,

2059 2000 2078 2034 r
2122 1984 2251 2054 quia
2294 1985 2429 2041 alba:
2477 1995 2605 2040 sunt
2642 1983 2756 2053 jam
2806 1985 2873 2040 ad
2922 1994 3178 2042 messem.
3232 1986 3299 2041 Et
3335 1987 3427 2057 qui
3461 1988 3634 2047 metit.

2061 2096 2079 2129 ‹
2128 2079 2432 2133 mercedem
2464 2077 2686 2148 accipit,
2714 2086 2770 2134 et
2795 2085 3091 2150 congregat
3121 2077 3357 2133 {metum
3384 2079 3441 2133 in
3466 2079 3638 2134 vitam

2062 2188 2081 2222 ‹
2126 2178 2404 2225 :eternam.
2452 2169 2529 2225 Ut
2568 2178 2625 2224 et
2664 2170 2756 2239 qui
2804 2170 3040 2225 seminat
3080 2171 3243 2225 simul
3291 2172 3543 2243 gaudeat,
3588 2180 3646 2225 et

2063 2280 2081 2312 ι
2128 2261 2220 2331 qui
2259 2261 2431 2317 metit.
2471 2260 2535 2315 in
2576 2261 2680 2317 hoc
2716 2260 2860 2316 enim
2893 2269 2979 2318 est
3009 2263 3236 2318 verbum
3272 2277 3489 2329 verum,
3516 2265 3646 2334 quia

2062 2372 2084 2403 ε
2131 2353 2270 2408 alius
2316 2361 2401 2408 est
2442 2353 2535 2423 qui
2587 2354 2853 2421 seminat,
2903 2361 2958 2409 et
3006 2354 3145 2410 adius
3192 2363 3276 2411 est
3326 2356 3417 2425 qui
3466 2359 3643 2412 metit.

2065 2461 2083 2493 ι
2128 2442 2241 2514 Ego
2288 2443 2410 2498 misi
2452 2457 2550 2498 vos
2594 2451 2831 2509 metere,
2872 2443 3017 2515 quod
3054 2459 3164 2499 non
3200 2444 3511 2512 laborastis,
3556 2446 3647 2501 alii

2068 2551 2086 2586 ι
2134 2533 2537 2599 laboraverunt,
2571 2541 2626 2588 et
2652 2548 2750 2591 vos
2785 2533 2840 2588 in
2885 2533 3098 2590 labores
3135 2549 3324 2590 eorum
3359 2535 3646 2591 introisds.

2068 2648 2086 2679 ι
2135 2628 2215 2682 Ex
2251 2628 2473 2684 civitate
2503 2633 2685 2681 autem
2724 2625 2835 2691 illa,
2868 2626 3026 2681 multi
3059 2626 3411 2683 crediderunt
3443 2627 3497 2682 in
3527 2643 3650 2683 cum

2072 2739 2090 2771 ε
2136 2719 2631 2785 Samaritanorum,
2660 2708 2889 2788 propter
2924 2718 3149 2773 verbum
3186 2718 3451 2784 mulieris,
3495 2719 3653 2774 tes-ti-

2073 2831 2091 2864 α
2139 2814 2381 2868 monium
2420 2812 2777 2882 perbibentis,
2807 2812 2932 2879 quia
2964 2811 3099 2865 dixit
3134 2811 3266 2865 mihi
3296 2811 3476 2866 omnia
3509 2827 3656 2882 qua:-

376 2918 427 2953 ιι·
454 2899 591 2955 mihi
616 2897 829 2963 bibere,
851 2906 907 2953 tu
930 2897 1161 2952 torsitan
1188 2896 1421 2967 petisses
1447 2893 1516 2949 ab
1534 2906 1626 2959 eo,
1647 2903 1701 2948 et
1729 2891 1968 2949 dedisset

2081 2921 2094 2953 ι
2141 2917 2354 2972 cunque
2384 2901 2509 2957 feci.
2557 2900 2691 2956 Cum
2720 2900 2999 2956 venissent
3021 2915 3151 2971 ergo
3184 2902 3250 2955 ad
3285 2901 3435 2955 illum
3467 2900 3657 2955 Sama-

378 3011 402 3045 ς
450 2991 550 3047 tibi
604 3005 804 3061 aquam
849 2989 1051 3045 vivam.
1307 2988 1365 3043 ei
1418 2987 1661 3043 mulier:
1711 2984 1963 3050 Domine,

382 3104 401 3137 ι
446 3098 626 3154 neque
663 3084 718 3138 in
763 3097 871 3153 quo
909 3082 1127 3137 haurias
1154 3080 1342 3146 habes,
1366 3089 1425 3136 et
1452 3087 1651 3150 puteus
1679 3078 1825 3134 situs
1856 3088 1962 3134 est.

376 3194 401 3226 ‹
449 3175 607 3232 Unde
656 3188 790 3244 ergo
834 3173 1005 3229 habes
1057 3186 1254 3241 aquam
1310 3170 1531 3225 vivam?
1590 3168 1844 3240 Nunquid
1908 3175 1965 3221 tu

378 3285 403 3317 ι
446 3265 623 3336 major
664 3278 729 3321 es
771 3270 929 3335 patre
972 3270 1160 3317 nostro
1198 3259 1405 3325 Iacob,
1470 3258 1567 3329 qui
1610 3259 1761 3314 dedit
1811 3258 1969 3313 nobis

376 3376 403 3407 τι
446 3364 693 3426 puteum,
718 3363 775 3410 ct
811 3354 927 3423 ipse
948 3368 1016 3408 ex
1045 3367 1110 3408 eo
1137 3352 1275 3408 bibit
1309 3359 1366 3407 et
1396 3349 1493 3405 [iiii
1523 3349 1662 3420 ejus,
1688 3355 1743 3404 et
1769 3360 1971 3419 pecora

385 3469 404 3498 ς
449 3447 602 3518 ejus?
627 3444 928 3516 Respondit
943 3442 1105 3500 Iesus
1133 3451 1190 3500 ct
1217 3443 1357 3498 dixit
1383 3441 1433 3497 ei
1466 3459 1480 3497 :
1509 3440 1700 3497 Omnis
1722 3440 1815 3510 qui
1838 3436 1975 3493 bibit

378 3559 404 3590 τι
447 3554 515 3595 ex
549 3554 694 3608 aqua
722 3539 847 3602 hac,
881 3537 1030 3593 sitiet
1069 3536 1284 3591 iterum.
1322 3535 1428 3603 Qui
1467 3542 1651 3590 autem
1678 3531 1879 3589 biberit
1902 3546 1974 3586 ex

380 3651 409 3681 -ι
457 3646 596 3701 aqua
636 3646 802 3701 quam
838 3644 946 3699 ego
980 3629 1124 3684 dabo
1158 3628 1232 3693 ci,
1260 3643 1368 3682 non
1399 3627 1549 3682 sitiet
1595 3627 1649 3680 in
1685 3634 1972 3680 aeternum.

388 3744 411 3773 ι
457 3721 566 3779 Sed
591 3708 733 3793 aqua
762 3736 926 3792 quam
954 3736 1054 3793 ego
1081 3720 1223 3776 dabo
1245 3719 1318 3781 ei,
1369 3718 1463 3773 tlet
1492 3717 1550 3771 in
1581 3731 1646 3772 eo
1675 3715 1796 3772 fons
1824 3728 1976 3784 aqum

396 3832 416 3864 ι
458 3811 789 3877 salientian
815 3811 981 3866 vitam
1006 3817 1292 3865 aeternum.
1328 3808 1470 3864 Dicit
1498 3809 1566 3863 ad
1588 3821 1717 3863 eum
1744 3805 1971 3861 mulier:

392 3923 410 3956 ι
458 3905 706 3968 Domine,
749 3902 820 3958 da
860 3902 993 3958 mihi
1032 3903 1175 3957 hanc
1221 3916 1446 3972 aquam,
1504 3909 1565 3956 ut
1624 3915 1730 3957 non
1770 3898 1977 3966 sitiam,

390 4016 414 4047 ‹
457 4011 637 4066 neque
662 3995 880 4051 veniam
913 3994 1022 4049 huc
1058 3994 1301 4050 haurire.
1335 3992 1479 4049 Dicit
1507 3993 1556 4048 ei
1581 3990 1741 4048 Iesus
1772 3992 1976 4057 :Vade,

1990 3127 2041 3194 C

2077 3012 2096 3044 ε
2141 2993 2304 3047 ritani
2343 2997 2671 3063 rogaverunt
2696 3004 2841 3057 cum,
2875 2997 2936 3045 ut
2971 2991 3046 3045 ibi
3081 2997 3347 3054 maneret,
3375 2997 3430 3043 et
3459 2990 3661 3044 mansit

2077 3102 2096 3134 ι
2144 3083 2217 3139 ibi
2243 3083 2377 3139 duos
2402 3081 2537 3137 dies.
2563 3081 2630 3135 Et
2656 3079 2825 3135 multo
2854 3080 3036 3145 plures
3062 3078 3412 3136 crediderunt
3434 3087 3660 3150 propter

2078 3194 2097 3227 ι
2143 3188 2423 3231 sermones
2466 3171 2603 3241 ejus.
2662 3171 2731 3226 Et
2781 3171 2995 3227 mulieri
3040 3169 3338 3231 dicebant:
3373 3168 3509 3237 Quia
3551 3184 3659 3223 non

2076 3286 2097 3319 ί
2142 3275 2365 3340 prepter
2403 3274 2554 3321 tuam
2593 3264 2866 3334 loquelam
2907 3263 3198 3320 credimus.
3245 3262 3350 3333 Ipsi
3384 3263 3528 3317 enim
3557 3275 3658 3315 au-

2078 3377 2100 3412 r
2145 3358 2377 3414 divinius
2431 3364 2486 3411 ct
2540 3355 2744 3411 scimus
2789 3355 2915 3425 quia
2970 3353 3060 3410 hic
3106 3363 3192 3409 est
3241 3367 3369 3408 vere
3412 3351 3666 3409 Salvator

2078 3469 2100 3500 ί
2146 3450 2353 3505 mundi.
2402 3468 2419 3501 ι

2145 3543 2302 3597 Iesus
2326 3542 2583 3613 fatigatus
2606 3558 2670 3596 ea:
2700 3542 2908 3606 itinere,
2932 3542 3140 3597 sedebat
3171 3544 3246 3596 sic
3268 3559 3423 3614 super
3445 3544 3661 3614 fontem,

2078 3638 2207 3691 liora
2230 3645 2342 3691 erat
2363 3635 2514 3706 quasi
2543 3643 2710 3689 sexta.
2733 3631 2891 3690 Iesus
2919 3649 3048 3705 ergo
3074 3633 3329 3706 fatigatus
3353 3649 3418 3690 ex
3449 3635 3661 3702 itinere,

2078 3727 2209 3799 quid
2237 3734 2324 3782 est
2350 3724 2515 3791 aliud,
2543 3740 2705 3796 quam
2737 3722 2994 3797 fatigatus
3021 3725 3073 3779 in
3111 3741 3297 3792 carne,
3329 3722 3580 3782 infirmus
3609 3726 3663 3781 in

2066 3822 2246 3875 carne
2274 3818 2464 3874 Iesus?
2506 3817 2616 3873 iter
2644 3817 2813 3887 ipsius
2842 3825 2927 3873 est
2966 3832 3098 3873 caro
3124 3826 3397 3888 assumpta
3425 3833 3526 3889 pro
3572 3834 3668 3872 no-

2079 3911 2187 3978 bis,
2224 3912 2352 3983 quia
2389 3926 2497 3967 non
2534 3910 2601 3966 ad
2638 3924 2738 3967 nos
2763 3910 3004 3973 veniret,
3040 3911 3140 3965 nisi
3186 3908 3415 3964 formam
3439 3909 3668 3964 visibilis

2083 4001 2263 4056 carnis
2290 4007 2612 4055 assumeret.
2654 3998 2789 4066 Quia
2823 4014 2952 4069 ergo
2980 3998 3165 4052 venire
3193 3998 3260 4051 ad
3290 4012 3388 4051 nos
3416 4011 3481 4053 co
3508 3998 3669 4052 modo

393 4108 413 4138 ι
458 4102 595 4143 voca
624 4087 805 4142 virum
836 4094 1009 4150 tuum,
1037 4094 1096 4141 et
1122 4086 1246 4140 veni
1281 4086 1404 4140 huc.
1455 4083 1751 4155 Respondit
1783 4082 1971 4138 mulier

2084 4092 2336 4162 dignatus
2369 4100 2471 4155 c~t,
2517 4097 2579 4143 ut
2628 4090 2682 4142 in
2728 4078 2904 4143 forma
2944 4088 3106 4151 servi,
3163 4094 3439 4156 assumpta
3481 4101 3664 4147 carne,

392 4201 417 4231 ί
460 4190 518 4237 et
542 4181 681 4237 dixit
710 4196 729 4236 :
760 4179 880 4235 Non
906 4178 1084 4233 habeo
1112 4177 1311 4231 virum.
1352 4176 1504 4230 Dixit
1534 4177 1586 4230 ei
1612 4173 1808 4230 Iesus:
1835 4174 1982 4229 Bene

2086 4188 2411 4251 appareret,
2468 4181 2581 4248 ipsa
2629 4179 2813 4233 carnis
2857 4178 3154 4248 assumptio
3201 4186 3283 4232 est
3330 4177 3437 4232 iter
3478 4178 3666 4249 ipsius.

398 4292 419 4321 ι
464 4273 687 4338 dixisti,
731 4272 859 4343 quia
898 4285 1012 4325 non
1062 4268 1243 4324 habeo
1289 4269 1492 4332 virum,
1543 4267 1783 4336 quinque
1832 4265 1979 4319 enim
2086 4270 2264 4337 Quare
2302 4284 2432 4342 ergo
2472 4271 2605 4324 hora
2654 4277 2834 4331 sexta,
2886 4270 3012 4338 quia
3058 4277 3218 4324 aetate
3265 4268 3447 4325 smculi
3492 4278 3667 4326 sexta.

402 4387 420 4417 ι
464 4368 615 4423 Viros
646 4365 906 4430 habilis“,
932 4372 985 4419 οι
1018 4378 1161 4418 ηυηο
1190 4377 1351 4433 quem
1376 4361 1567 4426 habes»
1595 4374 1701 4414 ηοη
1737 4365 1822 4414 ρει
1859 4368 1982 4413 illus
2086 4364 2168 4419 Ad
2216 4369 2439 4433 puteum
2464 4360 2731 4431 fatigatus
2759 4360 2931 4426 venit,
2967 4360 3094 4431 quia
3130 4359 3405 4416 infirmam
3451 4375 3671 4417 carnem

400 4478 422 4508 ο
465 4459 571 4523 vir,
611 4460 717 4514 hoc
750 4471 877 4512 vere
917 4456 1125 4512 dixisti.
1163 4456 1307 4512 Dicit
1348 4456 1399 4509 ei
1431 4453 1642 4509 'mulier
1677 4470 1691 4507 :
1731 4452 1979 4519 Domine,
2006 4477 2062 4539 Β
2088 4453 2346 4527 portavit.
2375 4453 2456 4508 Ad
2494 4459 2740 4523 puteum,
2775 4453 2901 4522 quia
2943 4452 3011 4533 ad
3047 4452 3473 4523 profunditatem
3512 4450 3675 4523 hujus

402 4569 419 4598 ι
462 4550 621 4605 video
653 4550 782 4620 quia
805 4550 1072 4619 propheta
1098 4563 1159 4604 es
1186 4556 1268 4612 tu,
1294 4553 1481 4617 patres
1516 4545 1687 4603 nostri
1719 4546 1772 4601 in
1798 4554 1982 4601 monte

397 4659 419 4689 ε
465 4640 568 4697 hoc
592 4642 980 4705 adoravcrunt,
999 4649 1063 4695 ct
1084 4656 1181 4695 vos
1207 4640 1415 4695 dicitis:
1444 4639 1571 4709 quia
1593 4638 1982 4711 Hierosolymis

402 4749 421 4782 ι
466 4741 551 4788 est
594 4732 745 4788 locus
786 4732 881 4788 ubi
924 4732 1156 4788 adorare
1207 4738 1442 4801 oportet.
1502 4729 1645 4787 Dicit
1690 4731 1742 4786 ei
1789 4730 1979 4786 Iesus:

406 4843 423 4875 σ
469 4826 681 4892 Mulier,
709 4826 870 4882 crede
898 4825 1050 4891 mibi,
1075 4825 1202 4897 quia
1222 4824 1372 4879 venit
1387 4825 1545 4890 hora,
1563 4823 1781 4895 quando
1810 4838 1983 4894 neque

406 4940 426 4972 ί
472 4925 526 4979 in
563 4932 750 4980 monte
785 4923 913 4988 hoc,
950 4937 1129 4993 neque
1172 4921 1225 4976 in
1261 4918 1652 4991 Hierosolymis
1685 4919 1984 4975 adorabitis

402 5032 427 5065 i
469 5014 712 5071 Patrem.
732 5013 843 5071 Vos
865 5014 1110 5070 adoratis
1138 5013 1280 5082 quod
1308 5011 1549 5075 nescitis,
1581 5026 1679 5067 nos
1702 5012 1990 5066 adoramus

407 5122 428 5155 ι
472 5105 621 5176 quod
645 5105 866 5160 scimus.
895 5103 1031 5172 Quia
1061 5103 1209 5159 salus
1234 5117 1303 5158 ex
1328 5100 1532 5157 Iudaeis
1559 5109 1661 5156 est.
1703 5101 1811 5157 Sed
1843 5102 1991 5155 venit

409 5213 430 5248 ί
472 5197 606 5253 hora
635 5206 693 5255 et
727 5213 874 5254 nunc
906 5207 1010 5264 est,
1045 5197 1265 5267 quando
1292 5195 1406 5251 veri
1442 5193 1760 5249 adoratores
1794 5193 1988 5249 adora-

411 5307 432 5344 ‹
470 5291 610 5348 bant
641 5294 855 5349 Patrem
894 5292 949 5347 in
981 5293 1174 5363 spiritu
1207 5299 1263 5346 et
1288 5290 1538 5345 veritate.
1580 5287 1713 5344 Nam
1755 5287 1990 5343 etPater

409 5403 431 5438 ι
472 5386 610 5443 tales
637 5386 853 5457 qumrit,
886 5386 976 5458 qui
1009 5386 1237 5442 adorent
1265 5400 1409 5440 cum.
1449 5384 1686 5456 Spiritus
1716 5391 1799 5439 est
1825 5383 1988 5447 Deus,

412 5495 433 5530 ‹
474 5488 530 5535 et
569 5495 666 5535 eos
709 5480 804 5550 qui
848 5481 1076 5535 adorant
1111 5495 1260 5544 eum,
1307 5479 1360 5533 in
1418 5478 1615 5549 spiritu
1665 5484 1721 5531 et
1762 5476 1991 5532 veritate

415 5587 435 5622 ε
464 5580 685 5643 oportet
722 5588 848 5629 cum
883 5572 1127 5628 adorare.
1168 5572 1311 5627 Dicit
1341 5572 1391 5627 ei
1430 5554 1628 5626 mulier
1659 5587 1671 5622 :
1708 5569 1833 5625 Scio
1864 5570 1989 5639 quia

417 5676 438 5713 ι
481 5661 704 5720 Messias
731 5664 902 5731 venit,
931 5664 1022 5734 qui
1051 5663 1250 5718 dicitur
1273 5660 1554 5727 Christus;
1593 5675 1714 5715 cum
1745 5673 1873 5729 crgo
1904 5660 1991 5714 ille

2091 4545 2442 4602 habitationis
2469 4552 2692 4609 nostrm,
2719 4545 2868 4600 unde
2896 4543 3130 4599 dicitur:
3156 4543 3231 4598 De
3256 4543 3536 4615 profundis
3565 4543 3673 4598 cla-

2093 4637 2229 4693 mavi
2247 4637 2316 4692 ad
2335 4646 2403 4703 te,
2422 4635 2642 4690 Domine
2663 4632 2836 4709 (Psat.
2861 4633 3248 4703 (ῖςιιι).8οίὶίῑ,
3275 4634 3401 4705 quia
3424 4634 3677 4690 humilia-

2094 4740 2180 4786 tus
2207 4736 2310 4785 cst.

2166 4822 2234 4878 Et
2274 4822 2407 4877 venit
2440 4819 2634 4875 muh‘er
2673 4819 2739 4874 de
2770 4817 3020 4875 Samaria
3059 4818 3274 4874 haurire
3317 4835 3528 4892 aquam.
3568 4819 3674 4875 Ista

2093 4914 2290 4970 mulier
2317 4921 2503 4985 typum
2548 4911 2771 4983 gerebat
2795 4908 3071 4965 Eccicsizc.
3119 4907 3359 4965 Ventura
3387 4911 3532 4965 enim
3559 4920 3679 4966 erat

2097 5004 2336 5060 Ecclesia
2367 5004 2433 5059 de
2457 5003 2710 5073 gentibus
2735 5000 3033 5071 alienigena
3063 5017 3092 5056 a
3123 5016 3320 5073 genere
3341 5000 3673 5059 Iudaeorum.

2095 5097 2393 5152 Audiamus
2439 5110 2570 5165 ergo
2616 5093 2761 5148 illam
2806 5107 2927 5158 nos,
2976 5099 3029 5147 ct
3081 5091 3136 5146 in
3192 5092 3281 5147 illa
3324 5108 3679 5163 agnoscamus

2096 5202 2216 5251 nos,
2260 5194 2319 5241 et
2367 5185 2421 5240 in
2467 5185 2556 5239 iila
2597 5182 2801 5255 gratias
2839 5199 3063 5253 agamus
3093 5183 3206 5239 Deo
3241 5199 3341 5255 pro
3370 5186 3543 5241 nobis.
3583 5185 3675 5239 Ilia

2095 5281 2294 5336 etenim
2330 5293 2491 5349 aqua,
2530 5292 2693 5348 quam
2716 5276 2782 5331 de
2804 5285 2969 5346 puteo
3004 5276 3225 5331 haurire
3255 5285 3496 5339 venerat,
3525 5274 3677 5328 volu-

2066 5385 2216 5449 ptas
2260 5375 2441 5431 srccuii
2485 5384 2601 5438 est,
2644 5371 3018 5443 profunditate
3058 5360 3376 5431 tenebrosa,
3424 5368 3510 5421 hic
3556 5381 3677 5420 eam

2093 5472 2353 5528 hauriunt
2382 5469 2631 5525 homines
2660 5464 2852 5538 hydria
2880 5463 3189 5534 cupiditatis
3208 5501 3221 5527 ,
3252 5474 3373 5514 nam
3403 5466 3458 5512 et
3484 5456 3679 5528 hydria

2095 5566 2443 5637 cupiditatem
2482 5558 2770 5634 signiﬁcat.

2163 5656 2304 5710 Dicit
2336 5655 2381 5709 ei
2401 5653 2558 5707 Jcsus
2589 5665 2606 5702 :
2634 5650 2713 5703 Da
2750 5649 2879 5703 mihi
2909 5647 3098 5701 bibere.
3145 5643 3237 5697 llic
3272 5648 3454 5695 autem
3480 5641 3570 5711 qui
3599 5641 3682 5695 bi—

414 5770 436 5804 ι
472 5758 704 5824 venerit,
740 5755 894 5810 nobis
926 5731 1267 5811 a—nnuntiabit
1312 5754 1513 5809 (iutilia.
1550 5751 1691 5807 Dicit
1721 5753 1768 5806 ei
1799 5749 1987 5806 Iesus:
2090 5748 2221 5803 bere
2248 5745 2545 5816 quxrebat,
2578 5742 2734 5796 fidem
2778 5741 2946 5808 ipsius
2982 5734 3224 5789 mulieris
3268 5735 3505 5788 sitiebat.
3537 5731 3683 5786 Petit
