3994 6206
260 312 312 363 Ἀ
324 311 389 367 ἄῦ

1574 293 1924 352 SMARAGDI
1965 292 2253 349 ABBATIS

3450 293 3551 349 144

264 428 471 482 obibcre
500 434 553 480 ct
588 419 854 494 promittit
887 417 1095 472 bibere.
1135 413 1270 487 Eget
1315 409 1469 482 quasi
1518 418 1857 479 accepturus,
1889 406 1934 465 A
2036 404 2223 459 Patres
2263 404 2423 458 nostri
2451 404 2507 455 in
2551 411 2720 457 monte
2767 402 2864 456 hoc
2894 402 3266 457 adoraverunt.
3311 402 3451 458 Dicit
3504 407 3553 459 ei

286 527 346 574 et
379 515 548 573 adluit
583 524 837 584 tanquam
875 512 1190 565 satiaturus.

358 608 419 663 Si
446 607 627 671 scires,
659 603 825 674 inquit
860 601 907 654 ei
926 598 1104 663 Iesus,
1132 596 1329 649 donum
1356 592 1476 660 Dei,
1502 600 1551 646 et
1577 590 1695 661 quis
1789 598 1866 642 est

284 701 373 771 qui
401 698 527 755 dicit
557 696 648 749 tibi
672 709 689 745 :
715 694 795 746 Da
824 692 952 747 mihi
984 689 1179 755 bibere,
1221 698 1278 742 tu
1310 686 1536 758 forsitan
1567 682 1779 755 petisses
1802 682 1867 734 ab

282 770 370 854 eo,
398 797 445 843 et
467 785 691 841 dedisset
714 782 809 837 tibi
829 797 1021 853 aquam
1048 780 1239 835 vivam.
1272 777 1480 834 Donum
1506 775 1599 830 Dei
1635 780 1720 828 est
1743 770 1866 841 Spi-

286 880 428 934 ritus
456 885 693 932 sanctus.
730 873 886 944 Aqua
914 887 1043 927 vero
1078 886 1240 942 quam
1268 870 1533 926 Dominus
1566 866 1617 923 ei
1642 862 1869 935 promit—

286 969 434 1024 tebat
466 967 616 1031 dari,
657 974 716 1020 ut
750 980 856 1019 non
896 962 1075 1018 sitiret
1119 961 1177 1017 in
1214 968 1500 1024 aeternum,
1542 957 1631 1011 illa
1667 962 1770 1021 est,
1803 952 1869 1007 de

283 1075 392 1130 qua
424 1058 626 1131 dictum
657 1063 740 1112 est
771 1074 785 1108 :
817 1051 970 1124 Apud
1000 1061 1047 1106 te
1072 1061 1170 1117 est,
1195 1050 1439 1115 Domine,
1472 1049 1590 1120 fons
1624 1048 1762 1102 vita.
1801 1044 1868 1098 Et

256 1143 481 1225 {iterum
509 1166 522 1202 :
553 1146 879 1202 Satiabimur
912 1146 967 1198 in
1001 1143 1147 1197 bonis
1176 1143 1363 1195 domus
1400 1150 1524 1194 ture.
1569 1138 1703 1215 Nam
1735 1152 1868 1208 quo-

259 1237 445 1313 timodo
479 1239 685 1304 sitient,
717 1237 809 1308 qui
838 1235 1253 1292 inebriabuntur
1289 1233 1356 1288 ab
1383 1234 1631 1287 ubertate
1675 1229 1869 1284 domus

256 1366 264 1399 ι
288 1332 432 1387 ιυεεῖ
463 1328 858 1391 Promittebant
886 1340 1014 1395 ergo
1043 1324 1284 1396 saginam
1308 1322 1593 1392 quamdam
1624 1328 1679 1374 et
1707 1318 1868 1375 satie-

254 1462 259 1471 ς
289 1432 474 1489 tatem,
504 1431 559 1478 et
590 1422 679 1476 illa
712 1420 950 1475 nondum
984 1417 1311 1487 intelligens,
1342 1414 1473 1471 dicit
1497 1413 1565 1469 ad
1601 1428 1756 1468 eum:

262 1492 269 1499 κ
358 1515 599 1577 Domine,
626 1512 694 1565 da
716 1510 841 1564 mihi
868 1510 1001 1563 hanc
1030 1523 1246 1578 aquam,
1271 1515 1328 1559 ut
1357 1522 1459 1560 non
1482 1506 1680 1570 sitiam,
1706 1520 1868 1574 neque

285 1608 485 1661 veniam
514 1604 613 1659 huc
638 1603 870 1657 haurire.
912 1600 1050 1653 Dicit
1075 1600 1122 1654 ei
1140 1599 1336 1653 Iesus:
1369 1596 1676 1663 Vade,voca
1699 1596 1867 1651 virum

284 1687 455 1769 tuum,
487 1714 535 1757 et
575 1701 687 1756 veni
719 1701 840 1752 huc.
882 1697 1022 1765 Quid
1064 1696 1182 1751 est?
1224 1695 1369 1750 Voca
1403 1694 1579 1748 virum
1614 1699 1782 1757 tuum,
1815 1690 1867 1745 id

1968 498 2123 552 Jesus
2149 515 2165 551 :
2192 495 2407 562 Mulier,
2450 495 2600 549 crede
2632 495 2777 549 mihi.
2809 493 2929 549 Jam
2956 495 3104 550 enim
3132 503 3217 549 est
3245 495 3299 549 in
3334 506 3407 561 te,
3456 499 3550 569 qui

1969 588 2174 653 credat,
2212 588 2338 658 quia
2382 601 2620 656 praesens
2657 593 2740 640 est
2783 587 2869 640 vir
2908 594 3053 651 tuus,
3106 585 3319 655 cmpisti
3365 587 3555 645 adesse

1970 679 2268 747 intellectu,
2310 684 2527 751 quando
2576 698 2662 737 me
2706 685 3029 755 prephetam
3070 685 3374 757 appellasti.
3413 687 3557 758 Ergo

1969 773 2177 840 mulier,
2200 774 2350 829 crede
2374 776 2523 843 mihi,
2554 777 2678 847 quia
2709 778 2847 831 venit
2885 778 3040 843 hora,
3076 788 3125 832 et
3148 796 3286 834 nunc
3306 789 3401 836 est.
3426 782 3557 848 Quae

1969 878 2098 933 ergo
2126 864 2296 918 hora?
2342 865 2559 936 quando
2606 868 2722 921 veri
2762 866 3080 924 adoratores
3113 870 3556 950 adorabunt‘Pa-

1970 963 2107 1011 trem
2143 956 2196 1009 in
2230 957 2422 1026 spiritu
2454 966 2509 1013 et
2535 959 2785 1013 veritate.
2829 958 2965 1025 Quia
3007 962 3237 1037 spiritus
3262 971 3347 1018 est
3389 964 3552 1028 Deus,

1969 1058 2023 1103 et
2050 1064 2168 1113 eos,
2190 1050 2282 1118 qui
2305 1051 2538 1105 adorant
2564 1066 2709 1117 eum,
2739 1052 2793 1107 in
2824 1052 3022 1121 spiritu
3053 1062 3108 1110 et
3133 1055 3366 1111 veritate
3393 1070 3556 1127 opor-

1970 1145 2045 1192 tet
2073 1138 2327 1193 adorare.
2400 1178 2407 1181 μ

2040 1229 2155 1285 Nos
2177 1230 2461 1287 adoramus
2485 1233 2624 1303 quod
2651 1235 2865 1301 scimus,
2896 1251 2984 1289 vos
3015 1235 3255 1293 adoratis
3284 1238 3427 1310 quod
3455 1257 3548 1294 ne-

1966 1319 2133 1383 scitis,
2167 1320 2292 1390 quia
2332 1320 2479 1375 salus
2528 1338 2593 1377 ex
2616 1322 2824 1378 Judwis
2866 1337 2964 1379 est.
3014 1324 3241 1380 Multum
3299 1328 3448 1383 dedit
3486 1346 3555 1384 ex

1967 1409 2185 1478 Judacis,
2217 1412 2312 1467 sed
2336 1414 2445 1467 noli
2468 1415 2599 1470 istos
2620 1416 2881 1486 reprobos
2906 1419 3175 1489 accipere.
3204 1419 3281 1475 Ex
3314 1437 3548 1492 persona

1966 1505 2185 1573 quidem
2209 1504 2517 1581 Iudaeorum
2544 1508 2748 1564 dictum
2773 1518 2875 1575 est,
2913 1512 3010 1567 sed
3037 1527 3145 1567 non
3176 1515 3420 1569 omnium
3456 1513 3550 1570 Ju-

1967 1592 2232 1659 dzeorum,
2265 1611 2373 1650 non
2410 1599 2787 1667 reproborum,
2820 1601 2915 1654 sed
2944 1602 3010 1656 de
3050 1603 3301 1673 qualibus
3338 1604 3554 1661 fuerunt

1967 1682 2216 1752 apostoli,
2250 1685 2439 1753 quales
2481 1685 2700 1741 fuerunt
2742 1691 3056 1759 propheta,
3098 1693 3287 1761 quales
3334 1693 3556 1751 fuerunt

287 1806 391 1862 est,
438 1795 633 1851 adhibe
677 1790 1029 1845 intellectum.
1088 1787 1289 1842 Videas
1323 1800 1464 1856 ergo
1506 1781 1693 1849 Jesus,
1742 1772 1943 1851 quiaB
1972 1773 2046 1827 illi
2099 1788 2287 1829 omnes
2329 1776 2527 1842 sancti.
2577 1778 2669 1846 qui
2714 1778 2893 1834 omnia
2946 1796 3045 1835 sua
3080 1784 3460 1851 vendiderunt,
3499 1796 3557 1842 et

286 1889 480 1944 mulier
515 1903 620 1942 non
656 1886 1014 1956 intelligebat,
1057 1892 1111 1939 et
1143 1882 1331 1939 volens
1368 1896 1491 1936 eam
1533 1880 1862 1952 intelligere:

303 1978 458 2045 Voca,
504 1978 697 2048 inquit,
741 1978 909 2032 uirum
942 1986 1112 2041 tuum,
1144 1975 1265 2030 ideo
1309 1974 1452 2028 enim
1496 1971 1678 2028 nescis
1724 1970 1867 2040 quod

289 2074 438 2137 dico,
487 2071 612 2141 quia
659 2069 969 2124 intellectus
998 2075 1122 2121 tuus
1165 2080 1274 2121 non
1303 2064 1477 2129 adest,
1513 2076 1646 2116 voca
1689 2060 1866 2115 virum

287 2176 461 2228 tuum,
495 2168 761 2232 prmsenta
792 2159 1121 2214 intellectum
1163 2150 1335 2221 tuum,
1364 2170 1462 2226 per
1489 2168 1649 2224 quem
1677 2151 1868 2207 docea-

289 2256 389 2320 ris,
425 2252 739 2321 corrigaris.
781 2249 1115 2305 Intellectum
1146 2255 1326 2306 autem
1356 2245 1573 2309 adhiLe,
1612 2252 1868 2312 tanquam

285 2347 496 2410 Virum,
513 2352 569 2399 et
595 2342 834 2412 intellige
859 2356 979 2411 qua:
1004 2339 1217 2409 loquor,
1248 2337 1374 2406 quia
1405 2349 1505 2389 nec
1531 2335 1599 2389 ad
1625 2333 1871 2388 volunta-

262 2447 396 2492 tem
435 2434 644 2489 auriqu
688 2432 946 2502 pertinet,
979 2444 1080 2484 nec
1123 2428 1189 2483 ad
1234 2425 1441 2490 oculos,
1480 2437 1582 2479 nec
1620 2423 1690 2478 ad
1731 2420 1869 2479 olla-

286 2539 464 2595 ctum,
504 2542 603 2582 nec
635 2524 704 2580 ad
741 2532 989 2595 gustum,
1028 2535 1131 2577 nec
1170 2518 1239 2573 ad
1279 2526 1514 2581 tactum,
1555 2516 1648 2572 sed
1690 2521 1870 2569 mente

285 2623 400 2680 sola
430 2621 738 2694 capiuntur,
782 2615 1055 2672 intellectu
1096 2611 1210 2668 solo
1237 2606 1709 2666 hauriunturzilla
1740 2621 1871 2661 vero

287 2714 520 2770 nondum
556 2711 817 2766 advocato
852 2706 1002 2762 viro.
1058 2705 1111 2760 id
1147 2710 1249 2768 est,
1291 2716 1395 2756 non
1431 2699 1673 2755 adhibito
1716 2696 1871 2753 intel-

286 2808 456 2871 lectu,

358 2895 633 2966 Respondit
663 2903 711 2948 et
741 2892 910 2948 dixit:
937 2888 1059 2944 Non
1099 2887 1262 2942 habeo
1296 2887 1487 2940 cirum.
1539 2882 1676 2937 Dicit
1707 2882 1755 2936 ei
1778 2881 1870 2936 Je—

274 3007 370 3044 sus
395 3003 412 3041 :
442 2988 581 3042 Bene
623 2983 833 3046 dixisti,
879 2980 1004 3053 quia
1056 2995 1160 3032 non
1197 2976 1362 3031 habeo
1402 2975 1601 3038 virum,
1644 2973 1871 3043 quinque

282 3083 420 3135 enim
453 3080 587 3133 viros
610 3074 859 3133 habuisti,
891 3081 937 3126 et
973 3084 1112 3124 nunc
1132 3084 1282 3139 quem
1309 3066 1488 3132 habes,
1516 3081 1619 3119 non
1649 3072 1723 3118 est
1750 3073 1871 3117 tuus

284 3173 386 3233 tir,
428 3168 524 3222 hoc
568 3181 680 3220 vere
727 3162 930 3216 dixisti.
1014 3158 1164 3212 Multi
1229 3146 1431 3226 quippe
1489 3154 1871 3208 intellexerunt

284 3260 523 3330 quinque
551 3256 697 3331 vires
726 3251 967 3307 mulieris
997 3249 1177 3320 hujus,
1209 3248 1448 3318 quinque
1479 3245 1643 3300 libros
1673 3244 1863 3315 Moysi.

286 3349 586 3404 Utebantur
611 3344 689 3400 eis
717 3340 1065 3404 Samaritani,
1094 3349 1149 3394 ει
1186 3339 1286 3393 sub
1312 3337 1502 3392 eadem
1541 3336 1659 3407 lege
1688 3341 1864 3389 erant.

286 3441 421 3495 Nam
458 3439 583 3493 inde
615 3435 723 3490 illis
758 3443 811 3488 et
836 3430 1176 3487 circumcisio
1216 3430 1411 3484 inerat.
1457 3427 1628 3482 Aliter
1657 3426 1870 3481 videtur

288 3533 441 3599 mihi,
471 3531 704 3601 quinque
729 3528 874 3589 viros
895 3525 1108 3590 animm,
1138 3523 1376 3593 quinque
1407 3536 1598 3577 sensus
1627 3518 1870 3590 corporis

284 3642 421 3681 esse.
468 3625 646 3692 Quare
692 3628 870 3676 autem
897 3618 1001 3673 viri
1033 3618 1160 3671 dicti
1209 3625 1371 3681 sunt,
1399 3616 1524 3685 quia
1570 3612 1794 3685 legitimi
1837 3628 1869 3666 a

288 3720 400 3773 Deo
436 3716 633 3785 quippe
674 3712 824 3776 facti,
866 3718 921 3766 ct
958 3725 987 3762 a
1024 3708 1133 3763 Deo
1168 3707 1352 3762 donati
1390 3707 1603 3761 animm.
1650 3704 1869 3760 lnﬁrma

285 3817 369 3863 est
414 3806 619 3868 adhuc,
665 3817 784 3872 quae
826 3801 947 3857 istis
982 3800 1217 3869 quinque
1253 3798 1504 3854 sensibus
1546 3798 1772 3868 regitur,
1816 3803 1873 3851 et

287 3901 388 3955 sub
428 3897 553 3952 istis
591 3894 829 3964 quinque
869 3891 1001 3945 viris
1042 3892 1183 3959 agit,
1237 3890 1330 3944 ubi
1371 3904 1499 3944 vero
1545 3888 1868 3951 intellectus,

287 3989 548 4062 sapientia
597 3985 869 4049 imbutus,
904 3998 1092 4054 regere
1136 3981 1363 4051 coeperit
1397 3980 1655 4044 animam,
1694 3987 1749 4035 et
1790 3979 1870 4033 di-

286 4090 495 4137 scretus
535 4076 760 4149 coeperit
797 4089 1082 4131 secernere
1116 4073 1262 4144 justa
1302 4084 1357 4127 et
1395 4070 1611 4140 iniusta,
1651 4072 1789 4125 bona
1817 4078 1872 4124 et

286 4171 449 4236 mala,
480 4168 633 4225 utilia
669 4176 722 4222 et
751 4165 982 4230 inutilia,
1020 4163 1325 4219 castitatem
1366 4170 1419 4217 et
1456 4161 1867 4231 impudicitiam,

286 4264 425 4319 hanc
454 4270 514 4317 ut
547 4268 710 4327 amet,
746 4266 801 4314 et
832 4257 921 4313 illa
950 4264 1008 4311 ut
1034 4257 1187 4321 vitet,
1224 4254 1553 4311 cltaritatem
1590 4261 1647 4307 et
1685 4252 1871 4306 odium

291 4359 345 4412 in
371 4357 474 4412 hac
505 4363 564 4410 ut
592 4354 682 4420 sit,
718 4353 773 4408 in
803 4351 893 4406 illo
922 4358 982 4405 ut
1004 4364 1111 4404 non
1140 4348 1233 4415 sit,
1270 4348 1359 4403 hic
1381 4346 1462 4402 vir
1484 4345 1726 4416 quinque
1768 4343 1873 4397 illis

288 4453 420 4507 viris
452 4452 507 4506 in
542 4451 644 4505 ista
670 4449 897 4504 muliere
926 4461 1031 4503 non
1063 4452 1422 4503 successerat.
1459 4443 1560 4499 Ubi
1594 4458 1724 4513 ergo
1760 4458 1864 4496 non

1971 1865 2146 1934 pretia
2186 1880 2372 1920 rerum
2407 1882 2629 1923 suarum
2659 1869 2725 1923 ad
2760 1870 2926 1940 pedes
2971 1872 3336 1942 apostolorum
3360 1890 3558 1945 posue-

1971 1963 2115 2008 runt.
2157 1955 2274 2011 Non
2326 1958 2526 2026 repulit
2566 1958 2709 2014 enim
2751 1960 2894 2016 Deus
2920 1962 3130 2033 plebem
3170 1979 3346 2030 suam,
3391 1984 3553 2038 quam

1968 2046 2257 2115 praescivit.
2289 2046 2513 2103 Audivit
2540 2050 2641 2105 hoc
2667 2050 2863 2107 mulier
2894 2053 3016 2122 ista,
3058 2064 3115 2110 et
3142 2057 3385 2114 addidit:

2042 2133 2165 2189 Scio
2193 2130 2318 2207 quia
2344 2136 2569 2192 Messias
2600 2140 2757 2207 venit,
2785 2141 2875 2213 qui
2903 2142 3100 2198 dicitur
3126 2144 3384 2201 Christus.
3421 2148 3552 2204 Cum

1969 2242 2089 2296 ergo
2112 2228 2305 2281 venerit
2331 2228 2443 2295 ille,
2468 2232 2615 2285 nobis
2638 2233 2972 2288 annuntiabit
3014 2237 3211 2291 omnia.
3257 2239 3377 2294 Jam
3405 2242 3549 2298 enim

1971 2317 2130 2388 digna
2153 2327 2288 2385 erat,
2312 2320 2398 2375 cui
2421 2322 2882 2379 manifestaretur.
2906 2326 3132 2384 Messias
3155 2338 3338 2387 autem
3359 2340 3553 2387 unctus

1971 2418 2072 2465 est.
2098 2409 2306 2467 Unctus
2328 2409 2515 2468 Graece
2538 2416 2785 2490 χριστός,
2809 2415 3075 2473 Hebraice
3095 2428 3278 2482 mum.

2042 2525 2183 2581 Dicit
2209 2528 2255 2581 ei
2277 2525 2517 2583 Christus
2547 2542 2567 2581 :
2594 2528 2707 2599 Ego
2734 2541 2875 2596 sum,
2904 2532 2994 2602 qui
3038 2532 3226 2604 loquor
3268 2537 3461 2603 tecum,
3502 2546 3559 2594 et

1972 2619 2070 2674 rel.
2098 2619 2337 2689 Reliquit
2362 2635 2492 2692 ergo
2516 2623 2711 2677 mulier
2726 2623 2977 2694 hydriam
2998 2640 3153 2680 suam
3180 2628 3367 2681 audito
3399 2647 3412 2680 :
3438 2628 3556 2700 Ego

1970 2724 2088 2762 sum
2113 2709 2203 2779 qui
2232 2708 2419 2779 loquor
2455 2719 2649 2778 tecum,
2684 2720 2740 2765 et
2783 2723 3003 2785 recepto
3038 2715 3091 2768 in
3129 2716 3295 2771 corde
3335 2718 3562 2772 Christo

1970 2799 2222 2865 Domino,
2263 2799 2397 2868 quid
2414 2798 2643 2868 faceret,
2662 2803 2767 2858 nisi
2790 2803 2906 2873 jam
2933 2805 3184 2876 hydriam
3212 2807 3514 2863 dimitteret
3540 2851 3555 2874 ,

1969 2898 2028 2946 et
2052 2891 2430 2961 evangelizarc
2463 2896 2743 2951 curreret?
2775 2894 2976 2967 Hydria
2999 2896 3191 2953 Graeco
3216 2899 3437 2954 nomine
3462 2916 3559 2970 ap-

1970 2980 2223 3050 pellatur.
2247 2981 2438 3037 Grmce
2461 2985 2608 3039 enim
2638 2985 2777 3062 ὕδωρ
2800 3001 2939 3056 aqua
2973 2987 3190 3048 dicitur.
3227 2990 3384 3059 quasi
3404 2992 3555 3045 diea-

1975 3082 2065 3127 tur
2089 3073 2392 3142 aquarium.
2431 3073 2880 3143 Signilicatenim
2929 3077 2984 3132 in
3029 3078 3135 3134 hoc
3153 3078 3274 3135 loco
3294 3082 3558 3150 cupidita-

1976 3169 2105 3227 tem,
2134 3161 2363 3231 projecit
2389 3164 2763 3234 cupiditatem,
2789 3175 2845 3222 et
2886 3170 3213 3238 properavit
3237 3172 3559 3226 annuntiare

1970 3254 2277 3309 veritatem.
2322 3254 2548 3311 Discant
2585 3258 2680 3327 qui
2714 3258 2906 3315 nolunt
2947 3261 3342 3329 evangelizare,
3382 3261 3556 3332 prnji-
3652 3310 3653 3313 η

1970 3347 2119 3402 ciant
2147 3346 2393 3417 hydriam
2421 3350 2491 3404 ad
2527 3358 2771 3420 puteum,
2800 3362 2854 3407 et
2881 3353 2961 3408 sic
2985 3362 3213 3409 currant
3233 3357 3559 3412 annuntiare

1971 3437 2275 3505 Christum,
2304 3439 2448 3495 sicut
2471 3441 2565 3496 illa
2598 3458 2766 3497 onere
2792 3442 3029 3513 abiecto,
3060 3447 3233 3500 currit
3264 3447 3330 3501 ad
3367 3447 3559 3502 civita-

1974 3538 2102 3594 tem,
2133 3538 2191 3585 et
2213 3530 2344 3585 dicit
2368 3530 2474 3587 illis
2501 3533 2814 3591 hominibus
2846 3554 2858 3589 :
2899 3536 3084 3591 Venite
3122 3547 3171 3591 et
3202 3538 3364 3593 videte
3385 3539 3556 3593 homi-

1972 3640 2108 3688 nem,
2137 3626 2227 3697 qui
2256 3626 2391 3679 mihi
2426 3626 2560 3681 dixit
2590 3628 2765 3682 omnia
2785 3645 3109 3700 qua-cunque
3148 3631 3272 3699 feci,
3318 3632 3555 3703 nunquid

1973 3732 2077 3770 non
2099 3718 2209 3787 ipse
2235 3726 2310 3772 est
2339 3714 2581 3772 Christus
2599 3719 2625 3773 ?
2650 3728 2759 3775 etc.

2049 3806 2238 3862 Nonne
2261 3824 2352 3861 uos
2373 3807 2569 3873 dicitis,
2591 3810 2730 3879 quod
2753 3810 2927 3864 adhuc
2946 3820 3174 3882 quatuor
3191 3827 3393 3865 menses
3411 3821 3555 3876 sunt,

1971 3908 2020 3954 et
2045 3899 2229 3953 messis
2253 3900 2409 3963 venit,
2434 3908 2539 3955 etc.
2577 3900 2698 3956 Jam
2729 3902 2832 3957 ista
2862 3904 3061 3958 mulier
3081 3903 3290 3958 fructus
3311 3911 3557 3959 maturus

1972 3998 2110 4056 erat,
2142 3999 2197 4044 et
2224 3998 2383 4045 erant
2408 3991 2541 4045 albae
2588 4009 2818 4057 messes,
2865 4002 2920 4048 et
2972 3993 3165 4049 falcem
3214 3995 3554 4063 quam-bant.

1971 4079 2110 4146 Quia
2138 4079 2282 4149 quod
2325 4087 2484 4134 antea
2511 4095 2609 4150 per
2650 4083 2946 4151 prophetas
2982 4084 3305 4138 seminatum
3354 4083 3553 4147 fuerat,

1973 4176 2245 4223 maturum
2270 4168 2471 4224 factum
2504 4179 2645 4237 erat,
2672 4171 2862 4226 falcem
2907 4181 2965 4227 et
2990 4174 3244 4227 trituram
3279 4171 3561 4230 desidera-

1972 4260 2085 4317 hat.
2114 4261 2381 4317 Messores
2414 4262 2787 4318 tantummodo
2816 4262 3063 4319 mittendi
3104 4271 3280 4327 erant,
3311 4262 3457 4319 unde
3501 4273 3560 4320 ει

1974 4351 2238 4407 Dominus
2266 4351 2443 4420 inquit
2469 4350 2576 4407 illis
2609 4368 2623 4405 :

2046 4445 2171 4499 Misi
2196 4462 2284 4499 vos
2311 4462 2513 4516 quoque
2540 4455 2731 4501 metere
2769 4447 2908 4518 quod
2945 4464 3047 4502 non
3087 4448 3410 4513 seminastis,
3462 4447 3558 4503 alii

289 4542 532 4597 succedit
577 4538 902 4601 intellectus,
947 4551 1101 4590 error
1143 4535 1471 4590 dominatur.
1517 4534 1594 4588 De
1640 4533 1746 4587 isto
1791 4532 1864 4586 illi
1892 4508 2354 4593 Dseminarerunt
2377 4546 2425 4589 et
2454 4552 2538 4590 uos
2565 4535 2618 4591 in
2654 4508 2836 4590 eorum
2865 4536 3072 4592 labores
3117 4537 3396 4592 intraistis.
3451 4537 3556 4604 Qui

287 4631 549 4688 Dominus
585 4630 755 4684 dixit:
779 4626 933 4681 Hune
959 4640 1120 4695 quem
1145 4624 1315 4679 habes
1349 4639 1458 4679 non
1492 4630 1575 4678 est
1614 4630 1735 4677 tuus
1764 4622 1865 4676 vir.

290 4723 459 4778 Error
488 4728 668 4775 autem
709 4719 829 4783 iste,
865 4731 971 4770 non
1008 4722 1125 4770 erat
1164 4713 1435 4785 legitimus
1459 4715 1562 4778 vir,
1596 4712 1689 4768 sed
1722 4710 1872 4767 adul-

290 4824 392 4868 ter.
439 4811 586 4867 Voca
624 4811 835 4880 itaque,
879 4822 983 4862 non
1025 4805 1353 4871 adulterum,
1390 4805 1566 4875 inquit
1591 4803 1870 4865 Dominus,

287 4906 381 4962 sed
410 4905 587 4959 virum
625 4910 772 4957 tuum
814 4899 1168 4962 intellectum,
1198 4912 1284 4952 me
1312 4894 1513 4965 capias,
1550 4908 1654 4948 non
1680 4906 1870 4947 errore

294 4997 361 5051 de
392 5011 476 5050 me
505 4992 706 5064 aliquid
736 4991 940 5047 sentias
970 4988 1184 5045 falsum.

368 5085 502 5141 Dicit
550 5082 738 5138 mulier
766 5097 783 5134 :
814 5080 1053 5147 Domine,
1088 5080 1234 5159 rideo
1279 5079 1405 5150 quia
1426 5077 1677 5149 propheta
1695 5092 1749 5129 es
1790 5085 1867 5128 tu.

291 5181 442 5235 Tunc
456 5177 618 5248 coepit
632 5164 817 5232 venire
829 5175 932 5239 vir,
948 5166 1183 5228 nondum
1195 5172 1352 5242 plene
1366 5171 1530 5226 venit.
1548 5168 1871 5237 Prophetam

293 5271 582 5328 Dominum
618 5267 861 5338 putabat,
905 5273 1023 5320 erat
1055 5262 1274 5334 quidem
1324 5269 1381 5317 et
1427 5258 1716 5330 propheta,
1748 5272 1873 5311 nam

291 5369 359 5422 de
390 5364 566 5435 seipso
591 5361 666 5416 ait
698 5379 710 5414 :
759 5358 873 5415 Non
912 5368 994 5415 est
1039 5356 1307 5428 propheta
1347 5355 1464 5409 sine
1511 5354 1736 5418 honore,
1769 5352 1873 5407 utsi

296 5459 349 5512 in
376 5458 549 5529 patria
574 5469 669 5511 sua
695 5451 1019 5529 (Maron);
1063 5451 1192 5504 item
1239 5447 1306 5503 de
1327 5447 1420 5502 illo
1459 5446 1665 5500 dictum
1705 5453 1786 5499 est
1807 5442 1873 5497 ad

298 5552 515 5622 Moysen
546 5568 558 5604 :
591 5547 914 5618 I‘ropbetam
950 5545 1029 5599 eis
1058 5541 1334 5597 suscitabo
1375 5541 1441 5595 tle
1480 5537 1740 5592 fratribus
1786 5551 1875 5589 eo-

298 5656 416 5693 rum
470 5640 701 5694 similem
757 5636 833 5692 tui
887 5634 1065 5706 (Deut.
1135 5628 1314 5699 xrtu).
1371 5628 1613 5684 Similem
1668 5628 1874 5682 scilicet

299 5731 364 5785 ad
408 5729 632 5784 formam
678 5729 892 5794 carnis,
922 5743 1026 5781 non
1059 5725 1125 5778 ad
1149 5723 1500 5778 eminentiam
1541 5723 1865 5793 maiestatis.

1974 4625 2389 4681 laboraverunt?
2419 4623 2537 4695 Ipse
2561 4624 2855 4690 Abraham,
2905 4625 3077 4692 Isaac,
3125 4625 3315 4691 Jacob,
3346 4626 3558 4697 Moyses

1973 4727 2028 4773 et
2053 4718 2233 4772 ueteri
2254 4717 2578 4787 patriarchae
2604 4724 2660 4771 et
2688 4732 2878 4772 omnes
2902 4718 3201 4787 prophetae.
3249 4718 3437 4788 Legite
3476 4718 3557 4772 la-

1974 4808 2133 4864 bores
2159 4822 2372 4873 eorum,
2396 4808 2448 4862 in
2470 4808 2727 4883 omnibus
2740 4823 2929 4863 eorum
2955 4807 3249 4873 laboribus,
3271 4807 3554 4877 prophetia

1976 4909 2061 4955 est
2080 4900 2302 4964 Christi,
2336 4909 2392 4955 et
2411 4901 2532 4956 ideo
2557 4901 2938 4955 seminatorcs.
2970 4900 3112 4970 Ergo
3135 4898 3247 4969 jam
3274 4900 3327 4953 in
3369 4897 3552 4954 Judzea

1981 4993 2170 5049 messis
2190 5000 2376 5062 parata
2405 5000 2542 5046 erat.
2585 4991 2724 5058 Quid
2766 4992 2890 5047 inde
2921 4991 3121 5047 factum
3156 4991 3270 5047 est?
3313 4990 3389 5046 De
3436 4991 3549 5061 ipsa
3618 4992 3621 4997 ’

1976 5100 2153 5141 messe
2200 5083 2371 5152 ejecta
2418 5093 2547 5140 sunt
2589 5100 2762 5153 pauca
2802 5092 2973 5153 grana
3002 5123 3016 5149 ,
3063 5091 3119 5139 et
3154 5083 3557 5139 seminaverunt

1976 5177 2162 5232 orbem
2188 5185 2476 5240 terrarum,
2501 5184 2556 5229 et
2584 5177 2757 5245 surgit
2795 5174 2900 5228 alia
2946 5175 3161 5239 messis,
3195 5189 3316 5244 qua:
3358 5174 3414 5229 in
3451 5172 3556 5227 ﬁne

1976 5269 2157 5324 smeuli
2186 5269 2434 5323 metenda
2463 5276 2565 5322 est.
2599 5267 2674 5321 lta
2700 5282 2832 5336 ergo
2864 5266 3060 5321 messis
3085 5267 3283 5321 crescit
3322 5266 3463 5320 inter
3483 5264 3556 5319 zi-

1978 5360 2223 5423 zaniam,
2270 5358 2426 5427 cujus
2469 5372 2737 5412 messores
2794 5372 2898 5412 non
2943 5356 3193 5432 apostbli,
3242 5356 3335 5411 sed
3381 5355 3555 5426 angeli

1976 5461 2119 5505 sunt.
2152 5452 2334 5505 Videte
2362 5450 2489 5519 quid
2513 5450 2712 5504 dictum
2745 5449 2815 5503 sit
2842 5468 2854 5503 :
2882 5450 3042 5504 simul
3089 5449 3322 5519 gaudeat
3361 5450 3449 5517 qui
3474 5463 3558 5501 se-

1976 5544 2169 5607 minat,
2197 5552 2251 5597 et
2285 5543 2374 5612 qui
2410 5548 2593 5595 metet.
2629 5540 2871 5609 Disparis
2913 5540 3172 5609 temporis
3211 5540 3425 5593 labores
3462 5538 3557 5591 ba-

1974 5634 2209 5689 buerunt
2246 5633 2475 5702 apostoli
2521 5640 2574 5687 et
2624 5633 2921 5702 prephetaz,
2962 5631 3059 5688 sed
3105 5631 3301 5703 gaudio
3349 5630 3556 5702 pariter

1976 5723 2339 5795 perfruentur,
2368 5723 2672 5779 merce‘em
2694 5722 2852 5776 simul
2899 5722 3170 5791 accepturi
3217 5728 3346 5792 sunt
3384 5720 3554 5775 vitam
