3994 6206
407 342 516 399 145

1225 337 1736 397 GOLLECTIONES
1772 340 1840 394 IN
1881 339 2262 396 EPISTOLAS
2301 341 2389 396 ET
2431 340 2845 399 EVANGEL’IA.

3576 355 3672 410 226

404 465 686 513 :eternam.
722 448 1069 523 Rogaverunt
1097 465 1245 519 eum,
1278 462 1336 507 ut
1354 454 1428 508 ibi
1460 462 1727 521 maneret,
1755 464 1810 510 et
1832 470 1985 509 man-
2014 456 2063 515 Α
2087 456 2271 511 carnis
2301 458 2578 525 proximus
2607 458 2888 515 hominum
2930 459 3103 515 factus
3154 471 3256 530 est,
3289 464 3544 525 libentius
3588 485 3673 531 est

404 549 478 606 sit
520 548 594 603 ibi
641 546 778 601 duos
801 542 921 601 dies
947 552 1002 599 et
1023 545 1251 615 reliqua.
1275 545 1525 602 Christus
1570 547 1852 603 nuntiatur
1898 561 1994 616 per

403 638 746 696 Christianos
787 636 1014 703 amicos,
1054 646 1311 711 tanquam
1335 637 1581 705 muliere,
1621 638 1725 694 hoc
1752 646 1853 704 est,
1893 638 1993 693 Ec—

402 731 570 789 clesia
606 729 998 797 annuntiante,
1036 731 1105 784 ad
1144 728 1422 785 Christum
1448 730 1692 796 veniunt,
1733 731 1823 802 qui
1858 730 1993 786 foris

401 831 554 885 sunt,
585 828 641 876 et
667 820 909 876 nondum
939 826 1064 875 sunt
1086 818 1405 876 Christiani.
1443 820 1683 877 Credunt
1705 837 1802 892 per
1831 823 1990 877 istam

401 911 625 969 famam.
652 911 834 967 Manet
860 911 1124 982 apud'eos
1143 910 1328 980 biduo,
1359 912 1464 967 hoc
1497 919 1600 978 est,
1631 911 1727 967 dat
1752 911 1858 967 illis
1885 912 1992 969 duo

396 1010 673 1073 praecepta
700 1002 1005 1066 charitatis,
1052 1002 1107 1058 id
1128 1009 1231 1068 est,
1266 1001 1609 1058 dilectionem
1647 1002 1746 1059 Dei
1773 1013 1830 1060 et
1859 1021 1989 1075 pro-

400 1095 559 1161 ximi,
612 1103 669 1152 et
700 1094 876 1150 multo
906 1094 1091 1164 plures
1131 1102 1187 1150 et
1218 1094 1428 1151 ﬁrmius
1458 1097 1702 1164 credunt,
1733 1099 1989 1168 quoniam

398 1187 519 1256 ipse
540 1195 625 1242 est
648 1201 780 1242 vere
806 1184 1057 1241 Salvatbr
1071 1187 1282 1243 mundi.

400 1294 716 1352 sarrano
771 1296 1252 1368 assecutum,
1281 1298 1622 1356 secusne:
1678 1284 1775 1355 IN-
1822 1299 1991 1368 QUA-

992 1365 1414 1422 DRAGESIMA.

724 1473 1064 1517 EVANGELIUM
1103 1473 1340 1523 JOANNIS,
1381 1475 1500 1515 CAP.
1528 1476 1645 1514 VIII.

478 1564 497 1595 ‹
534 1545 783 1601 Perrexit
827 1544 986 1601 Iesus
1026 1546 1084 1600 in
1118 1554 1358 1603 montem
1396 1544 1615 1615 Oliveti,
1653 1558 1710 1605 et
1746 1549 1986 1606 diluculo

402 1656 422 1688 ι
470 1638 668 1692 iterum
690 1636 841 1692 venit
864 1638 919 1692 in
970 1637 1247 1709 templum,
1275 1645 1330 1692 et
1360 1639 1540 1695 omnis
1578 1640 1811 1711 populus
1837 1641 1988 1697 venit

404 1748 424 1781 ι
471 1729 539 1784 ad
564 1744 707 1795 eum,
748 1737 803 1785 et
832 1729 1028 1784 sedens
1055 1729 1283 1786 docebat
1325 1745 1439 1786 eos.
1484 1730 1776 1788 Adducunt
1802 1742 1985 1789 autem

402 1841 422 1872 ι
468 1820 677 1877 Scribat
698 1829 753 1877 et
778 1821 1044 1878 Pharisaei
1085 1822 1369 1879 mulierem
1399 1824 1457 1879 in
1485 1824 1753 1881 adulterio
1794 1826 1986 1897 depre-
2013 1797 2060 1856 Β

401 1934 420 1963 σ
467 1915 717 1981 hensam,
743 1922 800 1969 et
832 1922 1140 1971 statuerunt
1171 1930 1293 1971 eam
1314 1916 1371 1972 in
1396 1917 1597 1985 medio,
1638 1926 1695 1976 et
1729 1918 1988 1975 dixerunt

401 2025 420 2055 s
466 2006 551 2060 ei:
579 2005 856 2077 Magister,
888 2005 1007 2060 haec
1019 2004 1216 2061 mulier
1239 2008 1402 2062 modo
1424 2006 1481 2061 in
1502 2007 1770 2063 adulterio
1790 2009 1984 2079 depre-

400 2114 421 2145 ι
466 2096 635 2151 bensa
673 2102 777 2151 est.
829 2094 888 2150 In
918 2095 1037 2168 lege
1060 2103 1244 2151 autem
1285 2095 1498 2167 Moyses
1528 2098 1807 2153 mandavit
1828 2098 1986 2153 nobis

401 2208 421 2239 ι
463 2186 774 2256 huiusmodi
806 2187 1066 2257 lapidare.
1095 2187 1176 2243 'l‘u
1216 2202 1346 2260 ergo
1375 2189 1506 2259 quid
1534 2189 1711 2247 dicis?
1736 2190 1861 2246 Haec
1890 2207 1988 2246 au-

402 2298 421 2328 ς
469 2286 577 2332 tem
609 2277 860 2333 dicebant
882 2286 1157 2334 tentantes
1204 2265 1349 2346 eum,
1391 2288 1453 2335 ut
1477 2288 1701 2351 possent
1726 2297 1986 2338 accusare

403 2387 423 2419 ι
469 2384 613 2424 eum.
645 2368 803 2425 Iesus
838 2377 1020 2424 autem
1061 2370 1333 2426 inclinans
1377 2387 1435 2428 se
1488 2372 1765 2443 deorsum,
1814 2374 1984 2444 digito

402 2480 420 2512 ς
457 2462 728 2518 scribebat
756 2462 812 2517 in
836 2470 1058 2517 terram.
1089 2461 1226 2518 Cum
1247 2468 1427 2519 autem
1449 2472 1864 2533 perseverarent
1897 2464 1983 2520 iu-

405 2572 423 2602 ι
472 2561 811 2625 terrogantes
859 2570 1004 2621 eum,
1035 2555 1210 2613 erexit
1229 2568 1288 2610 se
1315 2563 1371 2610 et
1392 2555 1528 2610 dixit
1568 2556 1649 2612 eis
1678 2574 1691 2611 :
1720 2555 1823 2623 Qui
1864 2556 1984 2612 sine

407 2664 427 2694 ε
455 2653 675 2714 peccato
689 2653 774 2702 est
791 2654 1053 2711 vestrum,
1072 2646 1282 2716 primus
1296 2646 1349 2701 in
1373 2647 1762 2718 illamlapidem
1779 2649 1980 2702 mittat.

406 2757 427 2787 ο
454 2736 526 2793 Et
539 2736 731 2791 iterum
745 2751 802 2792 se
814 2736 1078 2791 inclinans
1095 2735 1369 2792 scribebat
1381 2736 1436 2791 in
1451 2745 1672 2791 terram.
1687 2735 1984 2793 Audientes

412 2843 431 2874 s
464 2832 643 2879 autem
665 2826 799 2892 haec,
824 2841 962 2882 unus
996 2833 1120 2897 post
1139 2840 1306 2880 unum
1338 2825 1582 2892 exibant,
1609 2825 1930 2896 incipientes
1952 2841 1984 2880 a

408 2929 427 2964 ι
465 2913 787 2970 senioribus.
802 2914 865 2968 Et
883 2913 1317 2971 remansitJesus
1331 2916 1499 2982 solus,
1515 2921 1570 2970 et
1598 2915 1859 2970 mulierin
1877 2931 1986 2971 me-

401 3023 422 3055 s
453 3004 542 3060 dio
554 3012 725 3060 stans.
738 3004 967 3077 Erigens
979 3014 1161 3062 autem
1172 3022 1231 3062 se
1243 3006 1403 3062 Jesus
1415 3006 1525 3062 dixi
1534 3005 1614 3062 tei
1632 3024 1645 3061 :
1661 3006 1875 3074 Mulier,
1888 3007 1982 3063 ubi

403 3121 427 3150 s
465 3107 590 3154 sunt
602 3099 693 3168 qui
718 3106 768 3154 te
781 3100 1142 3155 accusabant?
1160 3098 1331 3155 Nemo
1352 3104 1405 3155 te
1423 3098 1836 3156 condemnavit?
1850 3098 1981 3167 Qua:

404 3206 424 3239 ι
458 3190 597 3244 dixit
627 3207 639 3242 :
670 3188 860 3255 Nemo,
890 3188 1140 3246 Domine.
1167 3190 1314 3245 Dixit
1336 3198 1517 3246 autem
1547 3191 1598 3246 ei
1635 3189 1793 3247 Iesus
1822 3210 1834 3246 :
1866 3190 1981 3248 Nec

403 3297 423 3330 ι
467 3288 637 3351 egotc
660 3280 1056 3336 condemnabo.
1082 3279 1253 3347 Vade,
1275 3279 1447 3353 etjam
1470 3279 1701 3352 amplius
1723 3281 1830 3337 noli
1854 3274 1993 3354 pec;

406 3388 426 3423 Ι
471 3388 615 3428 care.
657 3392 677 3425 l

472 3459 710 3516 Perrexit
745 3461 901 3516 Jesus
947 3461 1002 3516 in
1046 3469 1275 3517 montem
1318 3459 1528 3516 Ol'veti.
1580 3462 1733 3519 Mons
1790 3464 1986 3537 quippe

394 3552 589 3609 Oliveti
650 3552 1040 3608 sublimitatem
1082 3552 1365 3608 dominica:
1410 3552 1629 3623 pietatis
1677 3563 1734 3609 et
1771 3555 1985 3609 miseri-

337 3684 340 3687 λ
394 3644 596 3700 θοι-ἀίω
613 3643 880 3714 designat,
911 3644 1037 3714 quia
1059 3651 1114 3700 et
1133 3643 1323 3700 Graece
1352 3643 1487 3707 ἔλεος
1513 3649 1596 3701 καὶ
1626 3645 1790 3711 ἥλιος,
1823 3647 1987 3702 mise-

398 3733 629 3790 ricordia
654 3733 875 3801 dicitur,
902 3734 1169 3791 Olivetum
1194 3744 1423 3792 vocatur
1441 3736 1641 3805 oleum,
1671 3744 1727 3792 et
1746 3738 1859 3809 ipsa
1889 3755 1987 3793 un-

398 3826 505 3880 ctio
522 3825 630 3880 olei
675 3824 837 3881 fessis
881 3825 1019 3882 solet
1065 3824 1261 3881 all‘erre
1325 3826 1591 3882 levamen.
1637 3827 1745 3883 Sed
1783 3840 1838 3884 et
1881 3829 1985 3885 hoc

398 3928 614 3984 quoque
641 3915 822 3971 oleum
862 3923 917 3972 et
943 3916 1144 3973 virtute
1186 3932 1251 3973 ac
1294 3919 1531 3989 puritate
1549 3920 1880 3991 praeeminet,
1931 3930 1988 3977 et

399 4020 780 4078 quemcunque
790 4008 840 4062 ei
855 4007 1121 4079 liquorem
1137 4011 1526 4081 superfundere
1539 4013 1795 4080 volueris,
1811 3998 1989 4069 confe-

400 4095 524 4150 stim
547 4097 697 4152 hunc
727 4097 1137 4166 transcendere,
1165 4101 1323 4171 eique
1358 4102 1653 4173 superferri
1684 4105 1981 4173 consuevit,

400 4186 627 4253 gratiam
664 4187 1055 4244 misericordia;
1104 4190 1344 4247 caelestis
1384 4208 1494 4247 non
1538 4193 1985 4251 ineonvenienter

400 4276 638 4331 insinuat
694 4278 762 4333 de
817 4294 922 4348 qua
980 4280 1243 4349 scriptum
1284 4287 1370 4336 est
1411 4298 1424 4335 :
1480 4279 1673 4337 Suavis
1725 4281 1985 4339 Dominus

400 4367 687 4433 universis,
734 4375 785 4422 et
839 4369 1200 4425 miserationes
1244 4370 1359 4440 ejus
1413 4386 1572 4443 super
1609 4372 1787 4425 omnia
1825 4388 1983 4444 opera

399 4454 511 4523 ejus
538 4454 557 4524 (
567 4454 714 4509 Psal.
747 4456 951 4529 cxuv).

468 4545 540 4599 Et
563 4546 798 4602 diluculo
820 4549 960 4603 venit
976 4557 1167 4604 iterum
1188 4567 1245 4606 τη
1270 4550 1539 4623 templum.
1568 4550 1808 4622 Tempus
1847 4568 1982 4623 quo-

399 4650 504 4704 que
527 4637 776 4704 diluculi,
806 4647 1056 4697 exortum
1090 4641 1331 4712 ejusdem
1374 4643 1582 4713 gratiae,
1620 4659 1729 4714 qua
1772 4653 1981 4719 remota

400 4727 535 4799 legis
552 4730 767 4794 umbra,
796 4730 889 4785 lux
905 4732 1228 4804 evangelica:
1246 4732 1497 4789 veritatis
1519 4741 1637 4789 erat
1666 4735 1979 4804 revelanda,

400 4817 756 4874 demonstrat.
789 4819 972 4892 Pergit
1015 4836 1146 4892 ergo
1183 4821 1343 4878 Jesus
1378 4822 1434 4877 in
1480 4830 1720 4878 montem
1760 4823 1979 4892 Oliveti,

402 4914 461 4961 ut
504 4922 686 4963 arcem
735 4910 1125 4967 misericordiae
1158 4913 1215 4967 in
1261 4926 1321 4967 se
1369 4920 1622 4970 constare
1672 4915 1978 4971 denuntiet.

403 5000 563 5056 Venit
586 5002 787 5059 iterum
811 5004 1048 5060 diluculo
1074 5004 1130 5059 in
1163 5004 1443 5075 templum,
1465 5008 1526 5059 ut
1553 4992 1800 5063 eamdem
1826 5008 1990 5062 mise-

384 5092 716 5159 ricordiam,
740 5109 866 5149 cum
896 5095 1188 5166 incipiente
1224 5093 1359 5150 Novi
1389 5095 1723 5152 Testamenti
1759 5097 1982 5163 lumine,

399 5182 671 5251 ﬁdelibus,
702 5187 903 5257 templo
930 5187 1185 5244 videlicet
1212 5204 1331 5255 suo,
1370 5189 1715 5260 pandendam
1741 5192 1987 5260 praeben-

401 5273 633 5344 dumque
666 5276 957 5357 signiticet.

470 5364 543 5418 Et
560 5367 734 5421 omnis
762 5366 986 5438 populus
1006 5369 1142 5423 venit
1172 5368 1242 5422 ad
1283 5386 1424 5436 eum,
1448 5378 1497 5424 et
1539 5369 1724 5425 sedens
1768 5370 1985 5424 docebat

402 5471 505 5510 eos.
528 5457 719 5513 Sessio
746 5458 959 5513 Domini
983 5460 1364 5537 humilitatem
1388 5462 1777 5516 incarnationis
1829 5458 1980 5528 ejus,

402 5565 498 5619 per
527 5567 693 5622 quam
715 5552 875 5608 nobis
902 5553 1416 5626 misereridignatus
1439 5563 1541 5619 est,
1559 5555 1816 5609 insinuat.
1842 5555 1986 5609 Bene

404 5650 582 5696 autem
605 5641 807 5696 dicitur
833 5659 845 5694 :
877 5642 1002 5712 quia
1018 5657 1138 5697 cum
1163 5644 1356 5700 sedens
1378 5642 1785 5708 docerethsus,
1808 5644 1984 5698 omnis

406 5732 630 5803 populus
652 5734 801 5789 venit
825 5733 891 5787 ad
912 5748 1057 5800 cum,
1088 5735 1210 5805 quia
1235 5745 1517 5805 postquam
1538 5735 1844 5789 humilitate
1872 5749 1983 5788 suae

2005 4492 2060 4553 D

2096 560 2126 599 a
2156 546 2339 603 multis
2374 549 2491 619 ejus
2531 565 2714 605 sermo
2746 560 3021 623 receptus,
3074 569 3310 624 namque
3350 573 3380 611 a
3428 559 3674 628 pluribus

2093 650 2178 693 est
2203 639 2434 709 superba
2468 641 2742 711 impietate
2788 650 3154 714 contemptus,
3197 646 3486 706 audierunt
3528 655 3683 712 enim

2095 735 2360 789 mansueti
2387 742 2443 789 et
2459 734 2628 791 laetati
2657 747 2804 794 sunt.

2164 823 2446 879 Adducunt
2499 836 2673 883 autem
2697 827 2894 885 Scriba:
2923 837 2972 886 et
3007 831 3271 888 Phariscci
3306 835 3575 892 mulierem
3620 837 3673 892 in

2091 913 2351 969 adulterio
2381 916 2774 988 deprehensam,
2819 930 2868 974 et
2912 930 3205 978 statuerunt
3243 941 3361 978 eam
3400 925 3454 981 in
3481 928 3672 993 medio,

2090 1013 2139 1056 et
2187 1003 2433 1060 dixerunt
2461 1006 2548 1060 ei:
2580 1007 2856 1078 Magister,
2901 1011 3012 1066 haec
3054 1012 3244 1068 mulier
3288 1016 3442 1070 modo
3486 1017 3675 1088 deprc-

2089 1094 2251 1148 hensa
2273 1105 2347 1148 est
2385 1094 2441 1149 in
2469 1095 2752 1165 adulterio,
2793 1100 2850 1153 in
2875 1097 2984 1172 lege
3009 1112 3195 1161 autem.
3213 1104 3421 1177 Moyses
3450 1110 3674 1163 manda-

2090 1183 2157 1236 vit
2184 1183 2332 1239 nobis
2359 1183 2666 1255 Imjusmadi
2705 1185 2967 1259 lapidare,
3004 1201 3111 1248 etc.
3145 1192 3235 1260 Ut,
3280 1196 3343 1250 si.
3373 1195 3489 1268 ipse
3536 1199 3677 1255 hanc

2090 1270 2433 1341 lapidandam
2461 1274 2799 1343 decerneret,
2829 1277 3305 1349 deridereuteum,
3338 1284 3676 1352 quasimisce

2090 1363 2357 1430 ricordiae,
2382 1380 2543 1434 quam
2564 1376 2781 1439 semper
2802 1368 3048 1437 docebat,
3077 1371 3320 1428 oblitum.
3345 1372 3413 1428 Si
3430 1374 3673 1446 lapidare

2089 1462 2331 1522 vetaret,
2369 1457 2657 1511 striderent
2688 1457 2742 1510 in
2787 1473 2910 1512 eum
2940 1459 3212 1517 dentibus
3240 1464 3375 1531 suis,
3420 1473 3475 1520 et
3518 1469 3672 1536 quasi

2088 1543 2354 1600 fautorem
2378 1544 2644 1603 scelerum
2663 1545 2906 1618 legisque
2920 1550 3275 1618 contrarium,
3292 1553 3441 1611 velut.
3457 1556 3671 1622 merito,
3716 1612 3721 1615 .

2089 1636 2428 1692 damnarent.

2156 1728 2313 1784 Iesus
2334 1738 2509 1784 autem
2538 1727 2801 1785 inclinans
2824 1747 2880 1785 se
2922 1730 3187 1798 deorsum,
3221 1734 3387 1806 digito
3414 1728 3673 1792 scribebat

2088 1821 2144 1875 in
2170 1829 2332 1876 terra.
2359 1820 2467 1877 Per
2494 1821 2899 1879 inclinationem
2934 1823 3085 1890 Jesu,
3119 1824 3416 1893 humilitas,
3459 1844 3558 1899 per
3594 1829 3675 1883 di-

2090 1915 2282 1987 gitum,
2306 1916 2399 1985 qui
2425 1916 2782 1971 articulorum
2830 1918 3234 1988 computatione
3276 1919 3525 1976 ﬂexibilis
3566 1930 3670 1986 est,

2088 2005 2359 2062 subtilitas
2387 2005 2735 2062 discretionis
2761 2008 3102 2078 exprimitur.
3123 2008 3295 2065 Porro
3325 2026 3422 2082 per
3441 2020 3668 2078 terram,

2089 2113 2184 2152 eor
2210 2097 2528 2165 humanum,
2558 2099 2704 2168 quod
2732 2098 2818 2154 vel
2843 2100 3108 2155 bonarum
3134 2103 3409 2157 actionum
3441 2103 3523 2159 vel
3557 2120 3671 2157 ma—

2086 2185 2263 2240 larum
2298 2186 2435 2241 solet
2472 2186 2703 2242 reddere
2740 2187 2969 2254 fructus,
2992 2190 3315 2244 ostenditur.
3360 2191 3672 2247 Postulatus

2084 2294 2213 2350 ergo
2259 2280 2520 2337 Dominus
2564 2281 2815 2353 judicare
2862 2285 2929 2338 de
2971 2284 3297 2354 peccatrice,
3322 2299 3428 2337 non
3489 2285 3671 2337 statim

2085 2368 2177 2424 dat
2197 2367 2483 2437 judicium,
2507 2372 2601 2427 sed
2632 2373 2784 2443 prius
2814 2388 2873 2428 se
2899 2373 3165 2429 inclinans
3194 2375 3470 2440 deorsum,
3504 2374 3670 2445 digito

2085 2460 2274 2516 scribit
2302 2462 2357 2516 in
2382 2469 2548 2529 terra,
2574 2478 2639 2518 ac
2664 2471 2777 2519 tum
2816 2464 3029 2519 demunt
3061 2481 3183 2519 cum
3214 2465 3413 2522 obnixe
3451 2475 3672 2535 rogatur

2077 2549 2304 2619 judicat.
2336 2551 2447 2609 Nos
2479 2554 2734 2610 videlicet
2766 2556 2942 2628 typice
2973 2556 3281 2622 instituens,
3329 2558 3668 2627 utquanzlu-
3748 2620 3751 2625 ι

2084 2657 2296 2713 cunque
2330 2645 2703 2714 proximorum
2742 2656 2921 2703 errata
2964 2649 3349 2718 conspicimus,
3399 2665 3507 2704 non
3555 2651 3671 2704 lucc

2085 2741 2249 2790 antea
2278 2736 3063 2809 reprcbendendojudicemus,
3095 2756 3258 2810 quam
3284 2741 3351 2796 ad
3390 2742 3671 2795 conscien-

2086 2823 2220 2878 tiam
2252 2831 2492 2879 nostram
2523 2826 2802 2881 humiliter
2837 2829 3062 2895 reversi,
3086 2829 3256 2898 digito
3302 2846 3421 2885 eam
3461 2831 3667 2885 discre-

2087 2911 2252 2967 tionis
2279 2912 2506 2969 solerter
2528 2915 2895 2984 exculpemus.
2922 2916 2991 2971 Et
3029 2918 3159 2988 quid
3202 2919 3257 2972 in
3297 2934 3357 2972 ca
3386 2918 3667 2975 Ccnditori

2081 3002 2331 3074 placeat,
2355 3005 2549 3075 quidve
2585 3005 2885 3075 displiceat,
2932 3007 3117 3062 sedula
3147 3006 3548 3062 examinatione
3590 3009 3670 3063 di—

2086 3096 2365 3162 rimamus,
2386 3096 2540 3168 juxta
2571 3097 2701 3152 illud
2741 3096 2983 3167 Apostoli
3010 3115 3022 3151 :
3050 3096 3291 3165 Fratres,
3317 3107 3364 3153 et
3395 3099 3441 3153 si
3470 3115 3670 3170 pra’oc-

2084 3196 2302 3257 cupatus
2334 3186 2493 3256 fuerit
2518 3188 2672 3242 homo
2696 3189 2751 3243 in
2787 3188 2967 3260 aliqua
2995 3188 3205 3256 delicto,
3249 3207 3357 3256 ros,
3387 3190 3477 3263 qui
3515 3190 3671 3262 spiri-

2085 3276 2215 3333 tales
2244 3279 2387 3344 estis,
2419 3280 2661 3335 instruite
2696 3281 3004 3352 lmjusmodi
3039 3283 3093 3335 in
3128 3283 3318 3354 spiritu
3356 3291 3667 3336 mansuetu-

2084 3369 2244 3436 dinis,
2260 3371 2598 3426 considerans
2621 3373 2865 3444 teipsum,
2891 3390 2953 3429 ne
2972 3384 3020 3428 et
3057 3383 3111 3427 tu
3135 3376 3346 3429 tentcris
3371 3374 3513 3447 (Gal.
3536 3373 3633 3447 vt).

2156 3457 2288 3514 Cum
2312 3470 2483 3515 autem
2518 3471 2903 3532 perseverarent
2928 3463 3311 3532 interrogantes
3340 3479 3479 3528 eum,
3503 3464 3667 3517 erexit

2084 3568 2161 3614 se,
2191 3560 2239 3604 et
2266 3551 2399 3605 dixit
2425 3552 2499 3605 eis
2532 3567 2550 3603 :
2579 3551 2684 3616 Qui
2711 3553 2824 3606 sine
2845 3561 3057 3623 peccato
3084 3561 3159 3605 est
3190 3563 3440 3618 vestrum,
3467 3555 3666 3624 primus

2084 3643 2140 3697 in
2165 3642 2310 3697 illam
2344 3642 2570 3713 lapidem
2617 3644 2811 3697 mittat.
2855 3643 2957 3711 Qui
2992 3643 3121 3701 hinc
3165 3651 3219 3699 et
3265 3644 3392 3699 inde
3437 3644 3667 3701 Domino

2085 3729 2287 3786 Scriba:
2329 3738 2385 3786 et
2429 3731 2689 3787 Phariszei
2734 3732 3028 3787 tendebant
3068 3732 3291 3811 laqueos
3324 3724 3687 3801 insidiarum;

2084 3827 2339 3891 putantes
2375 3837 2497 3877 cum
2527 3822 2612 3877 vel
2648 3823 3134 3880 immisericordem
3171 3823 3412 3880 futurum
3442 3825 3494 3880 in
3525 3824 3670 3894 judi-

2085 3902 2279 3982 cando,
2327 3915 2412 3970 vel
2459 3914 2753 3986 lnjustum;
2809 3918 3110 3987 prtevidens
3157 3917 3249 3972 ille
3291 3918 3461 3982 dolos,
3512 3919 3665 3987 quasi

2052 4005 2173 4063 -ﬁla
2206 4007 2399 4061 transit
2430 4020 2663 4070 araneze,
2696 4004 2963 4073 judicium
2999 4006 3224 4075 justitiae
3264 4022 3362 4076 per
3394 4007 3572 4062 omnia
3615 4016 3670 4061 ct

2084 4097 2555 4152 mansuetudinem
2586 4096 2804 4166 pietatis
2829 4097 3137 4150 ostendens.
3186 4097 3325 4151 Ecce
3371 4106 3670 4165 temperan-

2085 4189 2158 4242 tia
2185 4187 2515 4242 miserandi:
2544 4186 2649 4252 Qui
2671 4188 2783 4240 sine
2804 4195 3013 4256 peccato
3042 4195 3119 4239 cst
3141 4196 3385 4239 vestrum.
3408 4187 3549 4241 Ecce
3570 4187 3669 4239 ite-
3706 4224 3713 4231 ί

2085 4291 2203 4330 rum
2238 4272 2448 4347 justitia
2495 4273 2774 4345 judicandi
2822 4292 2834 4327 :
2876 4273 3090 4328 Primus
3142 4274 3195 4328 in
3243 4273 3390 4327 illam
3436 4274 3664 4345 lapidem

2083 4366 2275 4420 mittat.
2314 4362 2394 4420 Ac
2436 4365 2482 4420 si
2525 4364 2755 4419 dixisset
2792 4361 2897 4418 :Si
2941 4361 3152 4434 Moyses
3193 4362 3469 4418 mandavit
3513 4365 3666 4419 vobis

2084 4454 2365 4511 mulierem
2392 4453 2701 4525 hujusmodi
2734 4452 3008 4525 lapidare,
3036 4453 3214 4507 videte
3252 4454 3375 4523 quia
3421 4470 3526 4508 non
3565 4454 3667 4507 hoc

2084 4555 2421 4618 peccatores,
2465 4547 2558 4602 sed
2595 4546 2771 4617 justos
2809 4544 2991 4601 facere
3026 4546 3316 4616 praecepit,
3366 4545 3542 4615 primo
3572 4561 3667 4599 vos

2087 4639 2190 4710 ipsi
2213 4637 2482 4709 justitiam
2504 4639 2636 4710 legis
2666 4638 2905 4709 implete,
2941 4646 2996 4694 et
3036 4638 3115 4693 sic
3137 4638 3449 4693 innocentes
3488 4639 3665 4691 mani-

2086 4729 2209 4797 bus,
2223 4738 2278 4786 et
2300 4731 2499 4785 mundo
2520 4729 2680 4784 corde
2700 4728 2767 4784 ad
2799 4729 3141 4799 lapidandam
3157 4742 3305 4783 ream
3334 4728 3664 4784 concurrite.

2088 4822 2270 4877 Primo
2300 4820 2566 4893 spiritalia
2609 4820 2742 4891 legis
2769 4821 2963 4885 edicta,
2991 4820 3174 4887 ﬁdem,
3215 4820 3664 4883 misericordiam,

2089 4919 2146 4966 et
2167 4912 2489 4967 charitatem
2516 4911 2781 4981 perﬁcito,
2804 4920 2869 4966 et»
2887 4912 2966 4967 sic
3000 4899 3067 4967 ad
3095 4911 3336 4967 carnalia
3373 4911 3665 4982 judicanda

2089 5004 2360 5061 divertitc.

2162 5095 2229 5149 Et
2259 5096 2448 5149 iterum
2471 5112 2525 5149 se
2549 5094 2827 5158 inclinans,
2870 5093 3126 5149 scribebat
3159 5094 3215 5148 in
3252 5104 3413 5150 terra.
3453 5095 3522 5149 Et
3556 5094 3667 5166 qui-

2086 5185 2209 5241 dem
2232 5187 2386 5257 juxta
2407 5203 2611 5243 morem
2642 5187 3049 5243 consuetudinis
3080 5187 3332 5242 humanm
3370 5195 3552 5257 potest
3588 5186 3666 5239 in-

2088 5275 2255 5346 telligi
2293 5276 2437 5345 quod
2483 5275 2604 5330 ideo
2632 5275 2887 5330 Dominus
2943 5291 3129 5332 coram
3171 5275 3528 5331 tenta'toribus
3563 5273 3663 5325 im-

2088 5366 2295 5435 probis,
2328 5364 2573 5419 inclinari
2597 5373 2653 5419 et
2686 5364 2739 5418 in
2764 5373 2911 5419 terra
2932 5365 3172 5421 scribere
3201 5364 3453 5426 voluerit,
3476 5373 3536 5416 ut
3562 5360 3667 5415 alio

2093 5455 2294 5508 vultum
2331 5455 2633 5522 intendens,
2656 5456 2887 5511 liberum
2910 5457 2989 5512 eis
3019 5457 3190 5520 daret,
3214 5454 3385 5517 exire,
3414 5467 3548 5521 quos
3569 5467 3664 5505 sua

2091 5547 2447 5618 responsione
2472 5548 2773 5618 perculsos,
2820 5549 2979 5604 citius
3008 5548 3250 5604 exituros
3273 5587 3288 5610 ,
3320 5558 3481 5614 quam
3511 5543 3663 5614 plura

2090 5638 2519 5706 interrogaturus
2544 5654 2664 5693 esse
2694 5638 3032 5708 placvidcrat.

2167 5727 2443 5784 Audientes
2495 5740 2688 5796 autem,
2729 5747 2860 5783 unus
2894 5739 3004 5799 post
3058 5743 3215 5780 unum
3263 5727 3487 5797 exibant,
3535 5728 3665 5783 inci-
