3994 6206
270 302 371 360 M1

1502 252 1503 255 Ἴ
1546 296 1681 352 SMA
1691 295 1826 352 ΒΑΕ
1836 297 1901 352 Dl
1941 297 2232 356 ABBATIS

3432 303 3538 362 M8

266 410 837 485 picntesasenioribus,
859 419 907 465 et
924 410 1170 464 remansit
1186 408 1351 474 solus,
1370 416 1417 462 ct
1448 407 1635 462 mulier
1664 408 1715 462 in
1743 425 1849 462 me-
1879 414 1924 469 Α
1954 412 1998 464 si
2027 427 2258 469 'cmcum
2307 414 2665 481 illuminavit,
2726 413 2998 472 scribebat
3051 417 3107 471 in
3158 423 3325 471 terra.
3387 416 3539 473 Talia

172 555 181 559 -
269 507 357 561 dio
373 516 542 561 stans.
560 502 667 561 Sed
685 504 913 576 ﬁgurate
931 516 1034 556 nos
1054 499 1373 556 admonetin
1393 513 1478 563 eo,
1496 498 1644 567 quod
1656 505 1712 554 et
1729 508 1854 552 ante

269 599 454 654 datam
497 606 552 655 et
590 604 714 670 post
738 596 919 651 datam
950 593 1297 659 sententiam,
1321 591 1590 651 inclinans
1636 591 1858 661 scripsit

270 691 326 744 in
348 697 519 756 terra,
533 697 596 743 ut
621 694 675 744 et
689 686 1006 758 priusquam
1020 690 1339 756 peccantem
1353 684 1661 755 proximum
1681 682 1855 737 corri-

270 782 503 850 piamus,
535 789 589 834 et
614 785 900 849 postquam
943 776 1135 832 debita:
1168 774 1544 846 castigationis
1585 773 1662 829 illi
1696 772 1856 828 mini-

270 872 499 927 sterium
536 868 952 933 reddiderimus,
988 880 1091 922 nos
1137 865 1284 936 ipsos
1332 865 1495 939 digna
1532 863 1856 921 humilitatis

272 963 684 1035 investigatione
709 959 1210 1031 perpendamus,ne
1240 956 1379 1012 forte
1406 963 1500 1012 aut
1527 955 1719 1012 iisdem
1737 970 1856 1025 qua:

272 1060 326 1114 in
352 1058 485 1127 ipsis
519 1053 983 1127 reprehendimus,
1016 1057 1111 1106 aut
1152 1050 1273 1107 aliis
1312 1049 1643 1121 quibuslibet
1686 1048 1856 1103 simus

269 1148 603 1205 facinoribus
637 1145 856 1200 irretiti.
902 1142 1056 1200 Sicut
1084 1141 1225 1199 forte
1255 1141 1370 1197 ﬁeri
1392 1141 1611 1213 poterit,
1636 1146 1696 1194 ut
1716 1138 1852 1210 ipse,

270 1240 363 1311 qui
383 1239 707 1294 homicidam
750 1253 901 1292 reum
950 1236 1142 1291 mortis
1176 1251 1297 1291 esse
1336 1232 1699 1303 iudicaverit,
1742 1232 1856 1302 ipse

272 1334 325 1387 in
375 1332 595 1401 seipse,
643 1346 741 1402 per
777 1328 960 1386 olium
1012 1329 1265 1383 fraternae
1300 1328 1490 1384 mortis
1564 1342 1695 1381 rens
1735 1340 1857 1380 esse

272 1432 397 1477 ante
443 1421 629 1477 oculos
669 1421 983 1479 Conditoris
1034 1418 1361 1474 inveniatur.
1411 1415 1712 1480 Similiter,
1764 1414 1853 1483 qui

273 1513 647 1569 fornicationis
671 1512 878 1567 crimen
909 1510 962 1565 in
992 1510 1161 1565 fratre
1183 1517 1424 1574 accusat,
1453 1509 1508 1562 in
1537 1508 1717 1577 seipse
1767 1520 1858 1559 su-

273 1604 472 1673 perbia:
502 1602 711 1658 facinus
736 1618 843 1657 non
869 1602 1070 1657 videat.
1110 1599 1233 1655 ideo
1262 1599 1483 1671 iubetur
1502 1597 1666 1669 judex
1696 1594 1856 1651 alieni

274 1701 516 1755 criminis
550 1700 718 1771 digito
750 1696 1094 1754 discretionis
1129 1696 1183 1749 in
1208 1695 1371 1751 corde
1398 1708 1496 1749 suo
1526 1691 1853 1756 describere,

273 1810 338 1847 ne
358 1792 496 1848 forte
520 1793 573 1848 in
609 1762 802 1864 vseipso
829 1807 953 1848 reus
976 1791 1300 1850 inveniatur.
1333 1789 1473 1858 Quid
1503 1788 1670 1860 igitur
1699 1786 1856 1843 nobis
1884 1762 1933 1821 Β

274 1885 327 1937 ιιι
364 1882 668 1953 hujusmodi
702 1882 960 1954 periculis
998 1882 1242 1949 remedii,
1268 1881 1396 1952 quid
1425 1887 1598 1936 restat
1637 1879 1859 1939 salutis?

272 1974 375 2029 nisi
403 1956 461 2029 ut
485 1990 607 2030 cum
646 1983 971 2045 peccantem.
1000 1972 1366 2044 conspicimus
1398 1972 1586 2037 alium,
1615 1986 1743 2027 mox
1774 1973 1859 2027 ina

270 2066 533 2122 eiiuemur
559 2065 809 2127 deorsum
832 2106 847 2130 ,
878 2065 979 2121 hoc
1001 2072 1105 2131 est,
1136 2079 1299 2134 quam
1333 2060 1526 2131 dejecti
1556 2077 1620 2117 ex
1653 2072 1855 2121 nostras

271 2154 583 2211 conditione
629 2152 938 2223 fragilitatis
981 2168 1212 2219 sumus,
1252 2150 1296 2205 si
1365 2165 1470 2205 non
1521 2164 1621 2204 nos
1671 2147 1857 2203 divina

272 2245 447 2315 pietas
469 2244 722 2309 sustinet,
747 2250 803 2298 et
825 2241 1104 2299 humiliter
1125 2239 1396 2310 inspiciat.
1430 2238 1608 2310 Digito
1648 2237 1853 2294 scriba-

271 2352 392 2392 mus
421 2335 474 2390 in
505 2343 671 2400 terra,
701 2334 754 2388 id
781 2342 883 2401 est,
915 2332 1226 2388 discriminc
1245 2331 1428 2386 solerti
1455 2345 1759 2401 pensemus,
1782 2345 1851 2385 an

271 2441 394 2481 eum
422 2426 582 2481 beato
601 2423 702 2480 Job
726 2424 907 2481 dicere
930 2424 1228 2497 possimus,
1273 2437 1449 2493 neque
1477 2421 1621 2477 enim
1662 2436 1849 2492 repre-

271 2516 460 2577 hendit
484 2531 584 2572 nos
620 2530 715 2571 cor
750 2523 995 2570 nostrum
1026 2513 1083 2568 in
1113 2513 1263 2569 omni
1302 2513 1411 2568 vita
1452 2520 1663 2568 nostra.
1705 2511 1858 2568 Bene

270 2610 362 2681 qui
391 2608 679 2665 inclinatus
709 2608 930 2679 scripsit
950 2607 1007 2661 in
1033 2615 1200 2673 terra,
1228 2614 1443 2662 erectus
1462 2603 1851 2660 misericordia:

268 2701 432 2756 verba
479 2700 752 2771 deprimit.
791 2700 927 2773 Quia
956 2699 1099 2769 quod
1127 2714 1225 2768 per
1247 2697 1495 2753 butnante
1516 2695 1850 2752 infirmitatis

267 2794 580 2850 societatem
610 2792 877 2864 promisit,
926 2807 1023 2862 per
1052 2790 1248 2871 divinae
1289 2791 1545 2845 virtutem
1593 2790 1848 2860 potentia:

265 2885 518 2941 omnibus
543 2884 745 2940 donum
767 2883 986 2953 pietatis
1007 2883 1287 2954 impendit.

335 2976 559 3049 Erigens
579 2986 753 3032 autem
783 2994 837 3031 se
858 2975 1185 3041 Jesus,dixit
1210 2978 1257 3030 ei
1285 2993 1304 3029 :
1341 2975 1559 3040 Mulier,
1595 2976 1683 3029 ubi
1727 2984 1847 3031 sunt

262 3069 352 3139 qui
374 3079 423 3123 te
441 3067 781 3132 accusabant,
809 3083 958 3121 nemo
988 3077 1037 3121 te
1070 3066 1471 3121 condemnavit?
1510 3082 1628 3136 qua:
1668 3067 1800 3120 dixit
1827 3082 1847 3120 :

1947 504 2135 559 .omnia
2172 506 2324 577 signa
2357 515 2487 562 sunt
2518 524 2699 564 rerum
2728 524 2985 580 expressa
3016 510 3069 565 in
3093 525 3343 583 corpore,
3370 510 3537 581 signi-

1956 596 2114 651 ficata
2140 597 2192 651 in
2219 598 2419 654 animo.
2454 598 2609 667 Quod
2632 600 2776 655 enim
2801 599 2979 657 facere
3013 601 3227 656 volebat
3258 601 3310 655 in
3337 602 3537 667 animo,

1954 688 2058 743 hoc
2086 688 2469 761 prmﬁgurabat
2500 689 2556 745 in
2590 706 2838 762 corpore.
2886 689 3072 762 Neque
3118 692 3263 747 enim
3300 688 3545 746 Lazarus

1956 779 2036 833 sic
2070 779 2285 847 revixit,
2311 788 2375 835 ut
2412 795 2520 838 non
2560 789 2882 849 moreretur,
2930 790 3026 836 aut
3071 781 3291 853 quando
3327 781 3539 837 sanavit

1955 868 2141 925 oculos
2170 870 2315 933 caeci,
2346 886 2455 926 non
2476 886 2572 927 eos
2592 872 2829 928 moriens
2862 871 3076 940 clausit,
3105 870 3234 944 quid
3266 888 3396 946 ergo
3419 888 3543 943 pro-

1956 958 2079 1025 fuit,
2112 961 2236 1030 quia
2257 961 2410 1031 signa
2435 960 2688 1029 faciebat,
2711 962 2816 1019 hoc
2847 972 2951 1028 est,
2992 963 3161 1035 digito
3182 964 3456 1020 scribebat
3485 964 3540 1023 in

1916 1095 1928 1105 .
1957 1054 2132 1107 terra?
2167 1058 2227 1106 ut
2250 1051 2554 1123 corporalia
2577 1052 2723 1109 facta
2761 1054 3063 1126 dirigerent
3090 1054 3537 1122 admirationem,

1957 1142 2249 1198 admiratio
2285 1146 2641 1214 suspenderet
2676 1144 2971 1217 judicium,
2998 1155 3063 1202 ut
3094 1156 3405 1217 quaererent
3444 1148 3544 1203 ho-

1956 1234 2131 1288 mines
2175 1235 2284 1288 vim
2330 1250 2514 1290 rerum
2549 1236 2867 1303 visibilium,
2898 1246 2954 1293 et
2991 1247 3314 1295 sanarentur
3358 1239 3543 1296 invisi-

1957 1325 2141 1381 biliter
2154 1325 2222 1381 ad
2251 1326 2540 1385 invisibilia
2567 1330 2895 1385 contuendu.

2585 1435 2903 1476 CONCORDIA.

2028 1507 2286 1575 Quamvis
2315 1507 2616 1580 ﬁguraliter
2639 1509 2932 1581 plurimum
2969 1511 3071 1568 sibi
3100 1513 3184 1569 hac
3210 1513 3329 1569 dua:
3348 1529 3544 1570 conve-

1959 1600 2110 1654 niant
2148 1599 2430 1666 lectiones,
2480 1608 2662 1655 tamen
2701 1600 3056 1657 historialiter
3099 1601 3153 1656 in
3188 1602 3305 1672 ipso
3341 1603 3545 1660 montis

1960 1687 2177 1747 nomine
2203 1692 2432 1747 istarum
2464 1690 2693 1746 duarum
2725 1690 2783 1748 lit
2810 1693 3100 1748 concordia
3125 1692 3437 1750 lectionum.

2380 1821 2709 1879 DOMINICA
2742 1823 2813 1878 IN
2843 1822 3165 1880 νιΕΕειιιε

2052 1944 2309 1988 ινιετοω
2359 1947 2519 1988 ΒΕΑῬΙ
2572 1947 2727 1988 PAULI
2778 1946 3033 1990 Αρθετοιι

2652 2039 2769 2079 (λιιι.
2805 2040 2876 2078 ιν.

3093 1950 3161 1988 Αἰ)
3216 1949 3478 2000 οιιηιτιιε,

2032 2150 2051 2189 ι
2096 2135 2372 2207 Scriptum
2420 2145 2551 2193 est:
2599 2137 2856 2211 quoniam
2897 2136 3174 2194 Abraham
3221 2137 3354 2193 duos
3399 2136 3536 2193 filios

1961 2248 1980 2281 ι
2017 2230 2227 2296 habuit,
2260 2246 2429 2285 unum
2473 2231 2541 2287 de
2573 2231 2769 2287 ancilla
2803 2240 2860 2288 et
2888 2248 3057 2287 unum
3100 2232 3167 2289 de
3200 2233 3387 2289 libera.
3430 2232 3537 2289 Sed

1962 2340 1981 2372 ‹
2025 2322 2117 2393 qui
2136 2321 2201 2377 de
2230 2322 2447 2388 ancilla,
2465 2324 2761 2378 secundum
2778 2339 2999 2381 carnem
3014 2333 3180 2381 natus
3198 2336 3301 2381 est.
3327 2325 3427 2394 Qui
3447 2342 3543 2381 au-

1962 2433 1980 2465 ι
2012 2423 2137 2475 tem
2170 2415 2239 2471 de
2266 2415 2460 2483 libera,
2487 2431 2585 2486 per
2620 2418 3118 2487 repromissionem,
3142 2436 3263 2490 qua:
3292 2430 3419 2477 sunt
3447 2438 3543 2492 per

1960 2525 1977 2557 ι
2020 2506 2335 2578 allegoriam
2359 2507 2523 2563 dicta.
2553 2506 2680 2562 llaec
2710 2508 2852 2563 enim
2878 2517 3004 2563 sunt
3028 2511 3135 2566 duo
3166 2510 3537 2571 Testamenta.

1960 2617 1977 2649 ι
2022 2597 2201 2654 Unum
2223 2597 2441 2669 quidem
2462 2599 2517 2652 in
2567 2606 2750 2653 monte
2789 2597 2942 2665 Sina,
2992 2599 3049 2654 in
3090 2601 3411 2657 servitutem
3452 2620 3544 2674 ge-

1959 2711 1977 2743 ι
2023 2705 2246 2758 nerans,
2301 2704 2422 2760 quae
2460 2697 2544 2744 est
2591 2689 2734 2760 Agar
2763 2708 2776 2743 :
2802 2688 2933 2745 Sina
2976 2691 3127 2748 enim
3149 2707 3303 2749 mons
3343 2703 3428 2750 est
3482 2696 3539 2750 in
3578 2706 3585 2715 '

1959 2801 1977 2833 ι
2024 2780 2247 2847 Arabia,
2274 2780 2367 2851 qui
2398 2778 2722 2850 eorjunctus
2747 2789 2829 2836 est
2854 2781 2926 2847 ei,
2955 2797 3077 2852 quae
3113 2798 3258 2838 nunc
3284 2793 3367 2839 est
3407 2784 3539 2841 llic-

1958 2894 1977 2926 ι
2022 2872 2285 2940 rusalem,
2304 2881 2360 2930 et
2386 2873 2556 2930 servit
2576 2888 2697 2928 cum
2725 2873 2910 2929 liberis
2928 2875 3062 2930 suis.
3092 2872 3187 2931 Illa
3213 2884 3395 2932 autem
3420 2893 3542 2948 qua:

1957 2985 1976 3016 ι
2022 2980 2238 3021 sursum
2268 2973 2353 3020 est
2388 2962 2745 3029 Ilierusalem,
2770 2964 2943 3022 libera
2972 2976 3079 3032 est,
3108 2982 3228 3038 qua:
3262 2979 3347 3025 est
3368 2979 3544 3027 mater

1958 3076 1974 3107 ι
2021 3063 2224 3122 nostra,
2257 3056 2524 3127 scriptum
2562 3063 2647 3117 est
2673 3056 2821 3117 enim
2852 3076 2865 3111 :
2892 3054 3121 3125 Laetare,
3151 3059 3378 3125 sterilis,
3420 3077 3540 3133 qua:

266 3116 351 3139 -,—-
374 3116 418 3123 η
442 3116 781 3132 “Vw-mm".
989 3116 1031 3121 η
1513 3116 1619 3136 τ---ν
1827 3116 1839 3120 τ

266 3158 459 3222 Nemo,
482 3155 737 3211 Domine:
759 3155 892 3209 dixit
917 3154 1157 3209 autemei
1176 3152 1332 3208 Jesus
1359 3167 1376 3205 :
1402 3150 1513 3208 Nec
1534 3170 1629 3224 ego
1648 3163 1697 3209 tc
1722 3170 1845 3209 con-

1959 3167 1974 3198 ι
2019 3161 2125 3202 non
2145 3144 2316 3219 paris,
2339 3154 2626 3215 erumpeet
2648 3145 2820 3202 clama
2852 3162 2973 3218 qua:
2995 3163 3103 3204 non
3125 3151 3385 3220 parturls,
3412 3116 3538 3222 quia

263 3246 559 3311 demnabo;
587 3246 715 3300 vade
739 3254 786 3300 et
811 3244 1036 3317 amplius
1077 3245 1187 3300 noli
1228 3261 1463 3316 peccare.
1512 3244 1846 3302 Nemo-con-

262 3340 522 3394 demnare
542 3354 709 3394 ausus
724 3346 807 3396 est
827 3338 1211 3409 peccatricem,
1226 3340 1352 3410 quia
1375 3340 1428 3395 in
1445 3354 1503 3395 se
1519 3338 1713 3410 singuli
1728 3355 1844 3395 cer-

263 3446 393 3486 nere
414 3438 695 3501 cmperant
742 3429 886 3497 quod
927 3431 1104 3501 magis
1144 3429 1512 3486 damnandum
1556 3446 1846 3501 cognosce

262 3529 400 3575 rent.
436 3518 544 3575 Sed
590 3519 682 3590 qui
715 3519 1091 3577 accusantium
1116 3520 1301 3575 turbas
1370 3520 1583 3595 prolato
1615 3519 1845 3590 iustitia:

261 3610 496 3679 pondere
517 3608 740 3681 fugavit,
766 3609 1046 3666 videamus
1091 3618 1401 3666 accusatam
1428 3620 1632 3682 quanto
1680 3611 1847 3668 misc—

258 3702 509 3758 ricordize
534 3717 757 3757 munere
786 3700 1050 3757 sublevet.
1079 3700 1357 3772 Sequitur.

335 3794 477 3848 Dixit
503 3802 682 3847 autem
715 3793 892 3859 Iesus,
932 3809 1026 3847 nec
1058 3810 1150 3865 ego
1193 3805 1242 3848 te
1285 3796 1662 3862 condemnabo,
1690 3796 1843 3861 vade,

249 3886 369 3954 jam
410 3882 640 3954 amplius
680 3876 789 3939 noli
831 3900 1066 3955 peccare.
1122 3885 1389 3952 Quoniam
1439 3888 1751 3944 misericors
1787 3897 1845 3945 et

258 3976 378 4046 pius
412 3974 687 4048 prmterita
717 3973 945 4033 relaxat.
983 3973 1248 4041 Quoniam
1272 3974 1455 4045 justus
1483 3986 1589 4043 est,
1611 3987 1667 4034 et
1681 3978 1844 4051 justi-

260 4066 389 4121 tiam
417 4066 610 4137 diligit,
649 4080 719 4121 ne
759 4065 991 4137 amplius
1022 4065 1137 4136 iam
1172 4074 1363 4138 peccet
1407 4067 1702 4123 interdicit.
1733 4067 1842 4141 (Ea;

257 4156 812 4229 August.)-Dicebant
865 4161 1007 4229 apud
1061 4160 1380 4229 semctipsos
1427 4177 1440 4213 :
1481 4158 1590 4215 Aut
1629 4159 1842 4229 iubebit

255 4263 373 4300 eam
397 4246 660 4318 lapidare,
682 4255 738 4302 et
763 4248 974 4302 amittet
993 4249 1484 4315 mansuetudinem,
1506 4249 1648 4305 unde
1664 4249 1842 4320 placet

255 4338 565 4395 hominibus
590 4358 603 4394 :
627 4348 721 4394 aut
756 4340 971 4411 iubebit
1000 4356 1122 4396 eam
1169 4342 1389 4408 dimitti,
1439 4350 1495 4396 et
1537 4344 1841 4401 tenebimus

255 4430 734 4498 prmvaricatorem.
750 4431 904 4502 legis.
933 4431 1071 4498 Quid
1093 4446 1223 4503 ergo
1253 4433 1530 4503 respondit
1556 4433 1844 4494 Dominus?

247 4521 411 4590 iussit
450 4519 690 4591 lapidare
730 4521 917 4576 dicens
943 4537 954 4572 :
983 4519 1087 4586 Qui
1106 4521 1218 4575 sine
1241 4532 1452 4591 peccato
1482 4532 1557 4577 est
1589 4534 1836 4589 vestrum,

253 4611 454 4680 primus
480 4612 535 4665 in
561 4610 711 4665 illam
739 4610 971 4680 lapidem
988 4611 1181 4664 mittat.
1210 4612 1369 4668 Tales
1389 4612 1533 4666 enim
1559 4614 1839 4672 ministros

256 4703 341 4757 lex
371 4703 572 4758 habere
606 4700 795 4767 voluit,
821 4700 913 4771 qui
942 4702 1155 4770 priores
1178 4703 1415 4759 vitarent
1468 4705 1613 4773 quod
1640 4706 1693 4759 in
1716 4707 1838 4763 aliis

254 4796 566 4863 culpabant.
608 4794 746 4863 Quid
789 4804 873 4851 est
909 4813 921 4849 :
958 4793 1241 4850 Incliuarit
1284 4814 1340 4852 se
1383 4806 1431 4851 et
1478 4798 1734 4855 scribebat
1784 4802 1839 4856 in

253 4897 323 4943 tet
336 4888 435 4945 ra."
466 4887 753 4943 Descendit
781 4889 849 4944 ad
871 4887 1254 4958 nosmajcstas
1280 4899 1501 4953 caterua,
1531 4900 1586 4947 et
1616 4892 1838 4949 indutus

253 4992 419 5035 carne
446 4980 662 5035 mortali
712 4981 992 5036 descendit
1024 4982 1092 5036 ad
1135 4981 1303 5037 istam
1326 4982 1723 5039 habitationem
1746 5001 1839 5040 no—

254 5080 448 5136 stram,
471 5072 562 5126 ubi
597 5073 897 5129 mortaliter
923 5074 1256 5140 vivimus,et
1277 5074 1449 5146 digito
1472 5076 1745 5131 scribebat
1778 5077 1834 5132 iu

254 5173 422 5218 terra.
446 5160 697 5219 Scribere
718 5165 864 5219 enim
886 5164 1107 5235 signum,
1121 5163 1303 5221 facere
1314 5174 1417 5231 est,
1437 5166 1639 5222 litterae
1653 5178 1835 5223 autem

253 5254 406 5327 signa
448 5262 576 5309 sunt
617 5269 841 5323 vocum,
870 5256 1088 5326 quando
1138 5258 1282 5313 enim
1326 5257 1471 5324 dico,
1507 5257 1670 5323 Dens,
1719 5258 1836 5315 ista:

252 5348 374 5404 dum
405 5347 626 5419 syllabae
674 5355 730 5403 et
775 5355 1009 5418 quatuor
1040 5348 1234 5406 littera:
1263 5351 1416 5421 signa
1457 5359 1586 5405 sunt
1625 5367 1836 5422 magum

255 5442 354 5507 rei,
375 5455 496 5512 quae
526 5440 725 5497 dicitur
750 5438 915 5506 Deus,
941 5456 1106 5510 quam
1136 5443 1363 5498 audiens
1390 5443 1571 5498 omnis
1601 5443 1837 5499 humana

256 5535 610 5602 conscientia,
651 5533 1044 5590 contremiscit-
1094 5533 1238 5607 Ergo
1272 5536 1544 5591 scribebat
1571 5538 1623 5591 in
1669 5546 1834 5601 terra,

257 5626 383 5696 quid
415 5637 497 5681 est
532 5628 693 5692 aliud,
729 5628 833 5684 nisi
881 5628 1036 5698 signa
1065 5628 1297 5683 faciebat
1327 5629 1379 5683 in
1433 5638 1596 5682 terra.
1643 5631 1834 5684 Tutum

256 5716 514 5786 quidquid
545 5720 631 5777 hic
675 5721 795 5777 fccil
829 5719 1108 5782 Dominus,
1147 5722 1189 5775 si
1219 5730 1487 5776 mortuum
1528 5721 1834 5787 suscitavit,

1953 3258 1971 3291 ι
2019 3238 2174 3295 multi
2202 3237 2297 3293 lilii
2333 3238 2562 3294 deserta:
2585 3239 2763 3309 magis
2777 3255 2939 3310 quam
2971 3240 3089 3311 ejus
3117 3258 3239 3313 qua:
3269 3242 3434 3301 habet
3460 3244 3540 3299 vi-

1952 3351 1970 3383 ‹
2019 3346 2159 3387 mm.
2188 3330 2298 3387 Nos
2333 3340 2537 3396 autem,
2561 3331 2778 3397 fratres,
2803 3337 3103 3391 secundum
3132 3335 3282 3392 lsaac
3309 3338 3545 3408 promis-

1951 3443 1969 3474 σ
2016 3423 2184 3478 sionis
2206 3422 2302 3476 lilii
2321 3422 2534 3477 sumus.
2560 3420 2668 3478 Sed
2690 3424 2962 3492 quomodo
2982 3434 3112 3483 tunc
3134 3428 3204 3494 is,
3228 3429 3321 3499 qui
3343 3444 3537 3487 secun-

1950 3532 1969 3565 ι
2015 3513 2141 3569 dum
2167 3526 2391 3568 carnem
2417 3521 2580 3568 natus
2615 3512 2810 3582 fuerat,
2828 3517 3259 3589 persequebatur
3295 3534 3419 3574 eum
3441 3521 3545 3589 qui

1949 3625 1968 3658 ι
2009 3606 2309 3662 secundum
2329 3605 2601 3677 spiritum,
2616 3606 2691 3661 ita
2711 3616 2765 3662 et
2779 3623 2945 3663 nunc.
2973 3608 3079 3665 Sed
3095 3610 3227 3681 quid
3241 3611 3373 3667 dicit
3389 3610 3538 3668 Scri«

1952 3715 1970 3748 ι
2006 3697 2203 3768 ptura?
2232 3694 2380 3766 Ejlce
2413 3694 2667 3753 ancillam
2718 3706 2775 3753 et
2822 3698 2995 3755 ﬁlium
3045 3698 3183 3769 ejus.
3231 3701 3348 3757 Non
3388 3703 3537 3760 enim

1951 3807 1969 3839 ι
2012 3788 2117 3844 erit
2137 3787 2317 3844 haeres
2335 3786 2477 3844 [ilius
2519 3788 2731 3845 ancillae
2762 3804 2890 3845 eum
2925 3791 3036 3847 lilio
3079 3791 3280 3848 liberte.
3320 3793 3533 3865 Itaque,

1950 3898 1969 3932 ι
2013 3880 2233 3948 fratres,
2262 3896 2377 3936 non
2413 3897 2603 3938 sumus
2650 3882 2860 3940 ancilla:
2885 3883 3010 3952 lilii,
3052 3885 3151 3941 sed
3197 3886 3405 3956 liberae,
3432 3902 3547 3959 qua.

1950 3991 1969 4024 ι
2014 3972 2268 4028 libertate
2294 3970 2549 4028 Christus
2576 3989 2677 4029 nos
2715 3973 2989 4031 liberavit.
3030 3995 3052 4029 ο

2015 4063 2283 4134 Scriptum
2302 4074 2400 4130 est,
2417 4065 2671 4135 quoniam
2702 4064 2971 4120 Abraham
2998 4066 3135 4121 duos
3158 4067 3301 4136 ﬁlios
3326 4067 3545 4137 habuit,

1942 4172 2104 4211 tinum
2129 4155 2194 4210 de
2223 4154 2418 4211 ancilla
2447 4165 2495 4210 et
2513 4172 2675 4211 unum
2688 4156 2753 4211 de
2777 4154 2960 4211 libera.
2991 4157 3090 4229 (Ex
3111 4158 3540 4232 Aug.)Uterque

1940 4246 2156 4317 quidem
2169 4247 2235 4304 de
2249 4245 2719 4306 semiucAbrabaz.
2735 4246 2839 4304 Sed
2854 4248 3001 4304 illum
3020 4264 3191 4318 genus
3200 4251 3538 4309 demonstrat

1941 4344 2275 4401 consuetudo
2297 4351 2531 4411 natum,
2555 4344 2720 4400 istum
2738 4360 2869 4401 vero
2880 4344 3031 4403 dedit
3038 4347 3351 4416 promissio,
3367 4349 3539 4421 signi-

1863 4437 2116 4533 Dticam;
2160 4437 2429 4507 gratiam,
2473 4437 2549 4492 ibi
2583 4437 2853 4495 humanus
2887 4453 3019 4495 usus
3063 4439 3400 4506 ostenditur,
3445 4439 3535 4495 hic

1949 4524 2189 4583 divinum
2208 4527 2537 4585 beneﬁcium
2553 4528 2983 4584 conuucndatur.

2019 4618 2127 4676 Sed
2136 4620 2302 4688 auide
2317 4618 2536 4685 ancilla,
2550 4619 2838 4674 secundum
2850 4636 3065 4675 carnem
3076 4619 3431 4691 natusest,qni
3443 4636 3537 4675 aus
3624 4684 3635 4691 .

1946 4720 2052 4765 (em
2069 4709 2334 4775 delibera,
2353 4728 2446 4783 per
2468 4712 2940 4783 mpsomissiomm.
2961 4712 3059 4783 (Ex
3075 4711 3331 4785 Primus.)
3344 4712 3545 4769 1810381“

1945 4802 2126 4859 carnis
2139 4801 2279 4857 illius
2287 4802 2468 4868 ,lsaac
2480 4801 2601 4858 fidei
2617 4801 2743 4859 fuit.
2756 4801 2906 4857 Illum
2918 4803 3064 4859 enim
3077 4803 3351 4860 Abraham
3363 4818 3427 4858 ex
3442 4818 3537 4864 am

1945 4895 2111 4960 cilla,
2151 4894 2450 4951 secundum
2489 4894 2769 4951 carnalem
2809 4895 3253 4952 consuetudinem
3300 4896 3527 4974 genuit;

1951 4985 2113 5040 istum
2149 4992 2338 5040 contra
2364 4992 2641 5052 naturam,
2675 4986 3083 5057 repromissioni
3126 4985 3419 5052 credendo,
3443 5001 3535 5043 su-

1953 5075 2142 5148 saepit.

2020 5168 2154 5235 Qua:
2181 5177 2302 5224 sicut
2324 5184 2419 5239 per
2439 5167 2747 5239 allegoriam
2776 5167 2940 5223 dicta.
2972 5166 3088 5223 Hoc
3126 5175 3235 5235 est,
3271 5166 3423 5223 aliud
3462 5181 3532 5222 ex

1948 5260 2054 5314 alio
2079 5258 2387 5330 figuratum.
2435 5260 2591 5314 Dedit
2627 5257 2872 5329 regulam
2909 5257 3221 5330 Apostolus,
3258 5256 3531 5329 quomodo

1948 5350 2302 5421 allegorizare
2322 5350 2635 5414 debeamus,
2676 5349 2909 5416 scilicet,
2941 5358 3000 5405 ut
3016 5358 3271 5407 manente
3292 5348 3539 5407 historia:-

1947 5446 2196 5509 veritate,
2242 5442 2444 5514 ﬁguras
2477 5440 2861 5512 intelligamus.
2907 5442 3042 5497 Nam
3088 5458 3215 5500 cum
3264 5442 3492 5498 dixisset

1946 5537 2218 5592 Abraham
2265 5548 2398 5589 vere
2447 5534 2585 5589 duas
2632 5549 2834 5588 uxores
2870 5534 3144 5601 habuisse,
3182 5543 3368 5605 postea
3401 5533 3531 5603 quid

1946 5631 2029 5684 Ιιιε
2062 5631 2189 5697 ipsa:
2214 5626 2625 5697 praefigurarent
2661 5625 2889 5695 mystica
2929 5626 3138 5681 ratione
3163 5625 3489 5695 significavit
3512 5663 3528 5687 ,

1948 5723 2045 5776 Ire
2069 5730 2255 5775 contra
2278 5721 2393 5775 illos
2426 5720 2570 5784 facit,
2619 5720 2711 5788 qui
2759 5729 2930 5775 totum
2971 5720 3262 5776 secundum
3291 5719 3528 5781 litteram
