3994 6206
369 326 482 393 149

1182 324 1702 387 COLLECTIONES
1739 329 1809 385 IN
1848 328 2226 389 EPISTOLAS
2264 334 2353 392 ET
2392 336 2810 401 EVANGELIA.

3536 358 3657 414 κᾶθ’

365 440 598 513 intelligi
624 437 832 505 volunt,
881 444 938 492 et
984 450 1201 494 sensum
1249 438 1598 510 allegorieum
1646 454 1756 495 non
1804 438 1948 494 reci-
1975 438 2267 536 AJudaeis.
2323 445 2477 504 Unde
2520 449 2626 505 duo
2671 450 3055 522 Apostolorum
3098 457 3372 532 principes
3419 467 3634 536 agmina

365 533 571 677 pug;
595 620 736 674 enim
759 626 899 673 “sunt
915 618 1021 674 duo
1055 618 1406 685 Testamenta,
1447 634 1611 674 unum
1637 618 1847 689 quidem
1896 619 1959 672 in

364 721 541 769 monte
572 709 727 765 Sina.
766 709 981 765 Veteris
1025 717 1082 765 et
1127 709 1262 765 Novi
1305 692 1637 766 τρειαῖηαηιί
1685 709 1947 772 doctrina,

362 804 523 875 quasi
547 803 670 858 duae
695 808 900 858 matres
922 808 1078 868 sunt,
1110 803 1204 858 sed
1230 800 1399 859 Vetus
1419 803 1473 858 in
1496 810 1691 859 monte
1704 801 1833 859 Sina
1855 817 1956 872 per

363 895 587 968 Moysen
610 895 799 949 datum
819 901 922 949 est.

438 986 549 1058 (Ea:
586 983 793 1055 Amor.)
855 984 1002 1039 Nihil
1061 985 1207 1039 enim
1266 980 1493 1056 prodest
1545 985 1949 1041 Testamentum

364 1082 535 1135 Vetus
567 1078 636 1132 de
672 1083 861 1130 monte
902 1075 1033 1130 Sina
1080 1076 1132 1130 in
1162 1076 1479 1132 servitutem
1515 1093 1805 1148 generatis,
1845 1078 1949 1133 nisi

362 1169 494 1239 quia
532 1166 903 1222 testimonium
946 1166 1195 1235 perhibet
1226 1167 1576 1224 Testamento
1602 1167 1770 1223 Novo.
1805 1167 1952 1225 Alio-

361 1261 518 1330 quin,
540 1258 798 1328 quamdiu
826 1257 1028 1329 legitur
1054 1256 1286 1328 Moyses,
1310 1260 1557 1315 velamen
1596 1274 1761 1331 super
1787 1261 1947 1316 corda

361 1366 556 1405 eorum
584 1350 821 1421 positum
842 1356 944 1405 est.
960 1349 1094 1405 Cum
1123 1342 1305 1405 autem
1321 1351 1445 1407 inde
1464 1352 1749 1421 quisquam
1774 1360 1948 1407 trans-

2174 538 2511 596 credcntium
2542 542 2598 598 in
2617 543 2834 602 Christo
2863 547 3292 610 circumcisionis
3321 563 3375 612 et
3394 532 3654 630 gentium

2053 621 2370 694 diviserunt,
2416 639 2476 685 ut
2523 647 2587 688 ex
2632 642 2863 706 utroque
2908 640 3106 710 populo
3151 621 3424 702 desertam
3461 652 3655 722 prius,

2053 721 2215 782 atque
2243 725 2625 789 pauperculam
2661 728 2993 787 aediﬁcarent
3020 732 3379 794 Hierusalem.

2123 805 2295 904 Magis
2322 828 2481 881 quam
2510 816 2557 869 ei
2586 817 2677 887 qui
2707 817 2864 895 habet
2899 823 3090 879 uirum.
3150 823 3252 883 Hic
3294 826 3635 904 Synagogam

2052 896 2322 994 intelligo,
2354 917 2474 971 qua:
2504 907 2651 961 velut
2678 908 2809 979 jugo
2842 911 2966 979 viri,
3009 913 3083 968 ita
3121 914 3256 988 legis
3289 896 3469 977 onere
3510 896 3642 994 pre-‘

2052 986 2316 1087 utebatur,
2348 1000 2440 1046 aut
2472 1003 2618 1051 certe
2656 996 2999 1056 referendum
3034 1012 3145 1072 est,
3180 986 3301 1077 qua:
3339 986 3649 1082 antequam-

2051 1078 2362 1148 cjicerctur,
2386 1082 2562 1139 virum
2592 1100 2649 1141 se
2674 1089 2876 1147 habere
2906 1094 3181 1151 credebat.

2121 1169 2233 1224 Nos
2270 1181 2465 1241 autem,
2495 1176 2708 1246 fratres,
2748 1183 3032 1238 secundum
3061 1184 3243 1255 Isaac,
3267 1192 3633 1261 promissionis

2048 1259 2150 1327 ﬁlii
2183 1278 2383 1317 smnus.
2411 1264 2467 1320 ld
2496 1276 2608 1334 est,
2639 1284 2746 1324 non
2796 1273 3093 1328 secundum
3120 1259 3336 1345 Ismacl,
3363 1283 3634 1349 quomodo

2048 1350 2114 1404 de
2141 1351 2291 1407 lsaac
2308 1356 2633 1422 promissum
2660 1367 2744 1414 est
2759 1360 3011 1429 Abrahae,
3028 1364 3105 1419 ita
3131 1366 3198 1422 de
3219 1369 3392 1434 nobis,
3410 1371 3553 1443 quod
3577 1372 3633 1427 in
3739 1356 3742 1361 ἢ

360 1442 491 1498 ierit
522 1443 589 1497 ad
620 1443 919 1508 Christum,
952 1440 1228 1497 auferetur
1250 1442 1499 1497 velamen
1523 1443 1947 1509 transeuntium,
2047 1454 2113 1494 eo
2139 1440 2589 1500 benedicerentur
2616 1462 2806 1505 omnes
2832 1458 3040 1519 gentes.

359 1534 567 1604 quippe
602 1532 831 1587 intentio
865 1533 980 1602 ipsa
1017 1540 1279 1597 mutatur,
1310 1532 1379 1588 de
1407 1533 1601 1588 Vetere
1626 1534 1692 1589 ad
1715 1532 1946 1601 Novum,
2120 1526 2226 1585 Sed
2261 1534 2521 1602 quomodo
2568 1545 2711 1602 tunc,
2758 1539 2851 1609 qui
2893 1540 3179 1595 secundum
3217 1559 3428 1601 carnem
3478 1556 3632 1603 natus

358 1632 419 1677 ut
447 1623 659 1680 Novum
684 1623 918 1692 quisque
944 1623 1152 1678 induat.
2048 1622 2242 1691 fuerat.
2284 1622 2513 1695 Semper
2556 1626 2613 1681 hi
2650 1628 2746 1697 qui
2772 1630 3024 1687 carnales
3052 1642 3198 1698 sunt,
3225 1649 3321 1691 eos
3347 1637 3439 1705 qui
3468 1639 3632 1708 spiri-

432 1711 503 1766 In
534 1709 835 1767 servitutem
864 1728 1142 1783 generous,
1168 1729 1288 1784 qua:
1324 1723 1402 1769 est
1420 1714 1580 1786 Agar.
1621 1716 1680 1770 lu
1719 1716 1951 1771 servitu-
2017 1712 2221 1782 gtuales
2236 1722 2384 1780 sunt,
2408 1726 2829 1787 persequuntur.
2875 1720 3057 1788 Quare
3090 1722 3362 1779 admirare
3406 1741 3511 1781 non
3541 1727 3629 1783 dc-

357 1816 470 1862 tem
512 1815 692 1862 autem
726 1819 992 1877 generans
1027 1806 1184 1872 dixit,
1223 1808 1350 1877 quia
1389 1806 1557 1862 Judaei
1596 1818 1745 1862 metu
1780 1808 1945 1863 etiam
1974 1790 2022 1849 Β
2048 1802 2267 1869 bemus,
2297 1805 2391 1861 sed
2423 1819 2486 1860 ex
2524 1808 2628 1863 hoc
2666 1824 2764 1864 nos
2804 1810 3115 1880 spirituales
3159 1813 3553 1885 intelligamus,
3588 1818 3632 1871 si

354 1895 617 1967 praesenti
650 1910 715 1950 ac
743 1894 1008 1965 periculo,
1040 1897 1107 1951 ad
1137 1897 1513 1952 mandatorum
1539 1896 1947 1952 observantiam
2047 1896 2186 1951 tales
2222 1913 2323 1953 nos
2358 1898 2713 1966 insectentur,
2754 1903 2897 1971 quod
2933 1905 3032 1960 sub
3075 1905 3336 1977 mysterio
3369 1906 3479 1963 alio
3514 1908 3633 1964 loco

354 1988 697 2057 cogebantur
753 1994 813 2042 ut
867 1986 1031 2042 servi.
1103 1986 1240 2043 Nam
1290 1987 1583 2044 Christiani
1641 1989 1708 2044 ad
1754 1989 1945 2061 jugum
2043 1983 2334 2054 Apostolus
2360 1988 2821 2045 indicavit:Caro
2843 1993 3331 2051 resistitadversus
3354 1997 3630 2068 spiritum,

355 2093 524 2134 suave
562 2086 619 2134 et
658 2093 801 2134 onus
834 2077 952 2132 leve
1011 2078 1250 2147 pranniis
1310 2079 1628 2145 invitantur,
1667 2086 1728 2133 ut
1764 2080 1940 2143 lii-eri,

356 2167 433 2223 illi
478 2167 637 2239 quasi
680 2168 854 2233 servi,
900 2177 1125 2239 propter
1166 2168 1391 2223 moralia
1433 2177 1734 2239 prtecepta,
1779 2171 1943 2225 etiam

355 2261 589 2317 diversis
621 2261 876 2330 operibus
898 2268 1253 2331 occupantur.
1300 2259 1469 2316 Nobis
1500 2268 1757 2332 tanquam
1793 2261 1941 2327 ﬁliis,

354 2354 538 2409 omnia
585 2353 803 2409 servilia
844 2368 1035 2418 onera,
1076 2353 1382 2423 adimpletis
1429 2354 1749 2425 moralibus,
1792 2354 1943 2410 aufe-

352 2451 574 2510 runtur,
619 2452 676 2500 et
742 2445 818 2499 illi
860 2443 1238 2500 sacerdotibus
1276 2459 1346 2500 ex
1388 2444 1571 2499 debito
1618 2445 1938 2513 servientes,

356 2534 561 2589 tributa
595 2535 823 2591 reddere
859 2536 1023 2592 etiam
1060 2534 1410 2606 cogebantur.
1454 2535 1563 2592 Nos
1590 2551 1719 2592 vero
1743 2545 1944 2607 prteter

353 2624 683 2680 eharitatcm
717 2625 853 2680 nihil
881 2625 1162 2689 debentes,
1203 2625 1507 2681 voluntarie
1541 2627 1810 2683 antistites
1838 2643 1940 2683 no-

354 2722 502 2770 stros
536 2716 884 2771 honoramus.

433 2804 568 2859 Sina
610 2823 756 2868 mons
799 2816 870 2861 est
910 2806 965 2860 in
996 2806 1221 2872 Arabia,
1270 2807 1362 2877 qui
1405 2808 1717 2877 conjunctus
1760 2816 1835 2862 est
1871 2810 1937 2875 ei,

353 2899 453 2968 qui
498 2914 639 2952 nunc
670 2908 744 2952 est
778 2897 1110 2954 Hierusalem
1134 2939 1150 2963 ,
1198 2908 1247 2953 ct
1292 2898 1447 2953 seruit
1485 2915 1603 2952 cum
1641 2898 1768 2968 filiis
1804 2900 1940 2971 ejus.

351 2990 435 3045 De
491 2990 843 3060 qualitatibus
886 2991 1130 3047 locorum
1170 2991 1409 3047 ostendit
1452 2990 1818 3047 diversitatem
1865 3000 1944 3048 te-

353 3090 770 3139 stamentorum.
803 3083 949 3155 Agar
980 3084 1164 3153 itaque
1190 3096 1516 3154 synagogam
1541 3081 1657 3136 vult
1691 3081 1943 3155 intelligi,

2044 2085 2098 2131 et
2125 2077 2347 2147 spiritus
2376 2080 2637 2136 adversus
2666 2096 2910 2138 carnem.

2113 2164 2216 2234 Qui
2244 2178 2471 2238 possunt
2506 2170 2811 2243 intelligant
2845 2174 3019 2243 magis
3062 2174 3362 2234 Ecclesiam
3399 2181 3629 2236 catholi-

2043 2270 2165 2310 cam
2198 2259 2632 2325 persecutionem
2661 2263 2774 2331 pati
2812 2263 3065 2332 superbia
3103 2272 3158 2319 et
3198 2266 3475 2336 impietate
3496 2284 3630 2324 car-

2042 2346 2266 2401 nalium.
2317 2346 2453 2402 Nam
2481 2350 2742 2420 quidquid
2772 2351 2905 2407 facit
2929 2368 3058 2409 vera
3096 2363 3153 2410 et
3183 2356 3423 2427 legitima
3449 2370 3628 2415 mater

2041 2436 2305 2505 Ecclesia,
2333 2440 2499 2493 etiam
2539 2440 2586 2495 si
2632 2456 2885 2512 asperum
2938 2459 3295 2516 amarumque
3337 2450 3628 2516 sentiatur,

2040 2544 2149 2584 non
2178 2530 2380 2585 malum
2416 2546 2515 2600 pro
2541 2531 2683 2588 malo
2719 2533 2917 2599 reddit,
2946 2535 3043 2590 sed
3071 2535 3272 2592 bonum
3299 2537 3603 2610 disciplina:

2041 2619 2356 2688 expellendo
2381 2622 2533 2675 malo
2550 2620 2854 2691 iniquitatis
2877 2625 3123 2693 opponit.

2111 2708 2526 2780 Persequebatur
2552 2726 2671 2764 eum
2697 2712 2785 2783 qui
2812 2714 3099 2769 secundum
3125 2716 3387 2786 spiritum.
3430 2718 3486 2774 lu
3513 2719 3623 2775 Ge-

2044 2802 2161 2858 nesi
2191 2802 2453 2872 scriptum
2481 2812 2587 2859 est.
2636 2803 2771 2872 Quia
2814 2805 3034 2862 ludebat
3073 2808 3266 2866 Ismael
3307 2827 3431 2867 eum
3477 2812 3629 2869 [suam

2045 2890 2196 2963 (Cen.
2228 2892 2361 2962 xxi).
2435 2892 2544 2949 Sed
2577 2895 2669 2950 hic
2703 2897 3029 2964 ostenditur,
3060 2913 3166 2954 non
3212 2901 3509 2971 simplicem
3554 2904 3633 2957 lu-

2046 2999 2167 3039 sum
2206 2982 2399 3052 fuisse,
2422 3000 2584 3056 quem
2608 2987 3041 3058 persecutionem
3079 2989 3330 3059 appellat.
3368 2992 3520 3047 Unde
3547 2994 3633 3048 in-

2047 3076 2308 3148 telligitur
2352 3080 2481 3147 quia
2517 3079 2801 3135 scurrilem
2830 3088 2887 3135 et
2923 3079 3125 3149 levem,
3159 3080 3301 3138 sicut
3342 3083 3457 3155 ipse
3485 3094 3625 3151 erat,

353 3182 415 3228 et
438 3181 713 3230 terrenam
738 3151 1107 3242 Hierusalem“,
1141 3151 1232 3232 cui
1267 3151 1423 3230 mons
1449 3173 1578 3244 Sina
1596 3214 1611 3241 ,
1640 3175 1693 3230 in
1719 3191 1830 3245 quo
1857 3151 1945 3233 est

2058 3166 2226 3224 lacere
2250 3170 2523 3240 cupiebat,
2544 3187 2614 3228 ne
2636 3171 2712 3227 illi
2732 3178 2916 3244 posset
2942 3172 2997 3227 in
3023 3172 3338 3231 hmreditate
3360 3151 3625 3247 prteferri,

354 3264 442 3320 lex
469 3266 799 3336 conscripta,
826 3266 1151 3336 coniunctus
1182 3274 1285 3321 est.
1317 3264 1489 3336 Hujus
1512 3280 1643 3336 ergo
1694 3265 1791 3322 ﬁlii
1826 3281 1933 3323 ser.

353 3355 509 3410 viunt
536 3356 796 3412 oneribus
822 3358 1077 3428 legalium
1106 3358 1508 3413 mandatorum.

424 3446 535 3501 Illa
567 3457 743 3504 autem
769 3466 889 3521 quae
919 3466 1132 3505 sursum
1163 3459 1240 3503 est
1263 3446 1621 3515 Hierusalem,
1652 3448 1817 3504 libera
1839 3459 1937 3506 est.

349 3534 413 3592 In
458 3536 613 3593 Sara:
652 3553 887 3609 persona
912 3579 928 3605 ,
975 3538 1062 3594 vel
1102 3538 1400 3594 Eeclesiam
1452 3537 1820 3604 demonstrat,
1853 3540 1940 3596 vel

352 3629 633 3685 caelestem
661 3629 1021 3697 Hierusalem,
1053 3630 1174 3687 ideo
1208 3631 1275 3686 de
1299 3629 1441 3686 coelo
1471 3629 1695 3685 advenit
1731 3632 1938 3688 media-

353 3731 463 3789 tor,
515 3730 572 3778 et
614 3721 864 3778 Pontifex
921 3723 1047 3779 novi
1094 3723 1449 3787 Testamenti,
1492 3728 1549 3778 et
1591 3721 1941 3794 Evangelium

355 3828 463 3868 non
492 3814 547 3867 in
572 3828 683 3868 uno
708 3810 906 3869 Iudaeae
930 3813 1072 3881 loco,
1100 3814 1197 3870 sed
1230 3814 1288 3869 in
1314 3823 1432 3871 toto
1459 3815 1661 3872 mundo
1692 3821 1782 3871 est
1803 3828 1943 3883 pra:-

355 3905 617 3961 dicatum.

427 3994 562 4061 ρυω
586 4005 665 4051 est
684 4006 853 4052 mater
875 4005 1075 4052 nostra.
1104 3997 1181 4053 De
1205 3995 1464 4053 Ecclesiae
1487 4011 1618 4068 ergo
1645 3996 1791 4062 ﬁliis,
1821 4011 1944 4066 quae

355 4084 527 4140 libera
561 4094 666 4153 est,
702 4101 938 4157 superna
975 4087 1314 4144 construitur
1334 4087 1693 4154 Hierusalem,
1732 4096 1787 4144 et
1821 4089 1943 4144 ideo

352 4176 560 4233 Galate
586 4176 771 4234 liberte
796 4179 889 4234 ﬁlii
914 4180 1060 4235 servi
1088 4194 1209 4236 esse
1236 4195 1346 4236 non
1374 4180 1595 4236 debent.

424 4266 695 4337 Scriptum
722 4277 797 4323 est
823 4269 962 4323 enim
985 4282 1004 4321 :
1027 4268 1232 4325 Laetare
1259 4268 1475 4335 sterilis,
1502 4284 1621 4340 qua:
1646 4285 1751 4323 non
1774 4269 1943 4338 paris,

352 4375 569 4431 erumpe
593 4369 643 4414 et
669 4358 843 4415 clama
863 4377 980 4432 qua:
1007 4377 1113 4416 non
1135 4360 1390 4432 partui-is.
1420 4360 1627 4416 Probat
1657 4359 1821 4414 aliam
1844 4373 1944 4415 nos

353 4459 586 4508 matrem
620 4453 846 4518 habere,
874 4452 1157 4509 meliorem
1186 4467 1349 4523 quam
1376 4450 1551 4508 Judmi
1583 4451 1939 4507 Hierusalem.

354 4543 584 4600 Deserta
620 4552 805 4600 autem
840 4544 934 4601 diu
978 4544 1083 4599 fuit
1127 4560 1157 4599 a
1201 4550 1391 4600 sancto
1419 4542 1654 4615 Spiritu,
1701 4543 1942 4613 gentium

354 4643 530 4690 mater
549 4635 816 4692 Ecclesia.
861 4635 975 4693 Nec
1000 4636 1194 4691 habuit
1222 4635 1359 4692 duos
1386 4635 1528 4691 ﬁlios
1558 4642 1685 4690 ante
1709 4634 1944 4705 gratiam

352 4725 804 4798 regenerationis,
830 4742 952 4798 quae
972 4734 1160 4796 postea
1182 4734 1370 4797 gentes
1393 4734 1450 4780 et
1475 4726 1721 4797 populos,
1748 4726 1865 4784 Deo
1890 4727 1945 4782 in

349 4833 415 4873 se
440 4826 731 4887 operante,
758 4818 1057 4889 generavit.

427 4909 602 4975 Quam
647 4910 801 4964 multi
838 4910 938 4979 lilii
978 4910 1219 4966 decertat.
1269 4907 1329 4964 ιιι
1353 4916 1437 4964 est
1468 4908 1743 4974 Ecclesia,
1780 4924 1943 4979 quam

352 4999 741 5071 prmﬁgurabat
766 5001 943 5069 Anna,
995 5017 1129 5057 voce
1163 5000 1507 5071 prophetica,
1540 5000 1763 5056 dicens:
1804 4999 1940 5067 Quia

349 5090 558 5146 sterilis
586 5091 798 5162 peperit
834 5100 1067 5163 septem,
1089 5099 1144 5146 et
1178 5088 1409 5145 fecunda
1439 5090 1493 5144 in
1520 5089 1645 5145 ﬁliis
1672 5091 1943 5145 inﬁrmata

351 5191 459 5247 est,
488 5182 543 5238 id
576 5191 663 5239 est
690 5181 973 5255 Synagoga
999 5198 1097 5253 per
1118 5180 1619 5252 praevaricationem
1647 5180 1943 5235 inﬁdelium

349 5273 611 5329 ﬁliorum.
652 5272 712 5329 In
743 5282 953 5344 septem
979 5287 1131 5338 vero,
1166 5270 1498 5340 septiformis
1520 5269 1694 5341 gratia
1711 5263 1945 5337 Spiritus

348 5363 651 5419 indicatur.
678 5362 794 5421 Hoc
814 5364 1130 5429 notandum,
1158 5361 1301 5432 quod
1324 5361 1549 5432 quando
1567 5358 1732 5415 dicit:
1754 5358 1943 5413 Plures

348 5450 453 5506 filii
480 5452 739 5517 desertae,
770 5453 946 5525 magis
977 5468 1145 5523 quam
1181 5452 1300 5523 ejus
1327 5467 1449 5521 quae
1481 5448 1718 5505 habebat
1744 5448 1941 5513 virum,

348 5555 464 5597 non
497 5542 715 5612 penitus
744 5541 1027 5614 Synagoga
1061 5542 1381 5597 excludatur
1417 5556 1448 5595 a
1472 5547 1653 5609 partu,
1684 5538 1779 5593 sed
1809 5537 1946 5592 mul-

348 5631 532 5689 titudo
566 5633 620 5688 ei
657 5634 901 5703 gentium
928 5632 1271 5705 praeferatur.
1315 5633 1382 5688 Et
1412 5633 1526 5702 ipsa
1554 5631 1702 5688 enim
1733 5631 1787 5685 in
1814 5634 1963 5699 apo-’

355 5722 543 5793 stolis,
579 5733 636 5783 et
669 5740 769 5796 per
800 5725 1071 5797 apostolos
1099 5725 1332 5797 primum
1361 5724 1616 5796 populum
1655 5723 1837 5793 genuit
1876 5723 1941 5777 de

2045 3259 2167 3315 ideo
2188 3258 2467 3316 Abraham
2507 3262 2808 3334 dejiciendo
2843 3278 2968 3319 eum
3006 3279 3196 3321 vocem
3224 3264 3373 3322 Sarac
3402 3265 3630 3337 iubetur

2041 3350 2250 3406 audire.

2111 3440 2200 3497 Ita
2228 3452 2275 3497 et
2306 3460 2462 3499 nunc.
2509 3445 2567 3500 ld
2608 3453 2711 3511 est,
2763 3445 2839 3499 ita
2876 3461 2977 3502 vos
3020 3447 3110 3503 lsti
3157 3449 3365 3506 similes
3410 3452 3628 3507 student

2044 3546 2234 3587 servos
2258 3531 2392 3602 legis
2417 3532 2649 3590 efﬁcere.

2113 3619 2218 3677 Sed
2249 3622 2378 3693 quid
2409 3623 2536 3677 dicit
2561 3622 2841 3693 Scriptura
2862 3640 2881 3678 :
2912 3626 3064 3698 Ejice
3094 3628 3343 3683 ancillam
3378 3638 3428 3683 et
3454 3629 3627 3699 ﬁlium

2042 3711 2176 3781 ejus.
2231 3712 2587 3779 Quantumvis
2622 3730 2683 3771 se
2721 3715 2983 3787 iniquitas
3039 3720 3266 3777 extollat
3297 3721 3492 3777 ancilla
3523 3730 3628 3788 est,

2042 3808 2098 3857 et
2131 3800 2468 3870 subjicienda
2501 3812 2586 3861 est
2617 3807 2842 3862 sanctis.
2897 3807 3053 3865 Sicut
3080 3818 3136 3866 et
3158 3809 3352 3874 Judaei,
3382 3796 3632 3881 quamvis

2042 3892 2275 3947 Abrahae
2324 3892 2464 3951 ﬁlios
2510 3910 2635 3953 esse
2668 3913 2728 3954 se
2755 3898 2985 3969 jacteut,
3015 3901 3257 3971 quandiu
3285 3901 3381 3957 lilii
3421 3903 3633 3957 ancillae

2042 3984 2265 4053 fuerint,
2294 3994 2349 4042 et
2381 3988 2483 4044 sub
2509 3986 2642 4060 jugo
2676 3989 2810 4061 legis
2838 3992 3136 4048 carnaliter
3158 3992 3417 4059 vixerint,
3447 3993 3633 4050 nobis-

2043 4091 2167 4131 cum
2202 4077 2571 4134 hacreditatem
2603 4080 2807 4135 habere
2832 4095 2940 4134 non
2968 4089 3245 4151 poterunt.

2116 4168 2242 4223 Non
2268 4170 2407 4224 enim
2431 4170 2598 4224 Iuvres
2619 4172 2720 4225 erit
2746 4170 2893 4240 ﬁlius
2921 4170 3132 4225 ancillis
3154 4186 3272 4225 cum
3292 4170 3404 4240 ﬁlio
3428 4170 3627 4227 liberte.

2044 4259 2199 4314 Nunc
2228 4260 2392 4330 igitur
2425 4260 2774 4330 qurerendum
2813 4269 2898 4316 est
2943 4276 3043 4316 cur
3078 4269 3238 4316 antea
3287 4261 3424 4317 Sara
3452 4263 3628 4319 voluit

2044 4348 2303 4403 maritum
2338 4350 2406 4405 de
2444 4348 2639 4405 ancilla
2682 4349 2960 4420 suscipere
2996 4348 3187 4417 ﬁlium,
3221 4358 3318 4406 aut
3353 4366 3455 4407 cur
3483 4369 3630 4410 nunc

2046 4458 2169 4497 cum
2201 4451 2377 4499 matre
2402 4443 2557 4513 jubet
2587 4444 2784 4515 expelli
2819 4445 3000 4512 domo,
3038 4447 3182 4516 quod
3212 4446 3467 4503 non‘zelo
3498 4444 3629 4502 fecit

2046 4547 2299 4601 accensa,
2326 4535 2424 4590 sed
2467 4535 2723 4605 mysterio
2775 4536 3075 4605 prophetia:
3123 4537 3425 4609 compulsa.
3484 4536 3631 4609 Agar

2046 4624 2265 4697 quippe,
2293 4626 2586 4682 secundum
2612 4627 2754 4696 quod
2787 4627 2867 4683 ait
2888 4625 3197 4698 Apostolus,
3226 4629 3282 4684 in
3313 4629 3628 4685 servitutem

2046 4716 2230 4788 genuit
2255 4716 2529 4772 carnalem
2559 4716 2835 4787 populum.
2880 4716 3015 4773 Sara
3040 4733 3171 4774 vero
3200 4718 3433 4775 liberum
3458 4734 3629 4797 popu-

2046 4806 2157 4861 lum
2193 4809 2401 4879 genuit,
2433 4808 2523 4877 qui
2564 4823 2673 4862 non
2707 4807 3004 4865 secundum
3048 4823 3293 4875 carnem,
3326 4809 3420 4865 sed
3459 4811 3514 4863 in
3563 4810 3629 4862 li-

2045 4901 2259 4957 bertate
2298 4908 2523 4956 vocatus
2568 4907 2691 4964 est,
2743 4915 2849 4970 qua
2902 4899 3151 4955 libertate
3201 4899 3451 4956 liberavit
3501 4916 3625 4956 eum

2048 4994 2316 5050 Christus.
2352 4992 2467 5048 Hoc
2500 4992 2667 5067 igitur
2703 4990 2966 5062 mysterio
2999 4991 3357 5062 ﬁgurabatur,
3389 4992 3628 5061 priorem

2048 5083 2303 5155 populum
2353 5082 2406 5136 in
2456 5083 2773 5137 servitutem
2815 5089 3159 5151 peccatorum
3198 5090 3517 5153 generatum
3573 5081 3629 5135 in

2048 5174 2209 5230 domo
2234 5171 2457 5237 Rachel,
2488 5171 2543 5227 id
2569 5180 2653 5228 est
2706 5169 3106 5241 Ecclesim,non
3136 5186 3360 5228 manere
3386 5171 3438 5226 in
3464 5178 3628 5226 aster—

2047 5279 2203 5330 num,
2234 5277 2409 5334 neque
2434 5277 2556 5319 esse
2581 5261 2850 5318 heredem
2887 5261 2971 5318 vel
2999 5270 3305 5318 consortem
3330 5260 3626 5317 cultoribus

2049 5355 2281 5421 Christi,
2320 5369 2424 5410 nec
2458 5369 2580 5409 eum
2614 5352 2723 5408 ﬁlio
2759 5353 2958 5421 nobili,
3001 5353 3057 5409 id
3089 5361 3196 5419 est,
3233 5352 3375 5408 ﬁdeli
3405 5349 3621 5421 populo,

2050 5461 2273 5517 regnum
2329 5445 2566 5503 emissus
2613 5445 2800 5517 gloriae
2844 5459 3241 5516 possessorum.
3296 5441 3447 5509 Quod
3494 5454 3625 5495 vero

2051 5538 2238 5593 exiens
2271 5536 2416 5608 Agar
2461 5536 2720 5594 infantem
2780 5538 2836 5594 in
2875 5540 3131 5595 humeros
3173 5550 3298 5592 suos
3344 5532 3623 5602 imposuit,

2052 5628 2321 5699 signiﬁcat
2345 5628 2488 5699 quod
2514 5636 2767 5699 peccator
2797 5628 3022 5699 populus
3048 5636 3102 5682 et
3131 5624 3390 5693 insipiens
3410 5621 3625 5679 Judaeu-

2054 5738 2173 5778 rum
2213 5722 2481 5779 cervicem
2519 5722 2709 5777 matris
2738 5735 2845 5776 sua:
2872 5720 3163 5790 Synagogr.
3200 5717 3466 5785 gravavit,
3496 5717 3622 5773 dum
