  <div class='ocr_page' id='page_1' title='image "/cluster/home/n/w/nwhite01/storage/ocr_20150623/102/hvd.32044052820032/081.png"; bbox 0 0 3994 6206; ppageno 0'>
   <div class='ocr_carea' id='block_1_1' title="bbox 326 252 1903 365">
    <p class='ocr_par' dir='ltr' id='par_1_1' title="bbox 326 252 1903 365">
     <span class='ocr_line' id='line_1_1' title="bbox 326 252 1903 365; baseline -0.001 -39"><span class='ocrx_word' id='word_1_1' title='bbox 326 267 424 331; x_wconf 74' lang='grc'><strong>151</strong></span> <span class='ocrx_word' id='word_1_2' title='bbox 1042 252 1047 259; x_wconf 78' lang='grc'><em>“</em></span> <span class='ocrx_word' id='word_1_3' title='bbox 1160 347 1173 365; x_wconf 36' lang='grc'><strong>⁸</strong></span> <span class='ocrx_word' id='word_1_4' title='bbox 1613 270 1903 328; x_wconf 61' lang='lat' dir='ltr'><strong>suanm</strong></span> 
     </span>
    </p>
   </div>
   <div class='ocr_carea' id='block_1_2' title="bbox 2006 252 3583 365">
    <p class='ocr_par' dir='ltr' id='par_1_2' title="bbox 2006 272 3583 338">
     <span class='ocr_line' id='line_1_2' title="bbox 2006 272 3583 338; baseline 0.005 -10"><span class='ocrx_word' id='word_1_5' title='bbox 2006 272 2299 333; x_wconf 66' lang='lat' dir='ltr'><strong>ABBATIS</strong></span> <span class='ocrx_word' id='word_1_6' title='bbox 3480 281 3583 338; x_wconf 69' lang='grc'><strong>152</strong></span> 
     </span>
    </p>
   </div>
   <div class='ocr_carea' id='block_1_3' title="bbox 323 388 3584 464">
    <p class='ocr_par' dir='ltr' id='par_1_3' title="bbox 323 388 3584 464">
     <span class='ocr_line' id='line_1_3' title="bbox 323 388 3584 464; baseline 0.001 -17"><span class='ocrx_word' id='word_1_7' title='bbox 323 392 454 447; x_wconf 85' lang='lat' dir='ltr'><strong>dicit</strong></span> <span class='ocrx_word' id='word_1_8' title='bbox 480 408 492 443; x_wconf 88' lang='lat'>:</span> <span class='ocrx_word' id='word_1_9' title='bbox 523 390 753 462; x_wconf 84' lang='lat' dir='ltr'><strong>Sanguis</strong></span> <span class='ocrx_word' id='word_1_10' title='bbox 786 392 904 461; x_wconf 87' lang='lat' dir='ltr'><strong><em>ejus</em></strong></span> <span class='ocrx_word' id='word_1_11' title='bbox 953 405 1110 461; x_wconf 73' lang='lat' dir='ltr'><strong><em>super</em></strong></span> <span class='ocrx_word' id='word_1_12' title='bbox 1144 406 1238 444; x_wconf 87' lang='lat' dir='ltr'><strong>nos</strong></span> <span class='ocrx_word' id='word_1_13' title='bbox 1279 398 1327 443; x_wconf 89' lang='lat' dir='ltr'><strong>et</strong></span> <span class='ocrx_word' id='word_1_14' title='bbox 1354 404 1510 459; x_wconf 85' lang='lat' dir='ltr'><strong><em>super</em></strong></span> <span class='ocrx_word' id='word_1_15' title='bbox 1529 388 1670 460; x_wconf 76' lang='lat' dir='ltr'><strong><em>ﬁlios</em></strong></span> <span class='ocrx_word' id='word_1_16' title='bbox 1696 398 1901 441; x_wconf 85' lang='lat' dir='ltr'><strong>nostros</strong></span> <span class='ocrx_word' id='word_1_17' title='bbox 1928 390 1981 449; x_wconf 83' lang='grc' dir='ltr'><strong>Α</strong></span> <span class='ocrx_word' id='word_1_18' title='bbox 2005 389 2192 457; x_wconf 86' lang='lat' dir='ltr'><strong>mittit,</strong></span> <span class='ocrx_word' id='word_1_19' title='bbox 2218 406 2339 463; x_wconf 77' lang='lat' dir='ltr'><strong>qua:</strong></span> <span class='ocrx_word' id='word_1_20' title='bbox 2367 392 2435 446; x_wconf 88' lang='lat' dir='ltr'><strong>ad</strong></span> <span class='ocrx_word' id='word_1_21' title='bbox 2458 392 2714 461; x_wconf 86' lang='lat' dir='ltr'><strong>perennis</strong></span> <span class='ocrx_word' id='word_1_22' title='bbox 2741 392 2867 449; x_wconf 70' lang='lat' dir='ltr'><strong>vitm</strong></span> <span class='ocrx_word' id='word_1_23' title='bbox 2893 392 3163 449; x_wconf 87' lang='lat' dir='ltr'><strong>desideria</strong></span> <span class='ocrx_word' id='word_1_24' title='bbox 3185 407 3292 449; x_wconf 87' lang='lat' dir='ltr'><strong>non</strong></span> <span class='ocrx_word' id='word_1_25' title='bbox 3317 393 3584 464; x_wconf 86' lang='lat' dir='ltr'><strong>permittit</strong></span> 
     </span>
    </p>
   </div>
   <div class='ocr_carea' id='block_1_4' title="bbox 324 467 3584 558">
    <p class='ocr_par' dir='ltr' id='par_1_4' title="bbox 324 467 3584 558">
     <span class='ocr_line' id='line_1_4' title="bbox 324 467 3584 558; baseline 0.001 -21"><span class='ocrx_word' id='word_1_26' title='bbox 324 481 542 558; x_wconf 77' lang='lat' dir='ltr'><strong>(Matth.</strong></span> <span class='ocrx_word' id='word_1_27' title='bbox 573 482 767 554; x_wconf 76' lang='lat' dir='ltr'><strong>xxvii).</strong></span> <span class='ocrx_word' id='word_1_28' title='bbox 823 481 976 549; x_wconf 89' lang='lat' dir='ltr'><strong>Quod</strong></span> <span class='ocrx_word' id='word_1_29' title='bbox 1007 495 1137 536; x_wconf 88' lang='lat' dir='ltr'><strong>vero</strong></span> <span class='ocrx_word' id='word_1_30' title='bbox 1166 467 1316 535; x_wconf 62' lang='lat' dir='ltr'><strong>errat</strong></span> <span class='ocrx_word' id='word_1_31' title='bbox 1338 477 1483 548; x_wconf 81' lang='lat' dir='ltr'><strong>Agar</strong></span> <span class='ocrx_word' id='word_1_32' title='bbox 1525 477 1581 532; x_wconf 90' lang='lat' dir='ltr'><strong>in</strong></span> <span class='ocrx_word' id='word_1_33' title='bbox 1610 476 1903 533; x_wconf 75' lang='lat' dir='ltr'><strong>solitudine</strong></span> <span class='ocrx_word' id='word_1_34' title='bbox 2000 482 2158 552; x_wconf 89' lang='lat' dir='ltr'><strong>erigi,</strong></span> <span class='ocrx_word' id='word_1_35' title='bbox 2196 481 2263 538; x_wconf 89' lang='lat' dir='ltr'><strong>de</strong></span> <span class='ocrx_word' id='word_1_36' title='bbox 2305 483 2556 553; x_wconf 81' lang='lat' dir='ltr'><strong>qualibus</strong></span> <span class='ocrx_word' id='word_1_37' title='bbox 2586 483 2872 539; x_wconf 81' lang='lat' dir='ltr'><strong>Psalmista</strong></span> <span class='ocrx_word' id='word_1_38' title='bbox 2919 503 2931 537; x_wconf 90' lang='lat'><strong>:</strong></span> <span class='ocrx_word' id='word_1_39' title='bbox 2976 482 3044 538; x_wconf 92' lang='lat' dir='ltr'><strong>In</strong></span> <span class='ocrx_word' id='word_1_40' title='bbox 3090 484 3334 550; x_wconf 74' lang='lat' dir='ltr'><strong>circuitu,</strong></span> <span class='ocrx_word' id='word_1_41' title='bbox 3384 483 3584 554; x_wconf 88' lang='lat' dir='ltr'><strong>inquit,</strong></span> 
     </span>
    </p>
   </div>
   <div class='ocr_carea' id='block_1_5' title="bbox 323 568 3585 647">
    <p class='ocr_par' dir='ltr' id='par_1_5' title="bbox 323 568 3585 647">
     <span class='ocr_line' id='line_1_5' title="bbox 323 568 3585 647; baseline 0.001 -18"><span class='ocrx_word' id='word_1_42' title='bbox 323 591 447 630; x_wconf 88' lang='lat' dir='ltr'><strong>cum</strong></span> <span class='ocrx_word' id='word_1_43' title='bbox 477 573 587 637; x_wconf 87' lang='lat' dir='ltr'><strong>lilio</strong></span> <span class='ocrx_word' id='word_1_44' title='bbox 615 589 736 641; x_wconf 89' lang='lat' dir='ltr'><strong>suo,</strong></span> <span class='ocrx_word' id='word_1_45' title='bbox 765 571 1037 644; x_wconf 80' lang='lat' dir='ltr'><strong>signiﬁcat</strong></span> <span class='ocrx_word' id='word_1_46' title='bbox 1059 570 1402 643; x_wconf 79' lang='lat' dir='ltr'><strong>Synagogam</strong></span> <span class='ocrx_word' id='word_1_47' title='bbox 1425 584 1548 625; x_wconf 85' lang='lat' dir='ltr'><strong>cum</strong></span> <span class='ocrx_word' id='word_1_48' title='bbox 1576 568 1776 641; x_wconf 84' lang='lat' dir='ltr'><strong>populo</strong></span> <span class='ocrx_word' id='word_1_49' title='bbox 1803 583 1902 625; x_wconf 89' lang='lat' dir='ltr'><strong>suo</strong></span> <span class='ocrx_word' id='word_1_50' title='bbox 1999 573 2148 643; x_wconf 88' lang='lat' dir='ltr'><strong><em>impii</em></strong></span> <span class='ocrx_word' id='word_1_51' title='bbox 2167 572 2439 629; x_wconf 75' lang='lat' dir='ltr'><strong>ambulant</strong></span> <span class='ocrx_word' id='word_1_52' title='bbox 2459 574 2633 646; x_wconf 83' lang='lat' dir='ltr'><strong>(Psal.</strong></span> <span class='ocrx_word' id='word_1_53' title='bbox 2656 591 2712 630; x_wconf 70' lang='grc' dir='ltr'>ιι</span> <span class='ocrx_word' id='word_1_54' title='bbox 2737 575 2779 647; x_wconf 88' lang='grc'><strong>).</strong></span> <span class='ocrx_word' id='word_1_55' title='bbox 2812 574 2921 632; x_wconf 91' lang='lat' dir='ltr'><strong>Sed</strong></span> <span class='ocrx_word' id='word_1_56' title='bbox 2941 577 3230 632; x_wconf 89' lang='lat' dir='ltr'><strong>abeuntem</strong></span> <span class='ocrx_word' id='word_1_57' title='bbox 3256 584 3409 632; x_wconf 83' lang='lat' dir='ltr'><strong>trans</strong></span> <span class='ocrx_word' id='word_1_58' title='bbox 3434 590 3585 633; x_wconf 82' lang='lat' dir='ltr'><strong>mare</strong></span> 
     </span>
    </p>
   </div>
   <div class='ocr_carea' id='block_1_6' title="bbox 321 660 3587 737">
    <p class='ocr_par' dir='ltr' id='par_1_6' title="bbox 321 660 3587 737">
     <span class='ocr_line' id='line_1_6' title="bbox 321 660 3587 737; baseline 0 -16"><span class='ocrx_word' id='word_1_59' title='bbox 321 666 600 737; x_wconf 81' lang='lat' dir='ltr'><strong>expulsam</strong></span> <span class='ocrx_word' id='word_1_60' title='bbox 635 665 703 720; x_wconf 90' lang='lat' dir='ltr'><strong>de</strong></span> <span class='ocrx_word' id='word_1_61' title='bbox 741 672 887 718; x_wconf 87' lang='lat' dir='ltr'><strong>terra</strong></span> <span class='ocrx_word' id='word_1_62' title='bbox 920 677 1039 730; x_wconf 91' lang='lat' dir='ltr'><strong>sua,</strong></span> <span class='ocrx_word' id='word_1_63' title='bbox 1071 662 1189 718; x_wconf 86' lang='lat' dir='ltr'><strong>sine</strong></span> <span class='ocrx_word' id='word_1_64' title='bbox 1212 661 1515 718; x_wconf 77' lang='lat' dir='ltr'><strong>sacerdotio</strong></span> <span class='ocrx_word' id='word_1_65' title='bbox 1548 669 1604 717; x_wconf 91' lang='lat' dir='ltr'><strong>et</strong></span> <span class='ocrx_word' id='word_1_66' title='bbox 1631 660 1904 717; x_wconf 82' lang='lat' dir='ltr'><strong>sacriﬁcio</strong></span> <span class='ocrx_word' id='word_1_67' title='bbox 2000 662 2234 720; x_wconf 68' lang='lat' dir='ltr'><strong>Galiltete</strong></span> <span class='ocrx_word' id='word_1_68' title='bbox 2255 662 2459 731; x_wconf 84' lang='lat' dir='ltr'><strong>Jesum,</strong></span> <span class='ocrx_word' id='word_1_69' title='bbox 2472 661 2781 722; x_wconf 71' lang='lat' dir='ltr'><strong>‘multitudo</strong></span> <span class='ocrx_word' id='word_1_70' title='bbox 2819 665 3055 721; x_wconf 77' lang='lat' dir='ltr'><strong>maxima</strong></span> <span class='ocrx_word' id='word_1_71' title='bbox 3084 665 3434 735; x_wconf 73' lang='lat' dir='ltr'><strong>sequebatur,</strong></span> <span class='ocrx_word' id='word_1_72' title='bbox 3462 680 3587 737; x_wconf 71' lang='lat' dir='ltr'><strong>qum</strong></span> 
     </span>
    </p>
   </div>
   <div class='ocr_carea' id='block_1_7' title="bbox 322 750 3585 825">
    <p class='ocr_par' dir='ltr' id='par_1_7' title="bbox 322 750 3585 825">
     <span class='ocr_line' id='line_1_7' title="bbox 322 750 3585 825; baseline 0 -13"><span class='ocrx_word' id='word_1_73' title='bbox 322 758 375 812; x_wconf 90' lang='lat' dir='ltr'><strong>in</strong></span> <span class='ocrx_word' id='word_1_74' title='bbox 413 766 526 813; x_wconf 91' lang='lat' dir='ltr'><strong>toto</strong></span> <span class='ocrx_word' id='word_1_75' title='bbox 559 755 691 813; x_wconf 84' lang='lat' dir='ltr'><strong>orbe</strong></span> <span class='ocrx_word' id='word_1_76' title='bbox 729 765 1031 821; x_wconf 87' lang='lat' dir='ltr'><strong>terrarum,</strong></span> <span class='ocrx_word' id='word_1_77' title='bbox 1068 760 1124 808; x_wconf 89' lang='lat' dir='ltr'><strong>et</strong></span> <span class='ocrx_word' id='word_1_78' title='bbox 1157 753 1329 820; x_wconf 86' lang='lat' dir='ltr'><strong>viam,</strong></span> <span class='ocrx_word' id='word_1_79' title='bbox 1357 768 1478 825; x_wconf 66' lang='lat' dir='ltr'><strong>qua:</strong></span> <span class='ocrx_word' id='word_1_80' title='bbox 1519 760 1606 808; x_wconf 90' lang='lat' dir='ltr'><strong>est</strong></span> <span class='ocrx_word' id='word_1_81' title='bbox 1628 750 1899 816; x_wconf 75' lang='lat' dir='ltr'><strong>Christus,</strong></span> <span class='ocrx_word' id='word_1_82' title='bbox 2002 754 2287 825; x_wconf 73' lang='lat' dir='ltr'><strong>doctrinm,</strong></span> <span class='ocrx_word' id='word_1_83' title='bbox 2305 756 2608 819; x_wconf 87' lang='lat' dir='ltr'><strong>sanationis</strong></span> <span class='ocrx_word' id='word_1_84' title='bbox 2653 762 2710 810; x_wconf 88' lang='lat' dir='ltr'><strong>et</strong></span> <span class='ocrx_word' id='word_1_85' title='bbox 2759 755 3075 812; x_wconf 83' lang='lat' dir='ltr'><strong>relectionis</strong></span> <span class='ocrx_word' id='word_1_86' title='bbox 3118 754 3187 810; x_wconf 87' lang='lat' dir='ltr'><strong>ab</strong></span> <span class='ocrx_word' id='word_1_87' title='bbox 3233 769 3301 812; x_wconf 90' lang='lat' dir='ltr'><strong>eo</strong></span> <span class='ocrx_word' id='word_1_88' title='bbox 3344 754 3585 812; x_wconf 68' lang='lat' dir='ltr'><strong>caelestis</strong></span> 
     </span>
    </p>
   </div>
   <div class='ocr_carea' id='block_1_8' title="bbox 321 843 3587 923">
    <p class='ocr_par' dir='ltr' id='par_1_8' title="bbox 321 843 3587 923">
     <span class='ocr_line' id='line_1_8' title="bbox 321 843 3587 923; baseline -0.001 -19"><span class='ocrx_word' id='word_1_89' title='bbox 321 850 536 923; x_wconf 89' lang='lat' dir='ltr'><strong>penitus</strong></span> <span class='ocrx_word' id='word_1_90' title='bbox 563 849 838 919; x_wconf 82' lang='lat' dir='ltr'><strong>ignorare.</strong></span> <span class='ocrx_word' id='word_1_91' title='bbox 2001 861 2224 900; x_wconf 88' lang='lat' dir='ltr'><strong>munera</strong></span> <span class='ocrx_word' id='word_1_92' title='bbox 2252 861 2463 901; x_wconf 89' lang='lat' dir='ltr'><strong>summa</strong></span> <span class='ocrx_word' id='word_1_93' title='bbox 2487 847 2811 917; x_wconf 72' lang='lat' dir='ltr'><strong>perciperet,</strong></span> <span class='ocrx_word' id='word_1_94' title='bbox 2837 846 2963 916; x_wconf 82' lang='lat' dir='ltr'><strong>quia</strong></span> <span class='ocrx_word' id='word_1_95' title='bbox 2984 845 3301 915; x_wconf 84' lang='lat' dir='ltr'><strong>priusquam</strong></span> <span class='ocrx_word' id='word_1_96' title='bbox 3325 843 3587 900; x_wconf 82' lang='lat' dir='ltr'><strong>Dominus</strong></span> 
     </span>
    </p>
   </div>
   <div class='ocr_carea' id='block_1_9' title="bbox 390 933 3584 1013">
    <p class='ocr_par' dir='ltr' id='par_1_9' title="bbox 390 933 3584 1013">
     <span class='ocr_line' id='line_1_9' title="bbox 390 933 3584 1013; baseline -0.001 -19"><span class='ocrx_word' id='word_1_97' title='bbox 390 941 599 1013; x_wconf 86' lang='lat' dir='ltr'><strong>Itaque,</strong></span> <span class='ocrx_word' id='word_1_98' title='bbox 622 941 835 1011; x_wconf 76' lang='lat' dir='ltr'><strong>fratres,</strong></span> <span class='ocrx_word' id='word_1_99' title='bbox 864 957 969 996; x_wconf 88' lang='lat' dir='ltr'><strong>non</strong></span> <span class='ocrx_word' id='word_1_100' title='bbox 992 955 1177 996; x_wconf 83' lang='lat' dir='ltr'><strong><em>sumus</em></strong></span> <span class='ocrx_word' id='word_1_101' title='bbox 1203 936 1412 994; x_wconf 73' lang='lat' dir='ltr'><strong><em>ancillae</em></strong></span> <span class='ocrx_word' id='word_1_102' title='bbox 1435 937 1558 1007; x_wconf 76' lang='lat' dir='ltr'><strong><em>ﬁlii,</em></strong></span> <span class='ocrx_word' id='word_1_103' title='bbox 1584 939 1675 993; x_wconf 90' lang='lat' dir='ltr'><strong>sed</strong></span> <span class='ocrx_word' id='word_1_104' title='bbox 1700 938 1900 1005; x_wconf 71' lang='lat' dir='ltr'><strong>liberat,</strong></span> <span class='ocrx_word' id='word_1_105' title='bbox 2002 938 2059 999; x_wconf 86' lang='lat' dir='ltr'><strong>in</strong></span> <span class='ocrx_word' id='word_1_106' title='bbox 2095 953 2260 994; x_wconf 87' lang='lat' dir='ltr'><strong>carne</strong></span> <span class='ocrx_word' id='word_1_107' title='bbox 2300 947 2606 1009; x_wconf 87' lang='lat' dir='ltr'><strong>appareret,</strong></span> <span class='ocrx_word' id='word_1_108' title='bbox 2650 937 2767 994; x_wconf 87' lang='lat' dir='ltr'><strong>sola</strong></span> <span class='ocrx_word' id='word_1_109' title='bbox 2808 937 2960 992; x_wconf 92' lang='lat' dir='ltr'><strong>illum</strong></span> <span class='ocrx_word' id='word_1_110' title='bbox 2995 950 3128 1008; x_wconf 84' lang='lat' dir='ltr'><strong>gens</strong></span> <span class='ocrx_word' id='word_1_111' title='bbox 3160 933 3346 995; x_wconf 61' lang='lat' dir='ltr'><strong>Iudaea</strong></span> <span class='ocrx_word' id='word_1_112' title='bbox 3389 950 3584 1005; x_wconf 88' lang='lat' dir='ltr'><strong>seque-</strong></span> 
     </span>
    </p>
   </div>
   <div class='ocr_carea' id='block_1_10' title="bbox 321 1027 3584 1104">
    <p class='ocr_par' dir='ltr' id='par_1_10' title="bbox 321 1027 3584 1104">
     <span class='ocr_line' id='line_1_10' title="bbox 321 1027 3584 1104; baseline -0.001 -17"><span class='ocrx_word' id='word_1_113' title='bbox 321 1050 425 1104; x_wconf 86' lang='lat' dir='ltr'><strong>qua</strong></span> <span class='ocrx_word' id='word_1_114' title='bbox 455 1031 691 1087; x_wconf 79' lang='lat' dir='ltr'><strong><em>libertate</em></strong></span> <span class='ocrx_word' id='word_1_115' title='bbox 720 1028 962 1085; x_wconf 79' lang='lat' dir='ltr'><strong>Christus</strong></span> <span class='ocrx_word' id='word_1_116' title='bbox 992 1046 1087 1085; x_wconf 87' lang='lat' dir='ltr'><strong>nos</strong></span> <span class='ocrx_word' id='word_1_117' title='bbox 1121 1028 1380 1084; x_wconf 75' lang='lat' dir='ltr'><strong>liberavit.</strong></span> <span class='ocrx_word' id='word_1_118' title='bbox 1421 1028 1543 1087; x_wconf 86' lang='lat' dir='ltr'><strong>Non</strong></span> <span class='ocrx_word' id='word_1_119' title='bbox 1577 1043 1710 1098; x_wconf 80' lang='lat' dir='ltr'><strong>ergo</strong></span> <span class='ocrx_word' id='word_1_120' title='bbox 1734 1030 1901 1084; x_wconf 89' lang='lat' dir='ltr'><strong>debe-</strong></span> <span class='ocrx_word' id='word_1_121' title='bbox 2001 1031 2163 1086; x_wconf 80' lang='lat' dir='ltr'><strong>batur</strong></span> <span class='ocrx_word' id='word_1_122' title='bbox 2212 1029 2500 1088; x_wconf 82' lang='lat' dir='ltr'><strong>credendo.</strong></span> <span class='ocrx_word' id='word_1_123' title='bbox 2558 1029 2851 1099; x_wconf 86' lang='lat' dir='ltr'><strong>Postquam</strong></span> <span class='ocrx_word' id='word_1_124' title='bbox 2904 1042 3035 1084; x_wconf 86' lang='lat' dir='ltr'><strong>vero</strong></span> <span class='ocrx_word' id='word_1_125' title='bbox 3095 1042 3193 1099; x_wconf 86' lang='lat' dir='ltr'><strong>per</strong></span> <span class='ocrx_word' id='word_1_126' title='bbox 3252 1027 3584 1084; x_wconf 84' lang='lat' dir='ltr'><strong>incarnatio-</strong></span> 
     </span>
    </p>
   </div>
   <div class='ocr_carea' id='block_1_11' title="bbox 323 1117 3586 1193">
    <p class='ocr_par' dir='ltr' id='par_1_11' title="bbox 323 1117 3586 1193">
     <span class='ocr_line' id='line_1_11' title="bbox 323 1117 3586 1193; baseline -0.003 -10"><span class='ocrx_word' id='word_1_127' title='bbox 323 1140 441 1183; x_wconf 84' lang='lat' dir='ltr'><strong>mus</strong></span> <span class='ocrx_word' id='word_1_128' title='bbox 467 1123 722 1180; x_wconf 85' lang='lat' dir='ltr'><strong>derelicta</strong></span> <span class='ocrx_word' id='word_1_129' title='bbox 752 1131 925 1178; x_wconf 85' lang='lat' dir='ltr'><strong>matre</strong></span> <span class='ocrx_word' id='word_1_130' title='bbox 958 1131 1146 1178; x_wconf 90' lang='lat' dir='ltr'><strong>nostra</strong></span> <span class='ocrx_word' id='word_1_131' title='bbox 1182 1121 1432 1175; x_wconf 82' lang='lat' dir='ltr'><strong>ancillam</strong></span> <span class='ocrx_word' id='word_1_132' title='bbox 1463 1121 1636 1192; x_wconf 88' lang='lat' dir='ltr'><strong>sequi.</strong></span> <span class='ocrx_word' id='word_1_133' title='bbox 1668 1121 1805 1189; x_wconf 89' lang='lat' dir='ltr'><strong>Quia</strong></span> <span class='ocrx_word' id='word_1_134' title='bbox 1839 1122 1904 1176; x_wconf 94' lang='lat' dir='ltr'><strong>li-</strong></span> <span class='ocrx_word' id='word_1_135' title='bbox 2002 1123 2089 1179; x_wconf 87' lang='lat' dir='ltr'><strong>nis</strong></span> <span class='ocrx_word' id='word_1_136' title='bbox 2135 1137 2248 1179; x_wconf 72' lang='lat' dir='ltr'><strong>sua:</strong></span> <span class='ocrx_word' id='word_1_137' title='bbox 2295 1121 2758 1193; x_wconf 73' lang='lat' dir='ltr'><strong>dispensationem</strong></span> <span class='ocrx_word' id='word_1_138' title='bbox 2806 1118 3003 1176; x_wconf 82' lang='lat' dir='ltr'><strong>ﬂuctus</strong></span> <span class='ocrx_word' id='word_1_139' title='bbox 3047 1120 3175 1175; x_wconf 68' lang='lat' dir='ltr'><strong>vita:</strong></span> <span class='ocrx_word' id='word_1_140' title='bbox 3216 1117 3586 1191; x_wconf 86' lang='lat' dir='ltr'><strong>corruptibilis</strong></span> 
     </span>
    </p>
   </div>
   <div class='ocr_carea' id='block_1_12' title="bbox 320 1210 3583 1287">
    <p class='ocr_par' dir='ltr' id='par_1_12' title="bbox 320 1210 3583 1287">
     <span class='ocr_line' id='line_1_12' title="bbox 320 1210 3583 1287; baseline -0.002 -16"><span class='ocrx_word' id='word_1_141' title='bbox 320 1226 406 1271; x_wconf 91' lang='lat' dir='ltr'><strong>cet</strong></span> <span class='ocrx_word' id='word_1_142' title='bbox 434 1213 671 1284; x_wconf 84' lang='lat' dir='ltr'><strong>ejusdem</strong></span> <span class='ocrx_word' id='word_1_143' title='bbox 702 1214 805 1270; x_wconf 86' lang='lat' dir='ltr'><strong>viri</strong></span> <span class='ocrx_word' id='word_1_144' title='bbox 831 1214 996 1271; x_wconf 86' lang='lat' dir='ltr'><strong>fuerit</strong></span> <span class='ocrx_word' id='word_1_145' title='bbox 1022 1231 1176 1280; x_wconf 83' lang='lat' dir='ltr'><strong>uxor,</strong></span> <span class='ocrx_word' id='word_1_146' title='bbox 1204 1223 1387 1287; x_wconf 88' lang='lat' dir='ltr'><strong>tamen</strong></span> <span class='ocrx_word' id='word_1_147' title='bbox 1412 1214 1481 1272; x_wconf 88' lang='lat' dir='ltr'><strong>ad</strong></span> <span class='ocrx_word' id='word_1_148' title='bbox 1515 1223 1750 1286; x_wconf 77' lang='lat' dir='ltr'><strong>tempus,</strong></span> <span class='ocrx_word' id='word_1_149' title='bbox 1774 1216 1902 1286; x_wconf 86' lang='lat' dir='ltr'><strong>quia</strong></span> <span class='ocrx_word' id='word_1_150' title='bbox 2003 1214 2158 1279; x_wconf 86' lang='lat' dir='ltr'><strong>adiit,</strong></span> <span class='ocrx_word' id='word_1_151' title='bbox 2194 1212 2448 1281; x_wconf 79' lang='lat' dir='ltr'><strong>calcavit,</strong></span> <span class='ocrx_word' id='word_1_152' title='bbox 2506 1212 2756 1277; x_wconf 81' lang='lat' dir='ltr'><strong>transiit,</strong></span> <span class='ocrx_word' id='word_1_153' title='bbox 2794 1212 3034 1271; x_wconf 74' lang='lat' dir='ltr'><strong>maxima</strong></span> <span class='ocrx_word' id='word_1_154' title='bbox 3071 1227 3197 1266; x_wconf 82' lang='lat' dir='ltr'><strong>mox</strong></span> <span class='ocrx_word' id='word_1_155' title='bbox 3232 1226 3362 1267; x_wconf 91' lang='lat' dir='ltr'><strong>eum</strong></span> <span class='ocrx_word' id='word_1_156' title='bbox 3398 1210 3583 1265; x_wconf 81' lang='lat' dir='ltr'><strong>multi-</strong></span> 
     </span>
    </p>
   </div>
   <div class='ocr_carea' id='block_1_13' title="bbox 320 1302 3584 1377">
    <p class='ocr_par' dir='ltr' id='par_1_13' title="bbox 320 1302 3584 1377">
     <span class='ocr_line' id='line_1_13' title="bbox 320 1302 3584 1377; baseline -0.001 -17"><span class='ocrx_word' id='word_1_157' title='bbox 320 1306 556 1360; x_wconf 90' lang='lat' dir='ltr'><strong>nondum</strong></span> <span class='ocrx_word' id='word_1_158' title='bbox 627 1312 840 1376; x_wconf 79' lang='lat' dir='ltr'><strong>poterat</strong></span> <span class='ocrx_word' id='word_1_159' title='bbox 883 1306 1021 1360; x_wconf 88' lang='lat' dir='ltr'><strong>Sara</strong></span> <span class='ocrx_word' id='word_1_160' title='bbox 1083 1320 1361 1375; x_wconf 86' lang='lat' dir='ltr'><strong>generare,</strong></span> <span class='ocrx_word' id='word_1_161' title='bbox 1412 1305 1467 1360; x_wconf 92' lang='lat' dir='ltr'><strong>id</strong></span> <span class='ocrx_word' id='word_1_162' title='bbox 1513 1314 1616 1371; x_wconf 90' lang='lat' dir='ltr'><strong>est,</strong></span> <span class='ocrx_word' id='word_1_163' title='bbox 1664 1305 1903 1377; x_wconf 79' lang='lat' dir='ltr'><strong>nondpm</strong></span> <span class='ocrx_word' id='word_1_164' title='bbox 2004 1308 2134 1364; x_wconf 86' lang='lat' dir='ltr'><strong>tudo</strong></span> <span class='ocrx_word' id='word_1_165' title='bbox 2169 1306 2504 1364; x_wconf 84' lang='lat' dir='ltr'><strong>credentium</strong></span> <span class='ocrx_word' id='word_1_166' title='bbox 2544 1313 2732 1362; x_wconf 86' lang='lat' dir='ltr'><strong>secuta</strong></span> <span class='ocrx_word' id='word_1_167' title='bbox 2768 1312 2855 1361; x_wconf 88' lang='lat' dir='ltr'><strong>est</strong></span> <span class='ocrx_word' id='word_1_168' title='bbox 2890 1306 3193 1371; x_wconf 86' lang='lat' dir='ltr'><strong>nationum,</strong></span> <span class='ocrx_word' id='word_1_169' title='bbox 3230 1302 3584 1374; x_wconf 81' lang='lat' dir='ltr'><strong>spiritualiter</strong></span> 
     </span>
    </p>
   </div>
   <div class='ocr_carea' id='block_1_14' title="bbox 321 1396 3110 1468">
    <p class='ocr_par' dir='ltr' id='par_1_14' title="bbox 321 1396 3110 1468">
     <span class='ocr_line' id='line_1_14' title="bbox 321 1396 3110 1468; baseline 0 -16"><span class='ocrx_word' id='word_1_170' title='bbox 321 1396 498 1453; x_wconf 80' lang='lat' dir='ltr'><strong>fuerat</strong></span> <span class='ocrx_word' id='word_1_171' title='bbox 524 1398 767 1454; x_wconf 82' lang='lat' dir='ltr'><strong>Ecclesia</strong></span> <span class='ocrx_word' id='word_1_172' title='bbox 798 1399 1089 1453; x_wconf 86' lang='lat' dir='ltr'><strong>maritante</strong></span> <span class='ocrx_word' id='word_1_173' title='bbox 1109 1398 1315 1468; x_wconf 78' lang='lat' dir='ltr'><strong>Spiritu</strong></span> <span class='ocrx_word' id='word_1_174' title='bbox 1348 1396 1658 1453; x_wconf 82' lang='lat' dir='ltr'><strong>fecundata.</strong></span> <span class='ocrx_word' id='word_1_175' title='bbox 2004 1400 2226 1467; x_wconf 83' lang='lat' dir='ltr'><strong>instrui,</strong></span> <span class='ocrx_word' id='word_1_176' title='bbox 2253 1400 2435 1457; x_wconf 86' lang='lat' dir='ltr'><strong>sanari</strong></span> <span class='ocrx_word' id='word_1_177' title='bbox 2460 1414 2527 1455; x_wconf 88' lang='lat' dir='ltr'><strong>ac</strong></span> <span class='ocrx_word' id='word_1_178' title='bbox 2552 1398 2742 1456; x_wconf 85' lang='lat' dir='ltr'><strong>satiari</strong></span> <span class='ocrx_word' id='word_1_179' title='bbox 2774 1397 3110 1455; x_wconf 86' lang='lat' dir='ltr'><strong>desiderans.</strong></span> 
     </span>
    </p>
   </div>
   <div class='ocr_carea' id='block_1_15' title="bbox 675 1488 3582 1563">
    <p class='ocr_par' dir='ltr' id='par_1_15' title="bbox 675 1488 3582 1563">
     <span class='ocr_line' id='line_1_15' title="bbox 675 1488 3582 1563; baseline -0.003 -15"><span class='ocrx_word' id='word_1_180' title='bbox 675 1503 1015 1543; x_wconf 66' lang='lat' dir='ltr'><strong>Evsxcsttun</strong></span> <span class='ocrx_word' id='word_1_181' title='bbox 1050 1503 1282 1553; x_wconf 60' lang='lat' dir='ltr'><strong>tonsis,</strong></span> <span class='ocrx_word' id='word_1_182' title='bbox 1321 1504 1441 1545; x_wconf 59' lang='lat' dir='ltr'><strong>car.</strong></span> <span class='ocrx_word' id='word_1_183' title='bbox 1466 1504 1544 1544; x_wconf 70' lang='lat' dir='ltr'><strong>vn.</strong></span> <span class='ocrx_word' id='word_1_184' title='bbox 2076 1492 2250 1548; x_wconf 78' lang='lat' dir='ltr'><strong><em>Subiit</em></strong></span> <span class='ocrx_word' id='word_1_185' title='bbox 2286 1509 2409 1563; x_wconf 85' lang='lat' dir='ltr'><strong>ergo</strong></span> <span class='ocrx_word' id='word_1_186' title='bbox 2445 1493 2506 1548; x_wconf 82' lang='lat' dir='ltr'><strong>in</strong></span> <span class='ocrx_word' id='word_1_187' title='bbox 2544 1500 2773 1547; x_wconf 75' lang='lat' dir='ltr'><strong>montem</strong></span> <span class='ocrx_word' id='word_1_188' title='bbox 2793 1489 2975 1556; x_wconf 74' lang='lat' dir='ltr'><strong><em>Iesus,</em></strong></span> <span class='ocrx_word' id='word_1_189' title='bbox 3012 1498 3060 1545; x_wconf 86' lang='lat' dir='ltr'><strong>et</strong></span> <span class='ocrx_word' id='word_1_190' title='bbox 3098 1488 3172 1544; x_wconf 84' lang='lat' dir='ltr'><strong>ibi</strong></span> <span class='ocrx_word' id='word_1_191' title='bbox 3210 1488 3422 1545; x_wconf 80' lang='lat' dir='ltr'><strong><em>sedebat</em></strong></span> <span class='ocrx_word' id='word_1_192' title='bbox 3465 1504 3582 1541; x_wconf 85' lang='lat' dir='ltr'><strong>cum</strong></span> 
     </span>
    </p>
   </div>
   <div class='ocr_carea' id='block_1_16' title="bbox 400 1578 3586 1654">
    <p class='ocr_par' dir='ltr' id='par_1_16' title="bbox 400 1578 3586 1654">
     <span class='ocr_line' id='line_1_16' title="bbox 400 1578 3586 1654; baseline 0 -21"><span class='ocrx_word' id='word_1_193' title='bbox 400 1601 418 1632; x_wconf 75' lang='grc' dir='ltr'>ι</span> <span class='ocrx_word' id='word_1_194' title='bbox 465 1578 613 1635; x_wconf 86' lang='lat' dir='ltr'><strong>Abiit</strong></span> <span class='ocrx_word' id='word_1_195' title='bbox 633 1578 792 1635; x_wconf 81' lang='lat' dir='ltr'><strong>Jesus</strong></span> <span class='ocrx_word' id='word_1_196' title='bbox 822 1590 975 1635; x_wconf 85' lang='lat' dir='ltr'><strong>trans</strong></span> <span class='ocrx_word' id='word_1_197' title='bbox 1010 1594 1160 1635; x_wconf 88' lang='lat' dir='ltr'><strong>mare</strong></span> <span class='ocrx_word' id='word_1_198' title='bbox 1187 1579 1441 1643; x_wconf 65' lang='lat' dir='ltr'><strong>Galilzeaa,</strong></span> <span class='ocrx_word' id='word_1_199' title='bbox 1471 1581 1617 1651; x_wconf 90' lang='lat' dir='ltr'><strong>quod</strong></span> <span class='ocrx_word' id='word_1_200' title='bbox 1638 1590 1725 1637; x_wconf 87' lang='lat' dir='ltr'><strong>est</strong></span> <span class='ocrx_word' id='word_1_201' title='bbox 1745 1582 1905 1637; x_wconf 85' lang='lat' dir='ltr'><strong>Tibe—</strong></span> <span class='ocrx_word' id='word_1_202' title='bbox 2004 1582 2278 1654; x_wconf 77' lang='lat' dir='ltr'><strong><em>discipulis</em></strong></span> <span class='ocrx_word' id='word_1_203' title='bbox 2311 1584 2444 1637; x_wconf 83' lang='lat' dir='ltr'><strong><em>suis.</em></strong></span> <span class='ocrx_word' id='word_1_204' title='bbox 2485 1583 2641 1651; x_wconf 85' lang='lat' dir='ltr'><strong>Quod</strong></span> <span class='ocrx_word' id='word_1_205' title='bbox 2670 1589 2850 1639; x_wconf 88' lang='lat' dir='ltr'><strong>autem</strong></span> <span class='ocrx_word' id='word_1_206' title='bbox 2880 1581 3102 1638; x_wconf 90' lang='lat' dir='ltr'><strong>subiens</strong></span> <span class='ocrx_word' id='word_1_207' title='bbox 3139 1580 3195 1635; x_wconf 90' lang='lat' dir='ltr'><strong>in</strong></span> <span class='ocrx_word' id='word_1_208' title='bbox 3230 1588 3472 1635; x_wconf 87' lang='lat' dir='ltr'><strong>montem</strong></span> <span class='ocrx_word' id='word_1_209' title='bbox 3495 1579 3586 1635; x_wconf 65' lang='grc' dir='ltr'><strong>Ια-</strong></span> 
     </span>
    </p>
   </div>
   <div class='ocr_carea' id='block_1_17' title="bbox 328 1671 3586 1746">
    <p class='ocr_par' dir='ltr' id='par_1_17' title="bbox 328 1671 3586 1746">
     <span class='ocr_line' id='line_1_17' title="bbox 328 1671 3586 1746; baseline 0 -21"><span class='ocrx_word' id='word_1_210' title='bbox 328 1694 344 1725; x_wconf 77' lang='grc' dir='ltr'>ι</span> <span class='ocrx_word' id='word_1_211' title='bbox 392 1673 577 1729; x_wconf 86' lang='lat' dir='ltr'><strong>riadis.</strong></span> <span class='ocrx_word' id='word_1_212' title='bbox 607 1673 677 1729; x_wconf 89' lang='lat' dir='ltr'><strong>Et</strong></span> <span class='ocrx_word' id='word_1_213' title='bbox 700 1674 1026 1745; x_wconf 84' lang='lat' dir='ltr'><strong>sequebatur</strong></span> <span class='ocrx_word' id='word_1_214' title='bbox 1051 1689 1176 1728; x_wconf 89' lang='lat' dir='ltr'><strong>eum</strong></span> <span class='ocrx_word' id='word_1_215' title='bbox 1212 1672 1499 1730; x_wconf 88' lang='lat' dir='ltr'><strong>multitudo</strong></span> <span class='ocrx_word' id='word_1_216' title='bbox 1533 1689 1749 1745; x_wconf 79' lang='lat' dir='ltr'><strong>magna,</strong></span> <span class='ocrx_word' id='word_1_217' title='bbox 1777 1675 1904 1745; x_wconf 88' lang='lat' dir='ltr'><strong>quia</strong></span> <span class='ocrx_word' id='word_1_218' title='bbox 1932 1736 1976 1746; x_wconf 73' lang='lat'>_</span> <span class='ocrx_word' id='word_1_219' title='bbox 2006 1692 2130 1743; x_wconf 91' lang='lat' dir='ltr'><strong>sus,</strong></span> <span class='ocrx_word' id='word_1_220' title='bbox 2170 1676 2245 1731; x_wconf 91' lang='lat' dir='ltr'><strong>ibi</strong></span> <span class='ocrx_word' id='word_1_221' title='bbox 2287 1675 2512 1733; x_wconf 87' lang='lat' dir='ltr'><strong>sedebat</strong></span> <span class='ocrx_word' id='word_1_222' title='bbox 2548 1690 2672 1731; x_wconf 91' lang='lat' dir='ltr'><strong>cum</strong></span> <span class='ocrx_word' id='word_1_223' title='bbox 2707 1673 2988 1746; x_wconf 86' lang='lat' dir='ltr'><strong>discipulis</strong></span> <span class='ocrx_word' id='word_1_224' title='bbox 3029 1672 3175 1738; x_wconf 89' lang='lat' dir='ltr'><strong>suis,</strong></span> <span class='ocrx_word' id='word_1_225' title='bbox 3210 1672 3307 1727; x_wconf 85' lang='lat' dir='ltr'><strong>sed</strong></span> <span class='ocrx_word' id='word_1_226' title='bbox 3336 1671 3586 1726; x_wconf 78' lang='lat' dir='ltr'><strong>veniente</strong></span> 
     </span>
    </p>
   </div>
   <div class='ocr_carea' id='block_1_18' title="bbox 327 1736 3583 1837">
    <p class='ocr_par' dir='ltr' id='par_1_18' title="bbox 327 1736 3583 1837">
     <span class='ocr_line' id='line_1_18' title="bbox 327 1736 3583 1837; baseline -0.002 -16"><span class='ocrx_word' id='word_1_227' title='bbox 327 1786 345 1821; x_wconf 74' lang='grc' dir='ltr'>ι</span> <span class='ocrx_word' id='word_1_228' title='bbox 391 1768 648 1823; x_wconf 75' lang='lat' dir='ltr'><strong>videbant</strong></span> <span class='ocrx_word' id='word_1_229' title='bbox 695 1736 847 1837; x_wconf 73' lang='lat' dir='ltr'><strong>signa</strong></span> <span class='ocrx_word' id='word_1_230' title='bbox 876 1780 997 1835; x_wconf 67' lang='lat' dir='ltr'><strong>quae</strong></span> <span class='ocrx_word' id='word_1_231' title='bbox 1034 1763 1269 1821; x_wconf 81' lang='lat' dir='ltr'><strong>faciebat</strong></span> <span class='ocrx_word' id='word_1_232' title='bbox 1303 1780 1467 1837; x_wconf 85' lang='lat' dir='ltr'><strong>super</strong></span> <span class='ocrx_word' id='word_1_233' title='bbox 1506 1766 1593 1822; x_wconf 91' lang='lat' dir='ltr'><strong>his</strong></span> <span class='ocrx_word' id='word_1_234' title='bbox 1624 1736 1906 1835; x_wconf 48' lang='lat' dir='ltr'><strong>quiin-lir-</strong></span> <span class='ocrx_word' id='word_1_235' title='bbox 1932 1736 1980 1797; x_wconf 80' lang='grc' dir='ltr'><strong>Β</strong></span> <span class='ocrx_word' id='word_1_236' title='bbox 2007 1769 2077 1826; x_wconf 89' lang='lat' dir='ltr'><strong>ad</strong></span> <span class='ocrx_word' id='word_1_237' title='bbox 2105 1736 2230 1826; x_wconf 81' lang='lat' dir='ltr'><strong>eum</strong></span> <span class='ocrx_word' id='word_1_238' title='bbox 2265 1767 2609 1823; x_wconf 87' lang='lat' dir='ltr'><strong>multitudine</strong></span> <span class='ocrx_word' id='word_1_239' title='bbox 2643 1736 2940 1829; x_wconf 78' lang='lat' dir='ltr'><strong>descendit,</strong></span> <span class='ocrx_word' id='word_1_240' title='bbox 2971 1772 3134 1834; x_wconf 89' lang='lat' dir='ltr'><strong>atque</strong></span> <span class='ocrx_word' id='word_1_241' title='bbox 3161 1736 3309 1819; x_wconf 87' lang='lat' dir='ltr'><strong>hanc</strong></span> <span class='ocrx_word' id='word_1_242' title='bbox 3346 1762 3403 1817; x_wconf 85' lang='lat' dir='ltr'><strong>in</strong></span> <span class='ocrx_word' id='word_1_243' title='bbox 3428 1776 3583 1831; x_wconf 87' lang='lat' dir='ltr'><strong>supe-</strong></span> 
     </span>
    </p>
   </div>
   <div class='ocr_carea' id='block_1_19' title="bbox 327 1852 1904 1928">
    <p class='ocr_par' dir='ltr' id='par_1_19' title="bbox 327 1855 1904 1927">
     <span class='ocr_line' id='line_1_19' title="bbox 327 1855 1904 1927; baseline 0.001 -16"><span class='ocrx_word' id='word_1_244' title='bbox 327 1878 344 1911; x_wconf 76' lang='grc' dir='ltr'>σ</span> <span class='ocrx_word' id='word_1_245' title='bbox 392 1858 699 1912; x_wconf 89' lang='lat' dir='ltr'><strong>mabantur.</strong></span> <span class='ocrx_word' id='word_1_246' title='bbox 750 1856 928 1911; x_wconf 89' lang='lat' dir='ltr'><strong>Subiit</strong></span> <span class='ocrx_word' id='word_1_247' title='bbox 973 1871 1103 1927; x_wconf 88' lang='lat' dir='ltr'><strong>ergo</strong></span> <span class='ocrx_word' id='word_1_248' title='bbox 1146 1856 1198 1911; x_wconf 92' lang='lat' dir='ltr'><strong>in</strong></span> <span class='ocrx_word' id='word_1_249' title='bbox 1247 1857 1486 1912; x_wconf 87' lang='lat' dir='ltr'><strong>montem</strong></span> <span class='ocrx_word' id='word_1_250' title='bbox 1519 1855 1697 1922; x_wconf 73' lang='lat' dir='ltr'><strong>Iesus,</strong></span> <span class='ocrx_word' id='word_1_251' title='bbox 1740 1866 1797 1912; x_wconf 90' lang='lat' dir='ltr'><strong>et</strong></span> <span class='ocrx_word' id='word_1_252' title='bbox 1829 1857 1904 1912; x_wconf 89' lang='lat' dir='ltr'><strong>ibi</strong></span> 
     </span>
    </p>
   </div>
   <div class='ocr_carea' id='block_1_20' title="bbox 2005 1852 3582 1928">
    <p class='ocr_par' dir='ltr' id='par_1_20' title="bbox 2006 1852 3582 1928">
     <span class='ocr_line' id='line_1_20' title="bbox 2006 1852 3582 1928; baseline -0.008 -10"><span class='ocrx_word' id='word_1_253' title='bbox 2006 1861 2242 1918; x_wconf 88' lang='lat' dir='ltr'><strong>rioribus</strong></span> <span class='ocrx_word' id='word_1_254' title='bbox 2274 1860 2467 1926; x_wconf 81' lang='lat' dir='ltr'><strong>reiicit,</strong></span> <span class='ocrx_word' id='word_1_255' title='bbox 2498 1874 2662 1928; x_wconf 89' lang='lat' dir='ltr'><strong>quam</strong></span> <span class='ocrx_word' id='word_1_256' title='bbox 2690 1859 2745 1912; x_wconf 91' lang='lat' dir='ltr'><strong>in</strong></span> <span class='ocrx_word' id='word_1_257' title='bbox 2775 1855 3125 1912; x_wconf 78' lang='lat' dir='ltr'><strong>inferioribus</strong></span> <span class='ocrx_word' id='word_1_258' title='bbox 3149 1852 3311 1925; x_wconf 90' lang='lat' dir='ltr'><strong>paulo</strong></span> <span class='ocrx_word' id='word_1_259' title='bbox 3335 1862 3460 1908; x_wconf 83' lang='lat' dir='ltr'><strong>ante</strong></span> <span class='ocrx_word' id='word_1_260' title='bbox 3487 1868 3582 1907; x_wconf 91' lang='lat' dir='ltr'><strong>cu-</strong></span> 
     </span>
    </p>
   </div>
   <div class='ocr_carea' id='block_1_21' title="bbox 328 1945 3587 2024">
    <p class='ocr_par' dir='ltr' id='par_1_21' title="bbox 328 1945 3587 2024">
     <span class='ocr_line' id='line_1_21' title="bbox 328 1945 3587 2024; baseline -0.003 -14"><span class='ocrx_word' id='word_1_261' title='bbox 328 1970 344 2005; x_wconf 84' lang='grc'><em>‹</em></span> <span class='ocrx_word' id='word_1_262' title='bbox 391 1950 615 2011; x_wconf 85' lang='lat' dir='ltr'><strong>sedebat</strong></span> <span class='ocrx_word' id='word_1_263' title='bbox 646 1964 772 2005; x_wconf 89' lang='lat' dir='ltr'><strong>cum</strong></span> <span class='ocrx_word' id='word_1_264' title='bbox 813 1948 1093 2019; x_wconf 90' lang='lat' dir='ltr'><strong>discipulis</strong></span> <span class='ocrx_word' id='word_1_265' title='bbox 1140 1949 1290 2004; x_wconf 90' lang='lat' dir='ltr'><strong>suis:</strong></span> <span class='ocrx_word' id='word_1_266' title='bbox 1316 1949 1449 2004; x_wconf 87' lang='lat' dir='ltr'><strong>Erat</strong></span> <span class='ocrx_word' id='word_1_267' title='bbox 1490 1958 1671 2006; x_wconf 89' lang='lat' dir='ltr'><strong>autem</strong></span> <span class='ocrx_word' id='word_1_268' title='bbox 1716 1950 1904 2021; x_wconf 77' lang='lat' dir='ltr'><strong>proxi—</strong></span> <span class='ocrx_word' id='word_1_269' title='bbox 2006 1964 2243 2011; x_wconf 77' lang='lat' dir='ltr'><strong>raverat.</strong></span> <span class='ocrx_word' id='word_1_270' title='bbox 2278 1953 2629 2024; x_wconf 86' lang='lat' dir='ltr'><strong>Nequaquam</strong></span> <span class='ocrx_word' id='word_1_271' title='bbox 2664 1951 2869 2006; x_wconf 80' lang='lat' dir='ltr'><strong>frustra</strong></span> <span class='ocrx_word' id='word_1_272' title='bbox 2910 1948 3112 2004; x_wconf 81' lang='lat' dir='ltr'><strong>factum</strong></span> <span class='ocrx_word' id='word_1_273' title='bbox 3146 1945 3449 2010; x_wconf 87' lang='lat' dir='ltr'><strong>credamus,</strong></span> <span class='ocrx_word' id='word_1_274' title='bbox 3491 1945 3587 2000; x_wconf 87' lang='lat' dir='ltr'><strong>sed</strong></span> 
     </span>
    </p>
   </div>
   <div class='ocr_carea' id='block_1_22' title="bbox 326 2034 3585 2119">
    <p class='ocr_par' dir='ltr' id='par_1_22' title="bbox 326 2034 3585 2119">
     <span class='ocr_line' id='line_1_22' title="bbox 326 2034 3585 2119; baseline 0.001 -28"><span class='ocrx_word' id='word_1_275' title='bbox 326 2058 343 2087; x_wconf 77' lang='grc' dir='ltr'>ι</span> <span class='ocrx_word' id='word_1_276' title='bbox 392 2053 538 2091; x_wconf 89' lang='lat' dir='ltr'><strong>mum</strong></span> <span class='ocrx_word' id='word_1_277' title='bbox 566 2034 808 2105; x_wconf 85' lang='lat' dir='ltr'><strong>Pascha,</strong></span> <span class='ocrx_word' id='word_1_278' title='bbox 852 2038 968 2093; x_wconf 90' lang='lat' dir='ltr'><strong>dies</strong></span> <span class='ocrx_word' id='word_1_279' title='bbox 1011 2036 1183 2094; x_wconf 79' lang='lat' dir='ltr'><strong>festus</strong></span> <span class='ocrx_word' id='word_1_280' title='bbox 1205 2036 1534 2094; x_wconf 76' lang='lat' dir='ltr'><strong>Judmorum.</strong></span> <span class='ocrx_word' id='word_1_281' title='bbox 1557 2039 1693 2097; x_wconf 88' lang='lat' dir='ltr'><strong>Cum</strong></span> <span class='ocrx_word' id='word_1_282' title='bbox 1727 2040 1907 2096; x_wconf 88' lang='lat' dir='ltr'><strong>suble-</strong></span> <span class='ocrx_word' id='word_1_283' title='bbox 2006 2052 2076 2105; x_wconf 76' lang='lat' dir='ltr'><strong>ad</strong></span> <span class='ocrx_word' id='word_1_284' title='bbox 2111 2045 2526 2119; x_wconf 70' lang='lat' dir='ltr'><strong>signiﬁcandum</strong></span> <span class='ocrx_word' id='word_1_285' title='bbox 2573 2044 2828 2115; x_wconf 84' lang='lat' dir='ltr'><strong>mystice,</strong></span> <span class='ocrx_word' id='word_1_286' title='bbox 2864 2041 2991 2112; x_wconf 89' lang='lat' dir='ltr'><strong>quia</strong></span> <span class='ocrx_word' id='word_1_287' title='bbox 3028 2039 3332 2096; x_wconf 88' lang='lat' dir='ltr'><strong>doctrinam</strong></span> <span class='ocrx_word' id='word_1_288' title='bbox 3370 2046 3425 2094; x_wconf 86' lang='lat' dir='ltr'><strong>et</strong></span> <span class='ocrx_word' id='word_1_289' title='bbox 3451 2038 3585 2092; x_wconf 82' lang='lat' dir='ltr'><strong>cha-</strong></span> 
     </span>
    </p>
   </div>
   <div class='ocr_carea' id='block_1_23' title="bbox 326 2128 1903 2207">
    <p class='ocr_par' dir='ltr' id='par_1_23' title="bbox 326 2130 1903 2205">
     <span class='ocr_line' id='line_1_23' title="bbox 326 2130 1903 2205; baseline 0.002 -18"><span class='ocrx_word' id='word_1_290' title='bbox 326 2151 345 2181; x_wconf 73' lang='grc' dir='ltr'>α</span> <span class='ocrx_word' id='word_1_291' title='bbox 390 2140 571 2188; x_wconf 87' lang='lat' dir='ltr'><strong>vasset</strong></span> <span class='ocrx_word' id='word_1_292' title='bbox 610 2147 741 2203; x_wconf 80' lang='lat' dir='ltr'><strong>ergo</strong></span> <span class='ocrx_word' id='word_1_293' title='bbox 778 2132 965 2188; x_wconf 89' lang='lat' dir='ltr'><strong>oculos</strong></span> <span class='ocrx_word' id='word_1_294' title='bbox 992 2130 1172 2200; x_wconf 72' lang='lat' dir='ltr'><strong>Iesus,</strong></span> <span class='ocrx_word' id='word_1_295' title='bbox 1212 2140 1270 2188; x_wconf 90' lang='lat' dir='ltr'><strong>et</strong></span> <span class='ocrx_word' id='word_1_296' title='bbox 1304 2134 1530 2190; x_wconf 87' lang='lat' dir='ltr'><strong>vidisset</strong></span> <span class='ocrx_word' id='word_1_297' title='bbox 1564 2135 1694 2205; x_wconf 84' lang='lat' dir='ltr'><strong>quia</strong></span> <span class='ocrx_word' id='word_1_298' title='bbox 1722 2134 1903 2190; x_wconf 83' lang='lat' dir='ltr'><strong>multi-</strong></span> 
     </span>
    </p>
   </div>
   <div class='ocr_carea' id='block_1_24' title="bbox 2009 2128 3586 2207">
    <p class='ocr_par' dir='ltr' id='par_1_24' title="bbox 2009 2128 3586 2207">
     <span class='ocr_line' id='line_1_24' title="bbox 2009 2128 3586 2207; baseline -0.01 -10"><span class='ocrx_word' id='word_1_299' title='bbox 2009 2143 2231 2198; x_wconf 89' lang='lat' dir='ltr'><strong>rismata</strong></span> <span class='ocrx_word' id='word_1_300' title='bbox 2264 2155 2386 2206; x_wconf 89' lang='lat' dir='ltr'><strong>sua,</strong></span> <span class='ocrx_word' id='word_1_301' title='bbox 2423 2137 2685 2194; x_wconf 90' lang='lat' dir='ltr'><strong>Dominus</strong></span> <span class='ocrx_word' id='word_1_302' title='bbox 2727 2136 2884 2207; x_wconf 78' lang='lat' dir='ltr'><strong>juxta</strong></span> <span class='ocrx_word' id='word_1_303' title='bbox 2919 2132 3336 2204; x_wconf 83' lang='lat' dir='ltr'><strong>percipientium</strong></span> <span class='ocrx_word' id='word_1_304' title='bbox 3374 2128 3586 2200; x_wconf 87' lang='lat' dir='ltr'><strong>capaci-</strong></span> 
     </span>
    </p>
   </div>
   <div class='ocr_carea' id='block_1_25' title="bbox 327 2221 3587 2295">
    <p class='ocr_par' dir='ltr' id='par_1_25' title="bbox 327 2221 3587 2295">
     <span class='ocr_line' id='line_1_25' title="bbox 327 2221 3587 2295; baseline -0.004 -7"><span class='ocrx_word' id='word_1_305' title='bbox 327 2241 345 2272; x_wconf 71' lang='grc' dir='ltr'>ί</span> <span class='ocrx_word' id='word_1_306' title='bbox 393 2222 522 2291; x_wconf 78' lang='grc' dir='ltr'><strong>ιιιόο</strong></span> <span class='ocrx_word' id='word_1_307' title='bbox 562 2222 798 2277; x_wconf 61' lang='lat' dir='ltr'><strong>&quot;Imma</strong></span> <span class='ocrx_word' id='word_1_308' title='bbox 824 2223 974 2277; x_wconf 70' lang='grc' dir='ltr'><strong>νθηίι</strong></span> <span class='ocrx_word' id='word_1_309' title='bbox 1007 2222 1075 2276; x_wconf 70' lang='grc' dir='ltr'><strong>εδδ</strong></span> <span class='ocrx_word' id='word_1_310' title='bbox 1116 2237 1264 2289; x_wconf 69' lang='lat' dir='ltr'><strong>eum.</strong></span> <span class='ocrx_word' id='word_1_311' title='bbox 1314 2224 1447 2279; x_wconf 54' lang='lat' dir='ltr'><strong>die“.</strong></span> <span class='ocrx_word' id='word_1_312' title='bbox 1469 2222 1538 2279; x_wconf 76' lang='lat' dir='ltr'><strong>ad</strong></span> <span class='ocrx_word' id='word_1_313' title='bbox 1563 2223 1899 2294; x_wconf 71' lang='lat' dir='ltr'><strong>Philippum:</strong></span> <span class='ocrx_word' id='word_1_314' title='bbox 2005 2240 2173 2288; x_wconf 88' lang='lat' dir='ltr'><strong>tatem</strong></span> <span class='ocrx_word' id='word_1_315' title='bbox 2216 2230 2512 2288; x_wconf 88' lang='lat' dir='ltr'><strong>distribuit.</strong></span> <span class='ocrx_word' id='word_1_316' title='bbox 2553 2227 2787 2283; x_wconf 86' lang='lat' dir='ltr'><strong>lnlirmis</strong></span> <span class='ocrx_word' id='word_1_317' title='bbox 2830 2226 3007 2282; x_wconf 89' lang='lat' dir='ltr'><strong>adhuc</strong></span> <span class='ocrx_word' id='word_1_318' title='bbox 3052 2223 3271 2295; x_wconf 89' lang='lat' dir='ltr'><strong>quidem</strong></span> <span class='ocrx_word' id='word_1_319' title='bbox 3319 2221 3587 2278; x_wconf 88' lang='lat' dir='ltr'><strong>mentibus</strong></span> 
     </span>
    </p>
   </div>
   <div class='ocr_carea' id='block_1_26' title="bbox 330 2312 3585 2395">
    <p class='ocr_par' dir='ltr' id='par_1_26' title="bbox 330 2312 3585 2395">
     <span class='ocr_line' id='line_1_26' title="bbox 330 2312 3585 2395; baseline 0.001 -31"><span class='ocrx_word' id='word_1_320' title='bbox 330 2333 348 2364; x_wconf 67' lang='grc' dir='ltr'><em>ς</em></span> <span class='ocrx_word' id='word_1_321' title='bbox 398 2312 551 2369; x_wconf 85' lang='lat' dir='ltr'><strong>Unde</strong></span> <span class='ocrx_word' id='word_1_322' title='bbox 589 2328 832 2369; x_wconf 89' lang='lat' dir='ltr'><strong>cmemus</strong></span> <span class='ocrx_word' id='word_1_323' title='bbox 863 2329 1050 2386; x_wconf 87' lang='lat' dir='ltr'><strong>panes,</strong></span> <span class='ocrx_word' id='word_1_324' title='bbox 1082 2323 1142 2369; x_wconf 91' lang='lat' dir='ltr'><strong>ut</strong></span> <span class='ocrx_word' id='word_1_325' title='bbox 1180 2316 1507 2371; x_wconf 69' lang='lat' dir='ltr'><strong>manducent</strong></span> <span class='ocrx_word' id='word_1_326' title='bbox 1531 2316 1624 2371; x_wconf 82' lang='lat' dir='ltr'><strong>hi?</strong></span> <span class='ocrx_word' id='word_1_327' title='bbox 1667 2315 1781 2371; x_wconf 75' lang='lat' dir='ltr'><strong>Hoc</strong></span> <span class='ocrx_word' id='word_1_328' title='bbox 1803 2331 1904 2371; x_wconf 71' lang='grc' dir='ltr'><strong>ειυ-</strong></span> <span class='ocrx_word' id='word_1_329' title='bbox 2005 2340 2071 2380; x_wconf 90' lang='lat' dir='ltr'><strong>ac</strong></span> <span class='ocrx_word' id='word_1_330' title='bbox 2093 2323 2335 2395; x_wconf 85' lang='lat' dir='ltr'><strong>parvulis</strong></span> <span class='ocrx_word' id='word_1_331' title='bbox 2362 2322 2580 2391; x_wconf 89' lang='lat' dir='ltr'><strong>spiritu,</strong></span> <span class='ocrx_word' id='word_1_332' title='bbox 2613 2319 2946 2390; x_wconf 87' lang='lat' dir='ltr'><strong>simpliciora</strong></span> <span class='ocrx_word' id='word_1_333' title='bbox 2978 2318 3185 2373; x_wconf 87' lang='lat' dir='ltr'><strong>monita</strong></span> <span class='ocrx_word' id='word_1_334' title='bbox 3217 2315 3585 2376; x_wconf 89' lang='lat' dir='ltr'><strong>committens,</strong></span> 
     </span>
    </p>
   </div>
   <div class='ocr_carea' id='block_1_27' title="bbox 329 2406 3584 2486">
    <p class='ocr_par' dir='ltr' id='par_1_27' title="bbox 329 2406 3584 2486">
     <span class='ocr_line' id='line_1_27' title="bbox 329 2406 3584 2486; baseline -0.003 -15"><span class='ocrx_word' id='word_1_335' title='bbox 329 2428 345 2458; x_wconf 74' lang='grc' dir='ltr'><strong>ε</strong></span> <span class='ocrx_word' id='word_1_336' title='bbox 398 2416 505 2462; x_wconf 76' lang='lat' dir='ltr'><strong>lem</strong></span> <span class='ocrx_word' id='word_1_337' title='bbox 539 2406 756 2463; x_wconf 64' lang='lat' dir='ltr'><strong>dicebat</strong></span> <span class='ocrx_word' id='word_1_338' title='bbox 787 2415 1002 2463; x_wconf 72' lang='grc' dir='ltr'><strong>ιθηωιιδ</strong></span> <span class='ocrx_word' id='word_1_339' title='bbox 1034 2422 1181 2473; x_wconf 71' lang='lat' dir='ltr'><strong>eum,</strong></span> <span class='ocrx_word' id='word_1_340' title='bbox 1221 2409 1336 2479; x_wconf 79' lang='lat' dir='ltr'><strong>ipse</strong></span> <span class='ocrx_word' id='word_1_341' title='bbox 1366 2408 1510 2463; x_wconf 73' lang='lat' dir='ltr'><strong>enim</strong></span> <span class='ocrx_word' id='word_1_342' title='bbox 1541 2408 1749 2464; x_wconf 69' lang='lat' dir='ltr'><strong>SCiebal</strong></span> <span class='ocrx_word' id='word_1_343' title='bbox 1775 2408 1904 2478; x_wconf 85' lang='lat' dir='ltr'><strong>quid</strong></span> <span class='ocrx_word' id='word_1_344' title='bbox 2003 2423 2062 2471; x_wconf 85' lang='lat' dir='ltr'><strong>et</strong></span> <span class='ocrx_word' id='word_1_345' title='bbox 2088 2415 2360 2486; x_wconf 87' lang='lat' dir='ltr'><strong>apertiora</strong></span> <span class='ocrx_word' id='word_1_346' title='bbox 2384 2411 2611 2467; x_wconf 88' lang='lat' dir='ltr'><strong>credens</strong></span> <span class='ocrx_word' id='word_1_347' title='bbox 2638 2418 3003 2476; x_wconf 81' lang='lat' dir='ltr'><strong>sacramenta,</strong></span> <span class='ocrx_word' id='word_1_348' title='bbox 3030 2408 3354 2465; x_wconf 86' lang='lat' dir='ltr'><strong>celsioribus</strong></span> <span class='ocrx_word' id='word_1_349' title='bbox 3380 2415 3584 2470; x_wconf 90' lang='lat' dir='ltr'><strong>autem,</strong></span> 
     </span>
    </p>
   </div>
   <div class='ocr_carea' id='block_1_28' title="bbox 327 2499 3586 2578">
    <p class='ocr_par' dir='ltr' id='par_1_28' title="bbox 327 2499 3586 2578">
     <span class='ocr_line' id='line_1_28' title="bbox 327 2499 3586 2578; baseline -0.001 -23"><span class='ocrx_word' id='word_1_350' title='bbox 327 2522 348 2555; x_wconf 68' lang='lat' dir='ltr'><strong>t</strong></span> <span class='ocrx_word' id='word_1_351' title='bbox 393 2511 540 2561; x_wconf 89' lang='lat' dir='ltr'><strong>esset</strong></span> <span class='ocrx_word' id='word_1_352' title='bbox 569 2503 834 2560; x_wconf 76' lang='lat' dir='ltr'><strong>facturus.</strong></span> <span class='ocrx_word' id='word_1_353' title='bbox 874 2504 1175 2574; x_wconf 78' lang='lat' dir='ltr'><strong>Respondit</strong></span> <span class='ocrx_word' id='word_1_354' title='bbox 1210 2504 1261 2559; x_wconf 90' lang='lat' dir='ltr'><strong>ei</strong></span> <span class='ocrx_word' id='word_1_355' title='bbox 1291 2503 1612 2574; x_wconf 82' lang='lat' dir='ltr'><strong>Philippus:</strong></span> <span class='ocrx_word' id='word_1_356' title='bbox 1637 2505 1904 2560; x_wconf 87' lang='lat' dir='ltr'><strong>Ducento—</strong></span> <span class='ocrx_word' id='word_1_357' title='bbox 2003 2506 2306 2578; x_wconf 84' lang='lat' dir='ltr'><strong>quibusque</strong></span> <span class='ocrx_word' id='word_1_358' title='bbox 2346 2512 2401 2559; x_wconf 91' lang='lat' dir='ltr'><strong>et</strong></span> <span class='ocrx_word' id='word_1_359' title='bbox 2444 2499 2857 2571; x_wconf 81' lang='lat' dir='ltr'><strong>perlectioribus</strong></span> <span class='ocrx_word' id='word_1_360' title='bbox 2901 2514 3088 2563; x_wconf 90' lang='lat' dir='ltr'><strong>sensu,</strong></span> <span class='ocrx_word' id='word_1_361' title='bbox 3132 2499 3429 2554; x_wconf 85' lang='lat' dir='ltr'><strong>secretiora</strong></span> <span class='ocrx_word' id='word_1_362' title='bbox 3476 2512 3586 2551; x_wconf 79' lang='lat' dir='ltr'><strong>sum</strong></span> 
     </span>
    </p>
   </div>
   <div class='ocr_carea' id='block_1_29' title="bbox 327 2588 3590 2666">
    <p class='ocr_par' dir='ltr' id='par_1_29' title="bbox 327 2588 3590 2666">
     <span class='ocr_line' id='line_1_29' title="bbox 327 2588 3590 2666; baseline -0.002 -19"><span class='ocrx_word' id='word_1_363' title='bbox 327 2612 349 2646; x_wconf 68' lang='grc' dir='ltr'>ι</span> <span class='ocrx_word' id='word_1_364' title='bbox 396 2609 519 2649; x_wconf 92' lang='lat' dir='ltr'><strong>rum</strong></span> <span class='ocrx_word' id='word_1_365' title='bbox 545 2594 891 2649; x_wconf 88' lang='lat' dir='ltr'><strong>denariorum</strong></span> <span class='ocrx_word' id='word_1_366' title='bbox 916 2609 1082 2665; x_wconf 88' lang='lat' dir='ltr'><strong>panes</strong></span> <span class='ocrx_word' id='word_1_367' title='bbox 1106 2610 1212 2649; x_wconf 90' lang='lat' dir='ltr'><strong>non</strong></span> <span class='ocrx_word' id='word_1_368' title='bbox 1237 2593 1511 2650; x_wconf 86' lang='lat' dir='ltr'><strong>sulliciunt</strong></span> <span class='ocrx_word' id='word_1_369' title='bbox 1528 2595 1629 2659; x_wconf 90' lang='lat' dir='ltr'><strong>eis,</strong></span> <span class='ocrx_word' id='word_1_370' title='bbox 1654 2602 1715 2648; x_wconf 93' lang='lat' dir='ltr'><strong>ut</strong></span> <span class='ocrx_word' id='word_1_371' title='bbox 1741 2609 1905 2649; x_wconf 88' lang='lat' dir='ltr'><strong>unus-</strong></span> <span class='ocrx_word' id='word_1_372' title='bbox 2003 2595 2306 2666; x_wconf 88' lang='lat' dir='ltr'><strong>majestatis</strong></span> <span class='ocrx_word' id='word_1_373' title='bbox 2335 2608 2535 2650; x_wconf 88' lang='lat' dir='ltr'><strong>arcana</strong></span> <span class='ocrx_word' id='word_1_374' title='bbox 2569 2605 2841 2656; x_wconf 80' lang='lat' dir='ltr'><strong>reserans,</strong></span> <span class='ocrx_word' id='word_1_375' title='bbox 2885 2589 3080 2647; x_wconf 87' lang='lat' dir='ltr'><strong>altiora</strong></span> <span class='ocrx_word' id='word_1_376' title='bbox 3118 2588 3328 2644; x_wconf 65' lang='lat' dir='ltr'><strong>devotae</strong></span> <span class='ocrx_word' id='word_1_377' title='bbox 3360 2601 3590 2642; x_wconf 72' lang='lat' dir='ltr'><strong>conver-</strong></span> 
     </span>
    </p>
   </div>
   <div class='ocr_carea' id='block_1_30' title="bbox 330 2679 3590 2757">
    <p class='ocr_par' dir='ltr' id='par_1_30' title="bbox 330 2679 3590 2757">
     <span class='ocr_line' id='line_1_30' title="bbox 330 2679 3590 2757; baseline -0.003 -17"><span class='ocrx_word' id='word_1_378' title='bbox 330 2703 351 2738; x_wconf 75' lang='grc' dir='ltr'>ι</span> <span class='ocrx_word' id='word_1_379' title='bbox 392 2685 623 2756; x_wconf 82' lang='lat' dir='ltr'><strong>quisque</strong></span> <span class='ocrx_word' id='word_1_380' title='bbox 652 2685 927 2740; x_wconf 91' lang='lat' dir='ltr'><strong>modicum</strong></span> <span class='ocrx_word' id='word_1_381' title='bbox 963 2686 1093 2757; x_wconf 90' lang='lat' dir='ltr'><strong>quid</strong></span> <span class='ocrx_word' id='word_1_382' title='bbox 1120 2685 1371 2755; x_wconf 83' lang='lat' dir='ltr'><strong>accipiat.</strong></span> <span class='ocrx_word' id='word_1_383' title='bbox 1408 2685 1549 2740; x_wconf 87' lang='lat' dir='ltr'><strong>Dicit</strong></span> <span class='ocrx_word' id='word_1_384' title='bbox 1581 2686 1632 2740; x_wconf 87' lang='lat' dir='ltr'><strong>ei</strong></span> <span class='ocrx_word' id='word_1_385' title='bbox 1668 2700 1808 2739; x_wconf 85' lang='lat' dir='ltr'><strong>unus</strong></span> <span class='ocrx_word' id='word_1_386' title='bbox 1834 2700 1903 2740; x_wconf 72' lang='lat' dir='ltr'><strong>ex</strong></span> <span class='ocrx_word' id='word_1_387' title='bbox 2004 2688 2231 2746; x_wconf 86' lang='lat' dir='ltr'><strong>sationis</strong></span> <span class='ocrx_word' id='word_1_388' title='bbox 2282 2687 2480 2742; x_wconf 89' lang='lat' dir='ltr'><strong>itinera</strong></span> <span class='ocrx_word' id='word_1_389' title='bbox 2528 2699 2845 2756; x_wconf 81' lang='lat' dir='ltr'><strong>suggerens,</strong></span> <span class='ocrx_word' id='word_1_390' title='bbox 2888 2690 2945 2739; x_wconf 91' lang='lat' dir='ltr'><strong>et</strong></span> <span class='ocrx_word' id='word_1_391' title='bbox 2994 2681 3186 2737; x_wconf 87' lang='lat' dir='ltr'><strong>altiora</strong></span> <span class='ocrx_word' id='word_1_392' title='bbox 3238 2679 3590 2750; x_wconf 69' lang='lat' dir='ltr'><strong>praemiorum</strong></span> 
     </span>
    </p>
   </div>
   <div class='ocr_carea' id='block_1_31' title="bbox 330 2773 2843 2846">
    <p class='ocr_par' dir='ltr' id='par_1_31' title="bbox 330 2773 2843 2846">
     <span class='ocr_line' id='line_1_31' title="bbox 330 2773 2843 2846; baseline -0.001 -17"><span class='ocrx_word' id='word_1_393' title='bbox 330 2794 347 2829; x_wconf 72' lang='grc' dir='ltr'>ι</span> <span class='ocrx_word' id='word_1_394' title='bbox 392 2774 671 2846; x_wconf 87' lang='lat' dir='ltr'><strong>discipulis</strong></span> <span class='ocrx_word' id='word_1_395' title='bbox 704 2774 825 2843; x_wconf 83' lang='lat' dir='ltr'><strong>ejus</strong></span> <span class='ocrx_word' id='word_1_396' title='bbox 851 2774 1115 2841; x_wconf 81' lang='lat' dir='ltr'><strong>Andreas,</strong></span> <span class='ocrx_word' id='word_1_397' title='bbox 1142 2775 1315 2831; x_wconf 79' lang='lat' dir='ltr'><strong>frater</strong></span> <span class='ocrx_word' id='word_1_398' title='bbox 1342 2774 1579 2831; x_wconf 89' lang='lat' dir='ltr'><strong>Simonis</strong></span> <span class='ocrx_word' id='word_1_399' title='bbox 1600 2775 1749 2831; x_wconf 83' lang='lat' dir='ltr'><strong>Petri</strong></span> <span class='ocrx_word' id='word_1_400' title='bbox 1771 2790 1787 2830; x_wconf 93' lang='lat'><strong>:</strong></span> <span class='ocrx_word' id='word_1_401' title='bbox 1808 2775 1904 2830; x_wconf 84' lang='lat' dir='ltr'><strong>Est</strong></span> <span class='ocrx_word' id='word_1_402' title='bbox 2003 2777 2307 2836; x_wconf 73' lang='lat' dir='ltr'><strong>cmlestium</strong></span> <span class='ocrx_word' id='word_1_403' title='bbox 2330 2775 2472 2831; x_wconf 85' lang='lat' dir='ltr'><strong>dona</strong></span> <span class='ocrx_word' id='word_1_404' title='bbox 2499 2773 2843 2844; x_wconf 86' lang='lat' dir='ltr'><strong>promittens.</strong></span> 
     </span>
    </p>
   </div>
   <div class='ocr_carea' id='block_1_32' title="bbox 326 2858 3591 2939">
    <p class='ocr_par' dir='ltr' id='par_1_32' title="bbox 326 2858 3591 2939">
     <span class='ocr_line' id='line_1_32' title="bbox 326 2858 3591 2939; baseline -0.002 -20"><span class='ocrx_word' id='word_1_405' title='bbox 326 2887 346 2919; x_wconf 71' lang='grc' dir='ltr'>ι</span> <span class='ocrx_word' id='word_1_406' title='bbox 390 2881 524 2936; x_wconf 87' lang='lat' dir='ltr'><strong>puer</strong></span> <span class='ocrx_word' id='word_1_407' title='bbox 541 2882 682 2922; x_wconf 87' lang='lat' dir='ltr'><strong>unus</strong></span> <span class='ocrx_word' id='word_1_408' title='bbox 706 2866 921 2938; x_wconf 90' lang='lat' dir='ltr'><strong>hic,qui</strong></span> <span class='ocrx_word' id='word_1_409' title='bbox 938 2868 1103 2923; x_wconf 76' lang='lat' dir='ltr'><strong>habet</strong></span> <span class='ocrx_word' id='word_1_410' title='bbox 1115 2868 1353 2939; x_wconf 88' lang='lat' dir='ltr'><strong>quinque</strong></span> <span class='ocrx_word' id='word_1_411' title='bbox 1378 2882 1546 2937; x_wconf 87' lang='lat' dir='ltr'><strong>panes</strong></span> <span class='ocrx_word' id='word_1_412' title='bbox 1572 2868 1903 2924; x_wconf 83' lang='lat' dir='ltr'><strong>hordeaceos</strong></span> <span class='ocrx_word' id='word_1_413' title='bbox 2072 2869 2206 2923; x_wconf 82' lang='lat' dir='ltr'><strong>Erat</strong></span> <span class='ocrx_word' id='word_1_414' title='bbox 2244 2875 2420 2922; x_wconf 86' lang='lat' dir='ltr'><strong><em>autem</em></strong></span> <span class='ocrx_word' id='word_1_415' title='bbox 2454 2866 2749 2936; x_wconf 75' lang='lat' dir='ltr'><strong>proximum</strong></span> <span class='ocrx_word' id='word_1_416' title='bbox 2776 2861 3008 2921; x_wconf 82' lang='lat' dir='ltr'><strong>Pascha,</strong></span> <span class='ocrx_word' id='word_1_417' title='bbox 3037 2862 3148 2916; x_wconf 83' lang='lat' dir='ltr'><strong><em>dies</em></strong></span> <span class='ocrx_word' id='word_1_418' title='bbox 3185 2861 3348 2930; x_wconf 80' lang='lat' dir='ltr'><strong><em>festus</em></strong></span> <span class='ocrx_word' id='word_1_419' title='bbox 3370 2858 3591 2914; x_wconf 49' lang='lat' dir='ltr'><strong>Juda&#39;o-t</strong></span> 
     </span>
    </p>
   </div>
   <div class='ocr_carea' id='block_1_33' title="bbox 327 2950 3592 3029">
    <p class='ocr_par' dir='ltr' id='par_1_33' title="bbox 327 2950 3592 3029">
     <span class='ocr_line' id='line_1_33' title="bbox 327 2950 3592 3029; baseline -0.002 -19"><span class='ocrx_word' id='word_1_420' title='bbox 327 2976 346 3008; x_wconf 75' lang='grc' dir='ltr'>ι</span> <span class='ocrx_word' id='word_1_421' title='bbox 393 2965 449 3012; x_wconf 88' lang='lat' dir='ltr'><strong>et</strong></span> <span class='ocrx_word' id='word_1_422' title='bbox 477 2956 614 3013; x_wconf 88' lang='lat' dir='ltr'><strong>duos</strong></span> <span class='ocrx_word' id='word_1_423' title='bbox 657 2957 855 3029; x_wconf 88' lang='lat' dir='ltr'><strong>pisces.</strong></span> <span class='ocrx_word' id='word_1_424' title='bbox 884 2956 991 3013; x_wconf 89' lang='lat' dir='ltr'><strong>Sed</strong></span> <span class='ocrx_word' id='word_1_425' title='bbox 1017 2958 1134 3013; x_wconf 65' lang='lat' dir='ltr'><strong>haec</strong></span> <span class='ocrx_word' id='word_1_426' title='bbox 1174 2958 1306 3029; x_wconf 90' lang='lat' dir='ltr'><strong>quid</strong></span> <span class='ocrx_word' id='word_1_427' title='bbox 1351 2966 1480 3014; x_wconf 90' lang='lat' dir='ltr'><strong>sunt</strong></span> <span class='ocrx_word' id='word_1_428' title='bbox 1520 2959 1665 3014; x_wconf 90' lang='lat' dir='ltr'><strong>inter</strong></span> <span class='ocrx_word' id='word_1_429' title='bbox 1690 2960 1905 3014; x_wconf 86' lang='lat' dir='ltr'><strong>tantos?</strong></span> <span class='ocrx_word' id='word_1_430' title='bbox 2004 2978 2142 3016; x_wconf 85' lang='lat' dir='ltr'><strong>rum.</strong></span> <span class='ocrx_word' id='word_1_431' title='bbox 2173 2959 2331 3026; x_wconf 83' lang='lat' dir='ltr'><strong>Quod</strong></span> <span class='ocrx_word' id='word_1_432' title='bbox 2352 2972 2481 3014; x_wconf 80' lang='lat' dir='ltr'><strong>vero</strong></span> <span class='ocrx_word' id='word_1_433' title='bbox 2502 2955 2900 3026; x_wconf 86' lang='lat' dir='ltr'><strong>propinquante</strong></span> <span class='ocrx_word' id='word_1_434' title='bbox 2926 2950 3158 3018; x_wconf 81' lang='lat' dir='ltr'><strong>Pascha,</strong></span> <span class='ocrx_word' id='word_1_435' title='bbox 3188 2951 3451 3007; x_wconf 81' lang='lat' dir='ltr'><strong>Dominus</strong></span> <span class='ocrx_word' id='word_1_436' title='bbox 3476 2959 3592 3005; x_wconf 89' lang='lat' dir='ltr'><strong>tur-</strong></span> 
     </span>
    </p>
   </div>
   <div class='ocr_carea' id='block_1_34' title="bbox 328 3041 3591 3152">
    <p class='ocr_par' dir='ltr' id='par_1_34' title="bbox 328 3041 3591 3152">
     <span class='ocr_line' id='line_1_34' title="bbox 328 3041 3591 3152; baseline -0.002 -52"><span class='ocrx_word' id='word_1_437' title='bbox 328 3070 345 3100; x_wconf 73' lang='grc' dir='ltr'>ι</span> <span class='ocrx_word' id='word_1_438' title='bbox 393 3049 538 3105; x_wconf 79' lang='lat' dir='ltr'><strong>Dixit</strong></span> <span class='ocrx_word' id='word_1_439' title='bbox 578 3065 709 3119; x_wconf 83' lang='lat' dir='ltr'><strong>ergo</strong></span> <span class='ocrx_word' id='word_1_440' title='bbox 757 3047 915 3104; x_wconf 85' lang='lat' dir='ltr'><strong>Jesus</strong></span> <span class='ocrx_word' id='word_1_441' title='bbox 958 3067 973 3103; x_wconf 85' lang='lat'><strong>:</strong></span> <span class='ocrx_word' id='word_1_442' title='bbox 1016 3049 1203 3104; x_wconf 85' lang='lat' dir='ltr'><strong>Facite</strong></span> <span class='ocrx_word' id='word_1_443' title='bbox 1245 3051 1493 3105; x_wconf 91' lang='lat' dir='ltr'><strong>homines</strong></span> <span class='ocrx_word' id='word_1_444' title='bbox 1539 3050 1899 3106; x_wconf 84' lang='lat' dir='ltr'><strong>discumbere.</strong></span> <span class='ocrx_word' id='word_1_445' title='bbox 1929 3089 1974 3152; x_wconf 62' lang='grc' dir='ltr'>Ο</span> <span class='ocrx_word' id='word_1_446' title='bbox 2004 3054 2103 3108; x_wconf 88' lang='lat' dir='ltr'><strong>has</strong></span> <span class='ocrx_word' id='word_1_447' title='bbox 2130 3051 2304 3113; x_wconf 84' lang='lat' dir='ltr'><strong>docet,</strong></span> <span class='ocrx_word' id='word_1_448' title='bbox 2337 3057 2495 3105; x_wconf 89' lang='lat' dir='ltr'><strong>sanat</strong></span> <span class='ocrx_word' id='word_1_449' title='bbox 2517 3054 2574 3102; x_wconf 92' lang='lat' dir='ltr'><strong>et</strong></span> <span class='ocrx_word' id='word_1_450' title='bbox 2599 3045 2792 3112; x_wconf 80' lang='lat' dir='ltr'><strong>reiicit,</strong></span> <span class='ocrx_word' id='word_1_451' title='bbox 2821 3058 3111 3114; x_wconf 89' lang='lat' dir='ltr'><strong>possumus</strong></span> <span class='ocrx_word' id='word_1_452' title='bbox 3144 3042 3222 3097; x_wconf 88' lang='lat' dir='ltr'><strong>ita</strong></span> <span class='ocrx_word' id='word_1_453' title='bbox 3247 3041 3476 3113; x_wconf 80' lang='lat' dir='ltr'><strong>mystice</strong></span> <span class='ocrx_word' id='word_1_454' title='bbox 3508 3041 3591 3095; x_wconf 85' lang='lat' dir='ltr'><strong>in-</strong></span> 
     </span>
    </p>
   </div>
   <div class='ocr_carea' id='block_1_35' title="bbox 327 3134 3590 3214">
    <p class='ocr_par' dir='ltr' id='par_1_35' title="bbox 327 3134 3590 3214">
     <span class='ocr_line' id='line_1_35' title="bbox 327 3134 3590 3214; baseline -0.002 -23"><span class='ocrx_word' id='word_1_455' title='bbox 327 3160 345 3191; x_wconf 72' lang='lat' dir='ltr'><strong>c</strong></span> <span class='ocrx_word' id='word_1_456' title='bbox 394 3140 525 3196; x_wconf 82' lang='lat' dir='ltr'><strong>Erat</strong></span> <span class='ocrx_word' id='word_1_457' title='bbox 557 3147 738 3194; x_wconf 88' lang='lat' dir='ltr'><strong>autem</strong></span> <span class='ocrx_word' id='word_1_458' title='bbox 773 3138 959 3194; x_wconf 80' lang='lat' dir='ltr'><strong>fenum</strong></span> <span class='ocrx_word' id='word_1_459' title='bbox 986 3139 1215 3196; x_wconf 88' lang='lat' dir='ltr'><strong>multum</strong></span> <span class='ocrx_word' id='word_1_460' title='bbox 1244 3140 1462 3197; x_wconf 91' lang='lat' dir='ltr'><strong>inloco.</strong></span> <span class='ocrx_word' id='word_1_461' title='bbox 1505 3140 1903 3198; x_wconf 89' lang='lat' dir='ltr'><strong>Discubucrunt</strong></span> <span class='ocrx_word' id='word_1_462' title='bbox 1930 3134 1974 3152; x_wconf 61' lang='grc' dir='ltr'>ν</span> <span class='ocrx_word' id='word_1_463' title='bbox 2006 3142 2313 3214; x_wconf 87' lang='lat' dir='ltr'><strong>terpretari.</strong></span> <span class='ocrx_word' id='word_1_464' title='bbox 2361 3139 2497 3207; x_wconf 83' lang='lat' dir='ltr'><strong>Quia</strong></span> <span class='ocrx_word' id='word_1_465' title='bbox 2528 3138 2735 3193; x_wconf 89' lang='lat' dir='ltr'><strong>Pascha</strong></span> <span class='ocrx_word' id='word_1_466' title='bbox 2781 3135 3044 3191; x_wconf 88' lang='lat' dir='ltr'><strong>transitus</strong></span> <span class='ocrx_word' id='word_1_467' title='bbox 3086 3134 3306 3197; x_wconf 87' lang='lat' dir='ltr'><strong>dicitur,</strong></span> <span class='ocrx_word' id='word_1_468' title='bbox 3344 3139 3401 3186; x_wconf 87' lang='lat' dir='ltr'><strong>et</strong></span> <span class='ocrx_word' id='word_1_469' title='bbox 3424 3145 3590 3201; x_wconf 67' lang='grc' dir='ltr'><strong>(ιιιοερ</strong></span> 
     </span>
    </p>
   </div>
   <div class='ocr_carea' id='block_1_36' title="bbox 332 3223 3589 3307">
    <p class='ocr_par' dir='ltr' id='par_1_36' title="bbox 332 3223 3589 3307">
     <span class='ocr_line' id='line_1_36' title="bbox 332 3223 3589 3307; baseline -0.002 -24"><span class='ocrx_word' id='word_1_470' title='bbox 332 3252 349 3283; x_wconf 74' lang='grc' dir='ltr'>ι</span> <span class='ocrx_word' id='word_1_471' title='bbox 392 3246 523 3302; x_wconf 79' lang='lat' dir='ltr'><strong>ergo</strong></span> <span class='ocrx_word' id='word_1_472' title='bbox 567 3230 670 3285; x_wconf 87' lang='lat' dir='ltr'><strong>viri</strong></span> <span class='ocrx_word' id='word_1_473' title='bbox 711 3245 939 3286; x_wconf 91' lang='lat' dir='ltr'><strong>numero</strong></span> <span class='ocrx_word' id='word_1_474' title='bbox 974 3231 1129 3300; x_wconf 88' lang='lat' dir='ltr'><strong>quasi</strong></span> <span class='ocrx_word' id='word_1_475' title='bbox 1165 3231 1405 3301; x_wconf 90' lang='lat' dir='ltr'><strong>quinque</strong></span> <span class='ocrx_word' id='word_1_476' title='bbox 1448 3232 1637 3287; x_wconf 88' lang='lat' dir='ltr'><strong>millia.</strong></span> <span class='ocrx_word' id='word_1_477' title='bbox 1680 3233 1906 3307; x_wconf 82' lang='lat' dir='ltr'><strong>Accepit</strong></span> <span class='ocrx_word' id='word_1_478' title='bbox 2002 3249 2216 3306; x_wconf 85' lang='lat' dir='ltr'><strong>cunque</strong></span> <span class='ocrx_word' id='word_1_479' title='bbox 2241 3231 2498 3288; x_wconf 90' lang='lat' dir='ltr'><strong>Dominus</strong></span> <span class='ocrx_word' id='word_1_480' title='bbox 2528 3230 2738 3285; x_wconf 84' lang='lat' dir='ltr'><strong>interna</strong></span> <span class='ocrx_word' id='word_1_481' title='bbox 2764 3238 3050 3287; x_wconf 86' lang='lat' dir='ltr'><strong>munerum</strong></span> <span class='ocrx_word' id='word_1_482' title='bbox 3074 3238 3294 3281; x_wconf 85' lang='lat' dir='ltr'><strong>suorum</strong></span> <span class='ocrx_word' id='word_1_483' title='bbox 3319 3223 3589 3278; x_wconf 72' lang='lat' dir='ltr'><strong>suavitate</strong></span> 
     </span>
    </p>
   </div>
   <div class='ocr_carea' id='block_1_37' title="bbox 330 3318 3591 3397">
    <p class='ocr_par' dir='ltr' id='par_1_37' title="bbox 330 3318 3591 3397">
     <span class='ocr_line' id='line_1_37' title="bbox 330 3318 3591 3397; baseline -0.001 -23"><span class='ocrx_word' id='word_1_484' title='bbox 330 3343 348 3374; x_wconf 77' lang='grc' dir='ltr'>ι</span> <span class='ocrx_word' id='word_1_485' title='bbox 394 3336 525 3393; x_wconf 85' lang='lat' dir='ltr'><strong>ergo</strong></span> <span class='ocrx_word' id='word_1_486' title='bbox 547 3319 707 3377; x_wconf 85' lang='lat' dir='ltr'><strong>Jesus</strong></span> <span class='ocrx_word' id='word_1_487' title='bbox 744 3336 929 3393; x_wconf 90' lang='lat' dir='ltr'><strong>panes,</strong></span> <span class='ocrx_word' id='word_1_488' title='bbox 967 3329 1023 3377; x_wconf 89' lang='lat' dir='ltr'><strong>et</strong></span> <span class='ocrx_word' id='word_1_489' title='bbox 1063 3338 1186 3379; x_wconf 90' lang='lat' dir='ltr'><strong>cum</strong></span> <span class='ocrx_word' id='word_1_490' title='bbox 1221 3324 1426 3395; x_wconf 83' lang='lat' dir='ltr'><strong>gratias</strong></span> <span class='ocrx_word' id='word_1_491' title='bbox 1462 3324 1682 3396; x_wconf 80' lang='lat' dir='ltr'><strong>egisset,</strong></span> <span class='ocrx_word' id='word_1_492' title='bbox 1716 3327 1904 3382; x_wconf 88' lang='lat' dir='ltr'><strong>distri-</strong></span> <span class='ocrx_word' id='word_1_493' title='bbox 2003 3333 2306 3397; x_wconf 88' lang='lat' dir='ltr'><strong>recuperat,</strong></span> <span class='ocrx_word' id='word_1_494' title='bbox 2345 3324 2413 3380; x_wconf 92' lang='lat' dir='ltr'><strong>ad</strong></span> <span class='ocrx_word' id='word_1_495' title='bbox 2449 3323 2719 3379; x_wconf 87' lang='lat' dir='ltr'><strong>salubrem</strong></span> <span class='ocrx_word' id='word_1_496' title='bbox 2757 3319 3004 3391; x_wconf 82' lang='lat' dir='ltr'><strong>profecto</strong></span> <span class='ocrx_word' id='word_1_497' title='bbox 3050 3318 3336 3373; x_wconf 88' lang='lat' dir='ltr'><strong>transitum</strong></span> <span class='ocrx_word' id='word_1_498' title='bbox 3374 3330 3591 3385; x_wconf 64' lang='lat' dir='ltr'><strong>praepa-</strong></span> 
     </span>
    </p>
   </div>
   <div class='ocr_carea' id='block_1_38' title="bbox 331 3407 3589 3490">
    <p class='ocr_par' dir='ltr' id='par_1_38' title="bbox 331 3407 3589 3490">
     <span class='ocr_line' id='line_1_38' title="bbox 331 3407 3589 3490; baseline -0.001 -23"><span class='ocrx_word' id='word_1_499' title='bbox 331 3434 349 3467; x_wconf 76' lang='lat' dir='ltr'><strong>t</strong></span> <span class='ocrx_word' id='word_1_500' title='bbox 397 3414 516 3470; x_wconf 92' lang='lat' dir='ltr'><strong>buit</strong></span> <span class='ocrx_word' id='word_1_501' title='bbox 571 3413 1055 3471; x_wconf 85' lang='lat' dir='ltr'><strong>discumbentibus.</strong></span> <span class='ocrx_word' id='word_1_502' title='bbox 1133 3414 1396 3472; x_wconf 87' lang='lat' dir='ltr'><strong>Similiter</strong></span> <span class='ocrx_word' id='word_1_503' title='bbox 1441 3424 1497 3472; x_wconf 90' lang='lat' dir='ltr'><strong>et</strong></span> <span class='ocrx_word' id='word_1_504' title='bbox 1553 3432 1619 3472; x_wconf 81' lang='lat' dir='ltr'><strong>ex</strong></span> <span class='ocrx_word' id='word_1_505' title='bbox 1664 3418 1904 3490; x_wconf 87' lang='lat' dir='ltr'><strong>piscibus</strong></span> <span class='ocrx_word' id='word_1_506' title='bbox 2003 3429 2115 3482; x_wconf 90' lang='lat' dir='ltr'><strong>rat,</strong></span> <span class='ocrx_word' id='word_1_507' title='bbox 2156 3426 2216 3471; x_wconf 93' lang='lat' dir='ltr'><strong>ut</strong></span> <span class='ocrx_word' id='word_1_508' title='bbox 2259 3415 2509 3471; x_wconf 89' lang='lat' dir='ltr'><strong>carnales</strong></span> <span class='ocrx_word' id='word_1_509' title='bbox 2561 3412 2815 3468; x_wconf 83' lang='lat' dir='ltr'><strong>videlicet</strong></span> <span class='ocrx_word' id='word_1_510' title='bbox 2862 3409 3328 3481; x_wconf 88' lang='lat' dir='ltr'><strong>concupiscentias</strong></span> <span class='ocrx_word' id='word_1_511' title='bbox 3389 3407 3589 3463; x_wconf 87' lang='lat' dir='ltr'><strong>mentis</strong></span> 
     </span>
    </p>
   </div>
   <div class='ocr_carea' id='block_1_39' title="bbox 330 3499 3679 3580">
    <p class='ocr_par' dir='ltr' id='par_1_39' title="bbox 330 3499 3679 3580">
     <span class='ocr_line' id='line_1_39' title="bbox 330 3499 3679 3580; baseline -0.002 -20"><span class='ocrx_word' id='word_1_512' title='bbox 330 3528 349 3560; x_wconf 72' lang='grc' dir='ltr'>ι</span> <span class='ocrx_word' id='word_1_513' title='bbox 394 3517 654 3578; x_wconf 90' lang='lat' dir='ltr'><strong>quantum</strong></span> <span class='ocrx_word' id='word_1_514' title='bbox 682 3507 955 3563; x_wconf 86' lang='lat' dir='ltr'><strong>volebant.</strong></span> <span class='ocrx_word' id='word_1_515' title='bbox 1000 3506 1068 3564; x_wconf 88' lang='lat' dir='ltr'><strong>Ut</strong></span> <span class='ocrx_word' id='word_1_516' title='bbox 1108 3518 1292 3565; x_wconf 86' lang='lat' dir='ltr'><strong>autem</strong></span> <span class='ocrx_word' id='word_1_517' title='bbox 1337 3509 1542 3580; x_wconf 89' lang='lat' dir='ltr'><strong>impleti</strong></span> <span class='ocrx_word' id='word_1_518' title='bbox 1584 3520 1729 3579; x_wconf 87' lang='lat' dir='ltr'><strong>sunt,</strong></span> <span class='ocrx_word' id='word_1_519' title='bbox 1767 3513 1904 3568; x_wconf 79' lang='lat' dir='ltr'><strong>dixit</strong></span> <span class='ocrx_word' id='word_1_520' title='bbox 2002 3508 2331 3565; x_wconf 89' lang='lat' dir='ltr'><strong>sublimitate</strong></span> <span class='ocrx_word' id='word_1_521' title='bbox 2361 3504 2751 3560; x_wconf 88' lang='lat' dir='ltr'><strong>transcendant</strong></span> <span class='ocrx_word' id='word_1_522' title='bbox 2786 3522 2798 3555; x_wconf 88' lang='lat'><strong>:</strong></span> <span class='ocrx_word' id='word_1_523' title='bbox 2837 3501 3054 3558; x_wconf 71' lang='lat' dir='ltr'><strong>infinita</strong></span> <span class='ocrx_word' id='word_1_524' title='bbox 3081 3501 3267 3557; x_wconf 91' lang='lat' dir='ltr'><strong>mundi</strong></span> <span class='ocrx_word' id='word_1_525' title='bbox 3295 3499 3587 3561; x_wconf 84' lang='lat' dir='ltr'><strong>desideria,</strong></span> <span class='ocrx_word' id='word_1_526' title='bbox 3672 3510 3679 3516; x_wconf 85' lang='lat'><strong>‘</strong></span> 
     </span>
    </p>
   </div>
   <div class='ocr_carea' id='block_1_40' title="bbox 329 3590 3584 3674">
    <p class='ocr_par' dir='ltr' id='par_1_40' title="bbox 329 3590 3584 3674">
     <span class='ocr_line' id='line_1_40' title="bbox 329 3590 3584 3674; baseline -0.003 -21"><span class='ocrx_word' id='word_1_527' title='bbox 329 3620 349 3653; x_wconf 75' lang='grc' dir='ltr'>ι</span> <span class='ocrx_word' id='word_1_528' title='bbox 393 3599 671 3671; x_wconf 87' lang='lat' dir='ltr'><strong>discipulis</strong></span> <span class='ocrx_word' id='word_1_529' title='bbox 707 3599 859 3656; x_wconf 91' lang='lat' dir='ltr'><strong>suis:</strong></span> <span class='ocrx_word' id='word_1_530' title='bbox 885 3598 1132 3670; x_wconf 72' lang='lat' dir='ltr'><strong>Colligite</strong></span> <span class='ocrx_word' id='word_1_531' title='bbox 1166 3615 1287 3670; x_wconf 75' lang='lat' dir='ltr'><strong>qua:</strong></span> <span class='ocrx_word' id='word_1_532' title='bbox 1320 3612 1718 3673; x_wconf 85' lang='lat' dir='ltr'><strong>superaverunt</strong></span> <span class='ocrx_word' id='word_1_533' title='bbox 1761 3602 1903 3673; x_wconf 82' lang='lat' dir='ltr'><strong>l‘rag-</strong></span> <span class='ocrx_word' id='word_1_534' title='bbox 2001 3602 2207 3674; x_wconf 87' lang='lat' dir='ltr'><strong>pariter</strong></span> <span class='ocrx_word' id='word_1_535' title='bbox 2230 3609 2287 3654; x_wconf 88' lang='lat' dir='ltr'><strong>et</strong></span> <span class='ocrx_word' id='word_1_536' title='bbox 2314 3599 2541 3654; x_wconf 84' lang='lat' dir='ltr'><strong>adversa</strong></span> <span class='ocrx_word' id='word_1_537' title='bbox 2574 3595 2783 3652; x_wconf 79' lang='lat' dir='ltr'><strong>emlesti</strong></span> <span class='ocrx_word' id='word_1_538' title='bbox 2808 3602 2904 3664; x_wconf 78' lang='lat' dir='ltr'><strong>spe</strong></span> <span class='ocrx_word' id='word_1_539' title='bbox 2936 3602 2994 3650; x_wconf 90' lang='lat' dir='ltr'><strong>et</strong></span> <span class='ocrx_word' id='word_1_540' title='bbox 3020 3606 3207 3648; x_wconf 88' lang='lat' dir='ltr'><strong>amore</strong></span> <span class='ocrx_word' id='word_1_541' title='bbox 3249 3590 3584 3647; x_wconf 89' lang='lat' dir='ltr'><strong>conculcent.</strong></span> 
     </span>
    </p>
   </div>
   <div class='ocr_carea' id='block_1_41' title="bbox 330 3684 3590 3766">
    <p class='ocr_par' dir='ltr' id='par_1_41' title="bbox 330 3684 3590 3766">
     <span class='ocr_line' id='line_1_41' title="bbox 330 3684 3590 3766; baseline -0.002 -21"><span class='ocrx_word' id='word_1_542' title='bbox 330 3713 349 3745; x_wconf 73' lang='grc' dir='ltr'>ι</span> <span class='ocrx_word' id='word_1_543' title='bbox 396 3701 598 3760; x_wconf 88' lang='lat' dir='ltr'><strong>menta,</strong></span> <span class='ocrx_word' id='word_1_544' title='bbox 641 3707 710 3748; x_wconf 91' lang='lat' dir='ltr'><strong>nc</strong></span> <span class='ocrx_word' id='word_1_545' title='bbox 745 3701 989 3762; x_wconf 87' lang='lat' dir='ltr'><strong>pereant.</strong></span> <span class='ocrx_word' id='word_1_546' title='bbox 1033 3692 1377 3762; x_wconf 80' lang='lat' dir='ltr'><strong>Collcgerunt</strong></span> <span class='ocrx_word' id='word_1_547' title='bbox 1403 3709 1535 3766; x_wconf 88' lang='lat' dir='ltr'><strong>ergo</strong></span> <span class='ocrx_word' id='word_1_548' title='bbox 1567 3702 1625 3751; x_wconf 90' lang='lat' dir='ltr'><strong>et</strong></span> <span class='ocrx_word' id='word_1_549' title='bbox 1651 3696 1904 3764; x_wconf 87' lang='lat' dir='ltr'><strong>impleve—</strong></span> <span class='ocrx_word' id='word_1_550' title='bbox 2074 3694 2207 3749; x_wconf 82' lang='lat' dir='ltr'><strong>Cum</strong></span> <span class='ocrx_word' id='word_1_551' title='bbox 2241 3690 2556 3747; x_wconf 79' lang='lat' dir='ltr'><strong><em>sublevasset</em></strong></span> <span class='ocrx_word' id='word_1_552' title='bbox 2585 3705 2707 3759; x_wconf 87' lang='lat' dir='ltr'><strong><em>ergo</em></strong></span> <span class='ocrx_word' id='word_1_553' title='bbox 2728 3686 2909 3743; x_wconf 81' lang='lat' dir='ltr'><strong>oculos</strong></span> <span class='ocrx_word' id='word_1_554' title='bbox 2928 3686 3104 3752; x_wconf 75' lang='lat' dir='ltr'><strong><em>Iesus,</em></strong></span> <span class='ocrx_word' id='word_1_555' title='bbox 3141 3695 3189 3740; x_wconf 86' lang='lat' dir='ltr'><strong><em>et</em></strong></span> <span class='ocrx_word' id='word_1_556' title='bbox 3222 3685 3432 3741; x_wconf 84' lang='lat' dir='ltr'><strong><em>vidisset</em></strong></span> <span class='ocrx_word' id='word_1_557' title='bbox 3464 3684 3590 3755; x_wconf 82' lang='lat' dir='ltr'><strong><em>quia</em></strong></span> 
     </span>
    </p>
   </div>
   <div class='ocr_carea' id='block_1_42' title="bbox 330 3775 3588 3857">
    <p class='ocr_par' dir='ltr' id='par_1_42' title="bbox 330 3775 3588 3857">
     <span class='ocr_line' id='line_1_42' title="bbox 330 3775 3588 3857; baseline -0.002 -22"><span class='ocrx_word' id='word_1_558' title='bbox 330 3805 349 3835; x_wconf 68' lang='grc' dir='ltr'>ι</span> <span class='ocrx_word' id='word_1_559' title='bbox 395 3793 523 3840; x_wconf 90' lang='lat' dir='ltr'><strong>runt</strong></span> <span class='ocrx_word' id='word_1_560' title='bbox 553 3785 837 3842; x_wconf 88' lang='lat' dir='ltr'><strong>duodecim</strong></span> <span class='ocrx_word' id='word_1_561' title='bbox 874 3784 1134 3854; x_wconf 86' lang='lat' dir='ltr'><strong>cophinos</strong></span> <span class='ocrx_word' id='word_1_562' title='bbox 1169 3782 1617 3855; x_wconf 80' lang='lat' dir='ltr'><strong>lragmentorum,</strong></span> <span class='ocrx_word' id='word_1_563' title='bbox 1646 3803 1711 3843; x_wconf 79' lang='lat' dir='ltr'><strong>ex</strong></span> <span class='ocrx_word' id='word_1_564' title='bbox 1740 3787 1902 3857; x_wconf 85' lang='lat' dir='ltr'><strong>quin-</strong></span> <span class='ocrx_word' id='word_1_565' title='bbox 2004 3786 2287 3842; x_wconf 81' lang='lat' dir='ltr'><strong>multitudo</strong></span> <span class='ocrx_word' id='word_1_566' title='bbox 2315 3784 2552 3840; x_wconf 78' lang='lat' dir='ltr'><strong>maxima</strong></span> <span class='ocrx_word' id='word_1_567' title='bbox 2582 3781 2721 3836; x_wconf 85' lang='lat' dir='ltr'><strong><em>venit</em></strong></span> <span class='ocrx_word' id='word_1_568' title='bbox 2744 3779 2813 3834; x_wconf 87' lang='lat' dir='ltr'><strong><em>ad</em></strong></span> <span class='ocrx_word' id='word_1_569' title='bbox 2838 3793 2979 3842; x_wconf 77' lang='lat' dir='ltr'><strong>eum,</strong></span> <span class='ocrx_word' id='word_1_570' title='bbox 3008 3777 3134 3832; x_wconf 82' lang='lat' dir='ltr'><strong><em>dicit</em></strong></span> <span class='ocrx_word' id='word_1_571' title='bbox 3166 3776 3237 3831; x_wconf 89' lang='lat' dir='ltr'><strong>ad</strong></span> <span class='ocrx_word' id='word_1_572' title='bbox 3254 3775 3588 3845; x_wconf 80' lang='lat' dir='ltr'><strong>Philippum:</strong></span> 
     </span>
    </p>
   </div>
   <div class='ocr_carea' id='block_1_43' title="bbox 331 3862 3590 3948">
    <p class='ocr_par' dir='ltr' id='par_1_43' title="bbox 331 3862 3590 3948">
     <span class='ocr_line' id='line_1_43' title="bbox 331 3862 3590 3948; baseline -0.002 -23"><span class='ocrx_word' id='word_1_573' title='bbox 331 3894 351 3925; x_wconf 70' lang='grc' dir='ltr'><strong>α</strong></span> <span class='ocrx_word' id='word_1_574' title='bbox 394 3890 501 3945; x_wconf 91' lang='lat' dir='ltr'><strong>que</strong></span> <span class='ocrx_word' id='word_1_575' title='bbox 534 3874 766 3945; x_wconf 88' lang='lat' dir='ltr'><strong>panibus</strong></span> <span class='ocrx_word' id='word_1_576' title='bbox 801 3874 1116 3931; x_wconf 86' lang='lat' dir='ltr'><strong>hordeaceis</strong></span> <span class='ocrx_word' id='word_1_577' title='bbox 1149 3881 1206 3930; x_wconf 92' lang='lat' dir='ltr'><strong>et</strong></span> <span class='ocrx_word' id='word_1_578' title='bbox 1234 3875 1443 3931; x_wconf 88' lang='lat' dir='ltr'><strong>duobus</strong></span> <span class='ocrx_word' id='word_1_579' title='bbox 1479 3876 1739 3946; x_wconf 87' lang='lat' dir='ltr'><strong>piscibus,</strong></span> <span class='ocrx_word' id='word_1_580' title='bbox 1782 3893 1903 3948; x_wconf 79' lang='lat' dir='ltr'><strong>quae</strong></span> <span class='ocrx_word' id='word_1_581' title='bbox 2000 3877 2156 3934; x_wconf 81' lang='lat' dir='ltr'><strong>Unde</strong></span> <span class='ocrx_word' id='word_1_582' title='bbox 2179 3893 2408 3933; x_wconf 79' lang='lat' dir='ltr'><strong>cmemus</strong></span> <span class='ocrx_word' id='word_1_583' title='bbox 2428 3890 2609 3945; x_wconf 82' lang='lat' dir='ltr'><strong><em>panes,</em></strong></span> <span class='ocrx_word' id='word_1_584' title='bbox 2643 3881 2700 3925; x_wconf 89' lang='lat' dir='ltr'><strong>ut</strong></span> <span class='ocrx_word' id='word_1_585' title='bbox 2731 3868 3045 3924; x_wconf 81' lang='lat' dir='ltr'><strong>manducent</strong></span> <span class='ocrx_word' id='word_1_586' title='bbox 3077 3865 3173 3919; x_wconf 83' lang='lat' dir='ltr'><strong>hi?</strong></span> <span class='ocrx_word' id='word_1_587' title='bbox 3215 3863 3371 3932; x_wconf 91' lang='lat' dir='ltr'><strong>Quod</strong></span> <span class='ocrx_word' id='word_1_588' title='bbox 3411 3862 3590 3919; x_wconf 85' lang='lat' dir='ltr'><strong>suble-</strong></span> 
     </span>
    </p>
   </div>
   <div class='ocr_carea' id='block_1_44' title="bbox 332 3956 3585 4042">
    <p class='ocr_par' dir='ltr' id='par_1_44' title="bbox 332 3956 3585 4042">
     <span class='ocr_line' id='line_1_44' title="bbox 332 3956 3585 4042; baseline -0.002 -26"><span class='ocrx_word' id='word_1_589' title='bbox 332 3985 351 4016; x_wconf 69' lang='grc' dir='ltr'>ι</span> <span class='ocrx_word' id='word_1_590' title='bbox 397 3962 780 4036; x_wconf 84' lang='lat' dir='ltr'><strong>superfuerunt</strong></span> <span class='ocrx_word' id='word_1_591' title='bbox 822 3963 909 4019; x_wconf 88' lang='lat' dir='ltr'><strong>his</strong></span> <span class='ocrx_word' id='word_1_592' title='bbox 953 3964 1047 4034; x_wconf 86' lang='lat' dir='ltr'><strong>qui</strong></span> <span class='ocrx_word' id='word_1_593' title='bbox 1101 3965 1584 4021; x_wconf 85' lang='lat' dir='ltr'><strong>manducaverant.</strong></span> <span class='ocrx_word' id='word_1_594' title='bbox 1630 3966 1708 4022; x_wconf 90' lang='lat' dir='ltr'><strong>llli</strong></span> <span class='ocrx_word' id='word_1_595' title='bbox 1772 3984 1902 4042; x_wconf 81' lang='lat' dir='ltr'><strong>ergo</strong></span> <span class='ocrx_word' id='word_1_596' title='bbox 2003 3984 2163 4027; x_wconf 80' lang='lat' dir='ltr'><strong>vassc</strong></span> <span class='ocrx_word' id='word_1_597' title='bbox 2222 3967 2411 4024; x_wconf 88' lang='lat' dir='ltr'><strong>oculos</strong></span> <span class='ocrx_word' id='word_1_598' title='bbox 2440 3964 2622 4028; x_wconf 81' lang='lat' dir='ltr'><strong>Jesus,</strong></span> <span class='ocrx_word' id='word_1_599' title='bbox 2658 3972 2715 4019; x_wconf 90' lang='lat' dir='ltr'><strong>et</strong></span> <span class='ocrx_word' id='word_1_600' title='bbox 2749 3962 3058 4016; x_wconf 80' lang='lat' dir='ltr'><strong>venientem</strong></span> <span class='ocrx_word' id='word_1_601' title='bbox 3098 3959 3167 4012; x_wconf 89' lang='lat' dir='ltr'><strong>ad</strong></span> <span class='ocrx_word' id='word_1_602' title='bbox 3194 3973 3256 4012; x_wconf 87' lang='lat' dir='ltr'><strong>se</strong></span> <span class='ocrx_word' id='word_1_603' title='bbox 3293 3956 3585 4012; x_wconf 50' lang='lat' dir='ltr'><strong>multitudiv</strong></span> 
     </span>
    </p>
   </div>
   <div class='ocr_carea' id='block_1_45' title="bbox 332 4047 3639 4128">
    <p class='ocr_par' dir='ltr' id='par_1_45' title="bbox 332 4047 3639 4128">
     <span class='ocr_line' id='line_1_45' title="bbox 332 4047 3639 4128; baseline -0.002 -18"><span class='ocrx_word' id='word_1_604' title='bbox 332 4075 349 4105; x_wconf 69' lang='grc' dir='ltr'><strong><em>ι</em></strong></span> <span class='ocrx_word' id='word_1_605' title='bbox 398 4056 644 4112; x_wconf 89' lang='lat' dir='ltr'><strong>homines</strong></span> <span class='ocrx_word' id='word_1_606' title='bbox 667 4070 787 4110; x_wconf 89' lang='lat' dir='ltr'><strong>cum</strong></span> <span class='ocrx_word' id='word_1_607' title='bbox 814 4055 1076 4111; x_wconf 86' lang='lat' dir='ltr'><strong>vidissent</strong></span> <span class='ocrx_word' id='word_1_608' title='bbox 1099 4056 1241 4125; x_wconf 89' lang='lat' dir='ltr'><strong>quod</strong></span> <span class='ocrx_word' id='word_1_609' title='bbox 1281 4056 1487 4111; x_wconf 82' lang='lat' dir='ltr'><strong>fecerat</strong></span> <span class='ocrx_word' id='word_1_610' title='bbox 1512 4056 1727 4128; x_wconf 84' lang='lat' dir='ltr'><strong>signum</strong></span> <span class='ocrx_word' id='word_1_611' title='bbox 1751 4058 1901 4117; x_wconf 90' lang='lat' dir='ltr'><strong>dice-</strong></span> <span class='ocrx_word' id='word_1_612' title='bbox 2003 4077 2127 4117; x_wconf 90' lang='lat' dir='ltr'><strong>nem</strong></span> <span class='ocrx_word' id='word_1_613' title='bbox 2176 4060 2376 4114; x_wconf 75' lang='lat' dir='ltr'><strong>vidisse</strong></span> <span class='ocrx_word' id='word_1_614' title='bbox 2429 4053 2763 4126; x_wconf 85' lang='lat' dir='ltr'><strong>perhibetur,</strong></span> <span class='ocrx_word' id='word_1_615' title='bbox 2815 4050 3013 4105; x_wconf 60' lang='lat' dir='ltr'><strong>divinae</strong></span> <span class='ocrx_word' id='word_1_616' title='bbox 3055 4048 3274 4118; x_wconf 88' lang='lat' dir='ltr'><strong>pietatis</strong></span> <span class='ocrx_word' id='word_1_617' title='bbox 3327 4047 3589 4102; x_wconf 89' lang='lat' dir='ltr'><strong>indicium</strong></span> <span class='ocrx_word' id='word_1_618' title='bbox 3627 4107 3639 4120; x_wconf 52' lang='grc'><em>,</em></span> 
     </span>
    </p>
   </div>
   <div class='ocr_carea' id='block_1_46' title="bbox 332 4136 3589 4220">
    <p class='ocr_par' dir='ltr' id='par_1_46' title="bbox 332 4136 3589 4220">
     <span class='ocr_line' id='line_1_46' title="bbox 332 4136 3589 4220; baseline -0.002 -22"><span class='ocrx_word' id='word_1_619' title='bbox 332 4166 351 4198; x_wconf 71' lang='grc' dir='ltr'>ι</span> <span class='ocrx_word' id='word_1_620' title='bbox 396 4148 528 4202; x_wconf 88' lang='lat' dir='ltr'><strong>bant</strong></span> <span class='ocrx_word' id='word_1_621' title='bbox 554 4161 571 4200; x_wconf 86' lang='lat'><strong>:</strong></span> <span class='ocrx_word' id='word_1_622' title='bbox 601 4145 738 4214; x_wconf 90' lang='lat' dir='ltr'><strong>Quia</strong></span> <span class='ocrx_word' id='word_1_623' title='bbox 794 4147 883 4202; x_wconf 86' lang='lat' dir='ltr'><strong>hic</strong></span> <span class='ocrx_word' id='word_1_624' title='bbox 922 4154 1008 4202; x_wconf 90' lang='lat' dir='ltr'><strong>est</strong></span> <span class='ocrx_word' id='word_1_625' title='bbox 1042 4162 1170 4203; x_wconf 82' lang='lat' dir='ltr'><strong>vere</strong></span> <span class='ocrx_word' id='word_1_626' title='bbox 1206 4146 1467 4218; x_wconf 86' lang='lat' dir='ltr'><strong>propheta</strong></span> <span class='ocrx_word' id='word_1_627' title='bbox 1507 4150 1598 4220; x_wconf 88' lang='lat' dir='ltr'><strong>qui</strong></span> <span class='ocrx_word' id='word_1_628' title='bbox 1645 4160 1904 4209; x_wconf 87' lang='lat' dir='ltr'><strong>venturus</strong></span> <span class='ocrx_word' id='word_1_629' title='bbox 2000 4159 2107 4215; x_wconf 86' lang='lat' dir='ltr'><strong>est,</strong></span> <span class='ocrx_word' id='word_1_630' title='bbox 2137 4148 2264 4219; x_wconf 89' lang='lat' dir='ltr'><strong>quia</strong></span> <span class='ocrx_word' id='word_1_631' title='bbox 2291 4144 2543 4201; x_wconf 85' lang='lat' dir='ltr'><strong>videlicet</strong></span> <span class='ocrx_word' id='word_1_632' title='bbox 2567 4140 2778 4197; x_wconf 91' lang='lat' dir='ltr'><strong>cunctis</strong></span> <span class='ocrx_word' id='word_1_633' title='bbox 2805 4138 2874 4193; x_wconf 85' lang='lat' dir='ltr'><strong>ad</strong></span> <span class='ocrx_word' id='word_1_634' title='bbox 2900 4152 2959 4193; x_wconf 89' lang='lat' dir='ltr'><strong>se</strong></span> <span class='ocrx_word' id='word_1_635' title='bbox 2982 4138 3169 4193; x_wconf 86' lang='lat' dir='ltr'><strong>venire</strong></span> <span class='ocrx_word' id='word_1_636' title='bbox 3195 4136 3589 4207; x_wconf 80' lang='lat' dir='ltr'><strong>quaerentibus,</strong></span> 
     </span>
    </p>
   </div>
   <div class='ocr_carea' id='block_1_47' title="bbox 332 4230 3586 4316">
    <p class='ocr_par' dir='ltr' id='par_1_47' title="bbox 332 4230 3586 4316">
     <span class='ocr_line' id='line_1_47' title="bbox 332 4230 3586 4316; baseline -0.006 -14"><span class='ocrx_word' id='word_1_637' title='bbox 332 4258 350 4291; x_wconf 66' lang='grc' dir='ltr'><strong>ι</strong></span> <span class='ocrx_word' id='word_1_638' title='bbox 396 4247 481 4294; x_wconf 72' lang='grc' dir='ltr'><strong>εει</strong></span> <span class='ocrx_word' id='word_1_639' title='bbox 513 4237 571 4301; x_wconf 75' lang='lat' dir='ltr'><strong>in</strong></span> <span class='ocrx_word' id='word_1_640' title='bbox 598 4237 877 4293; x_wconf 77' lang='lat' dir='ltr'><strong>mundum-</strong></span> <span class='ocrx_word' id='word_1_641' title='bbox 925 4257 946 4290; x_wconf 70' lang='grc' dir='ltr'><strong><em>ι</em></strong></span> <span class='ocrx_word' id='word_1_642' title='bbox 1676 4261 1684 4269; x_wconf 61' lang='grc' dir='ltr'><strong><em>ί</em></strong></span> <span class='ocrx_word' id='word_1_643' title='bbox 2004 4241 2180 4316; x_wconf 83' lang='lat' dir='ltr'><strong>gratia</strong></span> <span class='ocrx_word' id='word_1_644' title='bbox 2224 4234 2612 4295; x_wconf 83' lang='lat' dir='ltr'><strong>misericordiae</strong></span> <span class='ocrx_word' id='word_1_645' title='bbox 2660 4231 2900 4288; x_wconf 66' lang='lat' dir='ltr'><strong>caelestis</strong></span> <span class='ocrx_word' id='word_1_646' title='bbox 2944 4243 3236 4285; x_wconf 90' lang='lat' dir='ltr'><strong>occurrere</strong></span> <span class='ocrx_word' id='word_1_647' title='bbox 3285 4230 3586 4284; x_wconf 86' lang='lat' dir='ltr'><strong>consuevit.</strong></span> 
     </span>
    </p>
   </div>
   <div class='ocr_carea' id='block_1_48' title="bbox 396 4320 3591 4404">
    <p class='ocr_par' dir='ltr' id='par_1_48' title="bbox 396 4320 3591 4404">
     <span class='ocr_line' id='line_1_48' title="bbox 396 4320 3591 4404; baseline -0.003 -21"><span class='ocrx_word' id='word_1_648' title='bbox 396 4329 536 4384; x_wconf 84' lang='lat' dir='ltr'><strong><em>Abiit</em></strong></span> <span class='ocrx_word' id='word_1_649' title='bbox 556 4329 713 4384; x_wconf 75' lang='lat' dir='ltr'><strong><em>Iesus</em></strong></span> <span class='ocrx_word' id='word_1_650' title='bbox 742 4338 890 4383; x_wconf 85' lang='lat' dir='ltr'><strong>trans</strong></span> <span class='ocrx_word' id='word_1_651' title='bbox 924 4345 1068 4383; x_wconf 88' lang='lat' dir='ltr'><strong>mare</strong></span> <span class='ocrx_word' id='word_1_652' title='bbox 1088 4327 1357 4398; x_wconf 70' lang='lat' dir='ltr'><strong><em>Galilteaa,</em></strong></span> <span class='ocrx_word' id='word_1_653' title='bbox 1390 4334 1531 4404; x_wconf 86' lang='lat' dir='ltr'><strong>quod</strong></span> <span class='ocrx_word' id='word_1_654' title='bbox 1562 4345 1636 4389; x_wconf 80' lang='lat' dir='ltr'><strong><em>est</em></strong></span> <span class='ocrx_word' id='word_1_655' title='bbox 1669 4334 1904 4390; x_wconf 85' lang='lat' dir='ltr'><strong><em>Tiberia-</em></strong></span> <span class='ocrx_word' id='word_1_656' title='bbox 2007 4334 2075 4388; x_wconf 83' lang='lat' dir='ltr'><strong>Et</strong></span> <span class='ocrx_word' id='word_1_657' title='bbox 2109 4348 2177 4387; x_wconf 90' lang='lat' dir='ltr'><strong>ne</strong></span> <span class='ocrx_word' id='word_1_658' title='bbox 2209 4328 2502 4402; x_wconf 66' lang='lat' dir='ltr'><strong>quaerendo</strong></span> <span class='ocrx_word' id='word_1_659' title='bbox 2536 4338 2724 4381; x_wconf 88' lang='lat' dir='ltr'><strong>errare</strong></span> <span class='ocrx_word' id='word_1_660' title='bbox 2756 4324 2994 4395; x_wconf 88' lang='lat' dir='ltr'><strong>possint,</strong></span> <span class='ocrx_word' id='word_1_661' title='bbox 3033 4321 3210 4377; x_wconf 88' lang='lat' dir='ltr'><strong>lucem</strong></span> <span class='ocrx_word' id='word_1_662' title='bbox 3244 4320 3326 4375; x_wconf 89' lang='lat' dir='ltr'><strong>sui</strong></span> <span class='ocrx_word' id='word_1_663' title='bbox 3367 4321 3591 4390; x_wconf 88' lang='lat' dir='ltr'><strong>spiritus</strong></span> 
     </span>
    </p>
   </div>
   <div class='ocr_carea' id='block_1_49' title="bbox 329 4415 3589 4503">
    <p class='ocr_par' dir='ltr' id='par_1_49' title="bbox 329 4415 3589 4503">
     <span class='ocr_line' id='line_1_49' title="bbox 329 4415 3589 4503; baseline -0.002 -27"><span class='ocrx_word' id='word_1_664' title='bbox 329 4422 431 4487; x_wconf 64' lang='lat' dir='ltr'><strong><em>dis,</em></strong></span> <span class='ocrx_word' id='word_1_665' title='bbox 464 4431 515 4476; x_wconf 88' lang='lat' dir='ltr'><strong><em>et</em></strong></span> <span class='ocrx_word' id='word_1_666' title='bbox 548 4423 858 4493; x_wconf 84' lang='lat' dir='ltr'><strong><em>sequebatur</em></strong></span> <span class='ocrx_word' id='word_1_667' title='bbox 886 4439 1005 4477; x_wconf 86' lang='lat' dir='ltr'><strong>eum</strong></span> <span class='ocrx_word' id='word_1_668' title='bbox 1033 4422 1315 4480; x_wconf 84' lang='lat' dir='ltr'><strong>multitudo</strong></span> <span class='ocrx_word' id='word_1_669' title='bbox 1349 4442 1564 4496; x_wconf 81' lang='lat' dir='ltr'><strong>magna,</strong></span> <span class='ocrx_word' id='word_1_670' title='bbox 1592 4435 1650 4481; x_wconf 91' lang='lat' dir='ltr'><strong>et</strong></span> <span class='ocrx_word' id='word_1_671' title='bbox 1671 4427 1897 4497; x_wconf 87' lang='lat' dir='ltr'><strong>reliqua.</strong></span> <span class='ocrx_word' id='word_1_672' title='bbox 1925 4443 1981 4503; x_wconf 73' lang='grc' dir='ltr'><strong>ι)</strong></span> <span class='ocrx_word' id='word_1_673' title='bbox 2006 4424 2218 4494; x_wconf 90' lang='lat' dir='ltr'><strong>aperire</strong></span> <span class='ocrx_word' id='word_1_674' title='bbox 2259 4420 2602 4479; x_wconf 79' lang='lat' dir='ltr'><strong>currentibus</strong></span> <span class='ocrx_word' id='word_1_675' title='bbox 2644 4435 2753 4475; x_wconf 90' lang='lat' dir='ltr'><strong>non</strong></span> <span class='ocrx_word' id='word_1_676' title='bbox 2799 4418 3018 4475; x_wconf 90' lang='lat' dir='ltr'><strong>desinit.</strong></span> <span class='ocrx_word' id='word_1_677' title='bbox 3071 4417 3209 4472; x_wconf 88' lang='lat' dir='ltr'><strong>Nam</strong></span> <span class='ocrx_word' id='word_1_678' title='bbox 3256 4416 3402 4486; x_wconf 86' lang='lat' dir='ltr'><strong>quod</strong></span> <span class='ocrx_word' id='word_1_679' title='bbox 3448 4415 3589 4470; x_wconf 84' lang='lat' dir='ltr'><strong>oculi</strong></span> 
     </span>
    </p>
   </div>
   <div class='ocr_carea' id='block_1_50' title="bbox 328 4509 3590 4590">
    <p class='ocr_par' dir='ltr' id='par_1_50' title="bbox 328 4509 3590 4590">
     <span class='ocr_line' id='line_1_50' title="bbox 328 4509 3590 4590; baseline -0.005 -14"><span class='ocrx_word' id='word_1_680' title='bbox 328 4517 430 4577; x_wconf 76' lang='lat' dir='ltr'><strong>tEx</strong></span> <span class='ocrx_word' id='word_1_681' title='bbox 456 4517 643 4590; x_wconf 87' lang='lat' dir='ltr'><strong>Beda.)</strong></span> <span class='ocrx_word' id='word_1_682' title='bbox 674 4517 857 4574; x_wconf 89' lang='lat' dir='ltr'><strong>Primo</strong></span> <span class='ocrx_word' id='word_1_683' title='bbox 892 4518 1202 4582; x_wconf 87' lang='lat' dir='ltr'><strong>dicendum,</strong></span> <span class='ocrx_word' id='word_1_684' title='bbox 1239 4517 1397 4588; x_wconf 81' lang='lat' dir='ltr'><strong>juxta</strong></span> <span class='ocrx_word' id='word_1_685' title='bbox 1429 4519 1743 4583; x_wconf 83' lang='lat' dir='ltr'><strong>historiam,</strong></span> <span class='ocrx_word' id='word_1_686' title='bbox 1772 4519 1898 4588; x_wconf 89' lang='lat' dir='ltr'><strong>quia</strong></span> <span class='ocrx_word' id='word_1_687' title='bbox 2007 4514 2134 4570; x_wconf 84' lang='lat' dir='ltr'><strong>Jesu</strong></span> <span class='ocrx_word' id='word_1_688' title='bbox 2162 4515 2303 4570; x_wconf 90' lang='lat' dir='ltr'><strong>dona</strong></span> <span class='ocrx_word' id='word_1_689' title='bbox 2343 4512 2568 4584; x_wconf 88' lang='lat' dir='ltr'><strong>spiritus</strong></span> <span class='ocrx_word' id='word_1_690' title='bbox 2603 4513 2721 4584; x_wconf 85' lang='lat' dir='ltr'><strong>ejus</strong></span> <span class='ocrx_word' id='word_1_691' title='bbox 2759 4510 2988 4582; x_wconf 84' lang='lat' dir='ltr'><strong>mystice</strong></span> <span class='ocrx_word' id='word_1_692' title='bbox 3026 4509 3328 4579; x_wconf 78' lang='lat' dir='ltr'><strong>designent,</strong></span> <span class='ocrx_word' id='word_1_693' title='bbox 3360 4513 3590 4561; x_wconf 85' lang='lat' dir='ltr'><strong>testatur</strong></span> 
     </span>
    </p>
   </div>
   <div class='ocr_carea' id='block_1_51' title="bbox 329 4596 3583 4681">
    <p class='ocr_par' dir='ltr' id='par_1_51' title="bbox 329 4596 3583 4681">
     <span class='ocr_line' id='line_1_51' title="bbox 329 4596 3583 4681; baseline -0.004 -18"><span class='ocrx_word' id='word_1_694' title='bbox 329 4623 478 4664; x_wconf 88' lang='lat' dir='ltr'><strong>mare</strong></span> <span class='ocrx_word' id='word_1_695' title='bbox 499 4608 754 4675; x_wconf 67' lang='lat' dir='ltr'><strong>Galilacm,</strong></span> <span class='ocrx_word' id='word_1_696' title='bbox 781 4610 925 4680; x_wconf 88' lang='lat' dir='ltr'><strong>quod</strong></span> <span class='ocrx_word' id='word_1_697' title='bbox 956 4611 1164 4676; x_wconf 90' lang='lat' dir='ltr'><strong>multis,</strong></span> <span class='ocrx_word' id='word_1_698' title='bbox 1196 4626 1296 4681; x_wconf 91' lang='lat' dir='ltr'><strong>pro</strong></span> <span class='ocrx_word' id='word_1_699' title='bbox 1331 4611 1641 4666; x_wconf 83' lang='lat' dir='ltr'><strong>diversitate</strong></span> <span class='ocrx_word' id='word_1_700' title='bbox 1667 4610 1903 4666; x_wconf 88' lang='lat' dir='ltr'><strong>circum—</strong></span> <span class='ocrx_word' id='word_1_701' title='bbox 2010 4607 2065 4661; x_wconf 90' lang='lat' dir='ltr'><strong>in</strong></span> <span class='ocrx_word' id='word_1_702' title='bbox 2090 4605 2412 4677; x_wconf 83' lang='lat' dir='ltr'><strong>Apocalypsi</strong></span> <span class='ocrx_word' id='word_1_703' title='bbox 2438 4602 2694 4669; x_wconf 77' lang='lat' dir='ltr'><strong>Joannes,</strong></span> <span class='ocrx_word' id='word_1_704' title='bbox 2725 4603 2818 4674; x_wconf 76' lang='lat' dir='ltr'><strong>qui</strong></span> <span class='ocrx_word' id='word_1_705' title='bbox 2851 4603 3078 4672; x_wconf 82' lang='lat' dir='ltr'><strong>ﬁgurate</strong></span> <span class='ocrx_word' id='word_1_706' title='bbox 3104 4600 3333 4670; x_wconf 85' lang='lat' dir='ltr'><strong>loquens</strong></span> <span class='ocrx_word' id='word_1_707' title='bbox 3362 4597 3428 4653; x_wconf 89' lang='lat' dir='ltr'><strong>de</strong></span> <span class='ocrx_word' id='word_1_708' title='bbox 3462 4596 3583 4651; x_wconf 74' lang='lat' dir='ltr'><strong>ille:</strong></span> 
     </span>
    </p>
   </div>
   <div class='ocr_carea' id='block_1_52' title="bbox 323 4692 3585 4774">
    <p class='ocr_par' dir='ltr' id='par_1_52' title="bbox 323 4692 3585 4774">
     <span class='ocr_line' id='line_1_52' title="bbox 323 4692 3585 4774; baseline -0.004 -18"><span class='ocrx_word' id='word_1_709' title='bbox 323 4702 614 4771; x_wconf 75' lang='lat' dir='ltr'><strong>iacentium</strong></span> <span class='ocrx_word' id='word_1_710' title='bbox 663 4703 943 4774; x_wconf 78' lang='lat' dir='ltr'><strong>regionum</strong></span> <span class='ocrx_word' id='word_1_711' title='bbox 969 4744 984 4770; x_wconf 96' lang='lat'><strong><em>,</em></strong></span> <span class='ocrx_word' id='word_1_712' title='bbox 1033 4703 1312 4759; x_wconf 79' lang='lat' dir='ltr'><strong>vocabulis</strong></span> <span class='ocrx_word' id='word_1_713' title='bbox 1363 4703 1713 4772; x_wconf 78' lang='lat' dir='ltr'><strong>distinguitur</strong></span> <span class='ocrx_word' id='word_1_714' title='bbox 1733 4743 1748 4768; x_wconf 96' lang='lat'><strong><em>,</em></strong></span> <span class='ocrx_word' id='word_1_715' title='bbox 1799 4702 1904 4757; x_wconf 85' lang='lat' dir='ltr'><strong>illis</strong></span> <span class='ocrx_word' id='word_1_716' title='bbox 2011 4700 2079 4754; x_wconf 82' lang='lat' dir='ltr'><strong>Et</strong></span> <span class='ocrx_word' id='word_1_717' title='bbox 2099 4700 2223 4767; x_wconf 88' lang='lat' dir='ltr'><strong><em>vidi,</em></strong></span> <span class='ocrx_word' id='word_1_718' title='bbox 2251 4700 2656 4770; x_wconf 84' lang='lat' dir='ltr'><strong>inquit,aguum</strong></span> <span class='ocrx_word' id='word_1_719' title='bbox 2681 4707 2905 4757; x_wconf 77' lang='lat' dir='ltr'><strong>stantem</strong></span> <span class='ocrx_word' id='word_1_720' title='bbox 2934 4705 3184 4765; x_wconf 80' lang='lat' dir='ltr'><strong>tanquam</strong></span> <span class='ocrx_word' id='word_1_721' title='bbox 3213 4692 3464 4756; x_wconf 83' lang='lat' dir='ltr'><strong>occisum,</strong></span> <span class='ocrx_word' id='word_1_722' title='bbox 3488 4692 3585 4744; x_wconf 85' lang='lat' dir='ltr'><strong>Ita-</strong></span> 
     </span>
    </p>
   </div>
   <div class='ocr_carea' id='block_1_53' title="bbox 330 4778 3586 4863">
    <p class='ocr_par' dir='ltr' id='par_1_53' title="bbox 330 4778 3586 4863">
     <span class='ocr_line' id='line_1_53' title="bbox 330 4778 3586 4863; baseline -0.003 -17"><span class='ocrx_word' id='word_1_723' title='bbox 330 4800 539 4847; x_wconf 84' lang='lat' dir='ltr'><strong>tantum</strong></span> <span class='ocrx_word' id='word_1_724' title='bbox 577 4792 633 4847; x_wconf 89' lang='lat' dir='ltr'><strong>in</strong></span> <span class='ocrx_word' id='word_1_725' title='bbox 668 4793 801 4848; x_wconf 90' lang='lat' dir='ltr'><strong>locis</strong></span> <span class='ocrx_word' id='word_1_726' title='bbox 830 4809 981 4849; x_wconf 88' lang='lat' dir='ltr'><strong>mare</strong></span> <span class='ocrx_word' id='word_1_727' title='bbox 1007 4793 1312 4849; x_wconf 86' lang='lat' dir='ltr'><strong>Tiberiadis</strong></span> <span class='ocrx_word' id='word_1_728' title='bbox 1349 4801 1595 4859; x_wconf 88' lang='lat' dir='ltr'><strong>vocatur,</strong></span> <span class='ocrx_word' id='word_1_729' title='bbox 1627 4792 1719 4847; x_wconf 92' lang='lat' dir='ltr'><strong>ubi</strong></span> <span class='ocrx_word' id='word_1_730' title='bbox 1746 4792 1906 4848; x_wconf 87' lang='lat' dir='ltr'><strong>Tibe-</strong></span> <span class='ocrx_word' id='word_1_731' title='bbox 2010 4793 2209 4847; x_wconf 86' lang='lat' dir='ltr'><strong>bentem</strong></span> <span class='ocrx_word' id='word_1_732' title='bbox 2238 4808 2434 4846; x_wconf 87' lang='lat' dir='ltr'><strong>cornua</strong></span> <span class='ocrx_word' id='word_1_733' title='bbox 2469 4802 2682 4863; x_wconf 82' lang='lat' dir='ltr'><strong>septem,</strong></span> <span class='ocrx_word' id='word_1_734' title='bbox 2706 4800 2755 4845; x_wconf 85' lang='lat' dir='ltr'><strong>et</strong></span> <span class='ocrx_word' id='word_1_735' title='bbox 2783 4788 2962 4844; x_wconf 85' lang='lat' dir='ltr'><strong>oculos</strong></span> <span class='ocrx_word' id='word_1_736' title='bbox 2994 4778 3210 4858; x_wconf 65' lang='lat' dir='ltr'><strong><em>septem,</em></strong></span> <span class='ocrx_word' id='word_1_737' title='bbox 3237 4784 3327 4855; x_wconf 86' lang='lat' dir='ltr'><strong>qui</strong></span> <span class='ocrx_word' id='word_1_738' title='bbox 3355 4792 3476 4837; x_wconf 85' lang='lat' dir='ltr'><strong>sunt</strong></span> <span class='ocrx_word' id='word_1_739' title='bbox 3503 4799 3586 4836; x_wconf 79' lang='lat' dir='ltr'><strong>se-</strong></span> 
     </span>
    </p>
   </div>
   <div class='ocr_carea' id='block_1_54' title="bbox 329 4873 3583 4954">
    <p class='ocr_par' dir='ltr' id='par_1_54' title="bbox 329 4873 3583 4954">
     <span class='ocr_line' id='line_1_54' title="bbox 329 4873 3583 4954; baseline -0.003 -19"><span class='ocrx_word' id='word_1_740' title='bbox 329 4883 533 4939; x_wconf 77' lang='lat' dir='ltr'><strong>tiadem</strong></span> <span class='ocrx_word' id='word_1_741' title='bbox 570 4883 875 4949; x_wconf 88' lang='lat' dir='ltr'><strong>civitatem,</strong></span> <span class='ocrx_word' id='word_1_742' title='bbox 907 4885 1063 4954; x_wconf 90' lang='lat' dir='ltr'><strong>aquis</strong></span> <span class='ocrx_word' id='word_1_743' title='bbox 1082 4925 1098 4950; x_wconf 97' lang='lat'><strong><em>,</em></strong></span> <span class='ocrx_word' id='word_1_744' title='bbox 1127 4892 1187 4938; x_wconf 91' lang='lat' dir='ltr'><strong>ut</strong></span> <span class='ocrx_word' id='word_1_745' title='bbox 1223 4884 1390 4946; x_wconf 90' lang='lat' dir='ltr'><strong>aiunt,</strong></span> <span class='ocrx_word' id='word_1_746' title='bbox 1417 4883 1605 4938; x_wconf 85' lang='lat' dir='ltr'><strong>calidis</strong></span> <span class='ocrx_word' id='word_1_747' title='bbox 1633 4882 1901 4938; x_wconf 87' lang='lat' dir='ltr'><strong>salubrem</strong></span> <span class='ocrx_word' id='word_1_748' title='bbox 2010 4894 2147 4953; x_wconf 83' lang='lat' dir='ltr'><strong>ptem</strong></span> <span class='ocrx_word' id='word_1_749' title='bbox 2175 4881 2391 4953; x_wconf 86' lang='lat' dir='ltr'><strong><em>spiritus</em></strong></span> <span class='ocrx_word' id='word_1_750' title='bbox 2415 4882 2534 4946; x_wconf 88' lang='lat' dir='ltr'><strong><em>Dei,</em></strong></span> <span class='ocrx_word' id='word_1_751' title='bbox 2565 4876 2711 4935; x_wconf 79' lang='lat' dir='ltr'><strong><em>missi</em></strong></span> <span class='ocrx_word' id='word_1_752' title='bbox 2749 4881 2802 4934; x_wconf 85' lang='lat' dir='ltr'><strong><em>in</em></strong></span> <span class='ocrx_word' id='word_1_753' title='bbox 2838 4894 3042 4934; x_wconf 82' lang='lat' dir='ltr'><strong>omnem</strong></span> <span class='ocrx_word' id='word_1_754' title='bbox 3071 4886 3266 4931; x_wconf 81' lang='lat' dir='ltr'><strong>terram</strong></span> <span class='ocrx_word' id='word_1_755' title='bbox 3302 4873 3485 4945; x_wconf 78' lang='lat' dir='ltr'><strong>(Apoc.</strong></span> <span class='ocrx_word' id='word_1_756' title='bbox 3511 4873 3583 4944; x_wconf 85' lang='lat' dir='ltr'><strong>v).</strong></span> 
     </span>
    </p>
   </div>
   <div class='ocr_carea' id='block_1_55' title="bbox 331 4965 3587 5045">
    <p class='ocr_par' dir='ltr' id='par_1_55' title="bbox 331 4965 3587 5045">
     <span class='ocr_line' id='line_1_55' title="bbox 331 4965 3587 5045; baseline -0.003 -18"><span class='ocrx_word' id='word_1_757' title='bbox 331 4973 715 5029; x_wconf 82' lang='lat' dir='ltr'><strong>habitationem</strong></span> <span class='ocrx_word' id='word_1_758' title='bbox 769 4983 1168 5045; x_wconf 63' lang='lat' dir='ltr'><strong>praemonstrat.</strong></span> <span class='ocrx_word' id='word_1_759' title='bbox 1234 4973 1510 5044; x_wconf 90' lang='lat' dir='ltr'><strong>Siquidem</strong></span> <span class='ocrx_word' id='word_1_760' title='bbox 1566 4972 1908 5029; x_wconf 83' lang='lat' dir='ltr'><strong>interﬂuente</strong></span> <span class='ocrx_word' id='word_1_761' title='bbox 2080 4978 2194 5033; x_wconf 85' lang='lat' dir='ltr'><strong>Hoc</strong></span> <span class='ocrx_word' id='word_1_762' title='bbox 2220 4986 2397 5031; x_wconf 85' lang='lat' dir='ltr'><strong>autem</strong></span> <span class='ocrx_word' id='word_1_763' title='bbox 2419 4974 2621 5029; x_wconf 84' lang='lat' dir='ltr'><strong>dicebat</strong></span> <span class='ocrx_word' id='word_1_764' title='bbox 2668 4982 2873 5028; x_wconf 84' lang='lat' dir='ltr'><strong><em>tentans</em></strong></span> <span class='ocrx_word' id='word_1_765' title='bbox 2907 4987 3047 5035; x_wconf 86' lang='lat' dir='ltr'><strong>eum,</strong></span> <span class='ocrx_word' id='word_1_766' title='bbox 3093 4971 3202 5039; x_wconf 85' lang='lat' dir='ltr'><strong><em>ipse</em></strong></span> <span class='ocrx_word' id='word_1_767' title='bbox 3233 4968 3369 5022; x_wconf 83' lang='lat' dir='ltr'><strong><em>enim</em></strong></span> <span class='ocrx_word' id='word_1_768' title='bbox 3395 4965 3587 5020; x_wconf 80' lang='lat' dir='ltr'><strong><em>sciebat</em></strong></span> 
     </span>
    </p>
   </div>
   <div class='ocr_carea' id='block_1_56' title="bbox 326 5056 3589 5141">
    <p class='ocr_par' dir='ltr' id='par_1_56' title="bbox 326 5056 3589 5141">
     <span class='ocr_line' id='line_1_56' title="bbox 326 5056 3589 5141; baseline -0.003 -24"><span class='ocrx_word' id='word_1_769' title='bbox 326 5061 585 5125; x_wconf 78' lang='lat' dir='ltr'><strong>.iordane,</strong></span> <span class='ocrx_word' id='word_1_770' title='bbox 610 5062 975 5135; x_wconf 78' lang='lat' dir='ltr'><strong>duodeviginti</strong></span> <span class='ocrx_word' id='word_1_771' title='bbox 1005 5080 1258 5135; x_wconf 86' lang='lat' dir='ltr'><strong>passuum</strong></span> <span class='ocrx_word' id='word_1_772' title='bbox 1296 5063 1533 5119; x_wconf 91' lang='lat' dir='ltr'><strong>millibus</strong></span> <span class='ocrx_word' id='word_1_773' title='bbox 1569 5065 1623 5118; x_wconf 91' lang='lat' dir='ltr'><strong>in</strong></span> <span class='ocrx_word' id='word_1_774' title='bbox 1663 5063 1903 5135; x_wconf 87' lang='lat' dir='ltr'><strong>longum,</strong></span> <span class='ocrx_word' id='word_1_775' title='bbox 2005 5069 2132 5141; x_wconf 83' lang='lat' dir='ltr'><strong>quid</strong></span> <span class='ocrx_word' id='word_1_776' title='bbox 2163 5076 2295 5123; x_wconf 78' lang='lat' dir='ltr'><strong><em>esset</em></strong></span> <span class='ocrx_word' id='word_1_777' title='bbox 2328 5066 2587 5136; x_wconf 81' lang='lat' dir='ltr'><strong>facturus.</strong></span> <span class='ocrx_word' id='word_1_778' title='bbox 2631 5062 2916 5134; x_wconf 81' lang='lat' dir='ltr'><strong>Respondit</strong></span> <span class='ocrx_word' id='word_1_779' title='bbox 2970 5062 3018 5116; x_wconf 90' lang='lat' dir='ltr'><strong><em>ei</em></strong></span> <span class='ocrx_word' id='word_1_780' title='bbox 3043 5058 3320 5130; x_wconf 79' lang='lat' dir='ltr'><strong><em>Philippus</em></strong></span> <span class='ocrx_word' id='word_1_781' title='bbox 3342 5074 3361 5112; x_wconf 90' lang='lat'><strong><em>:</em></strong></span> <span class='ocrx_word' id='word_1_782' title='bbox 3378 5056 3589 5121; x_wconf 77' lang='lat' dir='ltr'><strong>Ducen-</strong></span> 
     </span>
    </p>
   </div>
   <div class='ocr_carea' id='block_1_57' title="bbox 328 5151 1905 5226">
    <p class='ocr_par' dir='ltr' id='par_1_57' title="bbox 328 5151 1901 5223">
     <span class='ocr_line' id='line_1_57' title="bbox 328 5151 1901 5223; baseline 0 -17"><span class='ocrx_word' id='word_1_783' title='bbox 328 5160 386 5206; x_wconf 80' lang='lat' dir='ltr'><strong>et</strong></span> <span class='ocrx_word' id='word_1_784' title='bbox 428 5151 668 5221; x_wconf 90' lang='lat' dir='ltr'><strong>quinque</strong></span> <span class='ocrx_word' id='word_1_785' title='bbox 714 5153 1023 5208; x_wconf 81' lang='lat' dir='ltr'><strong>extenditur</strong></span> <span class='ocrx_word' id='word_1_786' title='bbox 1072 5155 1127 5209; x_wconf 90' lang='lat' dir='ltr'><strong>in</strong></span> <span class='ocrx_word' id='word_1_787' title='bbox 1177 5154 1362 5208; x_wconf 89' lang='lat' dir='ltr'><strong>latum.</strong></span> <span class='ocrx_word' id='word_1_788' title='bbox 1431 5152 1657 5223; x_wconf 84' lang='lat' dir='ltr'><strong>Mystice</strong></span> <span class='ocrx_word' id='word_1_789' title='bbox 1701 5162 1901 5221; x_wconf 86' lang='lat' dir='ltr'><strong>autem,</strong></span> 
     </span>
    </p>
   </div>
   <div class='ocr_carea' id='block_1_58' title="bbox 2013 5151 3590 5226">
    <p class='ocr_par' dir='ltr' id='par_1_58' title="bbox 2013 5152 3590 5226">
     <span class='ocr_line' id='line_1_58' title="bbox 2013 5152 3590 5226; baseline -0.01 -11"><span class='ocrx_word' id='word_1_790' title='bbox 2013 5171 2182 5215; x_wconf 86' lang='lat' dir='ltr'><strong>torum</strong></span> <span class='ocrx_word' id='word_1_791' title='bbox 2216 5157 2553 5212; x_wconf 85' lang='lat' dir='ltr'><strong>denariorum</strong></span> <span class='ocrx_word' id='word_1_792' title='bbox 2584 5170 2746 5226; x_wconf 90' lang='lat' dir='ltr'><strong><em>panes</em></strong></span> <span class='ocrx_word' id='word_1_793' title='bbox 2782 5170 2886 5207; x_wconf 85' lang='lat' dir='ltr'><strong>non</strong></span> <span class='ocrx_word' id='word_1_794' title='bbox 2922 5152 3184 5223; x_wconf 67' lang='lat' dir='ltr'><strong>sufﬁciunt</strong></span> <span class='ocrx_word' id='word_1_795' title='bbox 3213 5152 3309 5217; x_wconf 87' lang='lat' dir='ltr'><strong><em>eis,</em></strong></span> <span class='ocrx_word' id='word_1_796' title='bbox 3340 5160 3396 5203; x_wconf 85' lang='lat' dir='ltr'><strong><em>ut</em></strong></span> <span class='ocrx_word' id='word_1_797' title='bbox 3428 5164 3590 5212; x_wconf 73' lang='lat' dir='ltr'><strong><em>unus—</em></strong></span> 
     </span>
    </p>
   </div>
   <div class='ocr_carea' id='block_1_59' title="bbox 332 5240 3593 5321">
    <p class='ocr_par' dir='ltr' id='par_1_59' title="bbox 332 5240 3593 5321">
     <span class='ocr_line' id='line_1_59' title="bbox 332 5240 3593 5321; baseline 0.001 -27"><span class='ocrx_word' id='word_1_798' title='bbox 332 5256 482 5296; x_wconf 86' lang='lat' dir='ltr'><strong>mare</strong></span> <span class='ocrx_word' id='word_1_799' title='bbox 522 5240 737 5296; x_wconf 88' lang='lat' dir='ltr'><strong>turbida</strong></span> <span class='ocrx_word' id='word_1_800' title='bbox 796 5257 862 5296; x_wconf 88' lang='lat' dir='ltr'><strong>ac</strong></span> <span class='ocrx_word' id='word_1_801' title='bbox 905 5244 1166 5299; x_wconf 87' lang='lat' dir='ltr'><strong>tumentia</strong></span> <span class='ocrx_word' id='word_1_802' title='bbox 1213 5244 1394 5299; x_wconf 64' lang='lat' dir='ltr'><strong>saeculi</strong></span> <span class='ocrx_word' id='word_1_803' title='bbox 1433 5242 1593 5312; x_wconf 89' lang='lat' dir='ltr'><strong>hujus</strong></span> <span class='ocrx_word' id='word_1_804' title='bbox 1635 5243 1906 5298; x_wconf 87' lang='lat' dir='ltr'><strong>volumina</strong></span> <span class='ocrx_word' id='word_1_805' title='bbox 2007 5252 2224 5321; x_wconf 82' lang='lat' dir='ltr'><strong>quisque</strong></span> <span class='ocrx_word' id='word_1_806' title='bbox 2251 5248 2511 5303; x_wconf 85' lang='lat' dir='ltr'><strong>modicum</strong></span> <span class='ocrx_word' id='word_1_807' title='bbox 2536 5245 2663 5319; x_wconf 85' lang='lat' dir='ltr'><strong>quid</strong></span> <span class='ocrx_word' id='word_1_808' title='bbox 2684 5245 2928 5316; x_wconf 81' lang='lat' dir='ltr'><strong>accipiat.</strong></span> <span class='ocrx_word' id='word_1_809' title='bbox 2970 5242 3123 5310; x_wconf 88' lang='lat' dir='ltr'><strong>Quod</strong></span> <span class='ocrx_word' id='word_1_810' title='bbox 3151 5252 3333 5298; x_wconf 87' lang='lat' dir='ltr'><strong>autem</strong></span> <span class='ocrx_word' id='word_1_811' title='bbox 3372 5246 3593 5295; x_wconf 79' lang='lat' dir='ltr'><strong>tentaus</strong></span> 
     </span>
    </p>
   </div>
   <div class='ocr_carea' id='block_1_60' title="bbox 330 5323 3589 5407">
    <p class='ocr_par' dir='ltr' id='par_1_60' title="bbox 330 5323 3589 5407">
     <span class='ocr_line' id='line_1_60' title="bbox 330 5323 3589 5407; baseline -0.002 -18"><span class='ocrx_word' id='word_1_812' title='bbox 330 5333 616 5404; x_wconf 80' lang='lat' dir='ltr'><strong>signiﬁcat,</strong></span> <span class='ocrx_word' id='word_1_813' title='bbox 650 5333 705 5387; x_wconf 88' lang='lat' dir='ltr'><strong>in</strong></span> <span class='ocrx_word' id='word_1_814' title='bbox 730 5334 928 5404; x_wconf 90' lang='lat' dir='ltr'><strong>quibus</strong></span> <span class='ocrx_word' id='word_1_815' title='bbox 952 5335 1105 5405; x_wconf 84' lang='lat' dir='ltr'><strong>pravi</strong></span> <span class='ocrx_word' id='word_1_816' title='bbox 1131 5335 1380 5406; x_wconf 90' lang='lat' dir='ltr'><strong>quilibet,</strong></span> <span class='ocrx_word' id='word_1_817' title='bbox 1406 5336 1603 5407; x_wconf 88' lang='lat' dir='ltr'><strong>injuste</strong></span> <span class='ocrx_word' id='word_1_818' title='bbox 1632 5335 1901 5402; x_wconf 88' lang='lat' dir='ltr'><strong>delectati,</strong></span> <span class='ocrx_word' id='word_1_819' title='bbox 2004 5338 2306 5407; x_wconf 84' lang='lat' dir='ltr'><strong>Philippum</strong></span> <span class='ocrx_word' id='word_1_820' title='bbox 2355 5323 2615 5391; x_wconf 79' lang='lat' dir='ltr'><strong>Dominus</strong></span> <span class='ocrx_word' id='word_1_821' title='bbox 2665 5333 2802 5387; x_wconf 78' lang='lat' dir='ltr'><strong>dixit</strong></span> <span class='ocrx_word' id='word_1_822' title='bbox 2845 5349 2859 5387; x_wconf 93' lang='lat'><strong>:</strong></span> <span class='ocrx_word' id='word_1_823' title='bbox 2904 5331 3077 5398; x_wconf 86' lang='lat' dir='ltr'><strong>Unde,</strong></span> <span class='ocrx_word' id='word_1_824' title='bbox 3123 5331 3325 5402; x_wconf 84' lang='lat' dir='ltr'><strong>inquit,</strong></span> <span class='ocrx_word' id='word_1_825' title='bbox 3360 5342 3589 5383; x_wconf 78' lang='lat' dir='ltr'><strong><em>cmemus</em></strong></span> 
     </span>
    </p>
   </div>
   <div class='ocr_carea' id='block_1_61' title="bbox 329 5417 3593 5499">
    <p class='ocr_par' dir='ltr' id='par_1_61' title="bbox 329 5417 3593 5499">
     <span class='ocr_line' id='line_1_61' title="bbox 329 5417 3593 5499; baseline -0.001 -23"><span class='ocrx_word' id='word_1_826' title='bbox 329 5425 485 5493; x_wconf 79' lang='lat' dir='ltr'><strong>quasi</strong></span> <span class='ocrx_word' id='word_1_827' title='bbox 532 5423 782 5495; x_wconf 78' lang='lat' dir='ltr'><strong>profundi</strong></span> <span class='ocrx_word' id='word_1_828' title='bbox 828 5423 994 5480; x_wconf 88' lang='lat' dir='ltr'><strong>dediti</strong></span> <span class='ocrx_word' id='word_1_829' title='bbox 1041 5425 1237 5495; x_wconf 77' lang='lat' dir='ltr'><strong>pisces,</strong></span> <span class='ocrx_word' id='word_1_830' title='bbox 1290 5435 1527 5482; x_wconf 87' lang='lat' dir='ltr'><strong>mentem</strong></span> <span class='ocrx_word' id='word_1_831' title='bbox 1568 5425 1636 5481; x_wconf 88' lang='lat' dir='ltr'><strong>ad</strong></span> <span class='ocrx_word' id='word_1_832' title='bbox 1674 5441 1900 5497; x_wconf 82' lang='lat' dir='ltr'><strong>superna</strong></span> <span class='ocrx_word' id='word_1_833' title='bbox 2002 5445 2162 5499; x_wconf 85' lang='lat' dir='ltr'><strong>panes</strong></span> <span class='ocrx_word' id='word_1_834' title='bbox 2188 5437 2246 5481; x_wconf 89' lang='lat' dir='ltr'><strong>ut</strong></span> <span class='ocrx_word' id='word_1_835' title='bbox 2270 5426 2582 5481; x_wconf 86' lang='lat' dir='ltr'><strong>manducent</strong></span> <span class='ocrx_word' id='word_1_836' title='bbox 2605 5424 2698 5478; x_wconf 80' lang='lat' dir='ltr'><strong>hi?</strong></span> <span class='ocrx_word' id='word_1_837' title='bbox 2726 5423 2956 5479; x_wconf 87' lang='lat' dir='ltr'><strong>Provida</strong></span> <span class='ocrx_word' id='word_1_838' title='bbox 2976 5424 3164 5493; x_wconf 89' lang='lat' dir='ltr'><strong>utique</strong></span> <span class='ocrx_word' id='word_1_839' title='bbox 3188 5417 3593 5492; x_wconf 85' lang='lat' dir='ltr'><strong>dispensatione</strong></span> 
     </span>
    </p>
   </div>
   <div class='ocr_carea' id='block_1_62' title="bbox 331 5512 3591 5589">
    <p class='ocr_par' dir='ltr' id='par_1_62' title="bbox 331 5512 3591 5589">
     <span class='ocr_line' id='line_1_62' title="bbox 331 5512 3591 5589; baseline -0.001 -20"><span class='ocrx_word' id='word_1_840' title='bbox 331 5517 521 5585; x_wconf 76' lang='lat' dir='ltr'><strong>gaudia</strong></span> <span class='ocrx_word' id='word_1_841' title='bbox 569 5532 675 5572; x_wconf 84' lang='lat' dir='ltr'><strong>non</strong></span> <span class='ocrx_word' id='word_1_842' title='bbox 721 5516 1029 5573; x_wconf 89' lang='lat' dir='ltr'><strong>intendunt.</strong></span> <span class='ocrx_word' id='word_1_843' title='bbox 1081 5516 1235 5573; x_wconf 81' lang='lat' dir='ltr'><strong>[inde</strong></span> <span class='ocrx_word' id='word_1_844' title='bbox 1282 5518 1422 5574; x_wconf 90' lang='lat' dir='ltr'><strong>bene</strong></span> <span class='ocrx_word' id='word_1_845' title='bbox 1452 5518 1592 5574; x_wconf 89' lang='lat' dir='ltr'><strong>idem</strong></span> <span class='ocrx_word' id='word_1_846' title='bbox 1621 5534 1772 5574; x_wconf 88' lang='lat' dir='ltr'><strong>mare</strong></span> <span class='ocrx_word' id='word_1_847' title='bbox 1797 5518 1901 5573; x_wconf 82' lang='lat' dir='ltr'><strong>Ga-</strong></span> <span class='ocrx_word' id='word_1_848' title='bbox 2006 5522 2155 5576; x_wconf 85' lang='lat' dir='ltr'><strong>facit.</strong></span> <span class='ocrx_word' id='word_1_849' title='bbox 2198 5520 2315 5577; x_wconf 82' lang='lat' dir='ltr'><strong>Non</strong></span> <span class='ocrx_word' id='word_1_850' title='bbox 2354 5528 2414 5575; x_wconf 91' lang='lat' dir='ltr'><strong>ut</strong></span> <span class='ocrx_word' id='word_1_851' title='bbox 2449 5519 2562 5588; x_wconf 88' lang='lat' dir='ltr'><strong>ipse</strong></span> <span class='ocrx_word' id='word_1_852' title='bbox 2600 5531 2720 5589; x_wconf 76' lang='lat' dir='ltr'><strong>qua:</strong></span> <span class='ocrx_word' id='word_1_853' title='bbox 2752 5534 2859 5573; x_wconf 92' lang='lat' dir='ltr'><strong>non</strong></span> <span class='ocrx_word' id='word_1_854' title='bbox 2900 5523 3144 5581; x_wconf 90' lang='lat' dir='ltr'><strong>noverat,</strong></span> <span class='ocrx_word' id='word_1_855' title='bbox 3180 5516 3381 5579; x_wconf 89' lang='lat' dir='ltr'><strong>discat,</strong></span> <span class='ocrx_word' id='word_1_856' title='bbox 3405 5512 3500 5571; x_wconf 82' lang='lat' dir='ltr'><strong>sed</strong></span> <span class='ocrx_word' id='word_1_857' title='bbox 3531 5516 3591 5565; x_wconf 87' lang='lat' dir='ltr'><strong>ut</strong></span> 
     </span>
    </p>
   </div>
   <div class='ocr_carea' id='block_1_63' title="bbox 333 5605 3589 5685">
    <p class='ocr_par' dir='ltr' id='par_1_63' title="bbox 333 5605 3589 5685">
     <span class='ocr_line' id='line_1_63' title="bbox 333 5605 3589 5685; baseline -0.002 -23"><span class='ocrx_word' id='word_1_858' title='bbox 333 5607 512 5674; x_wconf 63' lang='lat' dir='ltr'><strong>Matre,</strong></span> <span class='ocrx_word' id='word_1_859' title='bbox 560 5611 612 5665; x_wconf 91' lang='lat' dir='ltr'><strong>id</strong></span> <span class='ocrx_word' id='word_1_860' title='bbox 656 5619 773 5675; x_wconf 88' lang='lat' dir='ltr'><strong>cst,</strong></span> <span class='ocrx_word' id='word_1_861' title='bbox 829 5619 947 5666; x_wconf 85' lang='lat' dir='ltr'><strong>tota</strong></span> <span class='ocrx_word' id='word_1_862' title='bbox 992 5611 1418 5682; x_wconf 87' lang='lat' dir='ltr'><strong>cognominatur.</strong></span> <span class='ocrx_word' id='word_1_863' title='bbox 1473 5611 1609 5680; x_wconf 87' lang='lat' dir='ltr'><strong>Quia</strong></span> <span class='ocrx_word' id='word_1_864' title='bbox 1647 5611 1900 5666; x_wconf 89' lang='lat' dir='ltr'><strong>nimirum</strong></span> <span class='ocrx_word' id='word_1_865' title='bbox 2006 5613 2283 5685; x_wconf 87' lang='lat' dir='ltr'><strong>Philippus</strong></span> <span class='ocrx_word' id='word_1_866' title='bbox 2335 5612 2644 5668; x_wconf 83' lang='lat' dir='ltr'><strong>tarditatem</strong></span> <span class='ocrx_word' id='word_1_867' title='bbox 2704 5627 2815 5666; x_wconf 73' lang='lat' dir='ltr'><strong>sua:</strong></span> <span class='ocrx_word' id='word_1_868' title='bbox 2874 5609 3039 5676; x_wconf 83' lang='lat' dir='ltr'><strong>ﬁdei,</strong></span> <span class='ocrx_word' id='word_1_869' title='bbox 3107 5624 3268 5679; x_wconf 85' lang='lat' dir='ltr'><strong>quam</strong></span> <span class='ocrx_word' id='word_1_870' title='bbox 3323 5605 3589 5676; x_wconf 84' lang='lat' dir='ltr'><strong>magistro</strong></span> 
     </span>
    </p>
   </div>
   <div class='ocr_carea' id='block_1_64' title="bbox 332 5695 3584 5778">
    <p class='ocr_par' dir='ltr' id='par_1_64' title="bbox 332 5695 3584 5778">
     <span class='ocr_line' id='line_1_64' title="bbox 332 5695 3584 5778; baseline -0.003 -19"><span class='ocrx_word' id='word_1_871' title='bbox 332 5712 483 5759; x_wconf 71' lang='lat' dir='ltr'><strong>amor</strong></span> <span class='ocrx_word' id='word_1_872' title='bbox 526 5700 756 5760; x_wconf 82' lang='lat' dir='ltr'><strong>labentis</strong></span> <span class='ocrx_word' id='word_1_873' title='bbox 801 5706 1014 5774; x_wconf 78' lang='lat' dir='ltr'><strong>saeculi,</strong></span> <span class='ocrx_word' id='word_1_874' title='bbox 1063 5705 1217 5776; x_wconf 87' lang='lat' dir='ltr'><strong>quasi</strong></span> <span class='ocrx_word' id='word_1_875' title='bbox 1264 5706 1318 5762; x_wconf 91' lang='lat' dir='ltr'><strong>in</strong></span> <span class='ocrx_word' id='word_1_876' title='bbox 1366 5706 1684 5778; x_wconf 79' lang='lat' dir='ltr'><strong>vertiginem</strong></span> <span class='ocrx_word' id='word_1_877' title='bbox 1739 5705 1900 5761; x_wconf 80' lang='lat' dir='ltr'><strong>corda</strong></span> <span class='ocrx_word' id='word_1_878' title='bbox 2006 5705 2231 5772; x_wconf 80' lang='lat' dir='ltr'><strong>sciente,</strong></span> <span class='ocrx_word' id='word_1_879' title='bbox 2268 5704 2380 5776; x_wconf 86' lang='lat' dir='ltr'><strong>ipse</strong></span> <span class='ocrx_word' id='word_1_880' title='bbox 2419 5703 2715 5770; x_wconf 79' lang='lat' dir='ltr'><strong>nesciebat,</strong></span> <span class='ocrx_word' id='word_1_881' title='bbox 2751 5709 2990 5757; x_wconf 83' lang='lat' dir='ltr'><strong>tentatus</strong></span> <span class='ocrx_word' id='word_1_882' title='bbox 3030 5705 3302 5771; x_wconf 62' lang='lat' dir='ltr'><strong>agnoscat“</strong></span> <span class='ocrx_word' id='word_1_883' title='bbox 3334 5705 3389 5753; x_wconf 89' lang='lat' dir='ltr'><strong>et</strong></span> <span class='ocrx_word' id='word_1_884' title='bbox 3419 5695 3584 5753; x_wconf 83' lang='lat' dir='ltr'><strong>mira-</strong></span> 
     </span>
    </p>
   </div>
  </div>
