3994 6206
252 279 358 334 155

1068 268 1585 328 COLLECTIONES
1622 272 1691 328 IN
1727 272 2112 343 EPISTULAS
2150 275 2240 332 ET
2279 276 2698 334 EVANGELIA.

3425 286 3519 342 liii

245 388 371 446 culo
402 384 548 441 facto
583 382 833 471 "castiget.
873 379 1057 453 Neque
1091 384 1238 439 enim
1271 384 1516 466 dubitare
1547 385 1828 455 debuerat,
1856 388 1909 448 Α
1931 396 2207 458 operante,
2219 398 2588 449 etsermonem
2599 392 3316 465 conﬁrmantesequentibos
3327 399 3516 471 signis.

246 483 518 551 praesente
545 489 732 529 rerum
755 470 1022 537 creatore,
1047 473 1140 543 qui
1165 473 1347 537 educit
1364 489 1556 544 panem
1578 475 1644 530 de
1670 486 1835 543 terra,

245 582 300 626 et
331 569 462 636 vino
489 565 733 622 laetiﬁcat
762 579 860 619 eor
888 563 1142 630 hominis,
1168 579 1465 634 paucorum
1493 566 1837 621 denariorum

247 674 421 731 panes
461 655 711 713 sufﬁcere
756 654 1037 710 turbarum
1074 654 1343 723 millibus,
1385 671 1491 710 non
1532 658 1739 726 paucis,
1778 665 1841 711 ut.

247 745 625 816 unusquisque
664 740 992 799 sufﬁcienter
1023 741 1324 814 acciperet,
1360 743 1523 799 etiam
1563 753 1841 802 saturatas

249 838 449 893 abiret.

322 928 468 983 Dicit
494 928 545 982 ei
574 944 710 981 unus
742 943 807 981 ea:
830 925 1105 997 discipulis
1137 927 1249 997 ejus
1269 926 1529 993 Andreas,
1563 928 1731 1000 frater
1752 929 1841 986 Si-

250 1021 425 1074 monis
459 1018 608 1073 Petri
645 1034 663 1072 :
703 1017 799 1072 Est
839 1034 970 1088 puer
1002 1034 1138 1072 unus
1175 1019 1260 1073 hic
1299 1019 1388 1090 qui
1422 1019 1578 1077 habet
1614 1022 1840 1093 quinque

247 1129 413 1183 panes
445 1111 763 1166 hordeaceo:
802 1119 850 1166 et
873 1109 1004 1164 duos
1041 1111 1226 1184 pisces.
1266 1109 1369 1165 Sed
1405 1111 1518 1167 hwc
1556 1112 1682 1183 quid
1719 1122 1840 1167 sunt

248 1208 390 1259 inter
420 1202 636 1259 tantos?
667 1201 916 1272 Quinque
951 1211 1128 1256 autem
1167 1218 1352 1273 panes,
1385 1204 1581 1274 quibus
1599 1204 1842 1259 multitu-

250 1296 437 1349 dinem
474 1292 656 1363 populi
702 1292 995 1357 saturavit,
1032 1292 1271 1363 quinque
1308 1301 1433 1348 sunt
1478 1293 1604 1349 libri
1646 1294 1835 1365 Moysi.

250 1385 464 1451 Quibus
490 1383 721 1453 spiritali
748 1383 1022 1439 intellectu
1052 1383 1338 1455 patefactis
1369 1393 1424 1440 et
1452 1386 1842 1442 abundantiore

248 1475 361 1543 jam
388 1489 552 1528 sensu
578 1472 967 1543 multiplicatis,
1000 1474 1307 1529 auditorum
1339 1474 1574 1531 ﬁdelium
1601 1476 1841 1545 quotidie

251 1565 419 1618 corda
457 1561 654 1627 reﬁcit,
683 1562 774 1631 qui
802 1563 941 1618 bene
972 1562 1256 1619 hordeacei
1301 1563 1467 1620 fuisse
1508 1565 1837 1637 referuntur,
1875 1549 1889 1571 ’

2011 481 2157 537 Dixit
2192 500 2314 554 ergo
2343 484 2521 549 Iesus,
2556 485 2716 555 facite
2745 485 2980 541 homines
3017 487 3365 557 discumbere,
3405 502 3517 547 erat

1938 566 2341 642 autem‘fenum,
2368 582 2475 630 etc.
2509 575 2716 631 Fenum
2751 576 2806 630 in
2841 592 2949 646 quo
2979 578 3327 635 discumbens
3353 582 3517 637 turba

1939 658 2196 724 reﬁcitur,
2226 662 2659 734 concupiscentia
2696 665 2932 720 carnalis
2969 665 3314 738 intelligitur,
3351 685 3517 739 quam

1937 750 2151 804 calcare
2196 766 2262 804 ac
2304 766 2552 819 premere
2605 754 2764 810 debet
2810 757 2988 811 omnis
3039 758 3131 826 qui
3185 760 3520 827 spiritalibus

1942 839 2209 894 alimentis
2221 841 2407 896 satiari
2424 841 2708 898 desiderat.
2736 843 2919 899 Omnis
2939 848 3077 900 enim
3095 864 3223 901 caro
3248 849 3450 917 fenum,
3467 861 3517 904 ct

1939 929 2106 999 omnis
2117 928 2285 998 gloria
2308 930 2421 999 ejus
2431 940 2680 1000 tanquam
2693 933 2790 1001 [los
2803 934 2908 1003 feni
2922 934 2973 1006 (Ι
2977 951 3055 988 sa.
3075 934 3182 1007 XL).
3206 936 3521 994 Discumbat

1940 1036 2070 1092 ergo
2108 1037 2270 1091 super
2314 1021 2527 1087 fenum,
2569 1022 2753 1077 liorem
2805 1024 2915 1080 feni
2959 1033 3224 1092 conterat,
3268 1029 3371 1083 hoc
3411 1039 3514 1092 est,

1940 1113 2173 1183 castiget
2212 1128 2410 1183 corpus
2455 1128 2636 1177 suum,
2660 1121 2732 1179 et
2769 1116 3017 1171 servituti
3064 1118 3337 1189 subjiciat,
3366 1119 3518 1174 volu-

1939 1211 2116 1273 ptates
2143 1203 2327 1258 carnis
2346 1202 2580 1268 edomet,
2608 1202 2834 1258 luxuria:
2863 1203 3003 1259 fluxa
3027 1206 3341 1277 restringat,
3365 1208 3519 1277 quis-

1941 1295 2062 1365 quis
2099 1297 2254 1365 panis
2286 1296 2395 1350 vivi
2425 1296 2571 1365 cupit
2600 1297 2866 1352 suavitate
2895 1297 3063 1353 reﬁci.

2011 1387 2398 1443 Discubuerunt
2436 1405 2557 1459 ergo
2591 1388 2689 1444 viri
2710 1406 2926 1444 numero
2958 1391 3110 1459 quasi
3139 1391 3367 1460 quinque
3398 1390 3519 1443 mil-

1940 1477 2034 1531 lia.
2080 1476 2327 1546 Quinque
2371 1478 2538 1532 millia
2585 1480 2827 1533 virorum
2892 1479 2987 1549 qui
3034 1480 3516 1545 manducaverunt,

1938 1567 2324 1638 perfectionem
2348 1567 2475 1623 vitae
2498 1583 2687 1622 eorum
2739 1568 2832 1637 qui
2852 1569 3028 1641 .verbo
3059 1568 3377 1623 reﬁciuntur
3436 1569 3522 1623 in-

250 1654 775 1725 propter‘nimirum
821 1655 1124 1710 austeriora
1193 1644 1327 1727 legis
1366 1656 1542 1711 edicta
1589 1666 1645 1712 et
1687 1666 1841 1730 tegu-
1942 1658 2180 1723 sinuant,
2213 1658 2407 1727 quibus
2431 1658 2720 1729 Apostolus
2756 1659 2869 1713 ait:
2901 1657 3136 1712 Viriliter
3157 1661 3295 1730 agite
3322 1669 3370 1714 et
3397 1675 3522 1714 con-

254 1753 443 1799 menta
486 1743 683 1798 litterae
728 1743 1022 1815 grossiora,
1054 1758 1173 1814 qum
1220 1743 1530 1799 interiorem
1578 1744 1836 1814 spiritalis
1862 1732 1908 1791 B
1937 1747 2210 1817 fortamini
2265 1746 2318 1819 (1
2356 1747 2479 1802 Cor.
2504 1747 2639 1819 ΧΠ).
2670 1747 2998 1803 Millenarius
3027 1759 3208 1802 autem
3238 1735 3516 1815 numerus,

255 1850 452 1890 sensus
484 1834 640 1904 quasi
677 1833 945 1889 medulam
983 1833 1249 1889 celabant.
1297 1835 1409 1890 Duo
1444 1844 1624 1889 autem
1659 1835 1838 1906 pisces

255 1944 395 1999 quos
436 1928 659 1993 addidit,
705 1927 1109 1999 psalmistarum
1160 1943 1266 1983 non
1315 1928 1757 1984 iucouvenienter
1784 1936 1839 1984 et

255 2021 645 2091 prophetarum
671 2021 870 2091 scripta
892 2019 1179 2091 signiﬁcat,
1209 2035 1436 2091 quorum
1458 2021 1550 2075 uni
1573 2021 1836 2087 canendo,

256 2113 415 2167 alteri
462 2111 838 2182 colloquendo,
886 2112 1000 2167 suis
1046 2111 1380 2168 auditoribus
1428 2110 1609 2166 futura
1636 2106 1839 2167 Christi

259 2213 315 2258 et
359 2202 619 2257 Ecclesia:
664 2209 1006 2257 sacramenta
1067 2203 1381 2257 narrabant.
1448 2202 1518 2257 Et
1560 2203 1700 2258 bene
1742 2218 1840 2272 per

261 2292 520 2364 aquatilia
558 2293 854 2347 animantia
896 2291 1194 2363 ﬁgurantur
1228 2292 1370 2348 illius
1405 2293 1504 2348 aevi
1539 2307 1837 2363 praecones,

261 2383 318 2437 in
354 2397 461 2452 quo
495 2381 727 2452 populus
749 2380 985 2438 ﬁdelium
1024 2384 1142 2438 sine
1179 2383 1334 2453 aquis
1366 2382 1840 2453 baptismivivere

260 2478 570 2534 nullatenus
606 2487 806 2549 posset.
848 2477 987 2534 Sunt
1021 2479 1110 2550 qui
1147 2486 1338 2550 putant
1375 2478 1510 2534 duos
1540 2478 1716 2548 pisces
1747 2476 1839 2547 qui

260 2574 514 2639 Saporem
554 2586 773 2627 suavem
817 2571 944 2641 pani
990 2571 1210 2637 dabant,
1254 2572 1388 2627 duas
1430 2570 1548 2625 illas
1580 2586 1841 2641 personas

258 2659 597 2731 signiﬁcare,
634 2662 830 2732 quibus
873 2661 1101 2731 populus
1147 2662 1233 2717 ille
1282 2667 1590 2733 regebatur,
1637 2669 1700 2716 ut
1744 2677 1843 2732 per

258 2765 356 2804 eas
386 2750 740 2805 consiliorum
767 2751 1104 2806 moderamen
1136 2752 1425 2822 acciperet,
1457 2753 1660 2824 regiam
1699 2753 1843 2809 scili—

256 2847 349 2894 cet
380 2846 441 2892 et
474 2839 878 2895 sacerdotalem.
908 2831 1154 2912 Ad'quas
1182 2842 1348 2896 etiam
1375 2850 1720 2898 sacrosancta
1751 2843 1842 2897 illa

256 2933 453 2986 unctio
488 2931 810 3010 pertinebat,
847 2949 1076 3002 quarum
1103 2932 1336 2989 ofﬁcium
1366 2941 1484 2988 crat
1512 2934 1762 3004 procellis
1788 2943 1843 2990 et

257 3021 517 3098 ﬂuetibus
558 3023 905 3093 popularibus
969 3041 1246 3096 nunquam
1288 3025 1461 3097 frangi
1510 3036 1675 3098 atque
1721 3043 1843 3083 cor-

1938 1836 2079 1891 ultra
2128 1853 2293 1907 quem
2363 1838 2509 1892 nulla
2561 1847 2748 1894 nostra
2796 1838 3128 1909 computatio
3188 1838 3520 1904 succrescit,

1936 1925 2323 1997 plenitudinem
2379 1942 2598 1994 rerum,
2647 1928 2713 1985 de
2758 1926 2957 1997 quibus
3005 1927 3215 1998 agitur,
3283 1926 3522 1983 indicare

1939 2019 2237 2074 consuevit.
2277 2018 2536 2088 Quinario
2559 2035 2707 2085 vero,
2738 2021 2977 2091 quinque
3015 2022 3284 2077 notissimi
3326 2037 3520 2091 corpo-

1939 2112 2014 2166 ris
2050 2113 2220 2167 nostri
2260 2127 2454 2168 sensus
2486 2114 2883 2183 exprimuntur,
2923 2113 3072 2168 visus
3110 2113 3385 2180 videlicet,
3422 2128 3522 2166 au-

1940 2202 2103 2268 ditus,
2146 2210 2366 2273 gustus,
2398 2202 2632 2258 olfactus
2669 2210 2725 2257 et
2758 2210 2932 2257 actus.
2973 2201 3032 2255 In
3069 2202 3265 2271 quibus
3300 2201 3525 2271 singulis

1938 2292 2247 2362 quicunque
2298 2291 2529 2346 viriliter
2580 2306 2740 2362 agere
2791 2298 2847 2345 et
2901 2289 3197 2344 eonfortari
3249 2297 3522 2357 satagunt,

1940 2380 2120 2437 sobrie
2146 2388 2201 2435 et
2226 2381 2373 2452 juste
2400 2390 2455 2435 et
2485 2382 2570 2451 pie
2603 2381 2831 2435 vivendo
2872 2387 2927 2435 et
2964 2379 3204 2437 caelestis
3248 2380 3526 2451 sapientia:

1942 2471 2224 2528 dulcedine
2268 2471 2545 2536 recreari,
2592 2471 2649 2526 hi
2696 2468 2951 2524 nimirum
2996 2470 3235 2540 quinque
3283 2469 3524 2525 millibus

1940 2561 2202 2628 virorum,
2253 2576 2389 2632 quos
2428 2561 2685 2617 Dominus
2735 2560 2980 2632 mysticis
3021 2559 3249 2631 dapibus
3287 2559 3523 2625 satiavit,

1944 2652 2266 2723 ﬁgurantur.

2014 2743 2124 2811 (Ea:
2147 2742 2413 2815 On'gene.)
2444 2742 2546 2810 Qui
2580 2743 2720 2798 bene
2754 2734 3051 2797 secundum
3081 2740 3322 2796 Marcum
3357 2756 3517 2810 quin-

1944 2836 2174 2907 quageni
2218 2843 2273 2890 et
2319 2835 2530 2890 centeni
2570 2834 2976 2889 discubuerant.
3029 2832 3515 2901 Quinquagesimus

1945 2928 2089 2983 enim
2124 2926 2458 2997 paenitentiae
2489 2924 2727 2996 psalmus
2759 2921 3177 2989 est,.signiﬁcat
3218 2935 3310 2975 eos
3337 2921 3429 2989 qui
3459 2918 3526 2972 ad

1936 3018 2253 3074 convivium
2282 3017 2398 3081 Dei,
2450 3017 2629 3071 adhuc
2664 3015 2717 3069 in
2747 3013 3065 3084 pmnitentia
3112 3009 3524 3065 commissorum

261 3096 464 3182 rumpi,
499 3121 555 3167 et
585 3112 847 3169 violentes
892 3115 1171 3171 turbarum
1214 3096 1686 3186 contradictiones,
1725 3129 1844 3176 tan.
1870 3100 1916 3163 C
1945 3112 2129 3183 positi,
2164 3111 2441 3167 venientes
2462 3110 2615 3166 verbi
2644 3108 2888 3164 auditum
2921 3104 3245 3175 percipiunt.
3299 3101 3523 3157 Centeni

258 3221 426 3275 quam
476 3206 826 3262 adversantes
878 3206 1050 3264 undas
1081 3224 1220 3279 smpe
1266 3210 1627 3282 disrumpere,
1675 3211 1843 3266 inter-

262 3294 395 3349 dum
436 3295 516 3353 eis
534 3298 800 3352 cusrodita
847 3314 944 3354 sua
989 3300 1295 3371 integritate
1337 3302 1562 3367 cedere,
1620 3317 1845 3375 prorsus

265 3401 418 3440 more
445 3386 698 3455 piscium,
728 3394 983 3457 tanquam
1021 3388 1075 3442 in
1101 3389 1400 3460 procellosa
1448 3391 1640 3458 maris,
1676 3391 1754 3448 sie
1789 3392 1844 3447 in

265 3475 575 3531 turbulenta
621 3478 801 3548 pepuli
851 3479 1321 3535 administratione
1358 3483 1586 3552 versari;
1621 3498 1740 3553 qua:
1768 3493 1847 3539 ta-

265 3583 390 3622 men
417 3568 538 3623 dure
566 3583 813 3639 persona:
840 3570 1275 3645 prteﬁgurabant,
1312 3573 1501 3629 ambas
1529 3575 1673 3630 enim
1700 3575 1848 3632 solus

267 3660 357 3715 ille
387 3661 666 3728 sustinuit,
694 3671 749 3717 et
772 3678 877 3717 non
909 3663 1157 3735 figurate,
1187 3664 1281 3721 sed
1309 3656 1528 3738 proprie
1569 3667 1715 3724 solus
1744 3668 1848 3723 im-

266 3753 455 3822 plevit.

338 3841 436 3898 Est
472 3860 603 3915 puer
634 3861 772 3899 unus
802 3844 909 3912 hic,
939 3854 996 3900 et
1029 3847 1256 3919 reliqua.
1294 3846 1457 3916 Puer,
1483 3848 1576 3918 qui
1612 3851 1852 3921 quinque

269 3948 439 4003 panes
475 3942 531 3989 et
565 3935 701 3990 duos
739 3936 918 4005 pisces
957 3937 1169 4005 habuit,
1212 3954 1311 3995 nec
1354 3947 1533 3995 tamen
1589 3941 1688 3997 hos
1731 3957 1853 3998 esu-

272 4024 539 4080 rientibus
572 4027 745 4081 turbis
779 4028 1082 4096 distribuit,
1120 4030 1213 4086 sed
1254 4031 1482 4087 Domino
1520 4032 1851 4088 distribuen-

268 4117 369 4172 dos
406 4117 623 4185 obtulit,
678 4121 906 4191 populus
951 4131 1036 4178 est
1063 4122 1369 4180 Iudaeorum
1418 4125 1637 4180 litterali
1689 4142 1851 4181 sensu

268 4210 519 4279 puerilis,
560 4212 676 4269 sive
712 4213 804 4284 qui
835 4213 1236 4285 Seripturarum
1265 4217 1409 4272 dicta
1451 4216 1630 4293 clausa
1668 4232 1854 4272 secum

271 4300 466 4366 tenuit,
501 4310 623 4371 qua)
647 4310 828 4358 tamen
853 4305 1110 4360 Dominus
1139 4307 1193 4360 in
1221 4323 1385 4363 carne
1410 4322 1675 4378 apparens
1701 4321 1854 4361 acce-

267 4388 380 4457 pit,
417 4398 476 4445 et
511 4391 645 4461 quid
672 4392 816 4448 intus
844 4393 1111 4449 haberent
1155 4395 1405 4450 utilitatis
1455 4412 1519 4451 ae
1559 4394 1855 4451 dulcedinis

267 4481 533 4540 ostendit.
561 4496 724 4552 quam
750 4483 1030 4553 multiplici
1059 4485 1283 4555 spiritus
1309 4486 1502 4558 gratia,
1536 4501 1655 4556 qua:
1685 4501 1854 4555 pauca

268 4584 340 4624 ac
384 4571 642 4643 despecta
685 4574 1010 4629 videbantur
1045 4575 1436 4642 exuberarent,
1482 4574 1754 4646 patefecit,
1805 4582 1861 4629 et

269 4662 392 4717 htec
418 4679 518 4733 per
543 4667 820 4734 apostolos
848 4682 976 4722 suos
1008 4666 1489 4737 apostolorumque
1517 4680 1861 4720 successores
1905 4693 1909 4697 ~

264 4758 489 4813 eunetis
520 4759 832 4815 nationibus
860 4760 1211 4815 ministranda
1253 4759 1515 4829 porrexit.
1545 4758 1699 4814 Unde
1726 4757 1863 4814 bene

264 4857 368 4913 alii
408 4855 657 4910 referunt
692 4852 1056 4924 evangelistie,
1088 4853 1214 4922 quia
1252 4866 1421 4921 panes
1460 4859 1514 4906 et
1549 4851 1724 4920 pisces
1757 4851 1863 4906 Do-

265 4947 465 5001 minus
507 4944 821 5014 discipulis,
882 4942 1127 5012 discipuli
1181 4951 1363 4996 autem
1418 4941 1862 4995 ministraverunt

267 5037 477 5093 turbis.
506 5035 642 5091 Cum
673 5035 819 5092 enim
856 5035 1171 5107 mysterium
1204 5034 1454 5089 humana:
1493 5034 1684 5089 salutis
1710 5032 1862 5087 initio

263 5127 541 5200 cmpisset
579 5126 822 5182 enarrari
873 5142 970 5196 per
997 5126 1305 5191 Dominum,
1338 5124 1407 5179 ab
1436 5124 1517 5179 eis
1554 5125 1645 5193 qui
1681 5123 1865 5178 audie—

265 5227 430 5283 runt,
456 5218 510 5271 in
534 5233 635 5271 nos
663 5218 1040 5273 continuatum
1069 5228 1171 5272 est.
1200 5202 1448 5285 Quidque
1479 5216 1744 5286 siquidem
1774 5229 1867 5284 pa-

265 5326 381 5365 nes
426 5316 485 5363 et
530 5308 667 5364 duos
707 5308 887 5378 pisces
943 5306 1103 5379 fregit
1147 5315 1203 5362 ct
1249 5307 1523 5361 distribuit
1570 5304 1861 5374 discipulis,

263 5401 505 5473 quando
537 5401 752 5472 aperuit
789 5400 895 5455 illis
924 5415 1164 5463 sensum,
1195 5407 1253 5452 ut
1288 5397 1646 5465 intelligerent
1685 5395 1866 5450 omnia

1945 3211 2124 3257 autem
2184 3201 2239 3255 hi
2275 3208 2422 3267 sunt,
2461 3200 2553 3270 qui
2585 3198 2699 3269 jam
2734 3202 3060 3269 prtesumpta
3096 3193 3269 3248 venia:
3312 3206 3428 3261 spe,
3461 3191 3529 3247 de

1945 3294 2059 3350 solo
2093 3294 2219 3348 vita:
2249 3301 2465 3348 aeterna:
2495 3275 2762 3347 desiderio
2801 3289 3098 3358 suSpirant.
3130 3285 3325 3349 Aliter,
3362 3283 3523 3353 quin-

1946 3385 2179 3456 quageni
2204 3384 2325 3439 illos
2339 3382 2663 3453 significant,
2685 3381 2831 3451 quia
2862 3379 3002 3434 malo
3030 3379 3316 3447 quiescunt
3341 3388 3524 3444 opere.

1947 3473 2190 3539 Centeni,
2216 3473 2308 3542 qui
2336 3472 2501 3527 etiam
2532 3488 2562 3526 a
2587 3471 2730 3525 mala
2758 3470 3044 3539 quiescunt
3072 3465 3421 3536 cogitatione.

2018 3566 2227 3635 Accepit
2262 3581 2384 3634 ergo
2427 3579 2588 3635 partes
2630 3560 2810 3625 Iesus,
2853 3568 2901 3613 et
2945 3575 3063 3612 cum
3101 3557 3301 3627 gratias
3345 3554 3530 3624 egisset

1949 3658 2213 3715 distribuit
2278 3654 2753 3719 discumbentibus,
2806 3650 3047 3706 similiter
3108 3660 3157 3704 et
3205 3665 3269 3702 ea:
3308 3646 3531 3718 piscibus

1957 3757 2202 3822 nmmum
2238 3746 2494 3803 volebant.
2543 3744 2660 3802 Non
2705 3744 2848 3799 enim
2894 3742 3146 3798 Salvator
3190 3756 3330 3795 nova
3381 3746 3533 3794 creat

1914 3841 2175 3925 ‘cibaria,
2217 3839 2309 3895 sed
2357 3836 2603 3909 acceptis
2639 3835 2725 3891 his
2767 3851 2887 3904 qua:
2932 3832 3241 3887 habuerunt
3285 3827 3531 3897 discipuli

1952 3933 2242 3997 benedicit,
2273 3931 2363 4002 qui
2395 3931 2617 3986 veniens
2645 3929 2699 3983 in
2730 3943 2912 3991 carne,
2945 3941 3051 3980 non
3086 3924 3190 3979 alia
3219 3938 3379 3992 quam
3412 3936 3532 3988 quae

1953 4026 2096 4082 dicta
2142 4034 2266 4080 sunt
2295 4023 2646 4094 praedicabat.
2703 4020 2812 4074 Sed
2862 4018 2998 4088 legis
3046 4022 3102 4069 et
3145 4013 3531 4082 prophetatum

1954 4116 2175 4184 scripta,
2202 4128 2363 4182 quam
2401 4112 2510 4168 sint
2536 4108 2809 4181 mysteriis
2846 4105 3033 4177 gratim
3060 4100 3283 4173 gravida
3314 4097 3534 4150 demon-

1955 4212 2108 4260 strat.
2150 4204 2364 4258 Gratias
2402 4202 2534 4271 egit,
2578 4207 2639 4253 ut
2679 4205 2734 4251 et
2775 4211 2874 4250 nos
2912 4196 2977 4249 de
3012 4188 3280 4262 perceptis
3320 4184 3535 4242 caelitus

1957 4293 2293 4355 muneribus,
2327 4290 2534 4362 gratias
2573 4301 2788 4365 semper
2817 4299 2976 4356 agere
3001 4281 3221 4337 doceret
3251 4284 3305 4332 ut
3337 4282 3393 4331 et
3422 4275 3536 4345 ipse

1957 4390 2214 4454 quantum
2240 4381 2305 4435 (le
2335 4378 2538 4433 nostris
2558 4376 2889 4447 profectibus
2914 4371 3214 4446 gratuletur
3240 4369 3534 4424 intimaret.

1957 4478 2139 4549 Fregit
2174 4484 2228 4531 et
2264 4490 2362 4545 per
2399 4472 2694 4544 apostolos,
2730 4468 3005 4526 distribuit
3048 4462 3534 4526 discumbentibus,

1958 4568 2083 4639 quia
2125 4571 2464 4621 sacramenta
2519 4560 2814 4633 prophetia:
2859 4572 2956 4627 per
2995 4562 3214 4611 sanctos
3256 4552 3530 4617 doctores,

1960 4659 2052 4731 qui
2084 4659 2198 4712 haec
2226 4663 2338 4711 toto
2368 4654 2499 4708 orbe
2526 4650 2902 4723 praedicarent,
2939 4643 3234 4702 distribuit.

2033 4749 2099 4805 Ut
2130 4757 2303 4803 autem
2325 4744 2518 4817 impleti
2542 4752 2685 4807 sunt,
2709 4740 2842 4794 dixit
2867 4735 3137 4808 discipulis
3162 4732 3295 4800 suis,
3312 4732 3537 4801 colligite

1965 4842 2281 4912 fragmenta,
2300 4851 2417 4903 (μίαν
2443 4838 2814 4904 superaverunt
2838 4845 2899 4882 ne
2926 4833 3162 4897 pereant.
3187 4822 3339 4889 Quod
3365 4820 3536 4875 turbis

1958 4938 2208 5004 superest
2229 4946 2257 4984 a
2283 4927 2556 4998 discipulis
2577 4922 2897 4985 sustollitur,
2914 4920 3041 4990 quia
3068 4917 3364 4972 sacratiora
3386 4923 3441 4968 et
3456 4930 3542 4967 ar-

1960 5042 2096 5084 cana
2126 5024 2438 5083 divinorum.
2477 5019 2812 5089 eloquiorum
2860 5013 3119 5085 mysteria
3145 5051 3161 5077 ,
3192 5026 3311 5081 quae
3340 5024 3371 5063 a
3399 5007 3543 5062 rudi-

1962 5117 2064 5171 bus
2090 5114 2211 5184 capi
2246 5120 2518 5181 nequeunt
2537 5150 2550 5173 ,
2578 5123 2683 5164 non
2720 5105 3057 5176 negligenter
3080 5100 3375 5157 omittenda
3406 5139 3420 5164 ,
3450 5098 3542 5152 sed

1966 5215 2091 5263 sunt
2117 5181 2436 5276 inquirenda
2466 5199 2749 5272 perfectis.
3550 5181 3567 5197 ’

2038 5295 2367 5366 Collegcrunt
2422 5308 2584 5361 ergo,
2636 5300 2684 5343 et
2742 5287 3082 5359 impleverunt
3129 5282 3407 5339 duodecim
3458 5294 3543 5332 co-

1968 5388 2152 5459 phinos
2184 5384 2595 5455 fragmentorum
2620 5421 2634 5445 ,
2684 5395 2748 5432 ea:
2775 5379 3001 5449 quinque
3029 5374 3250 5447 panibus
3303 5381 3418 5459 qua!
3444 5382 3540 5459 stt—

261 5455 408 5565 quze
452 5455 653 5561 scripta
701 5501 883 5547 essent
932 5491 986 5544 in
1032 5455 1162 5559 lege,
1196 5489 1363 5560 Moysi
1408 5455 1488 5543 et“
1507 5485 1783 5557 prophetis
1816 5492 1873 5538 ct
1970 5478 2298 5549 perfucrunt.
2321 5472 2459 5540 Quia
2489 5470 2819 5565 duodeuario
2844 5483 3080 5565 numero
3106 5464 3245 5565 solet

259 5570 514 5653 psalmis
575 5580 641 5635 de
708 5581 843 5651 ipso.
918 5579 1174 5649 Discipuli
1246 5584 1609 5647 opposuerunt
1675 5573 1870 5636 turbis,

260 5671 508 5751 quando
535 5671 762 5745 profecti
794 5671 1223 5743 prgrdicaverunt
1250 5669 1467 5741 ubique,
1503 5668 1729 5722 Domino
1782 5680 1871 5721 co-

1974 5546 2268 5640 desiguari.
2318 5566 2486 5619 Recte
2522 5579 2618 5630 per
2648 5562 2930 5618 duo:leeim
2965 5556 3224 5626 cophinos
3259 5546 3540 5640 duodecim

1977 5636 2199 5734 apostoli
2236 5698 2249 5725 ,
2278 5663 2327 5711 ct
2356 5669 2453 5723 per
2487 5652 2754 5724 apostolos
2780 5693 2793 5717 ,
2827 5649 3000 5705 omnis
3030 5645 3305 5699 doctorum
3334 5636 3538 5708 spirita-
