3998 6198
442 308 543 366 155

1724 301 2081 362 SMARAGDI
2120 300 2414 360 ABBATIS

3602 310 3710 369 156

438 426 571 479 lium
592 424 792 480 chorus
813 422 1154 492 exprimitur,
1181 419 1311 474 foris
1335 418 1551 487 quidem
1578 415 1889 471 hominibus
1910 415 2018 470 dis-
2044 419 2096 479 Λ
2120 415 2248 487 quid
2268 414 2339 469 ibi
2364 420 2613 485 gerentes
2636 411 2925 483 invenerit,
2953 415 3083 489 quid
3135 408 3337 473 ibidem
3381 417 3495 490 ipse
3522 435 3712 491 gesse-

440 524 653 584 pectus,
710 513 805 568 sed
858 514 1003 565 intus
1054 510 1279 566 salutari
1325 510 1448 564 cibo
1501 507 1757 576 repletus.
1796 504 2023 561 Constat

432 606 585 659 enim
617 603 865 674 cophinis
908 616 1072 672 opera
1125 599 1348 655 servilia
1379 599 1492 669 geri
1528 598 1720 653 solere.
1770 596 1879 652 Sed
1903 598 2021 668 ipse

432 697 703 765 cophinos
748 707 947 763 panum
1001 690 1317 759 fragmentis
1345 688 1584 759 implevit
1614 728 1628 753 ,
1672 687 1765 758 qui
1804 687 2021 742 inﬁrma

441 784 650 849 mundi,
690 790 751 837 ut
779 782 939 837 fortia
964 779 1343 844 confunderet,
1373 779 1559 850 elegit.

512 876 604 930 Illi
631 892 754 948 ergo
799 876 1055 939 homines,
1087 889 1209 927 cum
1264 874 1511 928 vidissent
1548 872 1690 943 quod
1717 872 1914 943 fecerat
1943 872 2024 925 si-

438 986 619 1040 gnum,
641 969 881 1023 dicebant
904 980 922 1018 :
946 965 1085 1031 Quia
1108 966 1193 1020 hic
1216 976 1290 1020 est
1310 974 1424 1019 rere
1442 965 1713 1037 propheta,
1739 965 1830 1035 qui
1843 973 2023 1018 ventu-

422 1050 530 1123 |rus
543 1070 618 1115 est
647 1061 704 1113 in
730 1059 1004 1113 mundum.
1034 1060 1197 1115 Recte
1226 1059 1441 1129 quidem
1463 1058 1713 1114 dicebant
1735 1057 2024 1111 Dominum

422 1130 758 1222 'prophetam
788 1165 1041 1221 magnum
1070 1191 1083 1214 ,
1112 1166 1319 1222 magna:
1342 1150 1529 1206 salutis
1558 1162 1887 1221 praeconem,
1907 1148 2023 1219 jam

417 1232 646 1297 ‘mundo
670 1240 931 1297 futurum.
966 1241 1098 1296 Nam
1129 1251 1184 1298 et
1226 1244 1340 1313 ipse
1366 1244 1688 1313 prophetam
1736 1256 1793 1297 se
1830 1254 2028 1296 vocare

417 1322 717 1405 itlignatur,
756 1334 847 1388 ubi
879 1335 997 1387 ait:
1032 1332 1171 1398 Quia
1216 1350 1317 1387 non
1343 1333 1478 1404 capit
1502 1333 1808 1404 prophetam
1858 1332 2028 1403 perire

438 1437 589 1481 extra
630 1424 984 1479 Hierusalem.
1032 1424 1138 1479 Sed
1214 1425 1440 1479 necdum
1468 1424 1625 1495 plena
1668 1424 1773 1479 [ide
1863 1422 2029 1492 proli-

438 1521 690 1583 ciebant,
722 1519 851 1589 quia
877 1519 1025 1572 hunc
1052 1518 1216 1572 etiam
1260 1516 1430 1572 Deum
1460 1516 1642 1571 dicere
1690 1516 2026 1571 nesciebant.

444 1610 554 1666 Nos
584 1610 820 1666 certiore
866 1609 1141 1680 agnitione
1174 1608 1423 1663 veritatis
1469 1615 1525 1662 et
1567 1606 1689 1662 fidei
1724 1648 1739 1671 ,
1787 1605 2031 1661 videntes

440 1705 721 1767 mundum,
747 1715 907 1770 quem
933 1700 1060 1757 fecit
1079 1699 1257 1766 Jesus,
1280 1707 1336 1754 et
1362 1699 1523 1769 signa
1540 1700 1735 1770 quibus
1763 1699 1911 1754 illum
1938 1715 2029 1754 re-

2131 509 2222 574 rit,
2257 508 2537 565 videamus

2189 601 2259 654 Et
2300 601 2495 655 invenit
2544 601 2601 655 in
2647 602 2838 672 templo
2865 643 2881 668 ,
2913 602 3187 657 uendentes
3225 602 3375 659 boves
3416 613 3475 660 et
3514 623 3631 663 oves
3660 616 3713 664 et

2124 693 2391 749 columbas
2428 704 2475 749 ct
2534 695 2914 750 nummularios
2948 696 3204 751 sedentes.
3244 694 3608 754 Nummularii
3634 700 3713 755 ad

2125 786 2229 841 hoc
2260 786 2525 841 sedebant
2545 787 2610 841 ad
2638 798 2856 842 mensas
2888 828 2903 853 ,
2934 795 2995 842 ut
3046 787 3187 842 inter
3211 797 3489 858 emptores
3516 791 3709 846 vendi-

2127 884 2381 946 toresque
2408 877 2717 959 hostiarum
2753 888 3003 949 prompta
3033 886 3177 932 esset
3202 878 3449 948 pecuniae
3475 881 3704 934 taxatio.

2128 965 2462 1021 Videbantur
2482 980 2612 1037 ergo
2633 964 2782 1021 licite
2815 965 2975 1021 vendi
3002 967 3057 1020 in
3100 967 3321 1037 templo,
3351 983 3473 1039 qua:
3494 969 3563 1022 ad
3606 970 3713 1024 hoc

2129 1056 2470 1120 emebantur,
2504 1063 2563 1109 ut
2588 1056 2641 1109 in
2664 1057 2854 1111 eodem
2878 1056 3078 1126 templo
3104 1054 3433 1112 oﬂ‘errentur
3456 1059 3707 1114 Domino.

2128 1144 2446 1206 Sednolens
2470 1145 2582 1214 ipse
2596 1146 2859 1201 Dominus
2882 1144 3083 1215 aliquid
3108 1146 3163 1199 in
3178 1146 3337 1201 domo
3359 1163 3456 1201 sua
3481 1155 3713 1203 terrena:

2132 1237 2515 1309 negotiationis
2538 1278 2553 1303 ,
2584 1253 2653 1292 ne
2689 1237 2806 1307 ejus
2842 1237 3080 1306 quidem,
3126 1252 3247 1309 qum
3270 1238 3509 1293 honesta
3547 1248 3708 1313 puta-

2130 1341 2301 1394 retur,
2321 1328 2590 1394 exhiberi,
2610 1328 2832 1399 dispulit
2846 1329 3211 1399 negotiatores
3230 1327 3478 1405 iniustos,
3493 1338 3547 1383 et
3565 1327 3711 1387 foras

2131 1409 2320 1478 omnes
2345 1420 2504 1476 simul
2526 1436 2648 1476 cum
2674 1420 2759 1475 his
2780 1435 2902 1489 quae
2924 1420 3344 1490 negotiabantur
3363 1418 3542 1490 ejecit.
3572 1421 3713 1488 Quid

2130 1530 2282 1587 ergo,
2311 1513 2507 1569 fratres
2530 1513 2634 1567 mei
2658 1554 2673 1580 ,
2704 1512 2833 1584 quid
2855 1520 3108 1584 putamus
3136 1512 3337 1569 faceret
3358 1513 3640 1579 Dominus,
3665 1515 3713 1570 si

2124 1607 2267 1671 rixis
2290 1606 2614 1661 dissidentes
2642 1644 2656 1668 ,
2697 1604 2743 1659 si
2784 1603 2981 1659 fabulis
3008 1613 3287 1669 vacantes,
3324 1604 3410 1659 vel
3439 1604 3545 1659 alio
3573 1621 3710 1675 quo-

2130 1700 2263 1755 libet
2309 1698 2512 1754 scelere
2557 1697 2819 1767 reperiret
2865 1696 3103 1752 irretitos
3131 1696 3155 1750 ?
3179 1697 3270 1767 qui
3322 1697 3556 1762 hostias,
3590 1713 3713 1768 qua:

430 1793 620 1862 :plevit.
653 1792 950 1847 Dicamus:
979 1791 1113 1857 Quia
1133 1790 1222 1845 hic
1264 1798 1349 1845 est
1388 1804 1514 1844 vere
1539 1789 1807 1844 mediator
1836 1787 1935 1843 Dei
1964 1797 2022 1844 et
2048 1793 2096 1850 B
2124 1790 2227 1846 sibi
2256 1788 2689 1857 immolarentur,
2736 1795 2980 1843 ementes
3017 1787 3074 1843 in
3103 1786 3300 1858 templo
3337 1787 3491 1848 vidit,
3521 1796 3576 1842 et
3608 1787 3710 1842 cli-

440 1885 742 1947 huminum,
771 1884 864 1954 qui
891 1882 1139 1953 impleret
1159 1882 1417 1937 mundum
1441 1882 1745 1947 divinitate,
1782 1888 1836 1936 et
1866 1897 2028 1935 mun-

438 1975 539 2029 dus
573 1989 673 2043 per
710 1974 885 2043 ipsum
917 1972 1094 2028 factus
1120 1980 1223 2027 est.
1256 1972 1394 2039 Quia
1424 1972 1478 2027 in
1502 1972 1722 2043 propria
1750 1972 1899 2027 venit
1928 1972 2028 2026 hu-

439 2066 699 2120 manitate
716 2105 731 2130 ,
757 2078 1003 2135 quaerere
1048 2073 1104 2118 et
1147 2063 1359 2119 salvare
1384 2063 1526 2133 quod
1564 2061 1831 2132 perierat,
1856 2076 1920 2116 ac
1943 2074 2031 2114 re-

437 2170 624 2212 creare
650 2156 909 2210 mundum
934 2170 1097 2224 quem
1126 2153 1351 2210 fecerat.

616 2275 826 2329 FERIA
873 2270 1194 2329 SECUNDA
1229 2274 1408 2331 POST
1448 2272 1849 2329 VICESIMAM.

833 2368 1169 2409 EVANCELIUI
1188 2367 1423 2416 JOANNIS,
1452 2367 1571 2407 CAP.
1604 2368 1666 2408 ιι.

518 2467 535 2497 ι
583 2444 757 2518 Pr0pe
777 2452 898 2500 erat
919 2444 1125 2499 Pascha
1153 2440 1460 2499 Iudaeorum
1479 2482 1495 2509 ,
1525 2450 1579 2497 ct
1604 2440 1849 2496 ascendit
1871 2438 2031 2497 Iesus

451 2557 471 2589 ι
518 2534 970 2610 Hierosolymam.
987 2537 1055 2590 Et
1074 2536 1279 2591 invenit
1302 2535 1357 2589 in
1375 2533 1572 2606 templo
1584 2533 1879 2589 vendentes
1898 2548 2031 2588 oves

451 2649 469 2680 ι
516 2638 573 2684 et
601 2630 766 2684 boves
813 2635 870 2683 et
918 2626 1198 2682 columbas
1232 2633 1287 2679 et
1321 2622 1715 2679 nummularios
1754 2622 2026 2679 sedentes.

447 2742 465 2773 ο
513 2722 718 2777 Etcum
734 2719 954 2776 fecisset
972 2716 1424 2789 quasiﬂagellum
1447 2717 1512 2772 de
1532 2713 1809 2778 funiculis,
1837 2728 2029 2768 omnes

448 2834 468 2865 σ
512 2812 673 2883 ejecit
695 2809 761 2868 de
779 2810 982 2882 templo
1002 2851 1017 2877 ,
1042 2825 1173 2866 oves
1196 2824 1412 2880 quoque
1440 2815 1497 2863 et
1523 2807 2029 2872 boves,etnummu—

446 2925 463 2954 ι
511 2904 769 2958 lariorum
800 2900 988 2957 ell‘udit
1021 2916 1126 2966 :es,
1158 2909 1215 2955 et
1248 2913 1466 2954 mensas
1496 2896 1785 2953 subvertit.
1828 2895 1898 2949 Et
1939 2895 2027 2951 his

450 3015 465 3045 I
510 2995 603 3066 qui
623 2993 904 3049 columbas
942 2992 1249 3047 vendebant
1273 2989 1445 3045 dixit:
1474 2986 1697 3043 Auferte
1726 2987 1829 3042 ista
1871 2986 2024 3052 hinc,

428 3078 466 3137 ἰ
510 3096 566 3142 et
587 3087 754 3141 nolite
783 3084 967 3140 facere
1002 3084 1221 3139 domum
1255 3082 1433 3152 patris
1459 3081 1565 3136 mei
1613 3081 1832 3137 domum
1862 3094 2027 3151 nego-

2134 1882 2344 1936 minare
2373 1880 2623 1935 curavit?

2202 1972 2270 2027 Et
2295 1987 2410 2026 cum
2439 1971 2641 2041 fecisset
2666 1969 2821 2042 quasi
2840 1968 3109 2041 ﬂagellum
3133 1969 3198 2025 de
3225 1969 3501 2039 funiculis,
3532 1986 3711 2025 omnes

2130 2065 2279 2137 ejecit
2306 2062 2370 2118 de
2398 2062 2586 2133 templo
2616 2103 2633 2130 ,
2664 2079 2778 2117 oves
2822 2078 3026 2134 quoque
3053 2071 3101 2117 et
3146 2062 3378 2131 boves,et
3408 2062 3712 2116 nummulo-

2132 2159 2333 2213 riorum
2358 2158 2550 2227 e/fudit
2577 2175 2672 2217 ars.
2701 2167 2747 2212 et
2778 2174 2986 2213 mensas
3023 2157 3294 2224 subvertit,
3319 2165 3367 2211 et
3408 2157 3489 2210 his
3510 2158 3601 2226 qui
3623 2172 3716 2208 co-

2128 2246 2335 2301 lumbas
2360 2247 2645 2302 vendebant
2666 2289 2681 2313 ,
2714 2247 2888 2301 dixit:
2916 2246 3130 2317 Auferte
3152 2249 3256 2301 ista
3288 2247 3407 2300 hinc
3434 2287 3448 2308 ,
3476 2256 3523 2300 et
3554 2246 3715 2298 nolite

2135 2334 2304 2405 facere
2336 2334 2550 2388 domum
2577 2332 2758 2388 Patris
2797 2335 2899 2388 mei
2944 2335 3160 2389 domum
3203 2335 3591 2406 negotiationis.
3626 2333 3717 2387 Ti—

2129 2423 2384 2478 mendum
2415 2423 2549 2477 satis
2575 2430 2661 2477 est
2686 2462 2701 2487 ,
2743 2437 2813 2476 ne
2840 2438 2940 2476 nos
2972 2423 3026 2476 in
3072 2423 3273 2493 templo
3300 2422 3711 2487 nummularius,

2130 2527 2200 2567 ne
2245 2511 2556 2567 venditores
2600 2509 2798 2565 bovum
2831 2552 2846 2576 ,
2892 2512 3073 2566 ovium
3105 2552 3120 2578 ,
3148 2510 3591 2567 columbarumve
3634 2530 3717 2566 re-

2128 2604 2349 2676 periens
2389 2605 2624 2661 damnet.
2654 2602 2847 2670 Boves,
2896 2602 3094 2674 quippe
3132 2603 3431 2659 doctrinam
3461 2605 3587 2659 vita:
3609 2621 3711 2660 coe-

2130 2696 2303 2751 lestis.
2338 2696 2480 2752 Oves
2529 2710 2695 2765 opera
2743 2694 3023 2749 munditia:
3056 2703 3111 2748 et
3156 2693 3393 2765 pietatis.
3440 2694 3715 2749 Columbae

2132 2786 2306 2842 sancti
2323 2785 2557 2855 Spiritus
2572 2785 2713 2839 dona
2741 2783 3046 2855 designant.
3063 2783 3316 2838 Vendunt
3330 2792 3510 2839 autem
3525 2785 3713 2847 boves,

2131 2891 2221 2947 qut
2260 2875 2486 2931 verbum
2521 2872 2832 2944 Evangelii,
2866 2889 2974 2927 non
3011 2872 3194 2928 divino
3219 2888 3404 2928 amore
3429 2916 3444 2940 ,
3484 2873 3578 2928 sed
3606 2882 3715 2928 ter-

2131 2965 2248 3020 reni
2277 2972 2517 3035 quaestus
2540 2962 2739 3017 intuitu
2783 2963 3127 3017 audientibus
3157 2962 3496 3033 impendunt,
3525 2962 3715 3032 quales

2130 3053 2477 3125 reprehendit
2520 3051 2831 3123 Apostolus,
2858 3052 2984 3121 quia
3031 3051 3304 3107 Christum
3332 3052 3718 3108 annuntiarent

447 3196 467 3228 ε
514 3177 772 3232 tiauonis.
807 3174 1094 3230 Recordati
1141 3142 1274 3228 vero
1300 3182 1425 3228 sunt
1453 3170 1701 3242 discipuli
1732 3169 1868 3240 ejus.
1893 3142 2022 3241 quia
2050 3151 2097 3213 Ο
2127 3161 2233 3201 ¹¹⁰¹¹
2250 3143 2753 3242 ﬁnem-lenam
2778 3143 3310 3242 0"?5'q“_i_h““:“nm_
3330 3142 3711 3242 gm‘if‘lmldiso

448 3284 466 3315 ι
512 3265 773 3334 scriptum
796 3271 910 3319 est:
938 3262 1097 3317 Zelus
1120 3261 1314 3317 domus
1343 3268 1447 3315 tua:
1482 3257 1719 3315 comedit
1745 3274 1852 3314 me.
1887 3257 2023 3315 Bes-

448 3374 465 3403 ι
508 3353 816 3422 ponderum
843 3366 974 3421 ergo
998 3349 1189 3417 Judzei,
1229 3359 1286 3406 et
1336 3350 1595 3405 dixerunt
1619 3349 1668 3405 ei
1700 3367 1713 3403 :
1749 3348 1904 3415 Quod
1950 3348 2026 3403 si-

446 3464 466 3495 ι
504 3459 677 3515 gnum
730 3441 971 3497 ostendis
1004 3442 1182 3507 nobis,
1228 3441 1355 3511 quia
1382 3441 1497 3496 hare
1523 3439 1702 3496 facis?
1728 3440 2026 3512 Respondit

438 3562 463 3589 κ
510 3539 687 3603 ﬂesus,
719 3546 777 3595 et
802 3537 941 3593 dixit
970 3538 1052 3593 eis
1075 3551 1090 3590 :
1117 3535 1324 3592 Solvite
1351 3534 1610 3605 templum
1636 3534 1741 3590 hoc
1768 3542 1825 3590 et
1852 3534 1908 3589 in
1932 3534 2027 3590 tri-

436 3652 463 3680 με
511 3632 613 3685 bus
652 3629 841 3685 diebus
877 3629 1128 3685 excitabo
1158 3626 1307 3683 illud.
1336 3627 1602 3683 Dixerunt
1640 3641 1772 3699 ergo
1807 3626 2021 3683 Judaei:

437 3741 463 3768 ,ι
511 3720 879 3790 Quadraginta
898 3728 954 3774 et
975 3735 1069 3774 sex
1098 3720 1258 3775 annis
1282 3719 1610 3776 mdiﬂcatum
1651 3729 1737 3777 est
1764 3720 2025 3789 templum

435 3832 463 3861 4
511 3814 614 3867 hoc
644 3851 658 3876 ,
684 3818 739 3866 et
767 3819 823 3865 tu
874 3812 929 3865 in
963 3810 1136 3866 tribus
1178 3811 1371 3866 diebus
1408 3811 1676 3867 excitabis
1724 3810 1899 3865 illud?
1932 3810 2026 3866 Ille

436 3924 464 3952 ,ε
513 3911 693 3956 autem
730 3900 943 3957 dicebat
971 3900 1037 3956 de
1082 3900 1282 3971 templo
1322 3902 1569 3972 corporis
1600 3902 1704 3957 sui.
1732 3899 1868 3957 Cum
1894 3916 2026 3972 ergo

446 4015 465 4044 ι
515 3995 905 4050 resurrexisset
940 4010 971 4050 a
1001 3994 1263 4060 mortuis,
1302 3992 1574 4049 recordati
1617 4001 1742 4049 sunt
1769 3992 2020 4063 discipuli

436 4105 463 4135 λ
511 4084 653 4156 ejus,
678 4085 803 4155 quia
831 4085 948 4140 hzec
973 4085 1207 4141 dicebat.
1247 4083 1316 4139 Et
1342 4083 1694 4141 crediderunt
1731 4082 2053 4154 Scripturm'

435 4196 463 4226 Α
510 4186 566 4230 et
599 4176 839 4232 sermoni
878 4190 1041 4247 quem
1084 4175 1222 4230 dixit
1256 4172 1437 4231 Jesus.
1495 4173 1627 4231 Cum
1659 4182 1843 4231 autem
1883 4164 2029 4228 esset

439 4287 463 4317 4
505 4266 893 4340 Hierosolymis
932 4267 988 4322 in
1014 4266 1247 4335 Pascha,
1280 4267 1334 4324 in
1363 4267 1453 4324 die
1486 4265 1646 4332 festo,
1674 4264 1829 4321 multi
1853 4264 2029 4320 credi-

437 4378 464 4407 4
512 4359 708 4413 derunt
754 4359 809 4414 in
843 4359 1063 4414 nomine
1104 4357 1241 4428 ejus,
1267 4358 1515 4416 videntes
1538 4358 1688 4430 signa
1712 4373 1833 4428 qua:
1864 4355 2028 4410 facie-

443 4470 465 4498 ι
512 4448 622 4503 bat.
649 4449 767 4519 Ipse
807 4458 988 4505 autem
1028 4448 1187 4506 Iesus
1216 4466 1324 4505 non
1356 4449 1612 4504 credebat
1654 4449 1895 4516 seipsum
1925 4445 2024 4507 eis,

2128 3253 2293 3309 opera
2313 3235 2536 3308 pietatis
2552 3244 2824 3299 exercent,
2842 3236 2909 3291 de
2934 3235 3131 3305 quibus
3159 3233 3418 3290 Dominus
3431 3235 3509 3288 ait
3535 3253 3548 3288 :
3572 3233 3713 3299 Quia

2128 3337 2429 3399 receperunt
2451 3326 2741 3383 mercedem
2768 3342 2940 3380 suam.
2986 3325 3233 3381 Vendunt
3264 3324 3543 3381 columbas
3573 3367 3589 3388 ,
3619 3327 3713 3398 qui

2128 3427 2407 3489 acceptam
2452 3417 2694 3487 Spiritus
2731 3416 2958 3488 gratiam
2993 3456 3007 3482 ,
3062 3432 3179 3470 non
3219 3414 3389 3487 gratis
3416 3456 3432 3480 ,
3468 3424 3528 3469 ut
3574 3430 3717 3487 prac-

2128 3519 2343 3580 ceptum
2368 3518 2471 3575 est,
2502 3509 2593 3563 sed
2615 3509 2683 3563 ad
2704 3508 2987 3580 praemium
3011 3507 3162 3574 dant,
3187 3509 3281 3579 qui
3311 3507 3713 3577 impositionem

2128 3621 2322 3661 manus
2350 3647 2364 3672 ,
2398 3606 2758 3676 quaSpiritus
2783 3607 3072 3678 accipitur,
3137 3606 3245 3662 etsi
3285 3621 3394 3661 non
3422 3605 3490 3659 ad
3537 3619 3717 3673 quaes-

2129 3705 2244 3752 tum
2274 3697 2531 3767 pecunize,
2564 3697 2634 3752 ad
2655 3697 2802 3769 vulgi
2832 3706 3011 3752 tamen
3033 3696 3274 3752 favorem
3307 3696 3553 3750 tribuunt
3575 3709 3592 3750 :
3617 3695 3712 3763 qui

2128 3804 2314 3844 sacros
2341 3788 2561 3844 ordines
2588 3803 2697 3843 non
2719 3788 2787 3843 ad
2814 3788 2942 3844 vitae
2971 3787 3245 3852 meritum,
3275 3787 3372 3843 sed
3387 3785 3456 3841 ad
3482 3786 3714 3857 gratiam

2128 3880 2450 3951 largiuntur.
2480 3876 2740 3935 Nummos
2763 3880 2892 3935 dant
2928 3887 3115 3933 mutuo
3155 3879 3208 3933 in
3237 3877 3456 3948 templo,
3484 3876 3577 3947 qui
3608 3892 3715 3931 non

2128 3973 2378 4029 simulate
2390 3972 2719 4036 coelestibus,
2734 3973 2829 4028 sed
2844 3981 3029 4042 aperte
3047 3972 3279 4026 terrenis
3292 3971 3454 4025 rebus
3468 3970 3524 4024 in
3538 3968 3716 4024 Eccle-

2129 4066 2209 4122 sia
2236 4064 2566 4127 deserviunt,
2592 4077 2687 4117 sua
2716 4069 3042 4131 quaerentes,
3066 4075 3174 4114 non
3201 4058 3322 4129 qua:
3340 4058 3468 4115 Jesu
3484 4058 3712 4115 Christi.

2203 4152 2485 4210 Recordati
2523 4170 2644 4207 vero
2665 4162 2787 4208 sunt
2814 4151 3061 4225 discipuli
3105 4151 3222 4222 ejus
3244 4192 3258 4217 ,
3299 4152 3424 4222 quia
3461 4152 3713 4222 scriptum

2129 4255 2254 4300 est:
2304 4243 2462 4299 Zelus
2508 4244 2695 4299 domus
2748 4253 2854 4298 tute
2910 4242 3137 4297 comedit
3179 4258 3281 4296 me.
3323 4241 3427 4313 (Ex
3457 4238 3714 4312 August.)

2138 4336 2587 4408 Unumquemque
2633 4334 3004 4392 Christianum
3057 4335 3205 4391 zelus
3245 4335 3435 4390 domus
3488 4332 3583 4388 Dei
3623 4345 3716 4386 co-

2131 4430 2331 4483 medat.
2364 4428 2420 4483 ln
2449 4444 2555 4501 qua
2584 4429 2747 4484 domo
2772 4427 2871 4482 Dei
2898 4429 3185 4483 membrum
3208 4444 3262 4483 es
3293 4468 3309 4493 ,
3340 4427 3384 4483 si
3415 4426 3544 4496 quid
3572 4424 3717 4480 forte

444 4560 468 4590 α
514 4555 579 4595 eo
601 4517 745 4610 quod
795 4541 909 4611 ipse
937 4550 1122 4597 nosset
1145 4542 1353 4597 omnes.
1402 4542 1470 4596 Et
1518 4540 1645 4610 quia
1670 4554 1805 4608 opus
1838 4540 1887 4593 ei
1920 4554 2025 4593 non
2052 4517 2106 4575 D
2131 4539 2447 4594 POVVBFSUI“
2491 4523 2694 4577 Videris
2720 4561 2734 4588 ο
2777 4530 2967 4611 Samii?
2992 4521 3203 4611 ACOTI'AiSi
3231 4561 3245 4585 ν
3271 4517 3563 4574 emendare
3605 4532 3715 4611 ιιοῑξ

446 4650 466 4684 ι
510 4642 659 4699 erat,
700 4640 762 4688 ut
805 4634 930 4704 quis
966 4633 1331 4687 testimonium
1359 4632 1753 4703 perhiberetdc
1784 4630 2022 4685 homine.

444 4743 468 4789 ᾳ
506 4723 624 4793 Ipse
648 4724 792 4779 enim
821 4724 1026 4779 sciebat
1050 4722 1178 4794 quid
1190 4732 1334 4778 esset
1369 4723 1424 4778 in
1446 4721 1684 4778 homine.
1720 4740 1738 4774 ι

452 4856 453 4865 χ
516 4814 690 4886 Prope
730 4824 841 4869 erat
872 4812 1082 4869 Pascha
1104 4812 1442 4880 Judworum,
1472 4822 1522 4868 et
1551 4812 1785 4867 ascendit
1830 4810 2024 4866 Hiero-

442 4905 705 4977 solymam
729 4906 904 4962 Iesus.
936 4907 1091 4975 Quod
1116 4915 1298 4963 autem
1320 4907 1787 4979 appropinquante
1820 4903 2027 4961 Pascha

441 5000 605 5061 Jesus
649 5000 892 5077 ascendit
942 5000 1372 5070 Hierosolymam
1402 5042 1417 5063 ,
1446 4999 1602 5055 nobis
1640 4997 1883 5071 profecto
1934 5000 2028 5054 dat

442 5094 784 5164 exemplum,
814 5103 1018 5164 quanta
1057 5094 1226 5149 animi
1259 5093 1537 5165 vigilantia
1569 5092 1867 5148 Dominicis
1907 5092 2029 5147 sub-

443 5187 540 5263 jici
581 5188 873 5243 debeamus
916 5187 1179 5257 imperiis,
1210 5202 1333 5243 cum
1377 5187 1494 5257 ipse
1535 5186 1590 5240 in
1616 5184 2029 5241 hominisinftrv

445 5281 636 5337 unitate
653 5294 942 5349 apparens,
956 5279 1148 5335 eadem
1169 5294 1289 5349 qua:
1315 5293 1381 5332 ex
1408 5276 1719 5333 Divinitatis
1738 5275 2032 5332 auctorita—

444 5386 499 5430 te
519 5371 711 5429 statuit
742 5370 961 5427 decreta
981 5369 1267 5426 custodiat.
1299 5368 1376 5424 Ne
1406 5369 1549 5424 enim
1584 5374 1841 5438 putarent
1864 5366 2027 5433 servi,

442 5463 651 5535 absque
684 5461 894 5518 crebris
913 5462 1215 5517 orationum
1241 5459 1617 5530 bonorumque
1642 5469 1857 5513 actuum
1880 5456 2032 5511 vieti-

445 5555 573 5621 mis,
588 5551 674 5609 vel
690 5550 897 5623 ﬂagella
919 5550 1165 5616 evadere,
1184 5549 1268 5605 vel
1293 5548 1514 5619 praemia
1536 5564 1595 5604 se
1612 5563 1771 5618 posse
1792 5545 2030 5617 percipe-

448 5662 529 5711 re,
546 5653 599 5700 et
621 5646 732 5715 ipse
753 5644 895 5701 inter
916 5642 1234 5704 servientes,
1260 5639 1594 5695 adorandum
1612 5635 2025 5693 immolandum-

447 5752 554 5807 que
579 5738 669 5794 Dei
702 5736 870 5793 Filius
901 5735 1158 5793 ascendit.
1184 5733 1285 5802 Qui
1314 5731 1535 5788 veniens
1572 5727 2019 5798 Hierosolymam,

2129 4615 2400 4684 quicScas.
2433 4611 2594 4668 Verbi
2645 4610 2818 4682 gratia
2853 4650 2868 4674 ,
2919 4608 3071 4664 vides
3116 4606 3342 4662 fratrem
3387 4621 3611 4661 currere
3646 4606 3717 4662 ad

2131 4707 2426 4770 theatrum,
2454 4703 2699 4775 prohibe,
2724 4716 2909 4767 mone,
2934 4707 3264 4762 eontestare,
3287 4696 3333 4751 si
3350 4696 3498 4751 zelus
3520 4697 3714 4753 domus

2130 4799 2225 4853 Dei
2246 4797 2480 4853 comedit
2502 4804 2571 4851 te.
2596 4795 2759 4851 Vides
2773 4793 2907 4849 alios
2927 4806 3168 4858 currere,
3190 4798 3245 4845 et
3268 4788 3539 4844 inebriare
3552 4786 3711 4853 velle,

2127 4889 2355 4961 prohibe
2393 4902 2527 4957 quos
2568 4892 2888 4955 potes,tene
2917 4898 3054 4955 quos
3081 4890 3256 4952 potes,
3307 4887 3513 4936 terreto
3573 4894 3714 4949 quos

2125 4993 2303 5053 potes,
2326 4982 2520 5053 quibus
2547 4987 2701 5050 potes
2729 4975 2973 5032 blandire
2994 5016 3008 5039 ,
3044 4975 3153 5029 noli
3192 4983 3373 5028 tamen
3412 4972 3711 5043 quiescere.

2128 5078 2351 5133 Amicus
2369 5083 2471 5139 est,
2503 5075 2857 5127 admoneatur
2899 5068 3097 5123 leniter
3129 5085 3141 5121 :
3179 5064 3326 5122 Uxor
3356 5075 3460 5130 est,
3482 5064 3716 5120 severis—

2130 5169 2266 5225 sime
2291 5164 2630 5220 refrenetur:
2660 5160 2868 5215 Ancilla
2897 5167 3002 5225 est,
3031 5158 3196 5213 etiam
3222 5156 3536 5211 verberibus
3566 5170 3717 5210 com-

2130 5264 2403 5331 pescutur.
2429 5253 2540 5309 Fac
2570 5250 2832 5322 quidquid
2856 5258 3009 5319 potes
3028 5263 3129 5318 pro
3147 5262 3380 5318 persona
3399 5262 3564 5317 quam
3584 5260 3715 5317 por-

2133 5358 2238 5415 tas,
2263 5347 2371 5403 noli
2398 5346 2681 5418 quiescere
2721 5342 2922 5397 lucrari
2967 5340 3243 5397 Christum
3274 5379 3289 5406 ,
3314 5340 3441 5409 quia
3460 5331 3718 5393 lucratus

2130 5456 2190 5495 es
2218 5456 2249 5493 a
2278 5437 2515 5501 Christo,
2546 5444 2600 5490 et
2628 5431 2846 5505 perﬁcis
2887 5432 2941 5487 in
2972 5439 3027 5487 te
3050 5451 3064 5485 :
3089 5429 3245 5485 Zelus
3282 5430 3468 5484 domus
3493 5439 3597 5483 tute
3626 5442 3718 5483 co-

2131 5531 2290 5585 medit
2318 5545 2417 5583 me.
2449 5525 2506 5599 Si
2537 5533 2718 5581 autem
2767 5522 2934 5578 fueris
2961 5519 3211 5594 frigidus,
3241 5519 3537 5584 marcidus,
3564 5517 3633 5573 ad
3660 5524 3719 5572 te

2130 5625 2303 5680 solum
2330 5628 2648 5692 exspectans
2674 5659 2689 5684 ,
2737 5626 2792 5672 et
2819 5615 2973 5687 quasi
3008 5614 3104 5670 tibi
3128 5612 3398 5669 sufﬁciens
3433 5620 3490 5666 et
3526 5608 3720 5665 dicens

2129 5723 2185 5778 in
2213 5719 2375 5775 corlc
2406 5725 2497 5771 tuo
2524 5735 2532 5768 :
2566 5712 2702 5782 Quid
2747 5710 2879 5766 mihi
2917 5722 3109 5764 curare
3138 5715 3217 5762 est
3258 5704 3431 5763 aliena
3460 5709 3707 5774 peccata,
