3994 6206
179 299 285 358 I57

1004 286 1523 349 COLLECTIONES
1560 289 1630 349 IN
1666 290 2050 353 EPISTOLAS
2087 296 2177 353 ET
2215 295 2625 355 EVANGELIA.

3363 310 3461 369 158

173 414 379 473 sollieit
400 410 1097 507 mihienimameaﬁlisﬂn
1124 413 1389 486 ἰηιεετθηι
1415 433 1629 485 servem
1643 420 1773 487 Deo,
1802 421 1857 483 Α
1880 429 2186 505 ﬁcationem
2212 432 2541 504 signiﬁcant.
2569 430 2785 487 Primus
2829 431 2975 489 enim
3014 431 3273 507 Salomon
3320 445 3461 495 tem-

174 507 347 563 etiam
370 519 483 560 non
513 503 612 558 tibi
638 503 790 558 venit
819 502 874 556 in
902 512 1139 558 mentem
1168 520 1358 564 servus
1387 508 1500 577 ille,
1536 511 1629 582 qui
1653 513 1779 568 abs-

174 597 369 655 condit
395 596 667 653 talentum
678 603 734 650 et
756 593 936 668 noluit
955 610 1185 666 erogare
1205 596 1544 655 ?Notandum
1569 610 1775 670 autem,

175 690 309 763 quia
357 705 467 746 non
491 686 671 744 solum
701 686 1017 742 venditores
1036 698 1165 743 sunt
1191 689 1584 759 columbarum,
1607 701 1663 749 et
1678 694 1775 751 do—

175 797 329 839 mum
356 780 455 836 Dei
486 777 697 834 faciunt
729 778 953 834 domum
994 780 1372 851 negotiationis
1394 823 1409 851 ,
1450 783 1545 853 qui
1589 799 1775 842 saeros

173 874 419 937 ordines,
443 870 722 943 largiendo
739 870 976 941 pretium
1005 870 1249 940 pecuniae
1268 872 1354 928 vel
1381 873 1580 943 laudis,
1609 876 1694 933 vel
1718 885 1775 933 ct

171 963 290 1035 iam
312 963 558 1028 honoris,
578 961 880 1031 inquirunt.
900 959 1097 1016 Verum
1120 961 1175 1017 1ιί
1196 977 1410 1034 quoque
1429 980 1520 1034 qui
1541 967 1771 1038 gradum

175 1059 259 1113 vel
295 1055 532 1130 gratiam
564 1055 619 1109 in
658 1052 903 1109 Ecclesia
954 1053 1255 1124 spiritalem
1283 1095 1300 1121 ,
1331 1072 1496 1127 quam
1538 1059 1770 1116 Domino

171 1151 445 1223 largiente
483 1161 777 1218 percepero
808 1186 824 1211 ,
876 1160 983 1200 non
1013 1146 1245 1216 simplici
1292 1147 1594 1207 intentione
1625 1192 1641 1218 ,
1671 1153 1768 1209 sed

170 1243 466 1313 cujuslibet
493 1243 744 1296 humana:
762 1255 926 1295 causa
956 1240 1331 1298 retributionis
1352 1253 1626 1312 exercent,
1644 1261 1769 1302 cou-

172 1346 256 1390 tra
278 1335 413 1390 illud
450 1331 677 1403 apostoli
704 1331 849 1386 Petri
878 1349 890 1385 ;
918 1330 1024 1397 Qui
1055 1330 1308 1402 loquitur,
1331 1336 1482 1405 quasi
1504 1353 1765 1392 sermones

170 1427 267 1481 [rei
299 1424 431 1496 ,qui
458 1423 721 1477 ministrat
748 1432 1001 1478 tanauam
1039 1438 1105 1477 ea;
1126 1423 1314 1478 virtute
1344 1464 1358 1489 ,
1383 1442 1542 1495 quam
1591 1427 1763 1481 aduri—

168 1519 362 1572 uistrat
405 1510 549 1570 Deus
574 1555 590 1580 ,
634 1524 690 1569 ut
735 1513 1057 1569 inmunibus
1102 1515 1481 1585 honori/acetur
1509 1517 1651 1572 Deus
1671 1536 1765 1588 per

166 1607 352 1663 Iesum
376 1603 644 1660 Christum
667 1603 719 1676 (I
754 1601 902 1659 Petr.
933 1604 1030 1675 tv).
1059 1604 1306 1693 Funieuli
1337 1609 1531 1677 quibus
1577 1608 1760 1680 ﬂagel-

168 1703 333 1759 lando
357 1702 557 1771 impios
602 1701 669 1756 de
699 1700 896 1771 templo
929 1701 1135 1771 expulit
1161 1743 1177 1770 ,
1213 1714 1489 1761 crementa
1519 1717 1646 1763 sunt
1671 1724 1759 1765 ae-

1880 519 2050 590 plum,
2079 522 2132 575 in
2161 524 2397 577 maxima
2429 524 2581 594 regni
2627 522 2713 580 sui
2757 538 2911 596 pace,
2945 525 3327 584 decentissime
3371 544 3460 585 se-

1878 618 2027 681 ptem
2069 628 2331 671 annorum
2371 631 2536 686 opere
2571 615 2829 688 perfecit,
2858 618 3001 689 quod
3045 619 3385 678 destructum
3428 638 3461 678 a

1877 700 2165 767 Chaldaeis,
2192 711 2315 783 post
2345 706 2685 776 septuaginta
2707 721 2881 762 annos
2909 707 2978 762 ad
3001 708 3304 779 jussiouem
3330 709 3459 784 Cyri
3494 754 3507 761 .

1875 788 2086 854 Persze,
2116 789 2299 846 laxata
2337 792 2682 863 captivitate,
2708 794 3028 852 remdiﬁcari
3066 804 3306 868 emptum
3349 810 3458 856 est.

1876 878 1984 936 Sed
2008 880 2100 936 ﬁlii
2124 883 2636 955 transmigrationis,
2660 901 2828 955 opus,
2859 888 3004 957 quod
3047 888 3352 948 Zorobabel
3394 901 3456 948 et

1873 969 2007 1027 Jesu
2033 971 2304 1030 faciebant
2330 981 2553 1045 propter
2587 974 3051 1047 impugnationem
3098 979 3336 1049 gentium
3375 982 3456 1036 vi-

1871 1064 2143 1130 cinarum,
2165 1072 2289 1119 ante
2311 1065 2670 1136 quadraginta
2695 1074 2751 1120 ct
2788 1081 2884 1121 sex
2914 1083 3085 1123 annos
3114 1069 3337 1139 implere
3361 1086 3456 1125 ne-

1871 1157 2180 1225 quiverunt,
2211 1156 2303 1226 qui
2332 1156 2497 1211 etiam
2540 1172 2800 1211 numerus
2839 1172 3101 1211 annorum
3131 1151 3451 1227 perfectioui

1871 1248 2085 1305 Domini
2106 1248 2352 1320 corporis
2374 1248 2651 1317 aptissime
2678 1248 2944 1319 congruit.
2982 1249 3223 1305 Tradunt
3251 1251 3451 1306 etenim

1869 1339 2199 1395 naturalium
2227 1340 2524 1410 scriptorcs
2558 1355 2762 1404 rerum,
2794 1338 3023 1394 formam
3063 1342 3306 1410 corporis
3351 1344 3452 1398 bu-

1868 1430 2013 1483 mani
2046 1437 2122 1483 tot
2151 1430 2362 1484 dierum
2392 1429 2568 1500 spatio
2605 1428 2813 1498 perﬁci.
2864 1429 3002 1495 Quia
3052 1430 3300 1485 videlicet
3341 1433 3452 1500 pri-

1865 1521 1969 1576 mis
2000 1536 2095 1576 sex
2126 1537 2157 1574 a
2189 1520 2543 1591 conceptione
2581 1519 2771 1574 diebus
2806 1517 2965 1573 lactis
3014 1518 3214 1573 habent
3259 1520 3452 1574 simili-

1866 1610 2126 1665 tudinem.
2157 1609 2523 1680 Sequentibus
2545 1624 2738 1664 novem
2762 1617 3114 1663 convertatur
3141 1609 3209 1664 ad
3232 1611 3452 1681 sangui-

1864 1716 2007 1753 nem.
2036 1699 2238 1755 Deinde
2260 1700 2543 1754 duodecim
2574 1700 2855 1754 solidetur.
2902 1698 3149 1768 Reliquis
3175 1689 3361 1756 decem
3395 1712 3453 1758 ct

169 1794 379 1849 tionem
421 1792 687 1848 malarum
713 1833 728 1858 ,
760 1792 827 1847 de
860 1791 1059 1861 quibus
1083 1795 1310 1850 materia
1340 1795 1632 1853 damnandi
1667 1814 1754 1857 re-
1788 1785 1835 1844 B
1861 1798 1987 1846 octo
2011 1790 2258 1845 ﬁrmetur
2280 1806 2452 1860 usque
2480 1790 2547 1844 ad
2591 1789 2833 1860 perfecta
2863 1789 3177 1846 liniamenta
3204 1793 3450 1848 onmium

167 1889 377 1957 probos
472 1887 722 1944 districto
748 1884 921 1954 judici
971 1885 1149 1943 datur.
1194 1886 1329 1944 lline
1383 1890 1583 1945 etenim
1626 1891 1760 1947 dicit

168 1978 367 2035 lsaias:
397 1976 487 2033 Va:
499 1976 1145 2050 quitrahitisiuiquitatem
1168 1979 1223 2033 in
1233 1979 1485 2047 funiculis
1507 1983 1754 2038 uanitatis

170 2069 308 2138 (Isa.
323 2069 399 2141 v}.
425 2069 493 2125 Et
514 2069 569 2124 in
582 2066 893 2124 Proverbiis
905 2066 1161 2124 Salomon
1175 2084 1190 2124 :
1206 2068 1540 2143 Iniquitates,
1556 2071 1754 2142 inquit,

1858 1884 2245 1947 membrorum,
2278 1893 2332 1937 et
2357 1882 2487 1937 hinc
2512 1880 2626 1950 jam
2655 1881 2864 1951 reliquo
2903 1890 3145 1952 tempore
3173 1899 3343 1953 usque
3380 1884 3449 1938 ad

1860 1983 2069 2045 tempus
2107 1983 2320 2043 partus,
2360 1973 2735 2045 magnitudine
2782 1983 3062 2045 augeatur.
3112 1974 3219 2032 Sex
3262 1986 3448 2031 autem

1856 2077 1912 2124 et
1940 2082 2131 2122 novem
2156 2107 2170 2126 .
2194 2075 2250 2121 et
2281 2066 2591 2131 duodecim,
2618 2073 2675 2120 et
2712 2065 2900 2121 decem
2930 2074 2986 2122 et
3014 2076 3139 2124 octo
3157 2108 3171 2134 ,
3204 2069 3446 2137 quadra-

168 2159 1625 2234 meapiuntimpium,etfuaibuspeccatorumsuorum
1639 2180 1757 2219 con-
1839 2160 1987 2233 ginta
2008 2159 2242 2234 quinque
2276 2158 2502 2213 faciunt.
2532 2159 2738 2224 Quibus
2774 2160 2820 2214 si
2847 2175 3015 2215 unum
3057 2160 3440 2229 adjecerimus,

170 2249 836 2323 stringitur(Prov.v).Qui
852 2251 997 2306 enim
1013 2260 1235 2320 peccata
1255 2254 1512 2323 peccatis,
1525 2270 1624 2325 pro
1642 2255 1757 2325 qui-

170 2341 270 2396 bus
288 2342 470 2396 acrius
489 2340 776 2396 damnetur
793 2341 1116 2409 accumulat,
1132 2343 1299 2413 quasi
1329 2342 1618 2411 funiculos,
1643 2346 1756 2414 qui-

166 2433 267 2487 bus
280 2432 558 2502 ligeturae
574 2431 891 2501 ﬁagelletur,
907 2435 1167 2505 paulatim
1189 2437 1436 2507 augendo
1444 2438 1748 2510 prolongat.

166 2521 663 2579 Nummulariorum
697 2540 913 2594 quoque
949 2542 1086 2596 quos
1113 2527 1397 2597 expulerat
1438 2527 1746 2591 cll‘mlit.:ns,

165 2622 216 2667 et
253 2627 479 2668 mensas
497 2612 783 2680 subvertit,
813 2615 942 2685 quia
964 2616 1236 2672 damnatis
1260 2618 1314 2672 in
1342 2617 1448 2673 ﬁne
1476 2620 1751 2689 mprobis,

165 2704 325 2759 etiam
361 2703 604 2773 ipsarum
634 2721 771 2776 quas
809 2706 1051 2762 dilexere
1090 2723 1271 2763 rerum
1298 2708 1446 2764 tollet
1496 2709 1744 2781 ﬁguram,

147 2794 309 2863 juxta
337 2797 447 2851 hoc
477 2797 624 2864 quod
646 2798 896 2866 scriptum
922 2807 1006 2854 est
1029 2816 1043 2852 :
1078 2798 1143 2852 Et
1179 2799 1407 2854 mundus
1431 2800 1676 2855 transibit
1700 2811 1750 2855 et

165 2889 599 2959 concupiscentia
623 2888 754 2958 ejus.
786 2891 851 2945 Et
877 2892 958 2947 eis
983 2892 1074 2962 qui
1101 2892 1382 2948 columbas
1425 2894 1757 2960 vendebant,

163 2980 295 3034 dixit
325 2998 340 3034 :
370 2979 594 3047 Auferte
616 2981 716 3036 ista
754 2982 897 3048 hinc,
927 2993 974 3037 et
1004 2983 1162 3039 nolite
1209 2984 1379 3040 facere
1404 2985 1618 3040 domum
1649 2983 1754 3042 Pa-

1855 2251 1914 2307 id
1936 2259 2043 2317 est,
2069 2251 2248 2321 ipsum
2275 2250 2442 2315 diem,
2467 2265 2575 2320 quo
2598 2251 2833 2304 discreta
2856 2265 2952 2320 per
2979 2251 3222 2306 membra
3245 2266 3444 2322 corpus

1855 2349 2195 2397 crementqu
2226 2356 2442 2395 sumere
2469 2341 2681 2410 incipit,
2712 2349 2788 2396 tot
2808 2342 3064 2396 nimirum
3087 2341 3202 2398 dies
3228 2343 3283 2395 in
3311 2343 3443 2397 aedi-

1854 2432 2105 2489 ﬁcatione
2148 2432 2395 2503 corporis
2449 2431 2710 2498 Domini,
2734 2442 2867 2503 quot
2905 2432 2960 2486 in
3009 2432 3214 2488 fabrica
3255 2433 3443 2504 templi

1852 2542 2025 2583 annos
2046 2527 2372 2583 invenimus.
2424 2525 2492 2580 Et
2527 2525 2654 2594 quia
2696 2526 2956 2597 templum
2986 2524 3117 2581 illud
3165 2541 3329 2580 manu
3360 2524 3442 2578 fa-

1851 2625 2021 2682 ctum,
2045 2625 2446 2672 sacrosanctam
2476 2615 2690 2670 Domini
2734 2632 2981 2679 carnem,
3009 2633 3173 2688 quam
3208 2633 3276 2671 ex
3331 2616 3445 2671 vir-

1850 2711 1976 2780 gine
2000 2709 2249 2779 sumpsit,
2285 2717 2343 2762 ut
2377 2724 2445 2763 ex
2491 2708 2595 2762 hoc
2640 2706 2760 2763 loco
2809 2708 3100 2774 discimus,
3136 2707 3443 2779 ﬁgurabat,

1824 2816 1972 2870 .quaz
2004 2801 2129 2870 quia
2157 2816 2223 2855 ea
2251 2800 2396 2871 quod
2442 2815 2641 2870 corpus
2664 2800 2827 2869 .ejus,
2851 2799 2996 2869 quod
3043 2808 3129 2854 est
3170 2801 3438 2869 Ecclesia,

1849 2890 1979 2961 quia
2006 2890 2376 2960 unusquisque
2407 2888 2643 2942 ﬁdelium
2673 2903 2872 2958 corpus
2898 2889 3249 2959 animamque
3292 2891 3440 2946 desi-

1849 2982 2067 3052 gnabat.
2098 2981 2172 3038 Ut
2205 2981 2259 3036 in
2289 2980 2562 3053 plerisque
2598 2978 3005 3050 Seripturarum
3051 2977 3186 3035 locis
3230 2981 3444 3036 inveni-

162 3071 255 3126 tris
290 3072 397 3125 mei
432 3072 652 3126 (tantum
680 3075 1045 3144 negotiationis
1127 3074 1320 3144 (Joan.
1358 3076 1440 3149 ιι).
1472 3077 1751 3134 Venditio-
1785 3139 1820 3149 Α
1853 3089 1995 3129 mus.
2019 3072 2192 3128 Adam
2244 3087 2375 3128 vero
2416 3071 2622 3142 primus
2664 3078 2788 3140 post
2829 3077 3117 3143 peceatum
3166 3070 3374 3125 audivit
3424 3089 3437 3124 :

164 3178 284 3217 nent
317 3161 699 3218 columbarum
738 3139 807 3219 de
849 3164 1048 3235 templo
1090 3139 1290 3220 auferri
1320 3139 1594 3237 praecepit,
1624 3169 1751 3239 quia
1777 3139 1822 3201 C
1858 3164 2021 3221 Terra
2042 3182 2096 3219 es
2121 3173 2168 3219 et
2191 3165 2247 3218 iu
2276 3139 2472 3219 terrain
2498 3162 2594 3216 ibis
2626 3139 2791 3234 (Ceu.
2822 3139 2943 3235 in).
2975 3160 3257 3217 Secundus
3312 3177 3447 3218 vero

163 3254 251 3322 qui
279 3254 519 3324 gratiam
536 3251 771 3324 Spiritus
795 3255 968 3326 gratis
988 3257 1218 3326 accepit,
1241 3258 1411 3326 gratis
1432 3258 1750 3316 debetdare.

166 3345 319 3400 Unde
362 3344 552 3401 Simon
592 3345 680 3401 ille
733 3362 927 3418 magus
980 3349 1073 3417 qui
1123 3348 1262 3403 hanc
1306 3365 1487 3405 emere
1526 3353 1752 3420 pecunia

165 3435 443 3501 voluitdrt
471 3435 678 3505 majore
696 3438 874 3506 pretio
900 3439 1177 3504 venderet,
1229 3439 1436 3495 audivit
1467 3459 1479 3494 :
1515 3439 1754 3497 Pecunia

164 3536 255 3578 tua
281 3536 456 3580 tecum
502 3526 572 3581 sit
612 3528 668 3581 in
689 3528 1001 3598 perditione,
1036 3545 1141 3583 non
1178 3539 1255 3583 est
1301 3529 1394 3584 tibi
1440 3547 1564 3587 ears
1592 3549 1755 3604 neque

164 3632 278 3670 sors
303 3617 358 3670 in
375 3633 619 3672 sermone
638 3617 737 3673 hoc
766 3618 906 3688 (Act.
936 3617 1075 3686 vui).

236 3706 639 3778 Responderunt
681 3727 804 3782 ergo
823 3709 1003 3766 Juda't
1023 3721 1072 3766 et
1115 3711 1361 3767 dixerunt
1384 3713 1433 3768 ei
1457 3727 1476 3766 :
1500 3713 1656 3780 Quod
1687 3732 1757 3770 st-

164 3812 323 3866 gum
347 3797 581 3852 ostendis
606 3799 755 3854 uobis
795 3800 919 3868 quia
947 3800 1063 3856 Ita'c
1097 3800 1270 3871 facis?
1298 3802 1633 3875 Responderi:
1664 3805 1756 3860 Je-

167 3905 255 3944 sus
274 3900 322 3944 et
342 3891 480 3945 dixit
505 3892 580 3946 eis
608 3905 628 3942 :
659 3891 856 3949 Solvite
881 3892 1129 3965 templum
1157 3894 1277 3959 hoc,
1302 3905 1350 3950 et
1376 3896 1430 3950 in
1455 3898 1622 3952 tribus
1642 3898 1754 3952 die-

167 3980 261 4034 bus
276 3982 518 4036 excitabo
536 3980 693 4036 illud.
717 3981 795 4037 De
824 3998 933 4053 quo
959 3985 1156 4054 templo
1169 3985 1395 4054 diceret,
1422 3989 1752 4060 evangelista

165 4081 283 4143 post
305 4074 542 4145 aperuit,
576 4075 827 4131 videlicet
878 4078 945 4132 de
974 4078 1171 4149 templo
1200 4081 1445 4151 corporis
1466 4082 1570 4147 sui,
1609 4082 1752 4153 quod

163 4169 230 4223 ab
252 4168 362 4226 illis
389 4170 648 4240 passione
675 4171 912 4227 solutum
940 4213 955 4235 ,
992 4173 1106 4243 ipse
1135 4183 1259 4244 post
1283 4175 1517 4230 triduum
1544 4176 1753 4241 excita-

162 4263 240 4317 vit
266 4263 335 4320 de
365 4272 566 4320 morte.
603 4263 742 4333 Quia
767 4280 901 4336 ergo
925 4265 1139 4334 signum
1170 4266 1487 4336 qumrebant
1506 4281 1537 4320 a
1570 4263 1751 4319 Domi-

162 4368 253 4417 no,
287 4369 463 4425 quare
487 4354 649 4410 solita
693 4357 1022 4415 commercia
1059 4356 1328 4427 projicere
1365 4357 1651 4412 debuerint
1683 4355 1752 4415 de

162 4448 402 4519 templo?
422 4446 744 4518 Respondit,
775 4449 896 4504 ideo
927 4462 986 4503 se
1012 4449 1313 4505 rectissime
1344 4449 1541 4520 impios
1570 4458 1752 4503 exter-

157 4539 378 4595 minare
401 4540 715 4611 tletentplo,
745 4541 873 4611 quia
906 4541 1081 4611 ipsum
1125 4541 1383 4610 templum
1412 4541 1752 4619 signiﬁcave-

157 4627 231 4682 rit
265 4629 533 4700 templuln
569 4631 815 4702 corporis
844 4632 952 4697 sui,
982 4631 1035 4688 in
1068 4647 1177 4703 quo
1210 4632 1353 4688 nulla
1380 4650 1603 4703 prorsus
1629 4649 1752 4690 esse

153 4717 339 4786 potuit
362 4717 602 4788 alicujus
632 4720 843 4775 macula
883 4720 1117 4790 peccati.
1150 4720 1335 4791 Neque
1368 4721 1642 4777 immerito
1670 4730 1752 4794 ty-

153 4810 341 4879 pieum
367 4811 690 4884 purgaverit
714 4827 745 4865 a
771 4811 1067 4868 sceleribus
1096 4812 1354 4883 templum
1390 4852 1404 4877 ,
1439 4813 1533 4883 qui
1562 4828 1751 4868 verum

156 4899 249 4956 Dei
279 4901 574 4972 templum,
613 4902 687 4957 ab
716 4902 1027 4958 hominibus
1065 4910 1239 4957 morte
1264 4902 1523 4967 solutum,
1557 4904 1751 4959 divinae

153 4992 401 5058 potentia
425 4991 730 5061 majestatis
750 4992 990 5049 excitare
1018 5001 1203 5063 posset
1220 5009 1250 5049 a
1276 4993 1526 5048 mortuis.

222 5079 499 5135 Dixerunt
533 5096 658 5152 ergo
684 5081 864 5136 Judwi
901 5098 927 5136 :.
962 5081 1330 5152 Quadraginta
1358 5089 1407 5134 et
1455 5097 1548 5135 sex
1597 5084 1752 5137 annis

152 5175 487 5243 adi/iculum
513 5185 592 5229 est
619 5175 868 5247 templum
889 5176 1011 5237 hoc,
1029 5185 1076 5230 et
1102 5186 1158 5230 tu
1189 5177 1244 5229 in
1269 5175 1437 5229 tribus
1460 5175 1642 5231 diebus
1664 5193 1754 5232 ca:-

149 5267 346 5322 citabis
370 5265 552 5321 illud?
600 5265 883 5334 Quomodo
927 5266 1325 5334 intellexerunt,
1353 5267 1429 5322 ita
1469 5270 1755 5338 responde-

153 5370 302 5415 runt.
330 5359 446 5415 Sed
473 5374 543 5415 ne
580 5376 680 5416 nos
716 5377 933 5433 quoque
981 5360 1319 5432 spiritualcm
1370 5361 1585 5417 Domini
1631 5377 1751 5417 scr-

150 5463 380 5505 tnoncm
435 5449 734 5505 carnaliter
778 5449 1144 5515 sentiremus,
1192 5451 1527 5523 evangelista
1573 5451 1755 5506 subse-

148 5554 430 5610 quentcr,
476 5541 544 5596 de
590 5558 701 5612 quo
761 5542 959 5612 templo
1012 5544 1433 5614 subsequeretur
1481 5544 1749 5615 exposuit.

110 5672 121 5684 ο
147 5632 309 5702 Quod
345 5641 537 5689 autem
567 5635 719 5689 aiunt
748 5635 814 5690 de
844 5634 1436 5708 templo,quadraginta
1456 5645 1510 5690 et
1539 5651 1631 5690 sex
1660 5650 1752 5689 an-

149 5727 232 5787 nis
259 5724 569 5795 aediﬁcato,
602 5741 709 5782 non
739 5727 990 5797 primam,
1016 5727 1109 5784 sczl
1135 5728 1425 5783 secundam
1454 5728 1595 5784 illius
1624 5726 1751 5781 sedi-

1851 3256 2026 3313 Adam
2055 3257 2121 3314 de
2147 3257 2326 3327 seipse
2372 3257 2449 3310 ait
2476 3274 2489 3309 :
2520 3252 2716 3310 Solrite
2750 3253 3002 3326 templum
3027 3255 3146 3321 hoc,
3175 3265 3224 3309 et
3258 3255 3314 3310 in
3340 3256 3439 3310 tri-

1855 3348 1950 3403 bus
2001 3349 2183 3404 diebus
2226 3347 2465 3403 excitabo
2512 3345 2646 3400 illud
2693 3344 2983 3419 (Joan.n).
3030 3344 3264 3417 Sparsus
3312 3361 3447 3400 vero

1855 3440 1956 3499 fuit
1980 3442 2191 3512 primus
2231 3441 2405 3495 Adam
2449 3454 2550 3511 per
2594 3438 2911 3494 universum
2955 3437 3238 3502 mundum,
3265 3436 3444 3505 quiin

1853 3534 2090 3589 secundo
2114 3531 2374 3586 collectus
2399 3537 2504 3596 est,
2532 3529 2675 3600 quod
2706 3527 2971 3599 signiﬁcat
3000 3542 3194 3582 nomen
3233 3527 3403 3582 Adam
3422 3567 3441 3592 ,

1852 3622 1996 3694 quod
2045 3629 2277 3694 quatuor
2303 3620 2502 3676 litteris
2541 3619 2822 3685 scribitur,
2847 3640 2883 3674 α
2905 3617 2935 3674 δ
2953 3651 2973 3680 ,
2997 3615 3193 3672 iterum
3223 3640 3258 3673 α
3285 3626 3341 3671 ct
3376 3642 3442 3692 μ,

1853 3733 1975 3788 qua:
1995 3725 2228 3786 quatuor
2250 3714 2448 3769 littera:
2478 3720 2712 3783 quatuor
2744 3719 2928 3783 partes
2955 3711 3105 3768 orbis
3127 3712 3439 3783 designant,

1854 3810 1911 3866 in
1933 3825 2071 3880 quas
2097 3821 2321 3878 sparsus
2344 3813 2430 3861 est
2451 3805 2624 3859 Adam
2656 3804 2710 3859 in
2744 3802 2871 3860 ﬁliis
2909 3802 3042 3859 suis.
3070 3801 3192 3858 ldeo
3215 3802 3266 3856 in
3289 3803 3440 3873 prin-

1852 3902 2010 3973 cipiis
2038 3899 2316 3969 nominum
2350 3897 2587 3969 partium
2616 3894 2824 3961 mundi,
2856 3894 2940 3949 lue
2968 3901 3204 3963 quatuor
3239 3892 3442 3948 littera}

1853 3994 2122 4064 leguntur.
2149 3990 2287 4047 Nam
2314 3988 2521 4069 ἆρκτος,
2554 3987 2698 4059 quod
2729 3995 2813 4042 est
2838 3985 3163 4055 septentrio,
3191 3986 3259 4040 ab
3285 4007 3322 4041 α
3352 3984 3439 4038 in-

1852 4088 2004 4161 cipit.
2028 4086 2096 4142 Et
2115 4085 2269 4147 δύσις
2292 4083 2440 4154 quod
2461 4091 2545 4138 est
2571 4080 2843 4142 occidens
2875 4094 2903 4133 a
2933 4077 2962 4134 δ
2982 4077 3191 4145 incipit.
3221 4076 3288 4130 Et
3316 4078 3442 4133 ἁνα-

1863 4181 2008 4245 τολή,
2032 4178 2173 4247 quod
2193 4185 2278 4232 est
2304 4176 2506 4235 oriens,
2533 4173 2603 4227 ab
2622 4195 2656 4226 α
2691 4171 2903 4240 incipit,
2940 4170 3268 4241 μεσημϐρία,
3293 4168 3439 4235 quod

1851 4276 1936 4324 est
1959 4266 2240 4330 meridies,
2264 4265 2332 4319 ab
2359 4286 2398 4334 μ
2426 4262 2637 4331 incipit,
2663 4275 2783 4329 quae
2828 4267 2958 4315 sunt
2984 4268 3220 4327 quatuor
3253 4265 3446 4327 partes.

1852 4356 2020 4413 orbis.
2053 4356 2140 4411 Ab
2161 4355 2247 4410 bis
2276 4360 2510 4424 quatuor
2537 4351 2735 4406 litteris
2757 4349 3044 4420 incipiens,
3072 4362 3195 4418 quae
3215 4345 3442 4410 littcrm,

1852 4451 1974 4508 siin
1995 4456 2250 4518 computo
2275 4447 2464 4504 Graeco
2498 4444 2931 4510 considereutur,
2954 4442 3312 4515 quadraginta
3342 4457 3442 4501 sex

1774 4502 1830 4562 Β
1853 4539 2079 4603 faciunt,
2105 4552 2233 4593 nam
2260 4561 2295 4595 α
2326 4554 2517 4604 unum,
2545 4537 2575 4594 δ
2603 4546 2855 4607 quatuor,
2873 4546 2931 4592 et
2954 4536 3151 4591 iterum
3178 4559 3213 4592 α
3247 4551 3447 4601 unum,

1853 4656 1891 4704 μ
1916 4629 2294 4701 quadrag‘nta,
2326 4630 2470 4700 quod
2504 4637 2633 4685 sunt
2679 4628 2839 4682 simul
2886 4627 3034 4682 ducti
3078 4626 3447 4697 quadraginta:

1854 4741 1967 4787 sex,
1997 4724 2225 4795 mystice
2250 4722 2544 4793 designans
2571 4722 2924 4792 quadraginta
2957 4737 3051 4777 sex
3091 4736 3265 4776 annos
3311 4720 3439 4789 quis

1854 4816 1956 4871 bus
1981 4814 2241 4886 templum
2267 4813 2512 4884 corporis
2541 4811 2741 4867 Christi
2771 4811 2825 4865 in
2858 4820 3013 4866 utero
3036 4809 3284 4881 virginali
3311 4809 3441 4864 aedi-

1857 4904 2073 4959 ﬁcatum
2123 4912 2226 4967 est,
2278 4892 2716 4970 sicutsuprrius
2768 4900 3024 4957 diximus.
3072 4899 3217 4954 Caro
3255 4908 3449 4954 autem

1853 4993 2081 5058 Clu-isti,
2107 5007 2229 5062 qua:
2264 4992 2330 5047 de
2357 4991 2528 5045 Adam
2555 4999 2770 5059 sumpta
2808 4998 2909 5053 est,
2955 4989 3233 5044 destructa
3273 4996 3359 5043 est
3404 5003 3445 5041 ει

1852 5085 2074 5150 Judzeis,
2095 5092 2151 5142 et
2173 5100 2204 5137 a
2233 5083 2413 5153 seipso
2437 5081 2632 5136 iterum
2660 5081 2942 5144 aediﬁcata,
2973 5078 3271 5135 secundum
3293 5076 3441 5132 Scri-

1853 5186 2043 5248 pturas
2066 5176 2476 5246 prophetarum.
2525 5173 2590 5227 Et
2615 5173 2735 5228 ideo
2760 5172 2891 5227 dicit
2914 5172 3248 5242 evangelista
3279 5189 3291 5223 :
3323 5170 3449 5227 liae

1854 5268 1993 5323 enim
2022 5266 2228 5322 dicebat
2248 5265 2312 5319 de
2341 5263 2532 5335 templo
2563 5263 2795 5333 corporis
2830 5263 2934 5316 sui.

1925 5356 2058 5413 Cum
2086 5373 2207 5428 ergo
2259 5356 2632 5409 resurrexisset
2680 5371 2712 5407 a
2764 5353 3004 5416 mortuis,
3032 5352 3292 5408 recordati
3316 5360 3444 5415 sunt

1855 5448 2098 5521 discipuli
2128 5449 2265 5519 ejus,
2290 5464 2415 5521 quia
2447 5446 2544 5500 hoc
2574 5444 2777 5500 dicebat
2795 5486 2809 5511 ,
2842 5454 2891 5499 et
2921 5438 3250 5500 credidei‘unt
3285 5441 3443 5494 Scri-

1854 5551 2046 5613 ptura’,
2070 5541 2123 5595 id
2161 5548 2246 5594 est
2277 5538 2692 5608 Prophetarum,
2735 5536 2825 5605 qui
2870 5535 3239 5604 praedixerunt
3281 5529 3439 5582 Chri-

1855 5642 1997 5690 stum
2045 5633 2206 5688 tcrtia
2252 5631 2338 5685 die
2381 5643 2686 5700 resurgere,
2717 5635 2770 5681 et
2818 5624 3051 5681 sermoni
3092 5636 3251 5690 quem
3300 5618 3435 5671 dixit

1855 5725 2032 5793 Jcsus,
2055 5726 2107 5781 id
2139 5734 2239 5791 cst,
2274 5722 2415 5794 quol
2463 5721 2534 5776 ait
2581 5737 2592 5772 :
2645 5717 2836 5773 Solritc
2879 5714 3125 5784 templum
3150 5711 3268 5779 Ιιρτ,
3299 5720 3345 5766 ct
3383 5710 3448 5772 iis,
