3994 6206
486 316 589 375 159

1763 310 2117 369 SMARAGDI
2151 307 2444 364 ABBATIS

3640 306 3746 365 160

481 432 649 488 tribus
672 432 853 488 diebus
879 430 1116 487 excitabo
1137 429 1293 496 illud,
1318 430 1422 483 hoc
1457 434 1561 493 est,
1591 425 1755 480 tertia
1786 425 1873 481 die
1909 438 2058 479 resu-
2085 424 2137 484 A
2167 438 2186 470 ε
2233 396 2412 472 autem
2441 430 2583 471 nunc
2604 413 2786 469 videat
2809 410 3213 479 nescimus.aut
3236 408 3363 479 quis
3388 409 3599 479 aperuit
3618 425 3756 466 οω-

482 525 690 581 scitabo
711 524 853 595 quod
880 539 975 579 vos
995 522 1215 578 solvetis
1241 522 1293 575 in
1324 534 1503 576 cruce.

553 619 685 672 Cum
704 628 877 672 autem
906 625 1037 671 esset
1062 614 1442 685 Hierosolymis
1469 614 1524 668 in
1548 609 1759 666 Pascha
1786 610 1842 664 in
1864 610 1951 663 die
1974 608 2055 679 fe-

481 720 584 775 sto,
607 709 757 763 multi
797 707 1129 763 crediderunt
1155 707 1210 761 in
1238 706 1445 760 nomine
1472 702 1588 775 ejus
1606 744 1620 769 ,
1642 702 1873 758 videntes
1907 700 2058 770 signa

481 802 595 870 ejus
620 816 736 870 qua!
765 799 1007 869 faciebat,
1032 798 1139 868 ipse
1180 807 1352 851 autem
1393 795 1551 850 Iesus
1574 810 1678 849 non
1711 791 1950 848 credebat
1979 807 2061 844 se-

480 895 753 965 metipsum
774 894 866 956 eis,
894 910 952 947 eo
980 892 1119 963 quod
1142 893 1252 962 ipse
1276 886 1446 945 nosset
1485 906 1679 953 omnes,
1703 897 1752 942 et
1778 888 1903 960 quia
1930 902 2060 957 opus

480 987 529 1039 ei
551 1002 653 1039 non
679 992 883 1049 erat,ut
907 982 1021 1053 quis
1051 983 1400 1036 testimonium
1428 979 1714 1052 perhiberet
1740 979 1805 1033 de
1828 978 2058 1044 homine,

485 1080 593 1147 ipse
619 1076 758 1130 enim
784 1074 978 1129 sciebat
1008 1074 1133 1143 quid
1154 1083 1284 1128 esset
1312 1074 1368 1127 in
1396 1072 1622 1127 homine.
1647 1070 1767 1125 Non
1805 1069 1951 1125 enim
1979 1068 2060 1123 sic

452 1162 465 1274 ί
482 1170 776 1227 credebant
798 1170 860 1224 in
882 1185 1006 1224 eum
1031 1177 1090 1223 ut
1115 1168 1262 1239 digni
1289 1177 1473 1222 essent
1507 1166 1780 1221 Christum
1812 1162 2061 1267 habitare

481 1264 533 1318 in
555 1263 653 1327 eis,
680 1277 910 1332 quorum
941 1260 1072 1315 ﬁdes
1098 1259 1505 1314 catcchumeuis
1526 1255 1831 1325 comparari
1859 1263 2057 1325 potest,

449 1323 541 1408 ,ιιι
565 1323 789 1408 credant
811 1352 864 1407 in
890 1350 1189 1414 Christum,
1221 1349 1315 1404 sed
1339 1347 1594 1403 Christus
1631 1323 1737 1401 non
1757 1323 1932 1402 credit
1973 1360 2059 1401 se-

481 1447 655 1515 ipsum
684 1445 783 1509 eis,
808 1444 933 1512 quia
962 1443 1066 1497 nisi
1089 1443 1210 1512 quis
1242 1453 1463 1497 renatus
1498 1442 1663 1496 fuerit
1712 1456 1780 1494 ex
1823 1457 1962 1511 aqua
2007 1448 2061 1495 et

481 1537 692 1607 spiritu,
728 1552 832 1589 non
858 1543 1036 1605 potest
1072 1534 1296 1589 introire
1326 1534 1379 1587 in
1416 1547 1637 1604 regnum
1684 1531 1800 1587 Dei.
1847 1530 2059 1587 Nemini

479 1641 611 1681 vero
636 1641 693 1681 se
717 1625 889 1680 credit
920 1624 1187 1690 Christus,
1211 1625 1314 1679 nisi
1341 1625 1432 1695 qui
1472 1625 1665 1694 dignus
1704 1633 1789 1679 est
1829 1624 2059 1678 introire

481 1717 536 1772 iu
564 1731 787 1787 regnum
816 1714 933 1779 Dei,
959 1715 1136 1770 nullus
1171 1716 1314 1769 enim
1362 1714 1558 1786 dignus
1601 1722 1685 1768 est
1730 1713 1955 1768 introire
2002 1713 2057 1766 in

483 1818 707 1876 regnum
742 1806 868 1869 Dei,
897 1804 1000 1859 nisi
1031 1805 1121 1874 qui
1151 1812 1371 1858 renatus
1397 1812 1570 1858 estex
1594 1817 1734 1874 aqua
1760 1811 1814 1857 et
1840 1802 2054 1873 spiritu.
2085 1774 2135 1834 Β

687 1937 897 1993 FERIA
927 1936 1210 2004 QUARTA
1247 1936 1423 1992 POST
1452 1935 1846 2007 VICESIMAM.

827 2065 1166 2106 EVANGELIUM
1203 2065 1439 2115 JOANNIS,
1477 2065 1597 2105 CAP.
1626 2066 1703 2105 lx.

553 2181 572 2214 ι
616 2162 940 2218 Praeterieris
969 2161 1128 2217 Jesus
1150 2162 1286 2217 vidit
1310 2162 1584 2216 hominem
1626 2176 1828 2217 caecum
1858 2177 1889 2216 a
1918 2161 2059 2215 nati-

484 2275 507 2306 α
548 2256 745 2319 vitate,
784 2262 840 2309 et
882 2254 1354 2325 interrogaverunt
1404 2268 1529 2308 eum
1570 2254 1816 2324 discipuli
1873 2253 1991 2323 ejus
2041 2273 2055 2309 :

483 2365 502 2396 ‹
550 2345 744 2409 Rabhi,
768 2345 890 2414 quis
913 2343 1177 2415 peccavit,
1200 2343 1290 2398 hic
1318 2351 1411 2397 aut
1431 2351 1682 2413 parentes
1707 2343 1844 2412 ejus,
1869 2352 1929 2398 ut
1956 2360 2059 2399 ca:-

484 2454 503 2487 s
550 2450 647 2489 cus
670 2433 1017 2489 nasceretur?
1044 2433 1340 2502 Respondit
1361 2431 1556 2487 Jesus:
1591 2430 1776 2502 Neque
1799 2432 1890 2487 hic
1931 2448 2060 2503 pec-

485 2551 503 2581 ι
551 2531 696 2585 cavit
739 2545 914 2600 neque
949 2538 1205 2598 parentes
1238 2526 1384 2597 ejus,
1418 2530 1514 2583 sed
1553 2533 1613 2581 ut
1645 2525 2060 2581 manifesteutur

486 2641 503 2671 ι
550 2638 716 2691 opera
762 2622 857 2676 Dei
902 2621 956 2674 in
993 2620 1106 2674 illo.
1148 2618 1232 2673 Me
1260 2626 1475 2689 oportet
1497 2617 1713 2688 operari
1747 2631 1914 2688 Opera
1942 2615 2058 2684 ejus

485 2727 503 2759 ι
549 2709 640 2778 qui
666 2709 813 2764 misit
840 2723 948 2774 me,
975 2708 1145 2763 donec
1194 2695 1311 2762 dies
1353 2715 1456 2763 est.
1498 2707 1660 2762 Venit
1692 2722 1801 2761 nox
1840 2706 2057 2775 quando

485 2820 503 2852 ι
550 2816 707 2855 nemo
753 2809 931 2870 potest
983 2800 1219 2869 operari,
1277 2799 1512 2869 quandiu
1561 2799 1618 2853 in
1670 2798 1871 2853 mundo
1914 2812 2053 2862 sum,

483 2912 502 2941 ι
549 2891 637 2945 lux
668 2905 786 2945 sum
812 2890 1018 2944 mundi.
1048 2889 1173 2945 llaec
1194 2904 1315 2944 cum
1347 2889 1603 2956 dixisset,
1623 2890 1812 2960 expuit
1848 2888 1905 2942 in
1948 2896 2059 2942 ter-

482 3001 501 3032 ι
550 2995 686 3044 ram,
708 2987 765 3033 et
789 2977 916 3034 fecit
934 2979 1106 3033 lutum
1128 2994 1195 3034 ex
1223 2987 1403 3050 sputo,
1423 2987 1479 3034 et
1499 2980 1675 3034 linivit
1697 2980 1867 3034 lutum
1893 2993 2058 3048 super

484 3092 502 3123 ι
547 3072 734 3127 oculos
752 3071 891 3141 ejus,
915 3079 972 3125 et
997 3071 1132 3126 dixit
1157 3071 1208 3125 ei
1238 3089 1250 3124 :
1283 3072 1432 3126 Vade
1463 3080 1517 3126 et
1551 3070 1736 3126 lavare
1761 3071 1818 3125 in
1843 3077 2056 3125 natato-

485 3182 503 3215 ι
550 3164 631 3217 ria
662 3140 830 3228 Siloe,
859 3162 1001 3232 quod
1049 3162 1432 3231 interpretatur
1468 3162 1688 3217 missus.
1738 3160 1886 3217 Abiit
1926 3175 2057 3232 ergo
2082 3140 2129 3203 C

487 3275 507 3307 ι
553 3264 609 3311 et
642 3254 792 3320 lavit,
818 3263 873 3310 et
900 3254 1048 3309 venit
1084 3254 1291 3309 videns.
1321 3254 1506 3324 Itaque
1543 3255 1707 3309 vicini
1727 3262 1783 3309 et
1801 3254 1892 3324 qui
1912 3254 2060 3309 vide-

490 3368 508 3398 ι
555 3354 680 3401 rant
708 3363 831 3403 eum
868 3347 1043 3417 prius,
1080 3347 1208 3416 quia
1237 3348 1519 3404 mendicus
1553 3356 1701 3415 erat,
1730 3347 1983 3404 dicebant
2039 3366 2053 3403 :

483 3458 503 3489 ι
550 3437 737 3492 Nonne
779 3438 869 3493 hic
912 3451 996 3494 est
1042 3438 1134 3508 qui
1189 3439 1410 3494 sedebat
1453 3449 1509 3495 et
1547 3439 1924 3495 mendicabat?
1952 3438 2058 3495 Alii

483 3548 503 3579 ‹
550 3529 820 3595 dicebant,
844 3530 971 3598 quia
1018 3530 1108 3585 hic
1158 3539 1259 3585 est.
1309 3530 1415 3586 Alii
1463 3540 1663 3600 autem,
1690 3546 2054 3604 nequaquam,

386 3676 393 3683 ,
484 3639 502 3670 ι
551 3621 645 3676 sed
673 3621 865 3676 similis
889 3629 974 3677 est
999 3622 1070 3676 ei.
1099 3621 1191 3675 llle
1214 3638 1344 3678 vero
1370 3622 1602 3689 dicebat,
1634 3625 1761 3695 quia
1787 3640 1887 3695 ego
1915 3640 2056 3681 sum.

485 3731 502 3761 ι
551 3711 808 3766 Dicebant
834 3727 964 3781 ergo
991 3712 1039 3766 ei
1072 3730 1084 3765 :
1110 3713 1390 3778 Quomodo
1415 3717 1586 3785 aperti
1613 3726 1739 3772 sunt
1766 3718 1862 3772 tibi
1883 3717 2060 3774 oculi?

483 3817 503 3848 ι
553 3798 846 3868 Respondit
872 3818 884 3852 :
907 3799 1000 3854 llle
1019 3800 1182 3855 homo
1208 3803 1297 3871 qui
1323 3803 1520 3858 dicitur
1538 3803 1715 3871 Jesus,
1734 3806 1905 3860 lutum
1933 3806 2061 3862 fecit

485 3907 502 3938 ι
550 3896 605 3942 et
629 3888 785 3943 unxit
813 3887 1000 3943 oculos
1029 3904 1201 3955 meos,
1224 3898 1280 3945 et
1319 3891 1456 3946 dixit
1483 3893 1614 3947 mihi
1643 3911 1658 3947 :
1694 3893 1840 3949 Vade
1874 3895 1941 3950 ad
1964 3911 2061 3950 na-

485 3999 503 4030 ι
553 3980 805 4034 tatoriam
860 3979 1035 4046 Siloe,
1077 3988 1135 4035 et
1171 3980 1309 4037 lava.
1340 3983 1408 4038 Et
1444 3985 1552 4039 abii
1583 3993 1639 4041 et
1664 3985 1771 4041 lavi
1799 3995 1855 4042 et
1879 3988 2054 4043 video.

488 4088 506 4119 ι
553 4070 620 4123 Ει
644 4070 897 4125 dixerunt
919 4071 970 4125 ei
1003 4088 1015 4125 :
1052 4071 1155 4126 Ubi
1183 4080 1267 4128 est
1302 4072 1431 4128 ille?
1476 4075 1554 4129 ait
1584 4093 1598 4130 :
1628 4078 1831 4133 nescio.
1876 4078 2061 4134 Addu-

483 4181 502 4213 ι
546 4170 677 4217 eunt
707 4178 830 4217 eum
866 4164 933 4219 ad
970 4164 1304 4230 Phariszeos,
1335 4167 1427 4237 qui
1467 4183 1641 4224 czecus
1685 4169 1880 4224 fuerat.
1927 4170 2060 4225 Erat

489 4271 506 4303 ι
554 4261 733 4307 autem
761 4252 1054 4310 Sabbatum
1075 4259 1289 4324 quando
1319 4258 1490 4314 lutum
1517 4260 1643 4315 fecit
1664 4258 1911 4327 Jesus,et
1934 4276 2060 4332 ape-

484 4367 502 4399 ι
551 4349 659 4403 ruit
682 4349 865 4405 oculos
892 4352 1028 4422 ejus.
1070 4351 1270 4408 lterum
1316 4370 1447 4426 ergo
1483 4353 1891 4426 interrogabant
1933 4371 2057 4411 eum

482 4460 501 4490 ι
542 4440 833 4542 .Pbarismi,
855 4446 1123 4513 quomodo
1151 4446 1393 4502 vidiSSet.
1421 4447 1515 4503 llle
1544 4457 1725 4504 autem
1755 4448 1892 4503 dixit
1927 4449 2007 4503 eis
2036 4466 2049 4502 :
2076 4481 2133 4542 Β

482 4549 500 4581 ι
526 4531 735 4586 Lutum
763 4533 894 4587 mihi
920 4535 1103 4603 posuit
1137 4551 1302 4605 super
1327 4537 1532 4600 oculos,
1561 4544 1615 4592 et
1643 4537 1748 4591 lavi
1777 4545 1834 4591 et
1870 4538 2048 4592 video.

482 4641 499 4673 ι
548 4623 809 4677 Dicebant
828 4638 956 4695 ergo
985 4640 1050 4680 ex
1086 4619 1376 4681 Pbariszcis
1400 4626 1620 4696 quidam
1652 4646 1665 4681 :
1701 4627 1818 4681 Non
1843 4635 1928 4682 est
1964 4627 2053 4681 hic

481 4735 499 4767 ε
545 4717 708 4773 homo
733 4733 765 4771 a
787 4718 898 4774 Deo
921 4719 1014 4789 qui
1043 4718 1339 4774 Sabbatum
1361 4736 1467 4775 non
1494 4720 1745 4775 custodit.
1769 4718 1874 4774 Alii
1902 4718 2051 4773 dioe-

480 4826 499 4859 ι
547 4808 676 4862 bant
708 4827 722 4863 :
762 4808 1042 4877 Quomodo
1069 4819 1243 4882 potest
1274 4812 1435 4867 homo
1463 4820 1720 4882 peccator
1743 4813 1861 4866 hme
1896 4812 2051 4882 signa

480 4919 499 4952 c
546 4900 756 4957 facere?
786 4902 853 4958 Et
872 4904 1106 4959 schisma
1129 4912 1246 4957 erat
1262 4904 1403 4958 inter
1420 4919 1532 4958 eos.
1550 4903 1745 4958 Dicunt
1762 4918 1890 4972 ergo
1910 4916 2053 4957 (ιωεο

479 5012 498 5047 ι
545 4993 742 5047 iterum
772 5014 785 5048 :
812 4993 892 5048 Tu
914 4994 1045 5066 quid
1074 4994 1209 5050 dicis
1238 4995 1302 5049 de
1326 5010 1414 5059 eo,
1438 4994 1529 5064 qui
1558 4994 1771 5065 aperuit
1802 4994 1899 5047 tibi
1923 5009 2050 5049 ocu-

481 5103 499 5135 s
545 5083 625 5137 los
673 5084 828 5139 tuos?
878 5083 971 5139 llle
1014 5093 1193 5139 autem
1226 5086 1406 5140 dixit:
1445 5084 1579 5149 Quia
1628 5087 1890 5155 propheta
1946 5095 2048 5142 est.

479 5195 497 5227 ι
545 5176 659 5229 Non
691 5176 1037 5231 crediderunt
1063 5192 1192 5246 ergo
1217 5176 1385 5233 Judaei
1432 5178 1500 5257 de
1545 5177 1655 5244 illo,
1705 5178 1829 5247 quia
1879 5194 2057 5235 caecus

479 5290 498 5321 ι
541 5269 730 5324 fuisset
751 5278 806 5324 et
837 5270 1080 5337 vidisset,
1111 5272 1283 5328 donec
1318 5278 1646 5326 vocaverunt
1665 5279 1918 5342 parentes
1939 5270 2056 5340 ejus

2165 527 2185 559 ι
2228 508 2310 563 los
2335 507 2454 576 ejus
2482 519 2581 561 nos
2619 504 2914 567 nescimus,
2940 501 3115 571 ipsum
3158 500 3507 569 interrogate,
3532 506 3754 555 aetatem

2165 619 2185 653 ι
2228 598 2409 664 habet,
2434 598 2551 668 ipse
2573 597 2638 652 de
2666 611 2725 650 se
2747 594 3023 664 loquatur.
3064 592 3193 646 llaec
3221 590 3474 645 dicebant
3492 598 3755 661 parentes

2165 711 2185 744 ι
2229 688 2367 758 ejus,
2390 688 2516 759 quia
2545 683 3058 752 timebantludaeos,
3082 680 3203 737 Jam
3232 681 3379 736 enim
3403 683 3753 753 conspirave—

2166 802 2185 834 ι
2231 794 2355 837 rant
2381 780 2574 847 Judaei,
2599 786 2659 833 ut
2696 779 2743 833 si
2777 778 2899 848 quis
2924 792 3048 831 eum
3070 775 3425 832 confiteretur
3447 773 3749 844 Christum,

2167 896 2184 928 ι
2232 886 2386 932 extra
2418 890 2748 948 synagogam
2798 873 2971 927 fieret.
2999 872 3294 943 Propterea
3332 879 3586 941 parentes
3627 870 3751 940 ejus

2166 987 2185 1020 ι
2233 968 2487 1023 dixerunt
2520 988 2534 1024 :
2568 968 2694 1038 quia
2722 974 2939 1021 aetatem
2964 965 3145 1031 habet,
3174 964 3351 1035 ipsum
3390 964 3746 1035 interrogate.
3786 972 3791 975 ‘

2168 1078 2187 1111 ι
2230 1060 2574 1115 Vocaverunt
2597 1074 2727 1129 ergo
2756 1071 2974 1112 rursum
3007 1055 3282 1110 hominem
3309 1054 3402 1124 qui
3434 1053 3609 1109 fuerat
3635 1069 3749 1109 cas-

2170 1168 2189 1202 ‹
2231 1165 2350 1212 cus,
2375 1157 2429 1205 et
2455 1150 2710 1205 dixerunt
2743 1149 2794 1203 ei
2824 1167 2836 1202 :
2862 1149 2940 1203 Da
2963 1148 3190 1219 gloriam
3229 1148 3372 1213 Deo,
3397 1161 3499 1202 nos
3540 1147 3749 1202 scimus

2168 1262 2186 1293 ι
2229 1243 2355 1312 quia
2386 1243 2475 1297 hic
2505 1243 2668 1297 homo
2695 1249 2950 1312 peccator
2983 1248 3085 1294 est.
3120 1239 3265 1293 Dixit
3309 1252 3440 1307 ergo
3484 1237 3575 1293 ille
3623 1256 3636 1291 :
3685 1237 3749 1293 Si

2168 1353 2187 1385 ε
2235 1342 2491 1406 peccator
2519 1341 2602 1389 est
2624 1334 2837 1398 nescio;
2863 1348 3028 1387 unum
3068 1332 3202 1397 scio,
3230 1331 3357 1400 quia
3400 1344 3575 1385 caseus
3620 1344 3748 1384 cum

2169 1446 2187 1478 ι
2234 1441 2432 1490 essem,
2467 1426 2627 1480 modo
2650 1425 2826 1479 video.
2855 1424 3118 1478 Dixerunt
3144 1437 3272 1494 ergo
3292 1422 3368 1477 illi
3403 1439 3417 1475 :
3448 1420 3586 1487 Quid
3620 1419 3752 1474 fecit

2168 1537 2185 1568 ι
2233 1516 2367 1571 tibi?
2398 1516 2668 1585 quomodo
2692 1515 3021 1585 aperuittibi
3046 1514 3267 1570 oculos?
3309 1513 3744 1584 Responditeis:

2167 1626 2187 1660 ι
2234 1607 2359 1661 Dixi
2382 1608 2538 1662 vobis
2556 1606 2672 1677 jam
2700 1614 2755 1661 et
2777 1606 3023 1672 audistis,
3045 1605 3172 1676 quid
3214 1605 3409 1660 iterum
3446 1604 3610 1659 vultis
3649 1619 3752 1658 au-

2167 1719 2186 1751 ι
2229 1699 2381 1755 dire?
2409 1698 2662 1770 Nunquid
2698 1702 2753 1754 et
2797 1714 2896 1754 vos
2940 1697 3100 1753 vultis
3135 1695 3385 1765 discipuli
3425 1694 3544 1764 ejus
3592 1694 3749 1749 ﬁeri?

2167 1809 2186 1842 ι
2232 1790 2628 1847 maledixerunt
2651 1790 2702 1845 ei
2727 1798 2778 1844 et
2804 1790 3060 1844 dixerunt
3091 1805 3104 1841 :
3140 1787 3221 1841 Tu
3258 1786 3554 1855 discipulus
3602 1785 3747 1839 illius

2166 1902 2184 1933 ι
2231 1883 2338 1948 sis,
2362 1897 2462 1938 nos
2484 1892 2666 1938 autem
2689 1881 2857 1953 Moysi
2888 1878 3139 1950 discipuli
3169 1894 3376 1934 sumus.
3408 1877 3517 1935 Nos
3543 1878 3749 1933 scimus

2167 1993 2184 2025 ι
2226 1975 2354 2044 quia
2388 1974 2556 2045 Moysi
2584 1974 2799 2030 locutus
2820 1981 2903 2027 est
2915 1972 3239 2036 Deus,huuc
3259 1979 3440 2025 autem
3469 1969 3749 2025 nescimus

2167 2082 2184 2117 ι
2232 2065 2374 2120 unde
2410 2066 2497 2120 sit.
2525 2064 2824 2135 Respondit
2857 2064 2947 2119 ille
2976 2064 3160 2129 homo,
3188 2071 3244 2118 et
3263 2063 3399 2119 dixit
3417 2063 3497 2116 eis
3521 2082 3533 2116 :
3560 2062 3619 2116 In
3640 2061 3750 2117 hoc

2165 2174 2184 2207 ι
2227 2157 2374 2211 enim
2400 2157 2649 2212 mirabile
2687 2165 2793 2223 est,
2820 2156 2946 2227 quia
2974 2171 3073 2211 vos
3108 2156 3331 2211 nescitis
3377 2158 3521 2211 unde
3564 2156 3658 2223 sit,
3690 2163 3750 2211 et

2166 2270 2184 2301 ι
2230 2252 2443 2320 aperuit
2467 2251 2652 2306 oculos
2676 2265 2845 2306 meos.
2890 2250 3105 2306 Scimus
3145 2258 3326 2304 autem
3375 2249 3501 2319 quia
3544 2262 3747 2319 pecca-

2165 2362 2183 2393 ‹
2231 2350 2378 2397 tores
2408 2344 2551 2397 Deus
2576 2358 2681 2397 non
2708 2343 2885 2407 audit,
2912 2342 3007 2397 sed
3033 2342 3080 2396 si
3108 2341 3231 2411 quis
3274 2339 3368 2395 Dei
3415 2339 3593 2394 cultor
3636 2346 3725 2393 est

2166 2453 2184 2485 ι
2229 2442 2284 2488 et
2320 2434 2650 2489 voluntatem
2678 2434 2794 2504 ejus
2820 2434 2968 2499 facit,
2995 2434 3140 2487 hunc
3178 2431 3420 2488 exaudit.
3452 2431 3492 2485 Α
3544 2431 3748 2486 sicculo

2165 2544 2183 2578 ι
2228 2542 2336 2582 non
2364 2534 2449 2581 est
2480 2526 2751 2591 auditum,
2782 2526 2907 2595 quia
2965 2525 3177 2595 aperuit
3217 2524 3341 2594 quis
3386 2523 3571 2579 oculos
3609 2525 3741 2577 (ιωυὶ

2165 2638 2183 2671 ι
2225 2619 2375 2673 uati?
2400 2618 2503 2672 nisi
2528 2626 2674 2673 esset
2696 2618 2784 2673 hic
2809 2633 2839 2672 a
2859 2616 2993 2682 Deo,
3017 2633 3124 2673 non
3146 2622 3359 2687 poterat
3378 2615 3562 2671 facere
3590 2616 3746 2686 quid-

2164 2727 2413 2781 (,quam.
2443 2708 2858 2780 Responderunt
2883 2717 2939 2763 et
2980 2707 3237 2763 dixerunt
3280 2707 3331 2761 ei
3358 2722 3373 2758 ε
3400 2707 3459 2760 lu
3506 2708 3745 2776 peccatis

2165 2821 2184 2855 ε
2230 2812 2391 2857 natus
2414 2817 2474 2857 es
2517 2809 2683 2864 totus,
2702 2807 2758 2853 et
2782 2809 2840 2853 tu
2867 2799 3029 2854 doces
3055 2799 3191 2853 nos?
3218 2798 3286 2852 Et
3313 2796 3596 2867 ejeeerunt
3619 2811 3745 2851 eum

2166 2913 2184 2945 ι
2224 2893 2392 2949 foras.
2418 2891 2635 2947 Audivit
2657 2889 2814 2945 Iesus
2845 2890 2972 2960 quia
3006 2890 3283 2960 eiecerunt
3324 2904 3449 2943 eum
3487 2888 3651 2952 foras,
3686 2894 3747 2941 et

2164 3004 2183 3037 ι
2230 3001 2355 3041 cum
2381 2984 2675 3039 invenisset
2699 2997 2843 3049 eum,
2867 2980 3006 3036 dixit
3044 2981 3096 3035 ei
3120 2999 3134 3035 :
3177 2980 3258 3035 Tu
3284 2981 3459 3036 credis
3492 2980 3546 3034 in
3572 2979 3744 3033 tilium

2165 3097 2184 3130 ι
2227 3077 2356 3132 Dei?
2391 3074 2688 3147 Respondit
2718 3073 2883 3129 illeet
2908 3072 3084 3127 dixit:
3111 3071 3242 3139 Quis
3277 3078 3381 3137 est,
3409 3071 3654 3135 Domine,
3684 3078 3748 3125 ut

2165 3187 2184 3220 ι
2229 3167 2443 3223 credam
2474 3166 2529 3220 in
2553 3166 2711 3220 eum?
2742 3164 2810 3219 Et
2837 3164 2973 3219 dixit
3000 3164 3050 3218 ei
3077 3162 3236 3220 Jesus
3261 3182 3273 3217 :
3298 3163 3364 3217 Et
3388 3162 3570 3217 vidisti
3590 3174 3742 3226 eum,

2164 3277 2183 3310 ι
2228 3264 2284 3313 et
2318 3258 2407 3327 qui
2443 3256 2687 3327 loquitor
2715 3264 2894 3312 tecum
2925 3256 3041 3326 ipse
3059 3266 3161 3310 est.
3194 3255 3265 3309 At
3291 3254 3379 3311 ille
3407 3255 3483 3309 ait
3506 3271 3518 3308 :
3541 3252 3743 3318 Credo,

2164 3367 2183 3401 ι
2230 3349 2479 3414 Domine,
2507 3356 2563 3404 et
2584 3346 2869 3419 procidens
2902 3347 3148 3402 adoravit
3182 3361 3327 3402 eum.
3358 3366 3376 3398 ι

2230 3424 2544 3491 Prteteriens
2596 3433 2752 3491 Iesus
2787 3436 2914 3491 uidit
2951 3436 3212 3490 hominem
3246 3452 3441 3489 ctecum
3471 3452 3503 3488 a
3551 3420 3747 3489 itatiei-

2159 3537 2287 3595 tate,
2315 3535 2420 3584 etc.
2448 3526 2631 3584 Genus
2655 3529 2950 3583 humanum
2984 3527 3255 3597 signiﬁcat
3276 3528 3377 3584 iste
3396 3543 3588 3583 caicus.
3613 3527 3745 3583 [late

2158 3620 2303 3676 enim
2324 3620 2541 3675 czeeitas
2556 3618 2779 3689 contigit
2800 3620 2855 3673 in
2874 3620 3051 3690 primo
3071 3620 3290 3676 homine
3307 3635 3407 3689 per
3432 3626 3737 3689 peccatum,

2158 3711 2226 3767 de
2259 3725 2367 3781 quo
2406 3725 2598 3766 omnes
2632 3710 2898 3781 originem
2932 3710 3204 3775 duximus,
3231 3726 3339 3765 non
3377 3711 3550 3766 solum
3593 3724 3743 3765 mor-

2162 3804 2250 3870 tis,
2281 3804 2379 3859 sed
2423 3804 2589 3858 etiam
2617 3802 2944 3872 iniquitatis.
2988 3802 3150 3858 Venit
3187 3804 3469 3868 Dominus,
3495 3803 3640 3873 spuit
3684 3803 3741 3858 in

2162 3908 2383 3966 terram,
2408 3900 2473 3955 de
2501 3899 2668 3954 saliva
2701 3915 2797 3954 sua
2819 3900 2986 3953 lutum
3016 3899 3161 3965 fecit,
3195 3899 3321 3969 quia
3349 3900 3572 3953 verbum
3610 3913 3742 3954 caro

2159 3991 2361 4045 factum
2384 3997 2485 4054 est,
2500 3998 2554 4042 et
2580 3991 2735 4043 unxit
2757 3990 2962 4055 oculos,
2979 3998 3033 4043 et
3048 3989 3193 4043 misit
3209 3989 3360 4043 illum
3380 3988 3448 4042 ad
3468 3989 3738 4059 piscinam

2160 4080 2393 4146 Siloem,
2418 4081 2510 4150 qui
2546 4081 2934 4150 interpretatur
2975 4081 3191 4135 missus.
3243 4078 3437 4135 Missus
3482 4097 3613 4137 vero
3655 4092 3742 4138 est

2158 4172 2416 4227 Dominus
2434 4171 2590 4228 Jesus
2601 4170 2848 4226 Christus
2864 4188 2877 4238 ;
2896 4171 2996 4226 nisi
3017 4172 3161 4225 enim
3187 4171 3277 4226 ille
3304 4170 3495 4226 fuisset
3518 4174 3735 4238 missus,

2160 4282 2319 4321 nemo
2350 4273 2593 4320 nostrum
2616 4273 2761 4320 esset
2808 4266 2878 4319 ab
2923 4264 3209 4333 iniquitate
3258 4264 3533 4319 dimissus.
3582 4265 3742 4320 Lavit

2159 4374 2287 4429 ergo
2308 4358 2495 4413 oculos
2533 4357 2587 4411 in
2618 4372 2679 4412 ea
2718 4357 2940 4427 piscina,
2964 4356 3269 4425 baptizatus
3297 4364 3382 4411 est
3413 4357 3466 4411 in
3494 4356 3738 4424 Christo,

2158 4456 2213 4502 et
2242 4448 2573 4501 illuminatus
2592 4454 2694 4501 est.
2711 4447 2936 4502 Ctecitas
2955 4446 3099 4501 enim
3126 4445 3412 4501 infidelitas
3429 4456 3530 4511 est,
3546 4456 3599 4500 et
3619 4446 3745 4500 illu-

2156 4540 2383 4594 minutio
2403 4538 2556 4592 ﬁdes.
2583 4536 2946 4603 Quaestionem
2973 4536 3170 4607 quippe
3191 4536 3417 4591 Domino
3442 4551 3742 4607 proposue-

2156 4639 2318 4685 runt:
2354 4629 2484 4695 Quis
2525 4629 2771 4699 peccarit,
2806 4628 2889 4681 hic
2920 4637 3012 4681 aut
3044 4637 3285 4697 parentes
3319 4627 3455 4698 ejus,
3480 4637 3535 4679 ut
3565 4645 3742 4684 ctrcus

2155 4733 2455 4778 nasceretur
2471 4722 2495 4775 ?
2508 4720 2800 4790 Respondit
2810 4719 2967 4775 Jesus
2984 4737 2996 4772 :
3015 4717 3197 4789 Neque
3208 4719 3292 4773 hic
3310 4721 3559 4789 peccavit,
3576 4737 3740 4791 neque

2153 4825 2393 4885 parentes
2417 4816 2632 4886 ejus,ut
2683 4830 2848 4868 crocus
2896 4822 3214 4867 nasceretur.
3260 4812 3543 4868 llabebant
3588 4815 3737 4869 enim

2154 4916 2437 4977 peccatum
2467 4915 2719 4978 parentes
2742 4906 2881 4975 ejus,
2903 4907 2996 4962 sed
3019 4921 3123 4961 non
3148 4908 3263 4976 ipso
3288 4917 3510 4975 peccato
3532 4906 3737 4963 factum

2157 5004 2257 5062 est,
2304 5005 2364 5051 ut
2409 5012 2584 5052 caecus
2628 5006 2980 5062 nasceretur,
3018 4997 3108 5051 sed
3166 5007 3223 5050 ut
3269 4997 3741 5065 manifestarentur

2156 5104 2313 5158 opera
2349 5087 2439 5142 Dei
2464 5091 2516 5141 in
2544 5087 2656 5141 illo.
2686 5088 2838 5155 Quod
2868 5096 3049 5142 autem
3077 5086 3209 5144 dicit
3239 5105 3251 5141 :
3282 5086 3369 5142 Me
3393 5097 3593 5159 oportet
3622 5107 3743 5161 ope-

2157 5176 2268 5229 rari
2292 5192 2449 5246 opera
2474 5176 2589 5246 ejus
2613 5178 2703 5247 qui
2744 5176 2884 5229 misit
2925 5193 3028 5241 me,
3077 5177 3241 5231 donec
3272 5178 3383 5231 dies
3412 5186 3507 5242 est,
3536 5188 3743 5234 semet-

2157 5271 2332 5341 ipsum
2357 5270 2543 5339 utique
2570 5270 2711 5324 diem
2736 5269 2790 5323 in
2833 5269 2934 5324 hoc
2966 5269 3083 5324 loco
3121 5271 3290 5326 voluit
3314 5250 3545 5343 intelligi
3577 5289 3591 5338 ;
3624 5272 3740 5343 ipsc
3776 5296 3779 5297 ν

2149 5362 2292 5417 enim
2312 5362 2390 5415 ait
2414 5379 2428 5414 :
2455 5358 2702 5424 Quandiu
2725 5376 2842 5413 sum
2868 5360 2922 5414 in
2950 5361 3047 5414 hoc
3067 5360 3370 5417 mundatus:
3387 5377 3504 5415 sum
3528 5363 3737 5417 mundi.

2150 5454 2304 5521 Quod
2331 5468 2461 5508 vero
2488 5451 2563 5505 ait
2595 5469 2608 5506 :
2658 5449 2807 5507 Venit
2838 5469 2960 5515 nox,
2994 5453 3049 5507 in
3088 5470 3193 5525 qua
3242 5470 3391 5508 nemo
3416 5463 3583 5523 potest
3616 5471 3742 5525 ope-

2153 5544 2279 5606 rari,
2311 5543 2377 5597 de
2412 5549 2567 5597 nocte
2620 5542 2709 5596 illa
2755 5551 2957 5597 aeterna
3009 5546 3404 5613 tenebrosaque
3451 5544 3616 5608 dicit,
3644 5545 3753 5598 ubi

479 5380 497 5413 ι
542 5361 635 5431 qui
660 5359 886 5427 videret,
911 5369 967 5415 et
993 5362 1466 5433 interrogaverunt
1489 5376 1585 5417 eos
1627 5361 1871 5419 dicentes
1902 5380 1915 5416 :
1948 5362 2049 5419 llic

478 5470 497 5504 ι
541 5458 627 5506 est
646 5450 790 5504 filius
809 5458 1009 5515 vester,
1025 5465 1186 5520 quem
1209 5467 1306 5507 vos
1329 5452 1528 5517 dicitis,
1546 5453 1672 5521 quia
1697 5468 1873 5509 caecus
1892 5462 2051 5510 natus

476 5562 497 5591 ι
541 5552 644 5598 est.
677 5542 956 5608 Quomodo
985 5557 1115 5611 ergo
1141 5558 1285 5597 nunc
1308 5542 1489 5596 videt?
1530 5543 1943 5615 Responderunt
1970 5545 2049 5601 eis

480 5656 497 5683 ι
539 5643 789 5705 parentes
813 5635 932 5705 ejus
961 5643 1016 5689 et
1058 5633 1351 5689 dixerunt:
1393 5634 1604 5691 Scimus
1652 5636 1778 5706 quia
1830 5637 1917 5691 hic
1967 5645 2050 5691 est

482 5743 495 5773 ι
534 5728 675 5783 tilius
723 5735 923 5800 uoster,
955 5734 1008 5783 ct
1035 5727 1161 5797 quia
1208 5742 1383 5783 caseus
1432 5737 1590 5784 natus
1635 5737 1735 5794 est,
1782 5730 2048 5798 quomodo
2155 5730 2233 5784 Ite
2257 5731 2307 5784 is
2342 5732 2507 5799 ignem
2543 5740 2811 5798 a‘tcrnum,
2846 5732 2933 5799 qui
2959 5741 3175 5799 rei-ams
3210 5742 3289 5787 est
3315 5729 3595 5805 diaboloﬁct
3642 5749 3738 5785 rm-

2154 5635 2364 5705 reprobi
2414 5633 2691 5689 cruciaudi
2750 5644 2876 5690 sunt
2928 5638 3044 5690 sine
3087 5635 3208 5700 line,
3247 5636 3444 5706 quibus
3473 5636 3716 5692 dicetur:
3816 5646 3835 5665 ⁸
