3998 6198
246 312 348 368 161

1042 312 1562 370 COLLECTIONES
1598 311 1668 368 IN
1706 311 2090 369 EPISTOLAS
2130 313 2217 369 ET
2259 314 2673 372 EVANGELIA.

3428 317 3531 375 162

241 429 549 503 θεωρίαι.
582 427 861 484 Tenebras
889 425 1099 483 scilicet
1120 428 1426 483 exteriores
1453 428 1508 482 in
1549 441 1689 497 quas
1725 442 1843 483 ser-
1870 426 1923 486 Λ
1953 445 1971 478 ι
2016 427 2240 484 vissimo
2269 430 2375 485 die.
2407 431 2548 486 Dicit
2573 432 2622 486 ei
2644 422 2807 488 Iesus
2835 448 2848 487 :
2882 430 2994 503 Ego
3038 448 3158 503 sum
3206 434 3533 493 resurrectio

241 535 348 575 vus
372 535 613 590 nequam
637 519 819 590 ligatis
856 519 1107 574 manibus
1129 529 1185 575 et
1226 520 1454 590 pedibus
1506 519 1842 591 projicietur.

243 615 393 685 Ergo
430 617 559 670 dum
596 614 719 670 dies
751 614 911 670 nobis
944 623 1059 681 est,
1088 615 1177 670 ille
1221 615 1312 685 qui
1350 615 1488 670 dixit
1518 633 1530 668 :
1564 614 1695 668 Ecce
1749 630 1842 684 ego

1954 540 1973 573 ι
2018 530 2074 577 et
2100 523 2209 577 vita
2236 542 2248 576 :
2273 523 2365 593 qui
2388 524 2563 579 credit
2604 525 2658 579 in
2694 539 2803 591 me,
2833 525 3047 580 etiamsi
3089 535 3336 583 mortuus
3370 525 3537 584 fuerit

1950 632 1969 665 ι
2016 613 2178 670 vivet.
2208 614 2275 669 Et
2300 615 2478 670 omnis
2506 616 2601 685 qui
2624 616 2758 671 vivit
2785 626 2840 673 et
2865 618 3039 672 credit
3065 619 3120 672 in
3145 633 3254 683 me,
3278 634 3387 674 non
3409 633 3528 675 mo-

243 709 517 763 vobiscum
551 724 669 762 sum
697 709 939 762 omnibus
968 708 1153 763 diebus
1183 726 1345 779 usque
1396 709 1466 763 ad
1509 726 1844 764 consumma—
1946 723 1969 758 ι
2012 707 2183 763 rietur
2208 708 2263 761 in
2296 715 2580 763 aeternum.
2621 707 2810 765 Credis
2850 708 2987 765 huc?
3032 710 3109 764 ait
3158 710 3269 764 illi:
3305 710 3530 781 Utique,

241 806 443 859 tionem
494 801 701 857 swculi.
755 801 1059 873 Operemur
1093 803 1393 861 bonumad
1419 817 1629 867 omnes,
1656 809 1715 856 ut
1743 818 1840 856 nos

242 896 330 949 illa
355 912 465 951 nox
492 911 603 950 non
634 894 1077 964 comprehendat,
1100 894 1193 949 ubi
1220 910 1380 951 nemo
1406 896 1576 967 possit
1599 896 1835 967 Operari,

240 991 335 1055 sed
363 988 514 1057 quod
536 998 798 1060 operatus
824 997 911 1043 est
945 989 1209 1058 recipere.

312 1083 428 1153 (Ex
452 1082 705 1153 Hieron.)
760 1081 910 1136 Siloa
964 1081 1086 1137 fons
1132 1091 1217 1137 est
1261 1082 1328 1137 ad
1378 1084 1590 1139 radices
1636 1084 1837 1138 montis

240 1172 399 1239 Sion,
421 1173 518 1242 qui
547 1188 653 1227 non
683 1171 906 1243 jugibus
936 1173 1115 1242 aquis,
1137 1174 1235 1229 sed
1262 1174 1485 1229 incertis
1512 1174 1665 1229 horis
1684 1175 1837 1230 ebul-

234 1266 299 1321 lit
321 1283 425 1337 per
453 1282 693 1321 concava
728 1274 1017 1329 terrarum,
1051 1266 1143 1320 ubi
1184 1282 1359 1322 caecus
1391 1267 1505 1322 luto
1521 1266 1722 1337 lavato,
1736 1282 1834 1323 ca:-

234 1359 409 1413 citate
433 1357 671 1422 detersa,
699 1357 907 1413 clarum
935 1357 1214 1412 oculorum
1248 1358 1430 1412 lumen
1459 1358 1689 1427 accepit,
1725 1374 1833 1429 quo

236 1451 535 1515 indicatur,
566 1465 673 1504 non
699 1449 858 1504 aliter
876 1449 1175 1506 caecitatem
1201 1448 1510 1505 Iudaeorum
1530 1450 1614 1506 vel
1642 1466 1833 1507 omnes

235 1542 558 1600 incredulos
580 1557 739 1611 posse
762 1543 967 1607 sanari,
995 1542 1098 1597 nisi
1125 1542 1372 1598 doctrina
1394 1558 1657 1612 aquarum
1678 1543 1833 1599 Chri-

233 1640 329 1703 sti,
360 1655 489 1709 quae
517 1640 720 1708 absque
746 1638 975 1708 strepitu
1003 1645 1059 1692 et
1102 1636 1339 1692 clamore
1378 1638 1668 1693 verborum
1697 1637 1831 1693 levi-

234 1741 321 1787 ter
351 1729 497 1796 fluit,
524 1731 576 1785 in
608 1730 744 1785 Isaia
793 1729 955 1805 enim~
983 1726 1244 1797 legimus,
1286 1741 1457 1797 aquas
1503 1725 1675 1793 Siloe,
1705 1742 1827 1798 qum

234 1823 445 1878 vadunt
469 1838 592 1878 cum
629 1820 864 1875 silentio.

468 1959 672 2015 FERIA
711 1958 940 2013 SEXTA
973 1958 1152 2014 POST
1190 1957 1589 2016 VICESIMAM.

594 2086 934 2127 EV.\NGELIUM
971 2086 1208 2136 IOANXIS,
1223 2086 1347 2128 CAP.
1385 2087 1464 2126 Ῑῐ.

305 2210 324 2242 ι
365 2190 501 2245 Erat
532 2191 751 2259 quidam
790 2189 1051 2260 languens
1080 2189 1319 2244 Lazarus
1361 2204 1391 2243 a
1439 2180 1724 2254 Bethania,
1757 2189 1823 2243 de

232 2303 248 2333 ι
297 2281 531 2337 castello
561 2281 743 2337 Maria:
768 2290 823 2336 et
851 2280 1075 2336 Marthae
1102 2281 1306 2335 sororis
1334 2279 1470 2351 ejus.
1520 2279 1686 2335 Maria
1727 2295 1829 2341 au—.

228 2399 246 2430 ι
295 2389 409 2443 tem
431 2387 556 2433 erat
576 2393 699 2447 qua:
726 2377 874 2431 unxit
894 2376 1183 2431 Dominum
1212 2380 1486 2446 unguento
1513 2380 1570 2427 et
1594 2372 1823 2427 extersit

228 2490 247 2521 c
289 2470 470 2540 pedes
498 2469 616 2539 ejus
645 2467 846 2537 capillis
874 2466 1005 2533 suis,
1039 2464 1193 2534 cujus
1230 2466 1400 2519 frater
1445 2463 1687 2518 Lazarus
1732 2463 1819 2518 in-

225 2581 245 2613 ι
295 2560 645 2615 firmabatur.
676 2558 935 2614 Miserunt
962 2572 1092 2629 ergo
1124 2571 1340 2612 sorores
1383 2555 1500 2626 ejus
1551 2554 1620 2609 ad
1669 2568 1815 2619 eum,

225 2674 243 2703 ι
292 2655 545 2708 dicentes
581 2651 864 2715 :Domine,
897 2664 1026 2705 ecce
1081 2662 1241 2718 quem
1291 2661 1442 2702 amas
1487 2645 1813 2700 infirmatur.

224 2764 243 2795 ι
292 2743 538 2799 Audiens
559 2751 733 2796 autem
757 2739 914 2797 Iesus
940 2739 1075 2795 dixit
1095 2740 1176 2795 eis
1206 2758 1218 2793 :
1249 2738 1543 2793 lnfirmitas
1563 2738 1681 2793 haec
1708 2751 1814 2791 non

224 2857 242 2888 ι
291 2834 486 2891 est-ad
514 2842 757 2900 mortem,
794 2834 889 2890 sed
914 2847 1014 2902 pro
1042 2831 1213 2902 gloria
1243 2830 1362 2897 Dei,
1394 2838 1456 2884 ut
1483 2829 1818 2902 glorificetur

221 2949 241 2979 ο
288 2928 470 2983 Filius
489 2927 580 2982 Dei
601 2942 696 2997 per
717 2942 860 2982 eam.
884 2924 1150 2996 Diligebat
1170 2929 1352 2979 autem
1372 2921 1529 2978 Iesus
1549 2920 1815 2977 Martham

222 3041 239 3072 ι
288 3030 351 3076 et
373 3036 616 3077 sororem
645 3020 761 3090 ejus
785 3018 1012 3073 Mariam
1036 3026 1092 3073 et
1111 3017 1398 3072 Lazarum.
1420 3015 1491 3072 Ut
1518 3030 1646 3087 ergo
1668 3014 1816 3071 audi-

222 3132 241 3165 ι
290 3113 370 3167 vit
396 3112 521 3183 quia
555 3110 956 3176 infirmabatur,
981 3092 1345 3178 tuncquidcm
1375 3107 1578 3163 mansit
1603 3107 1813 3162 duobus
1839 3146 1883 3209 Ο

219 3226 239 3261 ι
288 3208 485 3262 diebus
509 3207 564 3259 in
589 3203 777 3260 eodem
804 3203 945 3261 loco.
979 3201 1182 3258 Deinde
1209 3210 1331 3271 post
1357 3202 1474 3256 haec
1522 3199 1657 3254 dicit
1708 3198 1813 3254 dis-

219 3318 237 3349 ι
285 3297 485 3369 cipnlis
511 3298 624 3352 suis
663 3315 675 3350 :
719 3295 918 3350 Eamus
942 3294 995 3349 in
1016 3291 1257 3349 Iudaeam
1283 3291 1498 3346 iterum.
1527 3290 1725 3346 Dicunt
1760 3290 1809 3344 ei

221 3411 239 3443 ι
286 3390 541 3460 discipuli
566 3408 579 3443 :
605 3388 799 3452 Rabbi,
817 3402 959 3442 nunc
970 3385 1287 3457 qumrebant
1307 3391 1359 3440 te
1377 3381 1547 3438 Iudaei
1569 3381 1812 3452 lapidare

219 3502 237 3535 ι
286 3492 344 3536 et
392 3482 588 3536 iterum
634 3480 788 3535 vadis
836 3478 994 3534 illuc?
1038 3476 1336 3547 Respondit
1380 3475 1538 3531 Iesus
1575 3494 1588 3529 :
1622 3474 1810 3531 Nonne

220 3594 237 3624 α
285 3573 577 3628 duodecim
602 3572 750 3626 bene
779 3580 904 3627 sunt
934 3570 1073 3625 diei?
1102 3567 1161 3623 Si
1192 3567 1316 3638 quis
1353 3565 1712 3623 ambulaverit
1754 3567 1808 3621 in

220 3685 238 3714 ι
284 3665 374 3719 die
406 3680 514 3717 non
550 3663 789 3725 offendit,
816 3662 943 3733 quia
983 3662 1159 3717 lucem
1193 3659 1354 3729 hujus
1408 3658 1593 3713 mundi
1638 3657 1804 3712 videt.

221 3778 238 3807 ι
288 3756 347 3811 Si
378 3766 562 3812 autem
592 3755 947 3810 ambulaverit
980 3754 1032 3809 i'n
1070 3762 1248 3819 nocte,
1280 3752 1524 3815 offundit,
1555 3750 1682 3821 quia
1713 3749 1805 3804 lux

221 3868 240 3898 ς
285 3865 394 3903 non
430 3856 513 3903 est
539 3848 592 3902 in
622 3863 705 3902 eo.
731 3846 857 3901 llzec
882 3847 976 3900 ait.
1018 3846 1086 3900 Et
1109 3852 1233 3914 post
1256 3845 1373 3899 luce
1399 3842 1529 3897 dicit
1554 3842 1635 3898 eis
1660 3858 1673 3895 :
1703 3840 1807 3895 La-

221 3959 238 3990 ι
288 3955 452 3993 zarus
476 3939 683 3995 amicus
709 3946 894 3992 noster
923 3935 1146 4000 dormit,
1169 3935 1261 3990 sed
1299 3933 1439 3988 vado
1463 3940 1522 3986 ut
1551 3947 1581 3986 a
1616 3947 1806 3987 somno

220 4051 238 4083 σ
286 4033 523 4087 excitem
554 4046 695 4086 eum.
738 4029 1008 4085 Dixerunt
1048 4043 1177 4098 ergo
1213 4027 1461 4103 discipuli
1512 4027 1667 4097 ejus:
1700 4027 1807 4081 Do-

216 4143 237 4174 (
283 4124 457 4187 mine,
480 4122 524 4176 si
556 4121 774 4183 dormit.
807 4120 987 4175 salvus
1012 4120 1136 4175 erit.
1162 4119 1384 4173 Dixerat
1425 4126 1606 4171 autem
1648 4115 1805 4172 Iesus

219 4236 237 4266 σ
286 4216 353 4269 de
383 4222 560 4268 morte
585 4213 722 4280 ejus,
745 4212 819 4266 illi
848 4221 1026 4267 autem
1062 4218 1409 4282 putaverunt,
1442 4206 1570 4279 quia
1593 4207 1660 4262 de
1681 4210 1805 4264 dor-

217 4326 233 4357 ι
277 4306 508 4361 mitione
542 4304 715 4359 somni
745 4303 972 4359 diceret.
1000 4301 1153 4358 Tunc
1187 4317 1316 4373 ergo
1363 4301 1500 4356 dixit
1539 4300 1619 4354 eis
1645 4297 1804 4355 Iesus

214 4418 234 4450 ι
276 4396 567 4454 manifeste
600 4412 613 4451 :
650 4395 894 4452 Lazarus
926 4404 1169 4451 mortuus
1198 4403 1303 4459 est,
1329 4403 1383 4448 et
1421 4393 1630 4463 gaudeo
1675 4406 1803 4461 pro-

1946 817 1966 850 ‹
2014 799 2260 873 Domine,
2286 814 2387 870 ego
2414 800 2639 866 credidi,
2661 804 2784 871 quia
2809 810 2860 855 tu
2888 817 2948 856 cs
2975 800 3226 858 Christus
3240 803 3410 858 Filius
3431 803 3529 860 Dei

1946 908 1965 941 ι
2008 890 2137 956 vivi,
2163 891 2333 959 quiin
2362 888 2507 946 hunc
2540 892 2802 945 mundum
2849 892 3068 947 venisti.
3118 892 3185 946 Et
3238 908 3361 947 cum
3410 894 3527 948 haec

1945 996 1964 1031 ι
2010 980 2259 1045 dixisset,
2281 980 2415 1035 abiit
2441 990 2497 1036 et
2537 982 2751 1036 vocavit
2793 981 3016 1037 Mariam
3073 998 3317 1039 sororem
3370 1001 3523 1040 suam
3568 1002 3573 1007 ’

1945 1093 1964 1125 ι
2011 1074 2249 1139 silentio,
2275 1075 2462 1130 dicens
2494 1094 2505 1128 :
2539 1075 2796 1146 Magister
2837 1076 3021 1142 adest,
3047 1085 3104 1133 et
3138 1085 3298 1132 vocat
3328 1086 3399 1131 te.
3430 1077 3522 1133 llla

1944 1184 1962 1216 ι
2006 1175 2066 1220 ut
2093 1165 2319 1230 audivit,
2350 1166 2586 1221 surrexit
2609 1167 2739 1232 cito,
2763 1176 2818 1221 et
2840 1169 2987 1223 venit
3005 1168 3073 1224 ad
3104 1184 3247 1224 eum.
3274 1169 3523 1225 Nondum

1943 1275 1962 1308 ι
2007 1256 2153 1312 enim
2193 1266 2417 1312 venerat
2439 1256 2598 1314 Iesus
2627 1259 2683 1313 in
2722 1259 3038 1325 castellum,
3065 1261 3159 1316 sed
3199 1270 3318 1317 erat
3347 1260 3521 1315 adhuc

1940 1367 1960 1399 ι
2007 1349 2175 1406 inille
2201 1350 2320 1405 loco
2353 1350 2443 1407 ubi
2474 1359 2789 1406 occurrerat
2813 1352 2862 1406 ei
2894 1351 3123 1409 Martha.
3163 1351 3335 1409 Iudaei
3382 1370 3518 1425 ergo

1940 1458 1959 1491 r
2004 1442 2096 1510 qui
2134 1450 2439 1497 erantcum
2462 1458 2526 1498 ea
2560 1443 2613 1496 in
2640 1443 2821 1507 domo,
2852 1453 2907 1498 et
2930 1444 3349 1499 consolabantur
3370 1460 3515 1510 eam,

1939 1549 1958 1583 ‹
1999 1545 2125 1586 cum
2149 1532 2413 1588 vidissent
2440 1532 2687 1597 Mariam,
2710 1534 2837 1602 quia
2870 1534 2979 1588 cito
3010 1534 3248 1589 surrexit
3275 1543 3330 1589 et
3362 1535 3517 1596 exiit,

1937 1642 1959 1676 ι
2004 1626 2175 1680 secuti
2204 1632 2332 1680 sunt
2369 1640 2491 1681 eam
2524 1625 2811 1681 dicentes:
2853 1625 2987 1692 Quia
3016 1626 3163 1681 vadit
3203 1627 3271 1680 ad
3318 1641 3512 1681 monu-

1939 1738 1959 1771 ι
2003 1728 2271 1787 mentum,
2308 1728 2368 1775 ut
2404 1721 2580 1791 ploret
2612 1720 2706 1776 ibi.
2732 1720 2901 1776 Maria
2939 1736 3070 1791 ergo
3116 1737 3239 1776 cum
3279 1721 3517 1776 venisset

1854 1791 1903 1851 Β
1936 1832 1956 1866 ο
1999 1814 2093 1870 ubi
2119 1822 2239 1869 erat
2260 1813 2441 1879 Iesus,
2471 1814 2662 1870 videns
2682 1828 2807 1868 eum
2832 1813 3031 1868 cecidit
3056 1813 3123 1867 ad
3164 1813 3331 1881 pedes
3373 1812 3513 1881 ejus,

1936 1923 1954 1956 ι
1997 1914 2053 1960 et
2074 1905 2213 1961 dixit
2235 1906 2285 1962 ei
2313 1924 2325 1960 :
2353 1904 2601 1968 Domine,
2631 1903 2677 1958 si
2704 1902 2905 1958 fuisses
2924 1903 3030 1967 hic,
3059 1917 3165 1957 non
3190 1911 3332 1957 esset
3361 1916 3509 1955 mor-

1933 2016 1951 2050 ι
1995 2006 2121 2054 tuus
2145 1998 2318 2054 frater
2338 2011 2512 2053 meus.
2544 1995 2704 2051 Iesus
2729 1979 2859 2065 ergo
2889 1980 2951 2049 ut
2977 1994 3110 2049 vidit
3137 2008 3255 2048 eam
3297 1994 3512 2063 ploran-

1935 2107 1950 2141 ι
1994 2096 2102 2145 tem
2146 2098 2203 2145 et
2244 2088 2480 2152 Iudaeos,
2509 2087 2602 2157 qui
2626 2093 2890 2142 venerant
2942 2101 3065 2141 cum
3103 2100 3168 2141 ea
3210 2084 3503 2156 plorantes,

1928 2200 1947 2233 ι
1990 2181 2212 2236 fremuit
2246 2180 2460 2250 spiritu,
2489 2187 2546 2233 et
2573 2177 2808 2233 turbavit
2828 2177 3088 2246 seipsum,
3115 2185 3171 2232 et
3199 2176 3336 2231 dixit
3362 2194 3375 2229 :
3403 2173 3511 2230 Ubi

1927 2293 1945 2326 ι
1988 2274 2415 2344 posuistiseum?
2452 2272 2650 2327 Dicunt
2694 2271 2744 2327 ei
2774 2287 2790 2325 :
2828 2269 3078 2334 Domine,
3107 2269 3231 2323 veni
3274 2279 3330 2322 et
3366 2267 3512 2332 vide.

1926 2383 1946 2416 ι
1987 2364 2056 2418 Ει
2085 2363 2417 2434 lacrymatus
2450 2371 2536 2418 est
2563 2361 2741 2418 Iesus.
2787 2360 3053 2416 Dixerunt
3093 2356 3441 2429 ergodudtci
3487 2373 3506 2414 :

1926 2478 1945 2511 ‹
1990 2459 2132 2515 Ecce
2157 2460 2426 2528 quomodo
2462 2460 2679 2514 amabat
2700 2473 2846 2513 eum.
2879 2456 3113 2524 Quidam
3140 2464 3323 2511 autem
3352 2455 3507 2510 dixe-

1926 2567 1945 2601 ε
1990 2560 2119 2605 runt
2142 2567 2210 2607 ex
2234 2552 2367 2621 ipsis
2397 2567 2411 2605 :
2442 2550 2557 2606 Non
2587 2559 2804 2620 poterat
2826 2550 2938 2616 hic,
2961 2548 3053 2620 qui
3076 2549 3289 2619 aperuit
3314 2549 3503 2605 oculos

1926 2659 1945 2693 ι
1989 2642 2119 2697 caci
2162 2643 2297 2707 nati,
2329 2642 2529 2707 facere,
2550 2651 2611 2696 ut
2640 2651 2696 2698 et
2716 2644 2805 2698 hic
2835 2657 2941 2698 non
2977 2644 3316 2698 moreretur?
3343 2640 3504 2704 Iesus

1923 2750 1946 2786 ι
1988 2749 2119 2805 ergo
2146 2749 2364 2789 rursum
2390 2734 2630 2790 fremens
2654 2736 2708 2789 in
2729 2736 3024 2805 semetipso
3046 2735 3199 2791 venit
3219 2736 3287 2790 ad
3315 2750 3509 2791 monu-

1924 2846 1944 2881 ‹
1987 2837 2253 2885 mentum.
2283 2829 2415 2884 Erat
2455 2838 2638 2885 autem
2671 2830 2928 2900 spelunca
2957 2839 3011 2887 et
3035 2830 3173 2902 lapis
3199 2833 3510 2903 superposi-

1922 2939 1942 2974 c
1988 2928 2076 2978 tus
2102 2930 2223 2978 erat
2250 2922 2320 2977 ei.
2357 2921 2452 2977 Ait
2476 2921 2634 2978 Iesus
2675 2941 2690 2976 :
2728 2923 2921 2977 Tollite
2960 2923 3212 2993 lapidem.
3267 2925 3409 2980 Dicit
3452 2926 3505 2979 ei

1921 3032 1942 3065 ς
1987 3013 2198 3070 Martha
2242 3029 2399 3070 soror
2421 3014 2555 3083 ejus,
2584 3016 2676 3086 qui
2714 3023 2960 3072 mortuus
2999 3015 3174 3071 fuerat
3203 3032 3218 3071 :
3249 3016 3499 3080 Domine,

1923 3124 1942 3155 ι
1980 3102 2094 3174 jam
2121 3105 2297 3171 foetet,
2330 3105 2726 3175 quatriduanus
2758 3106 2903 3160 enim
2935 3112 3036 3160 est.
3062 3105 3207 3160 Dicit
3226 3105 3274 3160 ei
3304 3105 3500 3161 Iesus:

1922 3219 1941 3251 ‹
1986 3199 2178 3255 Nonne
2198 3199 2308 3254 dixi
2337 3199 2455 3264 tibi,
2480 3199 2736 3269 quoniam
2766 3199 2811 3253 si
2840 3196 3138 3254 credideris
3162 3197 3373 3253 videbis
3393 3198 3507 3269 glo-

1920 3311 1940 3342 σ
1987 3294 2126 3347 riam
2166 3291 2301 3346 Dei?
2349 3289 2613 3345 Tulerunt
2642 3304 2772 3361 ergo
2806 3289 3062 3360 lapidem.
3113 3286 3272 3344 Iesus
3317 3297 3500 3344 autem

1918 3403 1938 3436 ι
1982 3383 2209 3440 elevatis
2253 3398 2469 3438 sursum
2514 3381 2688 3437 oculis
2712 3381 2845 3435 dixit
2877 3399 2889 3434 :
2919 3380 3115 3443 Pater,
3147 3378 3354 3451 gratias
3399 3395 3502 3448 ago

1916 3494 1937 3527 ι
1982 3476 2101 3539 tibi,
2133 3474 2386 3545 quoniam
2419 3474 2614 3529 audisti
2639 3488 2745 3537 me,
2772 3488 2873 3545 ego
2888 3481 3067 3527 autem
3095 3471 3354 3536 sciebam,
3373 3470 3500 3541 quia

1918 3587 1937 3620 ι
1980 3584 2197 3638 semper
2221 3583 2308 3622 me
2335 3567 2511 3621 audis.
2558 3564 2664 3621 Sed
2710 3574 2933 3636 propter
2976 3563 3233 3635 populum
3275 3564 3367 3633 qui
3392 3563 3501 3618 cir-

1916 3678 1935 3712 c
1982 3666 2218 3716 cumstat
2251 3658 2383 3723 dixi,
2410 3668 2470 3712 ut
2498 3656 2683 3712 credat
2734 3656 2857 3725 quia
2886 3665 2943 3709 tu
2968 3669 3057 3710 mc
3089 3654 3306 3710 misisti.
3360 3651 3489 3710 ﬂmc

1914 3769 1934 3803 ε
1978 3765 2103 3806 eum
2128 3750 2373 3814 dixisset,
2398 3762 2536 3804 voce
2561 3761 2756 3817 magna
2796 3744 3052 3801 clamavit
3084 3764 3096 3799 :
3126 3745 3353 3808 Lazare,
3371 3744 3495 3799 veni

1914 3859 1933 3893 ‹
1979 3839 2157 3898 ἴοι-δε..
2188 3840 2256 3895 Et
2289 3840 2473 3895 statim
2502 3839 2725 3910 prodiit,
2749 3839 2838 3908 qui
2882 3838 3057 3892 fuerat
3090 3826 3496 3908 mortuus,liga-

1914 3953 1932 3986 ι
1974 3942 2066 3989 tus
2094 3948 2290 3988 manus
2317 3940 2374 3987 et
2399 3932 2566 4002 pedes
2587 3930 2809 3985 institis.
2839 3929 2909 3984 Et
2931 3929 3096 3985 facies
3114 3929 3257 3985 illius
3277 3929 3495 3985 sudario

1914 4046 1932 4079 ι
1975 4033 2095 4082 erat
2121 4025 2305 4096 ligata.
2336 4022 2482 4077 Dixit
2509 4019 2753 4076 eisIcsns
2795 4038 2807 4074 :
2846 4018 3051 4074 Solvite
3074 4034 3220 4080 eum.
3252 4026 3309 4074 et
3336 4018 3496 4073 sinite

1913 4139 1933 4170 ς
1979 4118 2150 4174 abire.
2179 4114 2332 4170 Multi
2384 4116 2516 4183 ergo
2560 4127 2624 4167 ex
2674 4109 2907 4175 Iudaeis,
2955 4110 3049 4180 qui
3105 4116 3366 4163 venerant
3426 4108 3493 4161 ad

1915 4227 1933 4261 ι
1977 4208 2202 4263 Mariam
2260 4214 2317 4261 et
2366 4205 2617 4260 viderant
2665 4208 2787 4272 quae
2835 4199 2996 4284 fecit,
3037 4199 3387 4254 crediderunt
3439 4198 3492 4252 in

1914 4320 1933 4352 ς
1975 4316 2120 4356 eum.
2168 4318 2188 4351 ι

1978 4392 2111 4446 Erat
2141 4398 2315 4463 agilem
2343 4388 2558 4461 quidam
2585 4388 2837 4457 languens
2881 4385 3121 4441 Lazarus
3164 4403 3196 4439 a
3234 4383 3491 4438 Bethania

215 4510 235 4543 α
280 4500 405 4562 pter
433 4505 551 4555 vos,
574 4496 633 4543 ut
659 4489 918 4553 credatis,
942 4488 1067 4558 quia
1096 4502 1201 4542 non
1244 4502 1392 4542 eram
1435 4485 1530 4549 ibi,
1565 4484 1661 4538 sed
1715 4498 1801 4539 ca—
1827 4508 1881 4569 Ι)
1906 4484 1971 4539 de
2007 4480 2218 4537 castello
2256 4478 2447 4534 Marim
2470 4488 2519 4534 et
2548 4478 2774 4533 Martha:
2796 4481 2995 4533 sororis
3026 4479 3160 4548 ejus,
3194 4486 3298 4531 etc.
3345 4477 3492 4531 Inter

214 4602 234 4634 ι
280 4597 408 4636 mus
436 4581 503 4635 ad
524 4596 667 4635 eum.
709 4580 858 4634 Dixit
879 4594 1009 4649 ergo
1083 4578 1322 4633 Thomas
1352 4576 1444 4646 qui
1480 4574 1678 4631 dicitur
1697 4575 1802 4645 Dy-

212 4692 232 4726 ι
282 4672 489 4737 dimus,
517 4672 584 4727 ad
612 4669 1245 4740 condiscipulos:Eamus
1285 4675 1341 4724 et
1378 4683 1477 4723 nos
1517 4675 1572 4722 et
1601 4667 1805 4721 moria-

210 4791 230 4821 ι
278 4786 409 4825 mur
434 4786 557 4826 cum
602 4783 687 4823 eo.
718 4766 881 4822 Venit
922 4768 1105 4837 itaque
1148 4764 1305 4821 Iesus
1353 4772 1408 4820 et
1446 4762 1650 4818 invenit
1678 4776 1800 4817 eam

209 4884 229 4914 ι
278 4868 517 4935 quatuor
542 4859 658 4914 dies
674 4858 785 4927 jam
842 4858 895 4911 in
931 4864 1280 4912 monumento
1308 4855 1619 4929 habentem.
1667 4851 1802 4907 Erat

210 4972 229 5003 ι
280 4961 467 5007 autem
496 4948 752 5004 Bethania
777 4946 929 5015 juxta
960 4946 1585 5017 llierosolymam,quasi
1612 4945 1803 5001 stadiis

210 5066 229 5098 ε
276 5042 614 5115 quindecim.
648 5038 797 5096 Multi
848 5048 1029 5094 autem
1075 5054 1138 5095 ex
1186 5038 1386 5094 Iudrcis
1424 5046 1689 5094 venerant
1731 5037 1800 5093 ad

209 5157 228 5187 ‹
274 5136 551 5191 Blartham
572 5144 628 5191 et
652 5134 719 5189 ad
749 5133 1005 5197 Mariam,
1037 5144 1094 5188 ut
1140 5131 1551 5189 consolarentur
1595 5146 1689 5187 eas
1734 5131 1801 5187 dc

208 5249 228 5281 α
274 5228 450 5284 fratre
474 5244 593 5283 suo.
617 5227 824 5283 Martha
852 5243 981 5300 ergo
998 5237 1059 5282 ut
1084 5225 1291 5281 audivit
1308 5224 1433 5295 quia
1449 5221 1605 5279 Iesus
1625 5221 1794 5289 venit,

205 5340 226 5371 ‹
274 5320 523 5375 occurrit
548 5319 642 5373 illi.
672 5319 839 5373 Maria
867 5326 1048 5374 autem
1068 5317 1213 5371 domi
1234 5316 1475 5371 sedebat.
1499 5315 1645 5369 Dixit
1667 5328 1797 5383 ergo

206 5431 223 5461 ι
260 5411 474 5465 Martha
520 5410 586 5464 ad
620 5408 805 5466 Iesum
834 5429 845 5464 :
873 5408 1119 5476 Domine,
1160 5409 1203 5463 si
1257 5406 1453 5464 fuisses
1490 5407 1601 5471 hic,
1626 5404 1793 5460 frater

203 5520 225 5554 ‹
270 5519 429 5558 meus
470 5517 579 5556 non
625 5501 813 5558 fuisset
854 5509 1117 5556 mortuus.
1160 5499 1266 5556 Sed
1309 5516 1454 5555 nunc
1496 5499 1631 5564 scio,
1664 5497 1790 5569 quia

202 5613 224 5646 ι
270 5609 614 5664 qumcunque
653 5594 965 5664 poposceris
1008 5609 1037 5648 a
1068 5592 1177 5648 Deo
1205 5593 1349 5647 dabit
1381 5591 1474 5646 tibi
1505 5591 1667 5645 Deus.
1701 5589 1792 5642 Di-

194 5697 220 5734 c
273 5686 349 5739 cit
375 5684 451 5739 illi
479 5683 675 5740 Iesus:
706 5684 974 5756 Resurget
996 5683 1162 5739 frater
1191 5692 1330 5739 tuus.
1380 5683 1522 5737 Dicit
1559 5682 1605 5736 ei
1648 5679 1792 5735 Mar-

191 5798 214 5831 ‹
273 5781 366 5837 tba
401 5799 414 5834 :
449 5779 598 5845 Scio,
626 5778 751 5850 quia
784 5787 1028 5849 resurget
1054 5782 1106 5834 in
1148 5779 1548 5835 resurrectione
1595 5777 1647 5831 in
1696 5791 1789 5832 no-

1905 4577 2087 4633 omnia
2108 4573 2371 4630 miracula
2394 4588 2514 4643 qua:
2536 4572 2662 4627 fecit
2681 4571 2942 4626 Dominus
2966 4578 3149 4625 noster
3166 4568 3322 4624 Iesus
3339 4568 3492 4623 Chri-

1905 4676 2047 4733 stus,
2070 4665 2264 4720 Lazari
2293 4664 2620 4719 resurrectio
2646 4663 2918 4734 praecipue
2958 4661 3300 4732 praedicatur.
3354 4658 3490 4717 Tres

1905 4770 2085 4817 tamen
2111 4767 2359 4815 mortuos
2401 4773 2431 4812 a
2464 4757 2692 4812 Domino
2721 4756 3076 4813 resuscitatos
3107 4754 3160 4809 in
3197 4753 3487 4824 Evangelia

1902 4852 2151 4923 legimus.
2183 4848 2547 4905 Rcsuscitavit
2577 4847 2740 4902 filiam
2791 4846 3199 4918 archisynagogi
3230 4846 3406 4903 adhuc
3435 4848 3489 4903 in

1906 4945 2065 5001 domo
2084 4940 2357 5010 iacentem
2389 4959 2402 4994 :
2436 4937 2782 4994 resuscitavit
2800 4935 3080 5006 juvenem,
3118 4934 3285 4990 filium
3312 4937 3489 4993 vidua:

1906 5043 2060 5090 extra
2084 5041 2297 5105 portam
2333 5031 2568 5086 civitatis
2592 5029 2824 5084 elatum:
2850 5026 3197 5081 resuscitavit
3218 5026 3484 5083 Lazarum

1903 5125 2170 5197 sepultum
2200 5121 2640 5193 quatriduanum.
2683 5119 2818 5173 Tres
2850 5112 2945 5173 isti
2965 5118 3163 5172 mortui
3189 5126 3298 5175 tres
3320 5119 3487 5190 signi-

1904 5217 2071 5274 ficant
2096 5212 2526 5271 resurrectiones
2558 5211 2882 5265 animarum.
2931 5208 3214 5265 lntueatur
3256 5212 3487 5283 quisque

1902 5311 2138 5367 animam
2186 5322 2360 5373 suam,
2391 5307 2438 5362 si
2478 5311 2689 5376 peccat,
2719 5302 2981 5365 moritur.
3006 5311 3291 5374 peccatum
3333 5319 3482 5359 mors

1900 5402 2095 5458 anima:
2137 5408 2236 5456 est.
2261 5397 2445 5452 Prima
2484 5410 2650 5459 mors,
2683 5393 2968 5449 consensio
2997 5393 3481 5464 estpeccati,banc

1897 5501 2129 5549 mortem
2170 5487 2512 5561 signiﬁcabat
2538 5485 2715 5558 puella
2749 5484 2875 5551 illa,
2918 5498 3040 5555 qua:
3082 5484 3320 5539 nondum
3363 5491 3481 5537 erat

1898 5585 2045 5642 feras
2078 5583 2239 5648 elata,
2272 5580 2365 5637 sed
2404 5580 2460 5634 in
2503 5579 2664 5635 domo
2700 5586 2917 5633 mortua
2963 5578 3199 5646 jacebat,
3227 5583 3282 5630 et
3322 5578 3477 5645 quasi

1896 5684 2180 5749 peccatum
2232 5673 2461 5728 interius
2504 5670 2723 5727 latebat.
2778 5667 3025 5724 Secunda
3055 5679 3202 5720 mors
3229 5673 3333 5730 est,
3364 5683 3468 5723 non

1898 5772 2069 5829 solum
2095 5767 2402 5825 consentire
2430 5773 2676 5837 peccato,
2702 5761 2795 5817 sed
2817 5760 2980 5815 etiam
3015 5756 3213 5814 facere.
3261 5756 3369 5817 lloc
3396 5762 3468 5819 si-
