3994 6206
462 344 566 402 165

374 533 381 539 ,
461 456 1004 536 gniﬁcabat'juvenis,
1025 460 1187 524 quem
1207 446 1467 504 Dominus
1494 441 1847 513 prenitentem
1878 433 2039 489 matri

464 527 598 619 "suae,
628 553 684 608 id
716 527 823 614 est,
844 544 1102 602 Ecclesiae
1137 537 1521 596 resuscitatum
1562 531 1759 588 reddit.
1801 527 2046 584 Tertium

683 640 884 697 mortis
925 638 1162 692 immane
1188 640 1295 697 est,
1326 626 1659 684 consuetudo
1700 623 1867 686 mala,
1905 619 2051 689 quod

461 710 804 808 signiﬁcatur
833 744 931 801 per
968 736 1260 789 Lazarum,
1288 722 1432 777 unde
1462 727 1516 775 et
1540 719 1680 773 bene
1704 716 1771 771 de
1796 713 1890 808 illo
1919 710 2052 767 dici-

464 803 574 889 tur,
601 822 774 877 foetet.
807 817 1001 889 Incipit
1039 815 1186 871 enim
1234 812 1436 867 habere
1480 808 1772 880 pessimam
1823 803 2050 866 famam,

466 929 536 969 ne
562 913 816 982 desperet
838 915 1116 980 peccator,
1143 904 1270 974 quia
1301 901 1562 957 Dominus
1594 911 1785 954 omnes
1833 892 2051 950 miseri-
2072 937 2098 955 .

396 992 403 1001 ’
466 1004 704 1059 corditer
743 997 1108 1057 resuscitavit.
1141 995 1296 1064 Quod
1324 1002 1504 1049 autem
1535 991 1787 1048 subditur
1829 1005 1842 1043 :
1886 987 2055 1056 Inﬁr-

470 1096 623 1149 mitas
650 1095 760 1147 lucc
802 1107 907 1145 non
942 1099 1016 1143 est
1058 1087 1127 1141 ad
1152 1095 1392 1149 mortem,
1418 1087 1814 1151 censequenter
1863 1076 2056 1146 adjun-

469 1185 549 1239 xit
574 1202 587 1237 :
616 1182 706 1238 sed
729 1198 825 1253 pro
856 1180 1025 1251 gloria
1059 1178 1174 1243 Dei,
1196 1186 1253 1231 ut
1281 1174 1608 1246 gloriﬁcetur
1626 1170 1804 1226 Filius
1832 1169 1929 1223 Dei
1954 1184 2050 1240 per

468 1288 609 1327 eam.
638 1272 778 1327 Sunt
803 1268 1064 1334 haeretici,
1097 1268 1190 1337 qui
1210 1266 1315 1320 hoc
1344 1270 1545 1335 negant
1578 1260 1722 1331 quod
1762 1259 1933 1314 Filius
1960 1257 2058 1313 Dei

472 1365 546 1420 sit
578 1364 745 1419 Deus.
795 1362 936 1417 Ecce
985 1358 1211 1415 audiant
1242 1375 1254 1411 :
1286 1355 1579 1425 Infirmitas
1603 1354 1715 1407 haec
1746 1366 1853 1405 non
1878 1357 1957 1404 est
1987 1349 2057 1402 ad

474 1466 713 1521 mortem,
740 1454 830 1508 sed
851 1470 947 1524 pro
974 1451 1142 1522 gloria
1173 1448 1293 1513 Dei,
1320 1448 1377 1502 id
1403 1454 1508 1511 est,
1535 1445 1656 1500 Filii
1690 1443 1806 1498 Dei.

550 1544 834 1615 Respondit
858 1551 1031 1596 autem
1054 1541 1231 1605 Iesus,
1254 1554 1424 1594 nonne
1446 1536 1721 1591 duodecim
1742 1535 1888 1588 horta
1935 1540 2057 1586 sunt

470 1637 583 1691 diei
598 1637 624 1691 2
648 1643 754 1691 etc.
779 1634 918 1702 Quid
940 1633 1042 1689 sibi
1062 1632 1177 1687 vult
1200 1633 1303 1687 ista
1320 1629 1640 1701 responsio?
1667 1627 1775 1683 Sed
1797 1632 2059 1697 quantum

477 1728 613 1781 mihi
635 1726 849 1780 videtur
872 1725 1197 1793 redarguere
1233 1722 1404 1777 voluit
1423 1720 1638 1775 illorum
1660 1716 2056 1773 dubitationem

470 1825 536 1871 et
562 1815 955 1871 inﬁdelitatem.
985 1814 1285 1869 Voluerunt
1313 1812 1460 1867 enim
1486 1810 1779 1866 tetracinum
1800 1808 1931 1862 dare
1952 1805 2079 1861 Do-‘

478 1907 647 1971 mino,
669 1921 739 1962 ne
766 1914 1094 1969 moreretur,
1121 1904 1215 1973 qui
1248 1910 1478 1957 venerat
1493 1900 1632 1956 mori
1648 1914 1666 1967 ;
1685 1898 1947 1969 corripuit
1968 1909 2064 1951 eos

479 2003 536 2049 et
581 1996 658 2049 ait
696 2013 709 2049 :
748 1995 939 2049 Nonne
993 1993 1269 2047 duodecim
1325 1992 1469 2045 hora:
1512 1998 1633 2045 sunt
1674 1988 1827 2042 diei?
1869 1988 1917 2041 si
1943 1986 2065 2057 quis

478 2087 822 2141 ambulaverit
845 2088 902 2141 in
928 2085 1013 2140 die
1035 2102 1141 2139 non
1168 2084 1404 2155 oﬁ'endit.
1444 2083 1601 2138 Diem
1619 2088 1800 2135 autem
1826 2078 2066 2148 seipsum

478 2185 639 2234 esten
662 2178 723 2231 iit
743 2191 883 2241 esse,
918 2176 1048 2246 quia
1085 2176 1202 2245 ipse
1239 2170 1559 2244 spiritaliter
1580 2180 1668 2226 est
1716 2183 1879 2225 verus
1929 2168 2066 2232 dies,

483 2266 767 2324 duodecim
812 2280 943 2321 vero
988 2265 1167 2328 horae,
1192 2262 1477 2319 duodecim
1513 2259 1755 2331 Apostoii
1799 2267 1926 2313 sunt
1955 2271 1972 2310 :
2001 2256 2071 2311 Ut

482 2366 669 2413 autem
697 2356 843 2413 diem
870 2370 932 2411 se
952 2354 1283 2417 ostenderet,
1312 2352 1597 2408 duodecim
1632 2348 1924 2420 discipulos
1958 2346 2072 2402 ele-

482 2453 598 2523 git:
623 2449 683 2506 Si
715 2466 809 2522 ego
838 2466 977 2515 sunt,
998 2448 1193 2517 inquit,
1218 2446 1354 2511 dies,
1384 2456 1432 2499 et
1456 2461 1545 2499 ros
1575 2443 1751 2507 Itone,
1773 2458 1856 2496 me
1898 2439 2076 2510 sequi—

484 2543 638 2609 mini,
660 2543 786 2614 quia
813 2542 956 2596 liora?
984 2539 1122 2595 diem
1136 2546 1449 2601 sequuntur,
1478 2553 1583 2591 non
1611 2535 1722 2589 dies
1748 2534 1928 2587 horas.
1976 2530 2075 2586 Se-

484 2642 727 2705 quantur
781 2647 914 2703 ergo
956 2632 1106 2685 horto
1152 2629 1328 2692 diem,
1370 2626 1670 2697 praedicent
1712 2624 1867 2679 horae
1906 2621 2072 2677 diem.

488 2724 647 2779 Herm
675 2721 1014 2777 illustrantur
1036 2735 1067 2774 a
1102 2719 1209 2781 die,
1246 2719 1396 2772 horse
1421 2716 1796 2770 illuminentur
1824 2727 1859 2766 a
1888 2711 2001 2775 die,
2023 2716 2079 2766 ot

489 2829 588 2883 per
612 2814 874 2869 horarum
903 2809 1346 2880 medicationem
1370 2804 1812 2863 eredatanundus
1828 2802 1887 2859 in
1907 2802 2074 2859 diem.

492 2904 607 2960 lloe
637 2918 768 2974 ergo
791 2901 868 2956 ait
902 2902 968 2957 de
1004 2899 1341 2971 compendio,
1386 2912 1476 2953 me
1524 2894 1844 2967 sequimini,
1872 2893 1923 2949 si
1971 2907 2079 2947 non

490 2994 655 3051 vultis
676 2993 972 3049 oﬂ‘emlere.
999 2991 1154 3059 Quod
1179 2997 1361 3045 autem
1382 2988 1556 3044 dixit:
1590 2986 1828 3041 [macrus
1878 2984 2079 3038 anticus

488 3094 669 3139 noster
691 3083 904 3147 demit,
933 3095 1122 3136 verum
1148 3079 1304 3135 dixit.
1336 3076 1631 3133 Sororibus
1652 3083 1901 3130 mortuus
1930 3082 2076 3140 erat,

492 3195 655 3250 quem
678 3177 945 3234 suscitare
966 3190 1081 3230 non
1099 3180 1373 3244 poterant,
1395 3171 1622 3227 Domino
1652 3168 1972 3234 dormiebat,
1987 3168 2079 3238 qui

494 3279 646 3326 tanta
681 3269 941 3325 facilitate
966 3281 1097 3322 eum
1135 3264 1420 3321 suscitavit
1473 3263 1543 3318 de
1580 3260 2083 3331 sepulcro,quanta

492 3372 554 3418 tu
581 3377 728 3418 nunc
759 3361 968 3417 excitae
1004 3357 1362 3415 dormientem
1408 3354 1475 3409 de
1510 3352 1666 3408 lecto.
1723 3352 1801 3406 De
1848 3358 2085 3421 quatuor

494 3455 686 3510 diebus
707 3452 873 3508 multa
895 3451 1115 3521 quidem
1138 3448 1245 3504 dici
1278 3453 1535 3518 possunt,
1568 3444 1648 3500 sic
1685 3451 1745 3498 ut
1787 3459 1846 3499 se
1882 3443 2085 3509 habent

490 3546 727 3602 obscura
751 3542 1179 3613 Scripturarum,
1206 3553 1327 3609 quae
1368 3552 1470 3608 pro
1518 3535 1834 3592 diversitate
1879 3532 2082 3590 intelli-

497 3636 740 3706 gentium
763 3634 962 3690 multos
990 3647 1183 3688 sensus
1201 3628 1438 3701 pariunt.
1470 3628 1723 3683 Dicamus
1741 3634 1797 3680 et
1816 3640 1936 3690 nos,
1950 3623 2083 3694 quid

499 3727 656 3783 nobis
705 3725 955 3780 videatur
1002 3721 1317 3793 signiﬁcare
1376 3716 1623 3774 mortuus
1662 3714 2081 3786 quauiduanus,

500 3814 771 3887 quomodo
790 3815 845 3869 in
875 3814 968 3869 illo
991 3826 1136 3869 caeco
1156 3809 1507 3880 intelligimus
1560 3806 1959 3879 quodammodo
1985 3805 2085 3859 bu-

502 3920 722 3961 manum
743 3917 933 3976 genus,
963 3903 1043 3958 sic
1081 3900 1243 3966 forte,
1283 3907 1339 3955 et
1373 3900 1425 3954 in
1472 3894 1578 3953 isto
1624 3904 1843 3953 mortuo
1884 3894 2086 3949 ntultos

502 3994 830 4053 tntellecturi
855 4009 1060 4049 sumus.
1091 3990 1333 4047 Diversis
1353 3990 1496 4045 enim
1522 3988 1700 4045 modis
1748 4003 1859 4043 una
1886 4001 1976 4042 res
2004 3985 2083 4040 si—

498 4090 749 4164 gniﬁcari
801 4096 1000 4161 potest.
1053 4086 1226 4142 Homo
1266 4084 1483 4155 quando
1521 4078 1932 4147 nascitur,jam
1962 4091 2085 4133 cum

442 4250 455 4263 t
504 4191 680 4239 morte
706 4182 965 4246 nascitur,
991 4179 1116 4251 quia
1146 4178 1215 4234 de
1242 4177 1414 4233 Adam
1433 4183 1716 4247 peccatum
1740 4173 1928 4237 trahit,
1958 4184 2087 4227 ecce

502 4274 674 4331 habes
699 4289 863 4329 unum
893 4273 1036 4328 diem
1070 4270 1284 4334 mortis,
1302 4268 1447 4338 quod
1474 4269 1636 4323 homo
1662 4264 1831 4321 trahit
1853 4264 1920 4319 de
1941 4277 2088 4318 mor-

499 4365 580 4420 tis
600 4364 912 4436 propagine.
938 4361 1142 4419 Deinde
1162 4362 1383 4424 crescit,
1414 4358 1600 4428 incipit
1628 4356 1883 4412 accedere
1912 4353 1980 4408 ad
1998 4367 2090 4408 ra-

508 4455 740 4513 tionales
779 4469 970 4519 annos,
1015 4461 1076 4508 ut
1119 4453 1293 4525 legem
1349 4451 1526 4522 sapiat
1568 4448 1894 4514 naturalem,
1925 4461 2085 4516 quam
2115 4472 2166 4532 Β

498 4561 696 4603 omnes
717 4545 919 4600 habent
940 4543 994 4598 in
1020 4543 1181 4599 corde
1202 4542 1369 4597 ﬁxam
1395 4558 1408 4594 :
1438 4538 1596 4605 Quod
1619 4538 1713 4593 tibi
1738 4552 1847 4592 non
1870 4536 1970 4601 vis,
1990 4534 2088 4589 alii

512 4653 575 4690 ne
604 4633 806 4705 feceris,
828 4640 885 4686 et
921 4632 1062 4687 hanc
1086 4633 1262 4705 legem
1305 4628 1774 4701 transgrediuntur
1818 4626 2086 4692 homines,

402 4754 415 4766 ι
511 4744 640 4784 ecce
675 4727 842 4783 altera
868 4726 981 4782 dies
1010 4728 1204 4782 mortis
1227 4728 1352 4783 data
1381 4733 1485 4790 est,
1515 4732 1570 4779 et
1588 4724 1756 4779 etiam
1785 4722 1869 4777 lex
1906 4722 2088 4777 divina

511 4834 611 4889 per
651 4817 911 4874 famulum
960 4817 1055 4872 Dei
1102 4817 1324 4889 Moysen
1363 4815 1496 4869 dicit
1533 4814 1608 4868 illi
1641 4831 1654 4868 :
1684 4813 1808 4867 Non
1864 4811 2087 4875 occides,

512 4926 618 4965 non
653 4907 1008 4972 matr/iuberis,
1048 4924 1151 4961 non
1182 4908 1374 4978 falsum
1410 4906 1761 4960 testimonium
1783 4903 1945 4957 dices.
1976 4900 2091 4956 Uo-

504 5015 645 5053 uora
674 5008 873 5069 patrem
902 5008 1051 5051 tuum
1089 5006 1139 5051 et
1194 5007 1415 5051 matrem
1452 5004 1598 5050 tuam
1622 5035 1636 5061 ,
1677 5002 1783 5049 etc.
1824 4992 1967 5049 Ecce
2006 4992 2092 5047 lex

505 5089 715 5159 scripta
739 5096 841 5152 cst,
873 5094 929 5141 et
970 5086 1084 5156 ipsa
1129 5085 1525 5149 contemnitur,
1562 5099 1691 5139 ecce
1744 5082 1937 5138 tertius
1978 5081 2095 5136 dies

510 5181 729 5251 mortis;
755 5179 883 5249 quid
919 5178 1124 5234 restat?
1169 5176 1331 5232 Venit
1360 5176 1732 5246 Evangelium,
1765 5175 1886 5230 ideo
1914 5174 2093 5229 littera

509 5272 632 5327 sine
674 5270 846 5341 gratia
888 5285 1012 5325 reos
1048 5268 1300 5331 faciebat,
1342 5283 1477 5338 quos
1528 5267 1848 5323 conﬁtcntes
1915 5265 2096 5337 gratia

509 5365 799 5422 liberabat.
824 5364 1159 5420 Prredicatur
1185 5363 1382 5433 ubique
1414 5361 1693 5426 Christus,
1721 5356 1961 5415 minatur
1998 5375 2096 5431 ge-

511 5456 771 5524 hennam,
798 5457 964 5512 vitam
1008 5455 1279 5525 promittit
1312 5464 1588 5517 aeternam,
1622 5462 1677 5508 et
1703 5452 1817 5523 ipsa
1856 5460 2097 5507 contem—

513 5550 694 5615 nitur,
746 5548 1218 5619 transgrediunwr
1264 5546 1513 5603 homines
1547 5545 1918 5617 Evangelium,
1968 5560 2096 5600 ecce

514 5650 746 5704 quartus
793 5642 906 5696 dies
932 5639 1155 5705 mortis,
1186 5640 1379 5695 merito
1401 5638 1510 5708 jam
1544 5639 1715 5694 timet.
1746 5638 2016 5709 Numquid
2044 5646 2101 5693 ct

514 5730 718 5785 talibus
775 5731 1015 5803 neganda
1055 5738 1138 5786 est
1176 5730 1584 5787 misericordia?
1623 5731 1786 5797 absit,
1809 5739 1858 5785 ct
1882 5728 1992 5801 iam
2023 5729 2094 5784 ad

1755 312 2112 376 SMARAGDI
2148 308 2441 368 ABBATIS

2069 433 2121 492 Α
2146 428 2281 483 tales
2309 424 2572 481 Dominus
2615 414 2936 476 excitandos
2963 428 3076 470 non
3101 411 3429 482 dedignatur
3454 411 3735 468 accedere.

3631 291 3737 350 164

2222 541 2368 595 Dixit
2397 554 2519 608 ergo
2543 534 2756 589 Martha
2781 532 2849 586 ad
2870 528 3078 593 Jesum,
3104 527 3327 581 Domine
3346 525 3393 580 si
3411 524 3602 595 fuisses
3627 524 3734 593 hic,

2151 638 2318 708 frater
2338 649 2484 687 meus
2500 647 2604 685 non
2628 628 2811 698 fuisse!
2836 632 3096 678 mortuus.
3125 620 3271 674 Dixit
3294 618 3376 673 illi
3399 618 3555 673 Iesus
3583 636 3602 673 :
3637 616 3743 672 Re—

2150 736 2326 799 surget
2357 725 2524 795 frater
2547 731 2688 775 tuus.
2718 717 2855 786 Quia
2876 729 2978 785 ego
3003 728 3125 768 sum
3152 712 3484 767 resurrectio
3516 717 3571 766 et
3601 709 3741 774 vita,

2153 818 2245 888 qui
2271 815 2443 872 credit
2463 814 2518 868 in
2545 826 2653 872 me.
2678 814 2732 864 et
2750 806 2862 876 jam
2894 806 2942 861 si
2980 800 3230 861 mortuus
3264 800 3427 857 fuerit
3462 800 3519 855 in
3549 814 3741 866 carne,

2152 909 2298 963 vivet
2340 904 2395 960 in
2444 903 2626 959 anima
2672 901 2846 955 donec
2892 902 3159 967 resurgat,
3188 900 3245 949 et
3282 907 3411 949 caro
3461 906 3745 960 nunquam

2152 1006 2340 1069 postea
2369 994 2652 1049 moritura.
2678 991 2746 1045 Et
2768 987 2947 1044 omnis
2972 986 3066 1057 qui
3090 984 3226 1038 vivit
3257 983 3311 1037 in
3340 995 3526 1047 carne,
3548 988 3603 1037 et
3623 995 3746 1036 cre-

2155 1090 2235 1145 dit
2263 1087 2319 1142 in
2345 1100 2452 1149 me,
2483 1093 2539 1139 et
2574 1082 2620 1138 si
2654 1080 2921 1136 morietur
2942 1076 3012 1131 ad
3058 1082 3290 1146 tempus,
3327 1080 3551 1144 propter
3594 1088 3746 1127 mor-

2156 1186 2266 1234 tem
2293 1175 2618 1239 carnis,non
2649 1171 2918 1226 morietur
2952 1168 3006 1222 in
3027 1176 3307 1227 :eternunt,
3328 1172 3552 1235 propter
3569 1164 3743 1218 vitam

2156 1268 2411 1340 spiritus,
2440 1273 2499 1321 et
2542 1260 3006 1318 immortalitatem
3053 1254 3495 1312 resurrectionis.
3550 1252 3746 1309 Credis

2154 1360 2294 1417 hoc?
2320 1359 2407 1413 Ait
2452 1355 2531 1411 illi
2555 1373 2572 1411 :
2598 1352 2806 1420 Utique,
2839 1349 3185 1418 Domine,ego
3214 1346 3573 1417 credidi,quia
3604 1354 3662 1400 tu
3688 1362 3746 1400 es

2156 1450 2398 1506 Chrisfus
2430 1446 2602 1501 Filius
2661 1443 2777 1508 Dei,
2821 1440 2913 1512 qui
2942 1439 2998 1493 in
3052 1438 3190 1491 hunc
3240 1436 3493 1491 mundum
3534 1436 3745 1490 uenisti.

2156 1544 2383 1613 Quando
2396 1542 2503 1597 hoc
2529 1538 2755 1601 credidi,
2782 1533 2990 1592 credidi
3007 1531 3140 1604 quia
3166 1538 3224 1585 tu
3248 1544 3307 1586 es
3331 1525 3662 1584 resurrectio
3684 1533 3750 1580 et

2154 1637 2268 1692 vita
2288 1676 2304 1701 ,
2330 1642 2389 1690 et
2414 1633 2507 1704 qui
2538 1633 2591 1686 in
2625 1639 2679 1686 te
2708 1628 2899 1691 credit,
2918 1633 2978 1681 et
3008 1625 3057 1679 si
3091 1629 3339 1677 mortuus
3370 1619 3556 1683 luerit,
3576 1618 3746 1672 vivet.

2228 1745 2385 1802 Iesus
2413 1762 2558 1814 ergo,
2583 1751 2638 1796 ut
2664 1742 2789 1796 vidit
2817 1755 2932 1795 earn
2955 1736 3269 1809 plorantem,
3289 1732 3502 1804 fremuit
3534 1731 3749 1801 spiritu,

2166 1852 2272 1901 etc.
2321 1840 2461 1909 Quid
2515 1836 2801 1906 est,quo:l
2847 1833 3031 1888 turbat
3078 1828 3429 1897 semetipsum
3475 1820 3762 1879 Christus“!

2166 1934 2273 1991 nisi
2319 1940 2379 1987 ut
2426 1929 2695 1999 signiﬁcet
2734 1926 2859 1990 tibi,
2888 1923 3160 1995 quomodo
3188 1919 3399 1975 turbari
3444 1927 3502 1973 tu
3552 1918 3757 1972 debeas

2165 2041 2292 2083 cum
2314 2031 2462 2079 tanta
2486 2021 2629 2077 mole
2655 2018 2864 2091 peccati
2891 2014 3136 2087 gravaris
3168 2019 3222 2067 et
3244 2007 3531 2082 premeris.
3565 2007 3760 2062 Atten-

2169 2118 2297 2176 disti
2331 2117 2476 2172 enim
2518 2123 2590 2178 te,
2617 2111 2800 2166 vidisti
2853 2118 2905 2164 te
2949 2122 3122 2171 reum,
3144 2110 3426 2173 computas
3476 2097 3762 2155 tibisiltud

2170 2210 2295 2275 feci,
2321 2218 2376 2267 et
2404 2204 2645 2279 pepercit
2666 2201 2831 2265 Deus,
2861 2198 2989 2254 illud
3026 2195 3297 2259 commisi,
3323 2200 3377 2247 et
3402 2189 3613 2271 distulit
3647 2202 3762 2253 me,

2170 2297 2521 2371 Evangelium
2544 2286 2747 2357 audivi,
2775 2299 2831 2346 et
2855 2286 3175 2359 contempsi,
3196 2284 3501 2353 baptizatus
3532 2268 3676 2343 sum,
3705 2286 3763 2332 et

2172 2368 2368 2449 iterum
2404 2386 2472 2444 ad
2507 2387 2697 2443 eadem
2734 2381 3010 2439 revolutus
3051 2390 3190 2433 sum.
3226 2372 3365 2443 Quid
3392 2368 3573 2428 facio?
3615 2369 3769 2423 unde

2173 2482 2378 2539 evado?
2415 2479 2628 2551 quando
2675 2476 2774 2531 ista
2823 2473 2989 2538 dicis,
3025 2472 3138 2543 jam
3182 2468 3377 2523 fremet
3410 2465 3662 2521 Christus
3709 2464 3767 2516 in

2174 2574 2339 2630 corde
2370 2580 2485 2637 tuo,
2508 2567 2635 2639 quia
2665 2566 2797 2621 ﬁdes
2825 2563 3023 2619 fremit.
3050 2562 3111 2616 Si
3144 2560 3279 2614 ﬁdes
3310 2560 3365 2613 in
3394 2557 3573 2621 nobis,
3600 2555 3771 2611 Chri-r

2177 2675 2293 2721 stus
2318 2665 2371 2719 in
2393 2662 2567 2724 nobis,
2598 2673 2727 2729 ergo
2757 2656 2888 2711 ﬁdes
2917 2663 3007 2709 tua
3044 2652 3110 2707 de
3136 2649 3354 2706 Christo
3390 2649 3649 2704 Christus
3679 2656 3769 2703 est

2179 2756 2232 2810 in
2261 2752 2423 2809 corde
2451 2758 2566 2814 tuo,
2598 2750 2653 2804 in
2678 2760 2811 2803 voce
2838 2743 3117 2799 frementis
3157 2748 3379 2811 apparet
3414 2754 3540 2809 spes
3582 2754 3772 2793 resur-

2179 2847 2374 2920 gentis.
2405 2844 2628 2901 Fremat
2668 2839 2942 2904 Christus,
2969 2835 3212 2904 increpet
3254 2848 3313 2889 se
3361 2834 3544 2888 homo.
3589 2830 3771 2884 Flevit

2179 2939 2446 3004 Christus,
2474 2935 2600 2991 ﬂeat
2628 2935 2811 2990 homo.
2865 2930 3046 2998 Quare
3096 2928 3237 2982 enim
3290 2924 3437 2980 ﬂevit
3479 2923 3773 2980 Christus?

2180 3031 2285 3086 nisi
2311 3030 2436 3100 quia
2463 3028 2591 3082 ﬁere
2615 3025 2892 3081 hominem
2941 3021 3144 3077 docuit.
3192 3018 3450 3074 Fremere
3497 3018 3773 3088 (prodam-

2065 3115 2077 3186 ζ
2107 3124 2152 3186 C
2183 3122 2345 3183 modo
2382 3122 2542 3178 debet
2563 3120 2728 3175 homo
2754 3118 2809 3172 in
2836 3113 3184 3171 accusatione
3210 3111 3475 3166 malorum
3507 3124 3770 3178 operum,
3834 3090 3855 3107 ⁶

2186 3226 2243 3271 ut
2270 3215 2541 3271 violentia:
2566 3209 2863 3283 paenitendi
2902 3207 3058 3264 cedat
3104 3202 3440 3261 consuetudo
3477 3201 3770 3273 peccandi.

2180 3307 2332 3362 Dixit
2361 3321 2376 3361 :
2418 3304 2519 3367 Ubi
2551 3302 2799 3376 posuistis
2821 3299 2978 3355 eum?
3008 3297 3129 3354 Scis
3158 3296 3284 3376 quia
3315 3302 3564 3349 mortuus
3594 3292 3692 3355 sit,
3717 3302 3773 3348 ct
3798 3299 3804 3305 '

2182 3399 2362 3453 nescis
2383 3397 2474 3451 ubi
2504 3397 2574 3451 sit
2592 3392 2866 3466 sepultus?
2923 3390 2993 3444 Et
3022 3390 3126 3445 ista
3157 3382 3483 3459 signiﬁcatio
3508 3393 3615 3450 est,
3638 3386 3774 3456 quia

2183 3490 2262 3545 sic
2292 3487 2563 3557 perditum
2587 3482 2883 3548 hominem,
2910 3480 3066 3553 quasi
3101 3478 3277 3536 nescit
3299 3477 3463 3533 Deus.
3497 3476 3643 3532 Talis
3686 3487 3776 3532 est

2183 3593 2287 3633 vox
2324 3577 2419 3632 Dei
2458 3575 2512 3630 in
2547 3573 2841 3641 Paradiso,
2865 3580 3223 3641 posteaquam
3273 3568 3436 3623 homo
3480 3568 3775 3639 peccavit:

2184 3668 2376 3733 Adam,
2404 3667 2493 3721 ubi
2517 3683 2571 3721 es
2586 3667 2613 3739 ζ)
2640 3665 2834 3720 Dicunt
2862 3666 2911 3720 ei
2930 3678 2949 3716 :
2978 3662 3221 3728 Domine,
3247 3661 3361 3716 veni
3388 3671 3437 3715 et
3466 3659 3600 3715 vide.
3631 3659 3777 3726 Quid

2184 3771 2302 3827 est,
2351 3760 2509 3816 vide!
2536 3760 2817 3825 miserere,
2849 3757 2996 3813 videt
3034 3755 3180 3812 enim
3234 3753 3500 3809 Dominus
3551 3752 3779 3822 quando

2187 3854 2494 3909 miseretur.

2254 3968 2513 4045 Dixerunt
2532 3981 2653 4034 ergo
2669 3963 2851 4017 Juda’i
2873 3978 2891 4016 :
2917 3960 3054 4015 Ecce
3073 3959 3334 4031 quomodo
3360 3960 3575 4014 amabat
3629 3974 3775 4024 eum,

2185 4067 2241 4115 et
2262 4056 2358 4113 rei.
2377 4054 2516 4123 Quid
2538 4062 2641 4119 est,
2659 4051 2878 4107 amabat
2895 4051 3053 4106 eum?
3081 4049 3197 4105 Non
3217 4048 3339 4105 veni
3360 4063 3558 4103 vocare
3572 4044 3777 4119 iustos,

2186 4148 2281 4204 sed
2308 4154 2644 4218 peccatores.
2676 4143 2917 4197 Mortuus
2950 4142 3052 4197 sub
3081 4140 3290 4211 lapide,
3326 4154 3456 4196 rcus
3492 4141 3596 4197 sub
3635 4140 3776 4212 lege.

2188 4242 2303 4299 Lex
2352 4255 2473 4310 qua:
2505 4238 2631 4293 data
2654 4247 2740 4293 est
2759 4233 2981 4299 Iudaeis,
3002 4233 3065 4288 in
3085 4233 3265 4302 lapide
3286 4233 3495 4310 scripta
3520 4242 3625 4289 est.
3649 4233 3783 4290 Om-

2188 4348 2289 4389 nes
2316 4339 2497 4387 autem
2518 4329 2597 4385 rei
2626 4329 2728 4384 sub
2756 4327 2872 4397 lege
2897 4333 3042 4391 sunt,
3068 4324 3205 4379 bene
3225 4324 3470 4379 viventes
3496 4341 3618 4379 cum
3635 4325 3778 4396 lege.

2192 4423 2333 4493 Quid
2353 4430 2438 4478 est
2458 4435 2589 4491 ergo
2605 4419 2834 4489 lapidem
2862 4415 3177 4471 removere?
3194 4413 3437 4471 Gratiam
3454 4415 3777 4484 praedicare.

2195 4514 2333 4582 Quid
2352 4511 2498 4585 quod
2510 4524 2643 4565 voce
2666 4522 2859 4578 magna
2882 4506 3136 4562 clamavit
3161 4523 3175 4559 :
3200 4502 3420 4568 Lazare,
3448 4504 3562 4557 rem
3592 4503 3742 4573 foras
3757 4503 3784 4555 t

2195 4607 2370 4676 Quam
2396 4601 2608 4660 diﬁicile
2627 4600 2819 4671 surgit,
2837 4614 2998 4670 quem
3016 4596 3179 4653 moles
3197 4597 3352 4651 malm
3371 4595 3782 4653 consuetudinis

2195 4694 2416 4769 premit!
2446 4693 2555 4751 Sed
2584 4702 2764 4749 tamen
2791 4691 2983 4762 surgit,
3009 4690 3219 4747 occulta
3243 4690 3416 4761 gratia
3457 4688 3605 4745 intus
3642 4691 3782 4746 vivi-

2198 4791 2391 4848 ﬁcatur
2420 4807 2433 4842 :
2466 4786 2641 4858 surgit
2665 4792 2788 4857 post
2816 4797 3002 4839 vocem
3040 4783 3414 4853 magnam,sed
3430 4781 3607 4838 adhuc
3649 4782 3784 4853 liga-

2198 4883 2268 4937 tis
2293 4879 2544 4934 manibus
2568 4885 2623 4930 et
2652 4876 2879 4947 pedibus
2910 4889 2924 4927 :
2955 4873 3025 4928 Et
3055 4872 3216 4941 {aries
3254 4872 3400 4926 illius
3425 4874 3644 4928 sudario
3664 4884 3783 4929 erat

2196 4972 2385 5045 ligata,
2411 4981 2590 5024 tamen
2625 4968 2770 5023 foras
2802 4965 2915 5036 jam
2967 4965 3253 5036 processit,
3298 4965 3429 5035 quid
3474 4964 3784 5036 signiﬁcat?

2182 5062 2415 5133 quando
2436 5058 3005 5126 conte:nnis,mor’tnus
3021 5054 3194 5124 iaces,
3217 5064 3271 5110 et
3290 5056 3337 5111 si
3368 5064 3513 5110 tanta
3539 5064 3785 5111 contem-

2201 5168 2320 5219 nas,
2348 5159 2551 5224 quanta
2578 5150 2720 5214 dixi,
2766 5149 3006 5218 sepultus
3042 5145 3218 5218 jaces;
3242 5148 3457 5217 quando
3502 5146 3785 5203 conﬁteris

2201 5243 2472 5315 procedis.
2494 5239 2593 5297 sed
2623 5238 3009 5295 ntconﬁtearis
3040 5237 3181 5293 Deus
3205 5236 3352 5301 facit,
3376 5237 3611 5292 humana
3652 5251 3786 5292 voce

2201 5334 2505 5400 clamando,
2530 5333 2584 5388 id
2609 5340 2714 5397 est,
2750 5346 2943 5401 magna
2970 5331 3143 5401 gratia
3171 5331 3437 5395 vocando;
3459 5331 3552 5385 sed
3583 5338 3644 5385 ut
3672 5329 3786 5383 sol-

2201 5436 2456 5486 verentur
2475 5434 2696 5498 peccata
2726 5426 2862 5496 ejus,
2888 5425 3150 5479 ministris
3180 5426 3284 5480 hoc
3313 5424 3448 5478 dixit
3476 5423 3740 5480 Dominus
3768 5439 3785 5479 :

2206 5519 2402 5576 Solvite
2429 5517 2577 5572 illum
2600 5527 2648 5571 et
2671 5517 2827 5570 sinite
2848 5516 3015 5581 abire,
3043 5515 3146 5569 hoc
3166 5522 3249 5570 est
3269 5556 3283 5581 ,
3311 5529 3649 5587 quaecunque
3673 5514 3786 5572 sol—

2199 5612 2390 5667 veritis
2419 5611 2474 5665 in
2505 5619 2671 5677 terra,
2695 5609 2866 5665 soluta
2906 5618 3065 5664 erunt
3095 5616 3148 5663 ct
3181 5608 3231 5663 in
3264 5607 3421 5664 cmlo.
