3994 6206
264 346 376 404 ιω
1082 340 1705 405 COLLECTIONES~lN
1728 348 1846 427 tam

1949 347 2126 409 OLAS
2159 351 2247 407 ET
2288 351 2697 413 EVANGELIA.

416 455 748 515 DOMINICA
772 453 1029 523 QUINTA
1056 455 1127 512 lN
1154 457 1716 525 QUADRAGESIMA.

3441 364 3542 429 £66

1888 465 1939 525 Α
1964 479 2205 528 aspersus
2225 465 2522 534 inquinatos
2557 469 2849 539 sanctiﬁcat
2877 470 2947 526 ad
2973 470 3398 535 emundationem
3426 499 3545 539 car-

262 567 535 610 EPIS‘IOLA
569 566 731 608 ιεΔτι
766 564 921 606 PAULI
960 566 1217 609 APOS'I'OLI
1245 569 1313 609 AD
1341 568 1616 620 Πεωιιεοε,
1640 571 1759 611 CAP.
1785 572 1859 611 IX.

347 663 369 697 ι
408 643 666 701 Christus
682 642 950 700 assistens
971 641 1222 699 Pontifex
1244 645 1550 701 futurorum
1574 646 1859 711 bonorum,

1964 554 2067 617 nis,
2093 563 2288 624 quanto
2312 556 2478 626 magis
2500 559 2714 629 sanguis
2744 557 2960 614 Christi.
2993 562 3090 635 (Ex
3106 563 3281 639 Orig.)
3312 567 3371 623 Si
3397 572 3543 627 enim

1962 657 2206 710 carnem,
2230 644 2427 715 inquit,
2455 656 2633 717 potest
2661 651 2923 708 mundare
2966 655 3186 726 sanguis
3231 665 3505 717 taurorum
3531 703 3545 729 ,

268 755 290 790 ι
340 751 444 807 per
483 734 722 804 amplius
755 741 815 789 et
844 731 1141 803 perfectius
1167 735 1576 791 tabernaculum
1606 750 1716 789 non
1745 750 1861 789 ma-
1960 731 2130 788 multo
2151 734 2380 804 amplius
2402 736 2596 792 animae
2617 740 2828 795 sordem
2863 740 3061 798 delevit
3081 747 3299 817 sanguis
3319 748 3544 816 Christi,

270 846 291 879 ι
339 825 649 890 nufactum,
678 824 737 878 id
754 831 859 890 est,
894 839 1007 879 non
1036 823 1196 895 hujus
1221 826 1533 890 creationis,
1560 841 1738 899 neque
1763 841 1862 895 per
1959 829 2014 877 et
2034 822 2087 877 in
2119 823 2221 879 hac
2239 826 2355 896 ipsa
2382 827 2680 884 hostiarum
2709 831 3047 901 diversitate,
3071 836 3177 893 illis
3205 839 3395 897 umbra
3419 841 3544 897 data
3604 904 3608 909 ,

268 935 290 969 ι
331 915 661 987 sanguinem
692 913 977 970 hircorum
1013 922 1109 968 aut
1131 913 1445 980 vitulorum,
1470 915 1565 970 sed
1600 928 1700 983 per
1731 928 1860 984 pro-
1959 922 2063 969 est.
2089 914 2256 971 Nobis
2282 933 2412 973 vero
2452 935 2548 990 per
2572 918 2756 976 Jesum
2800 924 3080 982 Christum
3121 930 3324 987 veritas
3363 948 3543 988 reser-
3599 936 3606 949 ’

268 1024 290 1058 ι
334 1005 521 1077 prium
545 990 868 1074 sanguinem
899 1002 1147 1059 introivit
1164 1003 1331 1066 semel
1351 1005 1406 1060 in
1422 1013 1611 1060 saneta
1629 1013 1856 1071 aeterna,

268 1115 288 1148 ι
335 1095 714 1166 redunptione
740 1093 982 1151 inventa.
1014 1092 1075 1149 Si
1107 1094 1255 1148 enim
1298 1096 1519 1165 sanguis
1556 1096 1853 1161 hircorum,

268 1207 288 1241 ι
333 1198 433 1245 aut
456 1196 760 1252 taurorum,
787 1193 845 1241 et
867 1185 1009 1241 cinis
1041 1186 1222 1241 vitula:
1255 1201 1515 1256 aspersus
1540 1186 1855 1256 inquinatos

265 1302 285 1334 ι
332 1276 645 1338 sanctiﬁcat
673 1277 743 1334 ad
771 1277 1209 1335 emundationem
1232 1279 1652 1349 carnis,quanto
1680 1278 1857 1348 magis

267 1390 288 1429 ι
335 1371 564 1442 sanguis
592 1364 829 1434 Christi,
857 1369 951 1437 qui
980 1383 1079 1439 per
1106 1362 1371 1437 Spiritum
1392 1376 1639 1424 sanctum
1662 1368 1856 1424 obtulit

268 1483 291 1516 ι
337 1464 702 1532 semetipsum
739 1461 1149 1517 immaculatum
1196 1462 1333 1527 Deo,
1369 1461 1684 1516 emundabit
1724 1476 1855 1516 con-

266 1572 287 1605 r
333 1554 627 1609 scientiam
656 1558 905 1606 nostram
937 1551 1007 1609 ab
1055 1551 1317 1622 operibus
1355 1552 1585 1607 mortuis
1630 1550 1700 1605 ad
1744 1566 1853 1606 ser-

266 1648 287 1700 ῑ
330 1644 591 1703 viendum
644 1646 757 1703 Deo
804 1643 1034 1710 viventi,
1078 1652 1137 1699 et
1182 1643 1305 1701 ideo
1349 1644 1485 1701 Novi
1514 1643 1849 1700 Testamenti

267 1757 287 1790 ι
336 1737 610 1794 mediator
635 1743 749 1800 est,
780 1743 843 1790 ut
881 1741 1057 1791 morte
1098 1733 1495 1797 intercedente,
1526 1734 1582 1788 in
1628 1733 1848 1789 redem~

1958 1010 2081 1058 vata
2110 1013 2213 1072 est,
2239 1023 2341 1077 pro
2368 1007 2475 1064 illis
2501 1019 2682 1066 autem
2708 1013 2877 1070 boves
2902 1026 2957 1071 et
2976 1018 3121 1074 hirci
3134 1020 3547 1092 jugulabantur,

1955 1101 2010 1147 et
2032 1108 2180 1161 aves,
2198 1104 2252 1152 et
2278 1096 2455 1153 simila
2498 1105 2988 1173 conspergehatur,
3017 1124 3116 1179 pro
3158 1110 3313 1167 nobis
3358 1120 3549 1171 autem

1957 1185 2051 1242 Dei
2075 1187 2241 1244 Filius
2265 1199 2349 1245 est
2377 1191 2709 1249 immolatus.
2738 1193 2873 1252 Nam
2912 1206 2967 1253 et
2987 1200 3286 1258 hostiarum
3314 1205 3541 1262 diversi-

1955 1287 2127 1334 tatum
2154 1291 2310 1352 typus
2336 1283 2626 1355 imaginem
2654 1288 2922 1357 passionis
2948 1291 3149 1349 Christi
3188 1296 3536 1366 praeferebat.-

1952 1368 2089 1423 Nam
2127 1381 2414 1441 postquam
2451 1373 2568 1445 ipse
2601 1376 2815 1433 oblatus
2859 1388 2963 1445 est,
2990 1396 3182 1439 omnes
3206 1384 3309 1440 illre
3348 1386 3546 1444 hostia?

1951 1472 2317 1529 cessaverunt,
2331 1480 2452 1534 quae
2476 1466 2531 1521 in
2562 1474 2688 1538 typo
2715 1466 2797 1523 vel
2821 1471 3013 1526 umbra
3038 1471 3280 1540 ejusdem
3304 1491 3537 1545 praeces-

1950 1558 2148 1614 serant,
2172 1552 2586 1623 prmﬁgurantes
2616 1556 2747 1612 illud
2771 1559 3122 1630 sacriﬁcium,
3149 1564 3291 1634 quod
3320 1582 3461 1622 unus
3486 1577 3555 1622 et.

1949 1655 2111 1696 verus
2139 1642 2396 1700 sacerdos
2440 1646 2657 1713 obtulit,
2697 1650 2962 1706 mediator
2999 1651 3095 1707 Dei
3136 1661 3192 1708 et
3233 1655 3536 1723 hominum,

1949 1729 2104 1800 cujus
2132 1733 2382 1789 sacriﬁcii
2410 1736 2764 1806 promissivas
2793 1738 2994 1810 ﬁguras
3034 1741 3088 1796 in
3140 1743 3380 1800 victimis
3420 1746 3542 1801 ani-

266 1846 287 1881 t
331 1830 577 1899 ptionem
610 1841 798 1881 earum
828 1824 1343 1895 praevaricationum
1362 1863 1378 1888 ,
1409 1838 1529 1892 qum
1558 1831 1721 1878 erant
1748 1824 1850 1879 sub
1878 1811 1927 1870 Β
1954 1823 2179 1879 malium
2225 1825 2504 1882 celebrare
2543 1837 2671 1904 ante
2698 1831 3018 1901 oportebat,
3057 1844 3280 1906 propter
3314 1838 3544 1895 munda-

265 1937 285 1971 ι
332 1918 505 1989 priori
536 1914 887 1972 Testamento
914 1913 1391 1984 repromissionem
1432 1913 1724 1983 accipiant,
1756 1913 1850 1982 qui

265 2029 285 2063 ο
329 2009 509 2065 vocati
539 2016 665 2065 sunt
708 2016 926 2063 sternte
960 2003 1296 2060 baereditatis
1344 2003 1399 2059 in
1448 2001 1671 2059 Christo
1718 2001 1847 2058 Jesu

266 2121 287 2153 ο
332 2099 563 2155 Domino
585 2105 800 2154 nostro.
833 2116 852 2148 ι
1462 2130 1467 2141 ,

327 2188 573 2244 Christus
598 2188 851 2243 assistam
878 2183 1149 2255 Pontifex.
1166 2182 1269 2255 (Ex
1296 2181 1473 2254 Orig.)
1507 2178 1603 2236 Est
1631 2180 1849 2251 quidem

258 2295 399 2335 unus
414 2276 661 2350 pontifex
683 2291 915 2347 magnus
930 2274 1195 2331 Dominus
1205 2280 1390 2329 noster
1399 2269 1559 2327 Iesus
1577 2268 1846 2336 Christus,

259 2372 352 2442 qui
380 2386 488 2427 non
520 2369 698 2426 solum
723 2367 1066 2424 sacerdotum
1089 2373 1173 2421 est
1191 2361 1436 2434 pontifex
1454 2400 1469 2426 ,
1495 2359 1589 2419 sed
1620 2368 1675 2415 et
1708 2376 1814 2430 pon
1826 2390 1861 2415 —.

261 2462 464 2519 tiﬁcum
484 2458 762 2534 pontifex,
791 2472 895 2513 nec
933 2455 1278 2512 sacerdotum
1317 2453 1574 2525 princeps
1614 2458 1850 2506 tantum-

256 2555 441 2621 modo,
472 2554 572 2610 sed
596 2560 654 2609 et
679 2552 933 2623 princeps
959 2549 1262 2621 principum
1308 2547 1651 2606 sacerdotum
1704 2545 1849 2601 sicut

253 2655 310 2699 et
342 2644 461 2699 Rex
500 2650 781 2714 regum,ct
822 2641 1072 2697 dominus
1097 2636 1578 2708 Dominorum,qui
1602 2636 1857 2695 velamen

257 2735 426 2806 (quod
449 2732 741 2804 Apostolus
759 2732 1149 2801 interpretatus
1170 2738 1255 2785 est
1277 2726 1490 2785 coelum‘
1530 2735 1846 2798 penetrans,

219 2857 231 2865 -
254 2824 475 2881 assistit
497 2838 644 2878 nunc
671 2822 833 2878 vultui
861 2822 957 2878 Dei
996 2835 1098 2890 pro
1124 2820 1302 2887 nobis,
1328 2833 1546 2888 semper
1565 2818 1755 2875 vivens
1779 2819 1863 2875 ad

253 2915 735 2987 interpellandum
826 2933 839 2944 ο
1310 2967 1315 2972 .

326 3006 663 3062 Futurarum
684 3006 962 3062 bonorum.
985 3005 1114 3062 Sive
1137 3020 1329 3060 eorum
1356 3004 1697 3061 diversorum
1717 3004 1848 3065 cha—

254 3099 565 3164 rismatum,
592 3098 689 3168 qui
732 3097 790 3152 in
829 3097 1009 3168 primo
1062 3097 1296 3151 adventu
1343 3094 1714 3159 credentibus,
1742 3109 1844 3156 uer

1953 1912 2159 1967 tionem
2190 1913 2428 1970 futuram
2474 1920 2653 1974 carnis
2667 1928 2722 1975 et
2738 1922 3042 1991 sanguinis,
3061 1940 3158 1994 per
3178 1941 3342 1996 quam
3369 1944 3532 1984 unam

1950 2002 2225 2059 victimam
2270 2005 2427 2061 ﬁeret
2453 2009 2701 2064 remissio
2743 2020 3111 2081 peccatorum,
3155 2015 3223 2071 de
3268 2032 3436 2072 carne
3478 2025 3536 2073 et

1951 2093 2212 2164 sanguine
2232 2102 2661 2165 contractorum,
2690 2115 2811 2171 qua:
2831 2117 3054 2173 regnum
3075 2104 3170 2159 Dei
3207 2122 3315 2162 non
3355 2108 3535 2178 possi-

1949 2184 2174 2252 debunt,
2201 2203 2321 2258 quae
2364 2191 2556 2246 eadem
2592 2192 2897 2247 substantia
2937 2196 3236 2266 corporalis
3282 2198 3337 2253 in
3377 2199 3528 2255 caele

1950 2285 2085 2333 stem
2115 2279 2537 2337 commutabitur
2563 2281 2897 2351 qualitatem.
2926 2284 3046 2356 ipse
3082 2286 3227 2345 enim
3258 2288 3314 2342 in
3343 2288 3535 2354 vitulo,

1947 2377 2173 2440 propter
2206 2369 2462 2426 virtutem
2516 2374 2699 2429 crucis
2747 2373 3099 2432 offerebatur.
3136 2378 3256 2447 ipse
3294 2380 3348 2434 in
3399 2396 3538 2453 agno

1945 2468 2169 2530 propter
2195 2460 2580 2519 innocentiam.
2609 2463 2668 2519 ln
2688 2465 2882 2533 ariete,
2911 2476 3135 2538 propter
3152 2470 3535 2541 principatum,

1947 2550 2003 2605 in
2026 2551 2179 2607 hirco
2202 2563 2423 2624 propter
2449 2553 2858 2612 similitudinem
2896 2558 3081 2615 carnis
3109 2562 3338 2632 peccati,
3373 2572 3432 2617 ut
3466 2565 3534 2619 de

1945 2650 2172 2711 peccato
2196 2644 2481 2699 damnaret
2506 2657 2816 2716 peccatum.
2839 2647 2898 2707 In
2926 2655 3137 2707 turture
3162 2661 3218 2707 et
3257 2653 3531 2720 columba,

1946 2743 2168 2805 propter
2197 2736 2366 2792 Deum
2407 2746 2463 2791 et
2503 2739 2801 2808 hominem,
2842 2743 2968 2813 quia
3020 2745 3288 2802 mediator
3332 2746 3431 2801 Dei
3480 2758 3536 2802 et

1946 2823 2221 2890 hominis,
2277 2825 2334 2879 in
2381 2825 2611 2882 duarum
2668 2832 3095 2888 substantiarum
3147 2837 3530 2907 conjunctione

1945 2916 2351 2971 ostendebatur.
2396 2918 2567 2975 Porro
2623 2921 2681 2976 in
2726 2922 3048 2994 similaginis
3101 2926 3490 2997 c'onspersione
3516 2972 3531 2995 ,

1946 3007 2281 3063 credentium
2317 3024 2416 3080 per
2461 3026 2659 3081 aquam
2706 3012 3051 3082 baptismatis
3106 3015 3391 3072 collectam
3437 3018 3536 3074 Ec-

1944 3096 2321 3169 clesiam,qu'.e
2349 3115 2546 3171 corpus
2566 3100 2765 3157 Christi
2792 3104 3073 3176 perspicue
3103 3105 3530 3164 demonstrabat.

257 3189 525 3262 Spiritum
547 3199 796 3247 sanctum
815 3190 941 3245 data
962 3197 1089 3245 sunt
1109 3187 1437 3251 hominibus,
1463 3187 1579 3242 sive
1599 3187 1843 3242 omnium
1868 3166 1913 3230 (ἶ
1944 3187 2053 3245 Nos
2074 3198 2256 3248 autem
2286 3192 2567 3247 moraliter
2600 3208 2795 3247 munus
2828 3166 2938 3248 Ded
2959 3194 3188 3250 vitulum
3227 3194 3523 3262 offerimus,

254 3282 563 3339 futurorum
604 3282 894 3349 bonorum,
914 3282 985 3337 dc
1025 3280 1223 3351 quibus
1250 3278 1535 3335 Psalmista
1561 3278 1840 3333 conlidens

254 3374 433 3429 aiebat
459 3393 473 3429 :
511 3371 684 3429 Credo
710 3372 884 3427 videre
904 3371 1042 3426 bona
1064 3369 1280 3425 Domini
1302 3370 1358 3423 in
1378 3378 1522 3423 terra
1557 3368 1840 3424 viventium
1882 3414 1887 3419 .

253 3464 425 3534 (Psal.
459 3481 589 3521 xxvi
615 3468 655 3538 ).

326 3555 431 3611 Per
448 3552 690 3626 amplius
712 3565 760 3611 et
785 3555 1069 3627 perfectius
1092 3553 1507 3611 tabernaculum.
1538 3552 1641 3625 (Ex
1675 3551 1835 3610 Joan.

253 3646 471 3718 Chrys.)
502 3645 602 3703 Hic
629 3662 850 3703 carnem
872 3645 1079 3703 Christi
1099 3644 1335 3716 appellat
1350 3643 1641 3723 Apostolus
1662 3644 1839 3699 taber-

254 3740 528 3796 naculum.
553 3738 987 3797 Tabernacttlum
1020 3738 1168 3797 enim
1195 3751 1327 3791 caro
1351 3736 1549 3791 dicitur
1599 3733 1837 3800 Christi,

253 3839 460 3892 habens
484 3837 540 3891 in
561 3852 623 3892 se
652 3834 1011 3899 divinitatem,
1038 3834 1092 3888 in
1121 3832 1213 3888 illo
1238 3829 1499 3894 enim,ait
1523 3826 1834 3898 Apostolus,

251 3930 460 3984 habitat
487 3928 668 3984 omnis
695 3927 975 3998 plenitudo
1009 3923 1312 3981 divinitatis
1351 3919 1725 3991 corporaliter.
1770 3918 1839 3973 Et

253 4023 387 4077 bene
415 4023 650 4093 amplius
668 4031 726 4077 et
753 4019 1045 4092 perfectius
1067 4014 1473 4073 tabernaculum
1495 4012 1695 4069 Christi
1717 4026 1839 4066 car-

253 4132 377 4172 nem
404 4117 561 4179 dixit,
588 4115 856 4184 siquidem
891 4120 949 4168 et
983 4112 1127 4167 Deus
1148 4110 1396 4168 verbum.
1412 4116 1475 4163 .et
1491 4113 1686 4163 cuncta
1713 4102 1837 4174 Spi-

250 4208 390 4263 ritus
416 4208 669 4278 operatio
691 4205 903 4260 habitat
930 4204 986 4258 in
1021 4218 1107 4258 eo.

320 4297 451 4353 Non
472 4313 640 4352 mu
666 4297 887 4367 factum.
912 4293 1026 4350 lloe
1049 4300 1154 4358 est,
1184 4306 1292 4346 non
1314 4288 1457 4344 virili
1479 4286 1685 4342 semine
1704 4299 1837 4339 con-

249 4399 485 4456 cretum,
509 4389 609 4445 sed
638 4389 705 4444 de
733 4386 951 4457 Spiritu
969 4392 1158 4444 sancto
1183 4398 1253 4438 ex
1295 4381 1463 4435 Maria
1506 4377 1719 4448 virgine
1744 4391 1837 4430 ua-

250 4489 382 4535 tum.
428 4480 613 4550 lpsum
655 4478 801 4533 enim
822 4477 1076 4547 lapidem,
1104 4475 1160 4528 id
1179 4480 1284 4536 est,
1309 4469 1607 4531 Christum,
1637 4464 1833 4522 Daniel

248 4573 313 4627 de
334 4580 545 4635 monte,
570 4570 627 4625 id
663 4576 781 4634 est,
808 4568 878 4623 de
905 4581 1072 4637 regno
1097 4564 1406 4619 Judmorum
1438 4560 1558 4617 sine
1582 4558 1836 4614 manibus

248 4665 380 4719 vidit
406 4663 697 4734 precisum
729 4660 893 4735 (Dan.
920 4658 1006 4729 tt),
1041 4657 1166 4727 quia
1215 4655 1335 4711 sine
1380 4665 1546 4723 opere
1588 4649 1834 4719 nuptiali,

247 4756 337 4825 qui
365 4755 545 4826 gratia
569 4766 671 4808 sua
701 4751 1016 4807 universum
1048 4746 1308 4802 mundum
1334 4742 1596 4813 implevit.

316 4846 445 4901 Non
472 4845 637 4915 hujus
669 4842 976 4898 ereationis.
1020 4840 1135 4895 lloc
1179 4845 1285 4902 est,
1310 4851 1421 4890 non
1466 4834 1586 4888 sine
1632 4829 1838 4900 Spiritu

247 4952 364 4993 eam
388 4935 723 4998 construxit,
747 4947 926 5002 neque
954 4945 1023 4985 ex
1061 4930 1162 4985 hac
1187 4934 1442 4983 creatura
1472 4932 1576 4987 est,
1600 4923 1704 4977 hoc
1732 4927 1835 4983 est,

249 5043 356 5084 non
396 5034 489 5083 est
524 5040 594 5081 ex
629 5025 717 5081 his
757 5019 1048 5084 creaturis,
1079 5014 1176 5074 sed
1220 5013 1484 5086 spiritalis
1530 5027 1601 5067 ex
1633 5009 1840 5081 Spiritu

250 5127 463 5176 sancto.

322 5208 512 5281 Neque
533 5223 631 5279 per
663 5219 974 5276 sanguinem
1009 5201 1277 5256 hircorum
1302 5208 1393 5252 aut
1423 5193 1728 5259 vitulorum,
1746 5207 1837 5246 sea

249 5302 460 5374 proprio
479 5300 740 5371 sanguine
763 5296 995 5353 introivit
1020 5291 1179 5349 semel
1197 5293 1255 5346 in
1275 5299 1461 5345 sancta
1482 5298 1705 5353 (eterna,
1728 5292 1837 5342 etc.

248 5395 441 5453 (lunia
496 5391 830 5465 permutavit
886 5387 1153 5452 Christus,
1203 5383 1297 5455 qui
1340 5398 1450 5438 non
1501 5380 1711 5447 alieno,
1742 5378 1839 5437 sed

188 5537 201 5546 .
251 5487 468 5559 proprio
494 5483 759 5556 sanguine
779 5479 948 5537 semel
975 5476 1220 5534 introivit
1257 5475 1314 5530 in
1357 5479 1545 5531 sancta
1563 5511 1578 5536 ,
1605 5472 1707 5527 hoc
1733 5476 1843 5538 est,

252 5579 307 5633 in
328 5580 555 5643 eretum,
586 5585 639 5632 et
659 5590 761 5646 per
784 5587 953 5629 unum
978 5572 1595 5643 ingressum,-a:ternam
1623 5562 1837 5619 redem-

249 5670 491 5741 ptionem
515 5667 749 5724 invenit.

320 5763 380 5826 Si
389 5767 533 5827 enim
544 5762 761 5836 sanguis
772 5761 1035 5817 hircorum
1048 5767 1140 5813 aut
1163 5766 1435 5813 taurorum
1457 5761 1504 5809 ct
1522 5752 1652 5809 emis
1666 5748 1842 5808 vitula:

1941 3291 2063 3331 cum
2088 3277 2268 3333 carnis
2293 3278 2601 3348 superbiam
2623 3278 2892 3336 vincimus
2925 3296 2940 3335 :
2981 3300 3179 3355 agnum
3223 3301 3346 3341 cum
3390 3287 3532 3343 irra-

1939 3367 2226 3424 tionabiles
2246 3376 2451 3436 motus,
2471 3378 2526 3424 et
2548 3370 2867 3440 insipientes
2893 3373 3254 3445 corrigimus:
3289 3377 3527 3443 haedum,

1940 3460 2067 3515 dum
2104 3460 2384 3515 laseiviam
2410 3476 2730 3531 superamus
2764 3482 2777 3517 :
2811 3464 3139 3532 columbam,
3169 3467 3297 3521 dum
3329 3469 3532 3540 simpli-

1939 3552 2159 3606 citatem
2185 3550 2516 3621 proferimus
2540 3554 2739 3608 mentis
2772 3572 2784 3607 :
2835 3562 3099 3608 turturem
3121 3597 3136 3622 ,
3173 3556 3302 3611 dum
3350 3561 3534 3614 carnis

1939 3658 2221 3701 servamus
2245 3644 2552 3700 castitatem
2580 3662 2592 3697 :
2618 3659 2787 3714 panes
2816 3659 3062 3716 azymos,
3101 3646 3149 3701 si
3187 3647 3243 3702 in
3280 3649 3369 3703 via
3412 3650 3529 3705 sin-

1937 3733 2182 3791 ceritatis
2204 3742 2260 3788 et
2278 3734 2529 3790 veritatis
2556 3735 2917 3791 ambulemus.

2010 3850 2113 3917 Qui
2139 3867 2232 3922 per
2259 3849 2515 3922 Spiritum
2553 3859 2794 3907 sanctum
2841 3853 3174 3924 semetipsum
3216 3854 3403 3909 obtulit
3433 3855 3533 3910 im-

1936 3941 2257 3997 maculatum
2289 3941 2419 3997 Deo.
2454 3942 2568 3998 Hoc
2589 3951 2672 3997 est
2693 3984 2711 4009 ,
2734 3944 3062 4000 sacriﬁcium
3096 3945 3528 4001 immaculatum.

1936 4033 2067 4087 Erat
2097 4033 2356 4088 mundum
2381 4048 2411 4086 a
2430 4033 2810 4102 peccatis,hoc
2835 4034 2981 4088 enim
3007 4041 3110 4100 est,
3134 4049 3233 4104 per
3259 4034 3524 4105 Spiritum

1936 4132 2184 4179 sanctum
2215 4140 2322 4179 non
2348 4140 2448 4195 per
2486 4125 2688 4195 ignem,
2733 4140 2842 4179 non
2889 4140 2987 4198 per
3033 4126 3209 4180 aliena
3255 4126 3525 4195 quaedam.

2007 4233 2077 4289 Et
2126 4235 2395 4289 mandavit
2451 4236 2825 4289 conscienzinm
2879 4243 3115 4290 nostram
3169 4238 3233 4288 ab
3287 4235 3531 4306 operibus

1932 4332 2174 4395 mortuis,
2199 4331 2269 4384 ad
2295 4327 2620 4384 serviendum
2668 4328 2774 4382 Deo
2815 4329 3020 4383 viventi.
3068 4327 3169 4383 Hic
3193 4327 3525 4397 manifestat,

1933 4424 2063 4495 quia
2105 4438 2267 4494 opera
2315 4429 2526 4477 mortua
2579 4420 2881 4486 habentes,
2919 4421 2971 4475 id
3003 4431 3089 4477 cst
3147 4433 3535 4492 peccata,nont

1859 4505 1913 4567 D
1937 4527 2165 4587 possunt
2187 4514 2393 4569 servire
2422 4528 2553 4568 vero
2582 4520 2639 4567 et
2682 4512 2806 4566 vivo
2853 4513 2983 4568 Deo.
3039 4512 3192 4569 Sicut
3239 4513 3386 4567 enim
3435 4514 3529 4584 qui

1937 4617 2213 4663 mortuum
2238 4604 2495 4676 tangebat
2521 4603 2890 4675 polluebatur,
2914 4603 2994 4658 sic
3019 4612 3074 4658 et
3114 4604 3204 4674 qui
3243 4612 3536 4675 peccatum

1938 4708 2197 4768 operatur
2239 4697 2414 4764 magis
2451 4695 2728 4766 polluitur.
2763 4695 3032 4750 Mortuum
3075 4697 3271 4767 quippe
3303 4704 3529 4767 tangere

1940 4801 2046 4857 est,
2083 4807 2138 4845 tn
2182 4789 2424 4861 peccatis
2470 4795 2741 4842 mortuum
2784 4788 3093 4857 quempiam
3123 4786 3205 4842 vel
3244 4787 3398 4858 sequi
3444 4788 3527 4842 vel

1939 4884 2164 4939 imitari.

2011 5000 2081 5055 Et
2114 4998 2230 5054 ideo
2256 4997 2396 5053 Novi
2420 4994 2739 5050 Testamenti
2775 4994 3034 5051 mediator
3059 5001 3157 5059 est,
3177 5001 3232 5047 ut
3260 5002 3425 5047 morte
3451 4994 3528 5044 in-

1941 5102 2252 5155 terceaente,
2279 5107 2333 5143 in
2379 5087 2730 5157 redemptione
2779 5102 2961 5140 earum
3009 5084 3525 5156 prcrvaricationum,

1939 5197 2055 5254 qua:
2078 5189 2225 5234 erant
2244 5178 2337 5233 sub
2354 5176 2526 5243 priore
2543 5174 2893 5239 Testamento,
2917 5173 3365 5245 repromissionem
3388 5172 3533 5225 acci-

1942 5270 2209 5344 piant,qui
2237 5269 2404 5324 vocati
2431 5276 2799 5330 sunt,a’tcrn(v
2825 5265 3166 5320 lueredilatis.
3200 5263 3303 5318 llic
3330 5262 3531 5317 media-

1944 5373 2032 5419 tor
2059 5361 2200 5416 ﬁlius
2228 5359 2405 5415 factus
2446 5367 2531 5413 est
2547 5358 2727 5419 Patris
2754 5364 2807 5412 ct
2846 5366 3035 5413 uoster
3064 5375 3078 5412 :
3121 5371 3398 5412 sermones
3427 5354 3525 5407 de-

1942 5457 2085 5522 tulit,
2107 5462 2161 5510 et
2182 5451 2361 5508 attulit
2385 5450 2542 5506 nobis
2565 5466 2593 5504 a
2610 5450 2771 5505 Patre
2788 5463 2882 5518 per
2900 5455 3296 5507 transvectores
3326 5460 3340 5498 :
3378 5458 3529 5497 mor-

1944 5558 2068 5606 tuus
2097 5552 2181 5602 est
2202 5558 2303 5615 pro
2335 5540 2512 5605 nobis,
2544 5546 2601 5594 et
2642 5537 2770 5593 fecit
2807 5552 2907 5592 nos
2962 5534 3152 5606 dignos
3195 5529 3532 5594 testamenti.

1943 5644 2048 5699 hoc
2076 5637 2235 5695 modo
2263 5633 2477 5689 ﬁi‘tnnm
2506 5629 2704 5687 factum
2732 5638 2814 5686 cst
2843 5633 3239 5683 testamentum.
