  <div class='ocr_page' id='page_1' title='image "/cluster/home/n/w/nwhite01/storage/ocr_20150623/102/hvd.32044052820032/089.png"; bbox 0 0 3994 6206; ppageno 0'>
   <div class='ocr_carea' id='block_1_1' title="bbox 448 363 547 418">
    <p class='ocr_par' dir='ltr' id='par_1_1' title="bbox 448 363 547 418">
     <span class='ocr_line' id='line_1_1' title="bbox 448 363 547 418; baseline -0.01 0"><span class='ocrx_word' id='word_1_1' title='bbox 448 363 547 418; x_wconf 75' lang='grc'><strong>167</strong></span> 
     </span>
    </p>
   </div>
   <div class='ocr_carea' id='block_1_2' title="bbox 750 483 1722 537">
    <p class='ocr_par' dir='ltr' id='par_1_2' title="bbox 750 483 1722 537">
     <span class='ocr_line' id='line_1_2' title="bbox 750 483 1722 537; baseline -0.014 -1"><span class='ocrx_word' id='word_1_2' title='bbox 750 488 1084 537; x_wconf 64' lang='lat' dir='ltr'><strong>EVANGELIU!</strong></span> <span class='ocrx_word' id='word_1_3' title='bbox 1121 484 1355 536; x_wconf 60' lang='lat' dir='ltr'><strong>JOANNIS,‘</strong></span> <span class='ocrx_word' id='word_1_4' title='bbox 1394 484 1564 524; x_wconf 63' lang='lat' dir='ltr'><strong>CAPUT</strong></span> <span class='ocrx_word' id='word_1_5' title='bbox 1603 483 1722 522; x_wconf 78' lang='lat' dir='ltr'><strong>VIII.</strong></span> 
     </span>
    </p>
   </div>
   <div class='ocr_carea' id='block_1_3' title="bbox 528 578 2027 652">
    <p class='ocr_par' dir='ltr' id='par_1_3' title="bbox 528 578 2027 652">
     <span class='ocr_line' id='line_1_3' title="bbox 528 578 2027 652; baseline -0.013 -2"><span class='ocrx_word' id='word_1_6' title='bbox 528 613 549 648; x_wconf 77' lang='grc' dir='ltr'>ι</span> <span class='ocrx_word' id='word_1_7' title='bbox 587 593 811 649; x_wconf 77' lang='lat' dir='ltr'><strong>Dicebat</strong></span> <span class='ocrx_word' id='word_1_8' title='bbox 855 588 1011 643; x_wconf 78' lang='lat' dir='ltr'><strong>Iesus</strong></span> <span class='ocrx_word' id='word_1_9' title='bbox 1058 584 1232 640; x_wconf 91' lang='lat' dir='ltr'><strong>turbis</strong></span> <span class='ocrx_word' id='word_1_10' title='bbox 1266 580 1574 637; x_wconf 69' lang='lat' dir='ltr'><strong>Judteorum</strong></span> <span class='ocrx_word' id='word_1_11' title='bbox 1608 589 1664 634; x_wconf 92' lang='lat' dir='ltr'><strong>et</strong></span> <span class='ocrx_word' id='word_1_12' title='bbox 1694 578 2027 652; x_wconf 79' lang='lat' dir='ltr'><strong>principibus</strong></span> 
     </span>
    </p>
   </div>
   <div class='ocr_carea' id='block_1_4' title="bbox 454 671 2028 747">
    <p class='ocr_par' dir='ltr' id='par_1_4' title="bbox 454 671 2028 747">
     <span class='ocr_line' id='line_1_4' title="bbox 454 671 2028 747; baseline -0.009 -9"><span class='ocrx_word' id='word_1_13' title='bbox 454 706 473 738; x_wconf 75' lang='lat' dir='ltr'><strong>s</strong></span> <span class='ocrx_word' id='word_1_14' title='bbox 520 685 860 741; x_wconf 89' lang='lat' dir='ltr'><strong>sacerdotum</strong></span> <span class='ocrx_word' id='word_1_15' title='bbox 889 698 902 734; x_wconf 88' lang='lat'>:</span> <span class='ocrx_word' id='word_1_16' title='bbox 929 678 1061 746; x_wconf 88' lang='lat' dir='ltr'><strong>Quis</strong></span> <span class='ocrx_word' id='word_1_17' title='bbox 1084 693 1151 732; x_wconf 83' lang='lat' dir='ltr'><strong>ex</strong></span> <span class='ocrx_word' id='word_1_18' title='bbox 1173 676 1324 732; x_wconf 85' lang='lat' dir='ltr'><strong>vobis</strong></span> <span class='ocrx_word' id='word_1_19' title='bbox 1344 683 1536 747; x_wconf 82' lang='lat' dir='ltr'><strong>arguet</strong></span> <span class='ocrx_word' id='word_1_20' title='bbox 1562 690 1648 730; x_wconf 93' lang='lat' dir='ltr'><strong>me</strong></span> <span class='ocrx_word' id='word_1_21' title='bbox 1679 674 1744 730; x_wconf 88' lang='lat' dir='ltr'><strong>de</strong></span> <span class='ocrx_word' id='word_1_22' title='bbox 1772 671 2028 743; x_wconf 87' lang='lat' dir='ltr'><strong>peccato?</strong></span> 
     </span>
    </p>
   </div>
   <div class='ocr_carea' id='block_1_5' title="bbox 454 763 2028 838">
    <p class='ocr_par' dir='ltr' id='par_1_5' title="bbox 454 763 2028 838">
     <span class='ocr_line' id='line_1_5' title="bbox 454 763 2028 838; baseline -0.007 -10"><span class='ocrx_word' id='word_1_23' title='bbox 454 796 472 828; x_wconf 79' lang='grc' dir='ltr'><strong><em>ι</em></strong></span> <span class='ocrx_word' id='word_1_24' title='bbox 519 775 574 831; x_wconf 90' lang='lat' dir='ltr'><strong>Si</strong></span> <span class='ocrx_word' id='word_1_25' title='bbox 630 774 915 829; x_wconf 73' lang='lat' dir='ltr'><strong>veritatem</strong></span> <span class='ocrx_word' id='word_1_26' title='bbox 964 771 1107 835; x_wconf 87' lang='lat' dir='ltr'><strong>dico,</strong></span> <span class='ocrx_word' id='word_1_27' title='bbox 1135 784 1306 838; x_wconf 89' lang='lat' dir='ltr'><strong>quare</strong></span> <span class='ocrx_word' id='word_1_28' title='bbox 1339 780 1435 824; x_wconf 89' lang='lat' dir='ltr'><strong>vos</strong></span> <span class='ocrx_word' id='word_1_29' title='bbox 1460 784 1568 823; x_wconf 90' lang='lat' dir='ltr'><strong>non</strong></span> <span class='ocrx_word' id='word_1_30' title='bbox 1599 765 1820 823; x_wconf 92' lang='lat' dir='ltr'><strong>creditis</strong></span> <span class='ocrx_word' id='word_1_31' title='bbox 1861 763 2028 819; x_wconf 83' lang='lat' dir='ltr'><strong>mihi?</strong></span> 
     </span>
    </p>
   </div>
   <div class='ocr_carea' id='block_1_6' title="bbox 454 858 2027 933">
    <p class='ocr_par' dir='ltr' id='par_1_6' title="bbox 454 858 2027 933">
     <span class='ocr_line' id='line_1_6' title="bbox 454 858 2027 933; baseline -0.006 -17"><span class='ocrx_word' id='word_1_32' title='bbox 454 885 471 916; x_wconf 75' lang='grc' dir='ltr'>ι</span> <span class='ocrx_word' id='word_1_33' title='bbox 517 863 618 933; x_wconf 92' lang='lat' dir='ltr'><strong>Qui</strong></span> <span class='ocrx_word' id='word_1_34' title='bbox 646 873 727 919; x_wconf 89' lang='lat' dir='ltr'><strong>est</strong></span> <span class='ocrx_word' id='word_1_35' title='bbox 746 880 814 919; x_wconf 80' lang='lat' dir='ltr'><strong>ex</strong></span> <span class='ocrx_word' id='word_1_36' title='bbox 835 862 966 926; x_wconf 90' lang='lat' dir='ltr'><strong>Deo,</strong></span> <span class='ocrx_word' id='word_1_37' title='bbox 991 861 1155 915; x_wconf 89' lang='lat' dir='ltr'><strong>verba</strong></span> <span class='ocrx_word' id='word_1_38' title='bbox 1176 858 1271 914; x_wconf 87' lang='lat' dir='ltr'><strong>Dei</strong></span> <span class='ocrx_word' id='word_1_39' title='bbox 1295 859 1467 923; x_wconf 81' lang='lat' dir='ltr'><strong>audit,</strong></span> <span class='ocrx_word' id='word_1_40' title='bbox 1486 865 1769 928; x_wconf 90' lang='lat' dir='ltr'><strong>propterea</strong></span> <span class='ocrx_word' id='word_1_41' title='bbox 1796 870 1896 910; x_wconf 89' lang='lat' dir='ltr'><strong>vos</strong></span> <span class='ocrx_word' id='word_1_42' title='bbox 1918 870 2027 909; x_wconf 92' lang='lat' dir='ltr'><strong>non</strong></span> 
     </span>
    </p>
   </div>
   <div class='ocr_carea' id='block_1_7' title="bbox 453 945 2028 1022">
    <p class='ocr_par' dir='ltr' id='par_1_7' title="bbox 453 945 2028 1022">
     <span class='ocr_line' id='line_1_7' title="bbox 453 945 2028 1022; baseline -0.006 -15"><span class='ocrx_word' id='word_1_43' title='bbox 453 975 471 1007; x_wconf 74' lang='grc' dir='ltr'>ι</span> <span class='ocrx_word' id='word_1_44' title='bbox 518 953 736 1015; x_wconf 90' lang='lat' dir='ltr'><strong>auditis,</strong></span> <span class='ocrx_word' id='word_1_45' title='bbox 765 951 891 1022; x_wconf 85' lang='lat' dir='ltr'><strong>quia</strong></span> <span class='ocrx_word' id='word_1_46' title='bbox 921 966 988 1005; x_wconf 81' lang='lat' dir='ltr'><strong>ex</strong></span> <span class='ocrx_word' id='word_1_47' title='bbox 1009 950 1121 1003; x_wconf 91' lang='lat' dir='ltr'><strong>Deo</strong></span> <span class='ocrx_word' id='word_1_48' title='bbox 1152 964 1261 1004; x_wconf 89' lang='lat' dir='ltr'><strong>non</strong></span> <span class='ocrx_word' id='word_1_49' title='bbox 1282 947 1434 1003; x_wconf 91' lang='lat' dir='ltr'><strong>estis.</strong></span> <span class='ocrx_word' id='word_1_50' title='bbox 1464 945 1876 1018; x_wconf 78' lang='lat' dir='ltr'><strong>Responderunt</strong></span> <span class='ocrx_word' id='word_1_51' title='bbox 1900 959 2028 1013; x_wconf 81' lang='lat' dir='ltr'><strong>ergo</strong></span> 
     </span>
    </p>
   </div>
   <div class='ocr_carea' id='block_1_8' title="bbox 453 1032 2024 1098">
    <p class='ocr_par' dir='ltr' id='par_1_8' title="bbox 453 1032 2024 1098">
     <span class='ocr_line' id='line_1_8' title="bbox 453 1032 2024 1098; baseline -0.006 -3"><span class='ocrx_word' id='word_1_52' title='bbox 453 1063 470 1095; x_wconf 75' lang='grc' dir='ltr'>ι</span> <span class='ocrx_word' id='word_1_53' title='bbox 517 1042 683 1098; x_wconf 61' lang='lat' dir='ltr'><strong>Judaei</strong></span> <span class='ocrx_word' id='word_1_54' title='bbox 712 1049 768 1096; x_wconf 88' lang='lat' dir='ltr'><strong>et</strong></span> <span class='ocrx_word' id='word_1_55' title='bbox 813 1041 1066 1095; x_wconf 83' lang='lat' dir='ltr'><strong>dixerunt</strong></span> <span class='ocrx_word' id='word_1_56' title='bbox 1092 1038 1143 1092; x_wconf 92' lang='lat' dir='ltr'><strong>ei</strong></span> <span class='ocrx_word' id='word_1_57' title='bbox 1176 1055 1188 1090; x_wconf 90' lang='lat'><strong>:</strong></span> <span class='ocrx_word' id='word_1_58' title='bbox 1222 1035 1580 1094; x_wconf 84' lang='lat' dir='ltr'><strong>Nonne.bene</strong></span> <span class='ocrx_word' id='word_1_59' title='bbox 1620 1032 1848 1088; x_wconf 89' lang='lat' dir='ltr'><strong>dicimus</strong></span> <span class='ocrx_word' id='word_1_60' title='bbox 1897 1047 2024 1096; x_wconf 92' lang='lat' dir='ltr'><strong>nos,</strong></span> 
     </span>
    </p>
   </div>
   <div class='ocr_carea' id='block_1_9' title="bbox 452 1121 2029 1203">
    <p class='ocr_par' dir='ltr' id='par_1_9' title="bbox 452 1121 2029 1203">
     <span class='ocr_line' id='line_1_9' title="bbox 452 1121 2029 1203; baseline -0.006 -19"><span class='ocrx_word' id='word_1_61' title='bbox 452 1154 470 1184; x_wconf 76' lang='grc' dir='ltr'>ι</span> <span class='ocrx_word' id='word_1_62' title='bbox 518 1133 643 1203; x_wconf 87' lang='lat' dir='ltr'><strong>quia</strong></span> <span class='ocrx_word' id='word_1_63' title='bbox 666 1130 1047 1185; x_wconf 83' lang='lat' dir='ltr'><strong>Samaritanus</strong></span> <span class='ocrx_word' id='word_1_64' title='bbox 1070 1143 1129 1182; x_wconf 90' lang='lat' dir='ltr'><strong>es</strong></span> <span class='ocrx_word' id='word_1_65' title='bbox 1153 1135 1232 1192; x_wconf 90' lang='lat' dir='ltr'><strong>tu,</strong></span> <span class='ocrx_word' id='word_1_66' title='bbox 1259 1133 1314 1181; x_wconf 91' lang='lat' dir='ltr'><strong>et</strong></span> <span class='ocrx_word' id='word_1_67' title='bbox 1342 1123 1669 1180; x_wconf 68' lang='lat' dir='ltr'><strong>daemonium</strong></span> <span class='ocrx_word' id='word_1_68' title='bbox 1699 1123 1902 1178; x_wconf 86' lang='lat' dir='ltr'><strong>habes?</strong></span> <span class='ocrx_word' id='word_1_69' title='bbox 1925 1121 2029 1175; x_wconf 80' lang='lat' dir='ltr'><strong>Re-</strong></span> 
     </span>
    </p>
   </div>
   <div class='ocr_carea' id='block_1_10' title="bbox 451 1212 2028 1294">
    <p class='ocr_par' dir='ltr' id='par_1_10' title="bbox 451 1212 2028 1294">
     <span class='ocr_line' id='line_1_10' title="bbox 451 1212 2028 1294; baseline -0.008 -17"><span class='ocrx_word' id='word_1_70' title='bbox 451 1244 471 1277; x_wconf 77' lang='lat' dir='ltr'><strong>s</strong></span> <span class='ocrx_word' id='word_1_71' title='bbox 520 1222 737 1294; x_wconf 88' lang='lat' dir='ltr'><strong>spondit</strong></span> <span class='ocrx_word' id='word_1_72' title='bbox 768 1220 923 1276; x_wconf 84' lang='lat' dir='ltr'><strong>Jesus</strong></span> <span class='ocrx_word' id='word_1_73' title='bbox 956 1233 970 1272; x_wconf 90' lang='lat'><strong>:</strong></span> <span class='ocrx_word' id='word_1_74' title='bbox 1008 1218 1120 1289; x_wconf 83' lang='lat' dir='ltr'><strong>Ego</strong></span> <span class='ocrx_word' id='word_1_75' title='bbox 1166 1215 1491 1272; x_wconf 80' lang='lat' dir='ltr'><strong>daemonium</strong></span> <span class='ocrx_word' id='word_1_76' title='bbox 1541 1230 1650 1269; x_wconf 91' lang='lat' dir='ltr'><strong>non</strong></span> <span class='ocrx_word' id='word_1_77' title='bbox 1701 1214 1902 1275; x_wconf 87' lang='lat' dir='ltr'><strong>habeo,</strong></span> <span class='ocrx_word' id='word_1_78' title='bbox 1933 1212 2028 1266; x_wconf 91' lang='lat' dir='ltr'><strong>sed</strong></span> 
     </span>
    </p>
   </div>
   <div class='ocr_carea' id='block_1_11' title="bbox 452 1307 2024 1384">
    <p class='ocr_par' dir='ltr' id='par_1_11' title="bbox 452 1307 2024 1384">
     <span class='ocr_line' id='line_1_11' title="bbox 452 1307 2024 1384; baseline -0.006 -14"><span class='ocrx_word' id='word_1_79' title='bbox 452 1338 469 1370; x_wconf 72' lang='grc' dir='ltr'>ι</span> <span class='ocrx_word' id='word_1_80' title='bbox 515 1314 814 1375; x_wconf 83' lang='lat' dir='ltr'><strong>honoriﬁco</strong></span> <span class='ocrx_word' id='word_1_81' title='bbox 836 1322 1045 1384; x_wconf 85' lang='lat' dir='ltr'><strong>patrem</strong></span> <span class='ocrx_word' id='word_1_82' title='bbox 1077 1326 1278 1377; x_wconf 89' lang='lat' dir='ltr'><strong>meum,</strong></span> <span class='ocrx_word' id='word_1_83' title='bbox 1310 1318 1364 1364; x_wconf 90' lang='lat' dir='ltr'><strong>et</strong></span> <span class='ocrx_word' id='word_1_84' title='bbox 1403 1324 1502 1364; x_wconf 84' lang='lat' dir='ltr'><strong>vos</strong></span> <span class='ocrx_word' id='word_1_85' title='bbox 1526 1307 1895 1363; x_wconf 89' lang='lat' dir='ltr'><strong>inhonorastis</strong></span> <span class='ocrx_word' id='word_1_86' title='bbox 1919 1321 2024 1372; x_wconf 91' lang='lat' dir='ltr'><strong>me,</strong></span> 
     </span>
    </p>
   </div>
   <div class='ocr_carea' id='block_1_12' title="bbox 451 1398 2030 1480">
    <p class='ocr_par' dir='ltr' id='par_1_12' title="bbox 451 1398 2030 1480">
     <span class='ocr_line' id='line_1_12' title="bbox 451 1398 2030 1480; baseline -0.008 -17"><span class='ocrx_word' id='word_1_87' title='bbox 451 1429 470 1462; x_wconf 85' lang='grc'><strong>‹</strong></span> <span class='ocrx_word' id='word_1_88' title='bbox 516 1425 616 1480; x_wconf 85' lang='lat' dir='ltr'><strong>ego</strong></span> <span class='ocrx_word' id='word_1_89' title='bbox 639 1417 817 1463; x_wconf 90' lang='lat' dir='ltr'><strong>autem</strong></span> <span class='ocrx_word' id='word_1_90' title='bbox 841 1405 1070 1476; x_wconf 84' lang='lat' dir='ltr'><strong>gloriam</strong></span> <span class='ocrx_word' id='word_1_91' title='bbox 1092 1417 1269 1458; x_wconf 84' lang='lat' dir='ltr'><strong>meam</strong></span> <span class='ocrx_word' id='word_1_92' title='bbox 1301 1416 1406 1456; x_wconf 91' lang='lat' dir='ltr'><strong>non</strong></span> <span class='ocrx_word' id='word_1_93' title='bbox 1437 1416 1640 1471; x_wconf 78' lang='lat' dir='ltr'><strong>quzcro,</strong></span> <span class='ocrx_word' id='word_1_94' title='bbox 1657 1408 1740 1453; x_wconf 89' lang='lat' dir='ltr'><strong>est</strong></span> <span class='ocrx_word' id='word_1_95' title='bbox 1766 1398 1856 1469; x_wconf 89' lang='lat' dir='ltr'><strong>qui</strong></span> <span class='ocrx_word' id='word_1_96' title='bbox 1882 1413 2030 1468; x_wconf 65' lang='lat' dir='ltr'><strong>quae,-</strong></span> 
     </span>
    </p>
   </div>
   <div class='ocr_carea' id='block_1_13' title="bbox 453 1489 2030 1568">
    <p class='ocr_par' dir='ltr' id='par_1_13' title="bbox 453 1489 2030 1568">
     <span class='ocr_line' id='line_1_13' title="bbox 453 1489 2030 1568; baseline -0.005 -18"><span class='ocrx_word' id='word_1_97' title='bbox 453 1519 471 1550; x_wconf 84' lang='grc'><em>‹</em></span> <span class='ocrx_word' id='word_1_98' title='bbox 517 1507 601 1553; x_wconf 89' lang='lat' dir='ltr'><strong>rat</strong></span> <span class='ocrx_word' id='word_1_99' title='bbox 623 1507 677 1553; x_wconf 93' lang='lat' dir='ltr'><strong>et</strong></span> <span class='ocrx_word' id='word_1_100' title='bbox 698 1497 921 1568; x_wconf 89' lang='lat' dir='ltr'><strong>judicet.</strong></span> <span class='ocrx_word' id='word_1_101' title='bbox 961 1491 1129 1549; x_wconf 81' lang='lat' dir='ltr'><strong>Amen</strong></span> <span class='ocrx_word' id='word_1_102' title='bbox 1167 1502 1323 1547; x_wconf 87' lang='lat' dir='ltr'><strong>amen</strong></span> <span class='ocrx_word' id='word_1_103' title='bbox 1358 1489 1479 1547; x_wconf 84' lang='lat' dir='ltr'><strong>dico</strong></span> <span class='ocrx_word' id='word_1_104' title='bbox 1506 1490 1678 1555; x_wconf 91' lang='lat' dir='ltr'><strong>vobis,</strong></span> <span class='ocrx_word' id='word_1_105' title='bbox 1705 1490 1750 1545; x_wconf 90' lang='lat' dir='ltr'><strong>si</strong></span> <span class='ocrx_word' id='word_1_106' title='bbox 1773 1489 1894 1559; x_wconf 90' lang='lat' dir='ltr'><strong>quis</strong></span> <span class='ocrx_word' id='word_1_107' title='bbox 1920 1504 2030 1544; x_wconf 86' lang='lat' dir='ltr'><strong>ser-</strong></span> 
     </span>
    </p>
   </div>
   <div class='ocr_carea' id='block_1_14' title="bbox 452 1579 2025 1648">
    <p class='ocr_par' dir='ltr' id='par_1_14' title="bbox 452 1579 2025 1648">
     <span class='ocr_line' id='line_1_14' title="bbox 452 1579 2025 1648; baseline -0.007 -4"><span class='ocrx_word' id='word_1_108' title='bbox 452 1609 471 1642; x_wconf 85' lang='grc'><strong><em>‹</em></strong></span> <span class='ocrx_word' id='word_1_109' title='bbox 519 1604 733 1643; x_wconf 91' lang='lat' dir='ltr'><strong>monem</strong></span> <span class='ocrx_word' id='word_1_110' title='bbox 767 1598 945 1642; x_wconf 89' lang='lat' dir='ltr'><strong>meum</strong></span> <span class='ocrx_word' id='word_1_111' title='bbox 974 1584 1294 1648; x_wconf 91' lang='lat' dir='ltr'><strong>servaverit,</strong></span> <span class='ocrx_word' id='word_1_112' title='bbox 1323 1591 1554 1637; x_wconf 89' lang='lat' dir='ltr'><strong>mortem</strong></span> <span class='ocrx_word' id='word_1_113' title='bbox 1590 1596 1696 1635; x_wconf 92' lang='lat' dir='ltr'><strong>non</strong></span> <span class='ocrx_word' id='word_1_114' title='bbox 1737 1579 1940 1635; x_wconf 78' lang='lat' dir='ltr'><strong>videbit</strong></span> <span class='ocrx_word' id='word_1_115' title='bbox 1971 1580 2025 1634; x_wconf 93' lang='lat' dir='ltr'><strong>in</strong></span> 
     </span>
    </p>
   </div>
   <div class='ocr_carea' id='block_1_15' title="bbox 452 1669 2023 1751">
    <p class='ocr_par' dir='ltr' id='par_1_15' title="bbox 452 1669 2023 1751">
     <span class='ocr_line' id='line_1_15' title="bbox 452 1669 2023 1751; baseline -0.004 -22"><span class='ocrx_word' id='word_1_116' title='bbox 452 1699 470 1729; x_wconf 76' lang='grc' dir='ltr'>ι</span> <span class='ocrx_word' id='word_1_117' title='bbox 515 1687 798 1733; x_wconf 76' lang='lat' dir='ltr'><strong>:eternum.</strong></span> <span class='ocrx_word' id='word_1_118' title='bbox 822 1675 1085 1730; x_wconf 84' lang='lat' dir='ltr'><strong>Dixerunt</strong></span> <span class='ocrx_word' id='word_1_119' title='bbox 1106 1688 1233 1751; x_wconf 85' lang='lat' dir='ltr'><strong>ergo</strong></span> <span class='ocrx_word' id='word_1_120' title='bbox 1254 1669 1422 1727; x_wconf 70' lang='lat' dir='ltr'><strong>Judazi</strong></span> <span class='ocrx_word' id='word_1_121' title='bbox 1451 1690 1464 1725; x_wconf 90' lang='lat'><strong>:</strong></span> <span class='ocrx_word' id='word_1_122' title='bbox 1491 1671 1643 1726; x_wconf 87' lang='lat' dir='ltr'><strong>Nune</strong></span> <span class='ocrx_word' id='word_1_123' title='bbox 1655 1669 2023 1741; x_wconf 86' lang='lat' dir='ltr'><strong>cognovimus,</strong></span> 
     </span>
    </p>
   </div>
   <div class='ocr_carea' id='block_1_16' title="bbox 453 1760 2028 1841">
    <p class='ocr_par' dir='ltr' id='par_1_16' title="bbox 453 1760 2028 1841">
     <span class='ocr_line' id='line_1_16' title="bbox 453 1760 2028 1841; baseline -0.004 -20"><span class='ocrx_word' id='word_1_124' title='bbox 453 1791 471 1821; x_wconf 74' lang='grc' dir='ltr'><strong><em>ι</em></strong></span> <span class='ocrx_word' id='word_1_125' title='bbox 514 1772 641 1841; x_wconf 83' lang='lat' dir='ltr'><strong>quia</strong></span> <span class='ocrx_word' id='word_1_126' title='bbox 671 1769 993 1824; x_wconf 75' lang='lat' dir='ltr'><strong>dzemonium</strong></span> <span class='ocrx_word' id='word_1_127' title='bbox 1020 1766 1208 1821; x_wconf 86' lang='lat' dir='ltr'><strong>babes.</strong></span> <span class='ocrx_word' id='word_1_128' title='bbox 1235 1763 1507 1820; x_wconf 78' lang='lat' dir='ltr'><strong>Abraham</strong></span> <span class='ocrx_word' id='word_1_129' title='bbox 1557 1771 1801 1819; x_wconf 89' lang='lat' dir='ltr'><strong>mortuus</strong></span> <span class='ocrx_word' id='word_1_130' title='bbox 1842 1769 1928 1816; x_wconf 91' lang='lat' dir='ltr'><strong>est</strong></span> <span class='ocrx_word' id='word_1_131' title='bbox 1971 1760 2028 1815; x_wconf 75' lang='lat' dir='ltr'><strong>et</strong></span> 
     </span>
    </p>
   </div>
   <div class='ocr_carea' id='block_1_17' title="bbox 454 1853 2024 1932">
    <p class='ocr_par' dir='ltr' id='par_1_17' title="bbox 454 1853 2024 1932">
     <span class='ocr_line' id='line_1_17' title="bbox 454 1853 2024 1932; baseline -0.005 -18"><span class='ocrx_word' id='word_1_132' title='bbox 454 1883 471 1914; x_wconf 73' lang='grc' dir='ltr'>α</span> <span class='ocrx_word' id='word_1_133' title='bbox 514 1862 812 1932; x_wconf 70' lang='lat' dir='ltr'><strong>prophetm,</strong></span> <span class='ocrx_word' id='word_1_134' title='bbox 839 1866 894 1912; x_wconf 91' lang='lat' dir='ltr'><strong>et</strong></span> <span class='ocrx_word' id='word_1_135' title='bbox 919 1866 975 1910; x_wconf 91' lang='lat' dir='ltr'><strong>tu</strong></span> <span class='ocrx_word' id='word_1_136' title='bbox 1004 1854 1139 1911; x_wconf 89' lang='lat' dir='ltr'><strong>dicis</strong></span> <span class='ocrx_word' id='word_1_137' title='bbox 1179 1873 1192 1908; x_wconf 90' lang='lat'>:</span> <span class='ocrx_word' id='word_1_138' title='bbox 1232 1854 1289 1909; x_wconf 91' lang='lat' dir='ltr'><strong>Si</strong></span> <span class='ocrx_word' id='word_1_139' title='bbox 1339 1853 1460 1925; x_wconf 89' lang='lat' dir='ltr'><strong>quis</strong></span> <span class='ocrx_word' id='word_1_140' title='bbox 1500 1868 1805 1909; x_wconf 86' lang='lat' dir='ltr'><strong>sermonem</strong></span> <span class='ocrx_word' id='word_1_141' title='bbox 1844 1867 2024 1906; x_wconf 90' lang='lat' dir='ltr'><strong>meum</strong></span> 
     </span>
    </p>
   </div>
   <div class='ocr_carea' id='block_1_18' title="bbox 451 1945 2020 2017">
    <p class='ocr_par' dir='ltr' id='par_1_18' title="bbox 451 1945 2020 2017">
     <span class='ocr_line' id='line_1_18' title="bbox 451 1945 2020 2017; baseline -0.006 -10"><span class='ocrx_word' id='word_1_142' title='bbox 451 1973 470 2006; x_wconf 75' lang='grc' dir='ltr'>ι</span> <span class='ocrx_word' id='word_1_143' title='bbox 517 1950 854 2015; x_wconf 82' lang='lat' dir='ltr'><strong>servaverit,</strong></span> <span class='ocrx_word' id='word_1_144' title='bbox 904 1964 1009 2002; x_wconf 92' lang='lat' dir='ltr'><strong>non</strong></span> <span class='ocrx_word' id='word_1_145' title='bbox 1067 1945 1308 2017; x_wconf 81' lang='lat' dir='ltr'><strong>gustabit</strong></span> <span class='ocrx_word' id='word_1_146' title='bbox 1358 1954 1588 2001; x_wconf 89' lang='lat' dir='ltr'><strong>mortem</strong></span> <span class='ocrx_word' id='word_1_147' title='bbox 1640 1945 1694 1999; x_wconf 93' lang='lat' dir='ltr'><strong>in</strong></span> <span class='ocrx_word' id='word_1_148' title='bbox 1740 1952 2020 1998; x_wconf 63' lang='lat' dir='ltr'><strong>aeternum.</strong></span> 
     </span>
    </p>
   </div>
   <div class='ocr_carea' id='block_1_19' title="bbox 450 2024 2025 2112">
    <p class='ocr_par' dir='ltr' id='par_1_19' title="bbox 450 2024 2025 2112">
     <span class='ocr_line' id='line_1_19' title="bbox 450 2024 2025 2112; baseline -0.007 -15"><span class='ocrx_word' id='word_1_149' title='bbox 450 2065 468 2097; x_wconf 83' lang='grc'><em>‹</em></span> <span class='ocrx_word' id='word_1_150' title='bbox 513 2028 764 2112; x_wconf 86' lang='lat' dir='ltr'><strong>Nunquid</strong></span> <span class='ocrx_word' id='word_1_151' title='bbox 795 2050 849 2095; x_wconf 90' lang='lat' dir='ltr'><strong>tu</strong></span> <span class='ocrx_word' id='word_1_152' title='bbox 879 2038 1051 2108; x_wconf 87' lang='lat' dir='ltr'><strong>major</strong></span> <span class='ocrx_word' id='word_1_153' title='bbox 1073 2052 1132 2093; x_wconf 91' lang='lat' dir='ltr'><strong>es</strong></span> <span class='ocrx_word' id='word_1_154' title='bbox 1169 2045 1323 2107; x_wconf 88' lang='lat' dir='ltr'><strong>patre</strong></span> <span class='ocrx_word' id='word_1_155' title='bbox 1360 2044 1546 2091; x_wconf 85' lang='lat' dir='ltr'><strong>nostro</strong></span> <span class='ocrx_word' id='word_1_156' title='bbox 1595 2024 1866 2089; x_wconf 80' lang='lat' dir='ltr'><strong>Abraham</strong></span> <span class='ocrx_word' id='word_1_157' title='bbox 1887 2073 1900 2099; x_wconf 95' lang='lat'><strong>,</strong></span> <span class='ocrx_word' id='word_1_158' title='bbox 1931 2032 2025 2103; x_wconf 86' lang='lat' dir='ltr'><strong>qui</strong></span> 
     </span>
    </p>
   </div>
   <div class='ocr_carea' id='block_1_20' title="bbox 451 2113 2028 2199">
    <p class='ocr_par' dir='ltr' id='par_1_20' title="bbox 451 2113 2028 2199">
     <span class='ocr_line' id='line_1_20' title="bbox 451 2113 2028 2199; baseline -0.006 -12"><span class='ocrx_word' id='word_1_159' title='bbox 451 2156 469 2187; x_wconf 74' lang='grc' dir='ltr'>ι</span> <span class='ocrx_word' id='word_1_160' title='bbox 512 2142 758 2189; x_wconf 87' lang='lat' dir='ltr'><strong>mortuus</strong></span> <span class='ocrx_word' id='word_1_161' title='bbox 788 2130 903 2186; x_wconf 87' lang='lat' dir='ltr'><strong>est?</strong></span> <span class='ocrx_word' id='word_1_162' title='bbox 929 2136 985 2185; x_wconf 92' lang='lat' dir='ltr'><strong>et</strong></span> <span class='ocrx_word' id='word_1_163' title='bbox 1023 2128 1300 2199; x_wconf 78' lang='lat' dir='ltr'><strong>prophetre</strong></span> <span class='ocrx_word' id='word_1_164' title='bbox 1323 2125 1539 2182; x_wconf 87' lang='lat' dir='ltr'><strong>mortui&#39;</strong></span> <span class='ocrx_word' id='word_1_165' title='bbox 1566 2133 1715 2190; x_wconf 89' lang='lat' dir='ltr'><strong>sunt,</strong></span> <span class='ocrx_word' id='word_1_166' title='bbox 1732 2113 1902 2183; x_wconf 82' lang='lat' dir='ltr'><strong>Quem</strong></span> <span class='ocrx_word' id='word_1_167' title='bbox 1950 2131 2028 2179; x_wconf 86' lang='lat' dir='ltr'><strong>te-</strong></span> 
     </span>
    </p>
   </div>
   <div class='ocr_carea' id='block_1_21' title="bbox 453 2213 2025 2295">
    <p class='ocr_par' dir='ltr' id='par_1_21' title="bbox 453 2213 2025 2295">
     <span class='ocr_line' id='line_1_21' title="bbox 453 2213 2025 2295; baseline -0.004 -19"><span class='ocrx_word' id='word_1_168' title='bbox 453 2245 471 2276; x_wconf 71' lang='grc'><strong>(</strong></span> <span class='ocrx_word' id='word_1_169' title='bbox 519 2226 692 2295; x_wconf 89' lang='lat' dir='ltr'><strong>ipsum</strong></span> <span class='ocrx_word' id='word_1_170' title='bbox 733 2221 898 2276; x_wconf 82' lang='lat' dir='ltr'><strong>facis?</strong></span> <span class='ocrx_word' id='word_1_171' title='bbox 949 2217 1246 2288; x_wconf 80' lang='lat' dir='ltr'><strong>Respondit</strong></span> <span class='ocrx_word' id='word_1_172' title='bbox 1293 2215 1451 2271; x_wconf 78' lang='lat' dir='ltr'><strong>Iesus</strong></span> <span class='ocrx_word' id='word_1_173' title='bbox 1486 2235 1498 2269; x_wconf 91' lang='lat'><strong>:</strong></span> <span class='ocrx_word' id='word_1_174' title='bbox 1534 2214 1592 2270; x_wconf 87' lang='lat' dir='ltr'><strong>Si</strong></span> <span class='ocrx_word' id='word_1_175' title='bbox 1639 2230 1738 2285; x_wconf 82' lang='lat' dir='ltr'><strong>ego</strong></span> <span class='ocrx_word' id='word_1_176' title='bbox 1784 2213 2025 2283; x_wconf 79' lang='lat' dir='ltr'><strong>gloriﬁco</strong></span> 
     </span>
    </p>
   </div>
   <div class='ocr_carea' id='block_1_22' title="bbox 452 2306 2025 2386">
    <p class='ocr_par' dir='ltr' id='par_1_22' title="bbox 452 2306 2025 2386">
     <span class='ocr_line' id='line_1_22' title="bbox 452 2306 2025 2386; baseline -0.003 -19"><span class='ocrx_word' id='word_1_177' title='bbox 452 2337 471 2367; x_wconf 74' lang='grc' dir='ltr'>ι</span> <span class='ocrx_word' id='word_1_178' title='bbox 518 2317 803 2386; x_wconf 91' lang='lat' dir='ltr'><strong>meipsum,</strong></span> <span class='ocrx_word' id='word_1_179' title='bbox 824 2313 992 2384; x_wconf 80' lang='lat' dir='ltr'><strong>gloria</strong></span> <span class='ocrx_word' id='word_1_180' title='bbox 1023 2327 1141 2366; x_wconf 89' lang='lat' dir='ltr'><strong>mea</strong></span> <span class='ocrx_word' id='word_1_181' title='bbox 1172 2309 1307 2365; x_wconf 91' lang='lat' dir='ltr'><strong>nihil</strong></span> <span class='ocrx_word' id='word_1_182' title='bbox 1336 2318 1443 2365; x_wconf 89' lang='lat' dir='ltr'><strong>est.</strong></span> <span class='ocrx_word' id='word_1_183' title='bbox 1472 2308 1571 2363; x_wconf 90' lang='lat' dir='ltr'><strong>Est</strong></span> <span class='ocrx_word' id='word_1_184' title='bbox 1589 2316 1744 2379; x_wconf 88' lang='lat' dir='ltr'><strong>pater</strong></span> <span class='ocrx_word' id='word_1_185' title='bbox 1768 2322 1920 2363; x_wconf 90' lang='lat' dir='ltr'><strong>meus</strong></span> <span class='ocrx_word' id='word_1_186' title='bbox 1933 2306 2025 2376; x_wconf 89' lang='lat' dir='ltr'><strong>qui</strong></span> 
     </span>
    </p>
   </div>
   <div class='ocr_carea' id='block_1_23' title="bbox 451 2397 2027 2475">
    <p class='ocr_par' dir='ltr' id='par_1_23' title="bbox 451 2397 2027 2475">
     <span class='ocr_line' id='line_1_23' title="bbox 451 2397 2027 2475; baseline -0.003 -18"><span class='ocrx_word' id='word_1_187' title='bbox 451 2425 470 2457; x_wconf 84' lang='grc'><strong>‹</strong></span> <span class='ocrx_word' id='word_1_188' title='bbox 516 2403 782 2475; x_wconf 81' lang='lat' dir='ltr'><strong>gloriﬁeat</strong></span> <span class='ocrx_word' id='word_1_189' title='bbox 807 2418 912 2469; x_wconf 90' lang='lat' dir='ltr'><strong>me,</strong></span> <span class='ocrx_word' id='word_1_190' title='bbox 937 2416 1097 2472; x_wconf 90' lang='lat' dir='ltr'><strong>quem</strong></span> <span class='ocrx_word' id='word_1_191' title='bbox 1126 2416 1224 2455; x_wconf 92' lang='lat' dir='ltr'><strong>vos</strong></span> <span class='ocrx_word' id='word_1_192' title='bbox 1267 2399 1469 2464; x_wconf 90' lang='lat' dir='ltr'><strong>dicitis,</strong></span> <span class='ocrx_word' id='word_1_193' title='bbox 1497 2398 1621 2468; x_wconf 88' lang='lat' dir='ltr'><strong>quia</strong></span> <span class='ocrx_word' id='word_1_194' title='bbox 1658 2397 1800 2452; x_wconf 90' lang='lat' dir='ltr'><strong>Deus</strong></span> <span class='ocrx_word' id='word_1_195' title='bbox 1842 2406 2027 2455; x_wconf 87' lang='lat' dir='ltr'><strong>vester</strong></span> 
     </span>
    </p>
   </div>
   <div class='ocr_carea' id='block_1_24' title="bbox 452 2489 2023 2567">
    <p class='ocr_par' dir='ltr' id='par_1_24' title="bbox 452 2489 2023 2567">
     <span class='ocr_line' id='line_1_24' title="bbox 452 2489 2023 2567; baseline -0.007 -13"><span class='ocrx_word' id='word_1_196' title='bbox 452 2518 469 2548; x_wconf 76' lang='grc' dir='ltr'><strong>ε</strong></span> <span class='ocrx_word' id='word_1_197' title='bbox 515 2505 618 2565; x_wconf 86' lang='lat' dir='ltr'><strong>est,</strong></span> <span class='ocrx_word' id='word_1_198' title='bbox 640 2508 693 2552; x_wconf 92' lang='lat' dir='ltr'><strong>et</strong></span> <span class='ocrx_word' id='word_1_199' title='bbox 714 2512 822 2551; x_wconf 92' lang='lat' dir='ltr'><strong>non</strong></span> <span class='ocrx_word' id='word_1_200' title='bbox 854 2494 1181 2567; x_wconf 87' lang='lat' dir='ltr'><strong>cognovistis</strong></span> <span class='ocrx_word' id='word_1_201' title='bbox 1219 2508 1364 2548; x_wconf 92' lang='lat' dir='ltr'><strong>eum.</strong></span> <span class='ocrx_word' id='word_1_202' title='bbox 1408 2491 1525 2562; x_wconf 84' lang='lat' dir='ltr'><strong>Ego</strong></span> <span class='ocrx_word' id='word_1_203' title='bbox 1569 2500 1750 2546; x_wconf 88' lang='lat' dir='ltr'><strong>autem</strong></span> <span class='ocrx_word' id='word_1_204' title='bbox 1797 2489 2023 2560; x_wconf 82' lang='lat' dir='ltr'><strong>cognovi</strong></span> 
     </span>
    </p>
   </div>
   <div class='ocr_carea' id='block_1_25' title="bbox 451 2579 2024 2654">
    <p class='ocr_par' dir='ltr' id='par_1_25' title="bbox 451 2579 2024 2654">
     <span class='ocr_line' id='line_1_25' title="bbox 451 2579 2024 2654; baseline -0.003 -14"><span class='ocrx_word' id='word_1_205' title='bbox 451 2608 469 2640; x_wconf 76' lang='grc' dir='ltr'>ι</span> <span class='ocrx_word' id='word_1_206' title='bbox 516 2604 658 2645; x_wconf 93' lang='lat' dir='ltr'><strong>eum.</strong></span> <span class='ocrx_word' id='word_1_207' title='bbox 692 2587 761 2642; x_wconf 87' lang='lat' dir='ltr'><strong>Et</strong></span> <span class='ocrx_word' id='word_1_208' title='bbox 783 2586 828 2642; x_wconf 91' lang='lat' dir='ltr'><strong>si</strong></span> <span class='ocrx_word' id='word_1_209' title='bbox 852 2586 1063 2652; x_wconf 83' lang='lat' dir='ltr'><strong>dixero,</strong></span> <span class='ocrx_word' id='word_1_210' title='bbox 1091 2584 1215 2654; x_wconf 90' lang='lat' dir='ltr'><strong>quia</strong></span> <span class='ocrx_word' id='word_1_211' title='bbox 1246 2597 1353 2637; x_wconf 90' lang='lat' dir='ltr'><strong>non</strong></span> <span class='ocrx_word' id='word_1_212' title='bbox 1384 2582 1510 2637; x_wconf 88' lang='lat' dir='ltr'><strong>novi</strong></span> <span class='ocrx_word' id='word_1_213' title='bbox 1537 2597 1684 2648; x_wconf 90' lang='lat' dir='ltr'><strong>eum,</strong></span> <span class='ocrx_word' id='word_1_214' title='bbox 1712 2596 1805 2637; x_wconf 91' lang='lat' dir='ltr'><strong>ero</strong></span> <span class='ocrx_word' id='word_1_215' title='bbox 1831 2579 2024 2636; x_wconf 88' lang='lat' dir='ltr'><strong>similis</strong></span> 
     </span>
    </p>
   </div>
   <div class='ocr_carea' id='block_1_26' title="bbox 388 2671 2024 2743">
    <p class='ocr_par' dir='ltr' id='par_1_26' title="bbox 388 2671 2024 2743">
     <span class='ocr_line' id='line_1_26' title="bbox 388 2671 2024 2743; baseline -0.004 -12"><span class='ocrx_word' id='word_1_216' title='bbox 388 2671 393 2681; x_wconf 79' lang='grc'>’</span> <span class='ocrx_word' id='word_1_217' title='bbox 450 2700 470 2731; x_wconf 86' lang='grc'><em>‹</em></span> <span class='ocrx_word' id='word_1_218' title='bbox 515 2679 667 2735; x_wconf 85' lang='lat' dir='ltr'><strong>vobis</strong></span> <span class='ocrx_word' id='word_1_219' title='bbox 704 2679 953 2734; x_wconf 83' lang='lat' dir='ltr'><strong>mendax.</strong></span> <span class='ocrx_word' id='word_1_220' title='bbox 996 2676 1103 2732; x_wconf 89' lang='lat' dir='ltr'><strong>Sed</strong></span> <span class='ocrx_word' id='word_1_221' title='bbox 1144 2676 1256 2731; x_wconf 91' lang='lat' dir='ltr'><strong>scio</strong></span> <span class='ocrx_word' id='word_1_222' title='bbox 1281 2689 1429 2740; x_wconf 89' lang='lat' dir='ltr'><strong>eum,</strong></span> <span class='ocrx_word' id='word_1_223' title='bbox 1458 2683 1513 2730; x_wconf 88' lang='lat' dir='ltr'><strong>et</strong></span> <span class='ocrx_word' id='word_1_224' title='bbox 1556 2687 1862 2729; x_wconf 90' lang='lat' dir='ltr'><strong>sermonem</strong></span> <span class='ocrx_word' id='word_1_225' title='bbox 1906 2673 2024 2743; x_wconf 89' lang='lat' dir='ltr'><strong>ejus</strong></span> 
     </span>
    </p>
   </div>
   <div class='ocr_carea' id='block_1_27' title="bbox 451 2766 2025 2841">
    <p class='ocr_par' dir='ltr' id='par_1_27' title="bbox 451 2766 2025 2841">
     <span class='ocr_line' id='line_1_27' title="bbox 451 2766 2025 2841; baseline -0.003 -17"><span class='ocrx_word' id='word_1_226' title='bbox 451 2793 469 2824; x_wconf 74' lang='grc' dir='ltr'>ι</span> <span class='ocrx_word' id='word_1_227' title='bbox 514 2788 689 2830; x_wconf 91' lang='lat' dir='ltr'><strong>servo.</strong></span> <span class='ocrx_word' id='word_1_228' title='bbox 717 2772 987 2827; x_wconf 84' lang='lat' dir='ltr'><strong>Abraham</strong></span> <span class='ocrx_word' id='word_1_229' title='bbox 1019 2779 1175 2841; x_wconf 86' lang='lat' dir='ltr'><strong>pater</strong></span> <span class='ocrx_word' id='word_1_230' title='bbox 1214 2777 1393 2823; x_wconf 88' lang='lat' dir='ltr'><strong>vester</strong></span> <span class='ocrx_word' id='word_1_231' title='bbox 1411 2767 1702 2823; x_wconf 77' lang='lat' dir='ltr'><strong>exsultavit</strong></span> <span class='ocrx_word' id='word_1_232' title='bbox 1731 2775 1790 2823; x_wconf 90' lang='lat' dir='ltr'><strong>ut</strong></span> <span class='ocrx_word' id='word_1_233' title='bbox 1815 2766 2025 2820; x_wconf 87' lang='lat' dir='ltr'><strong>videret</strong></span> 
     </span>
    </p>
   </div>
   <div class='ocr_carea' id='block_1_28' title="bbox 451 2857 2023 2931">
    <p class='ocr_par' dir='ltr' id='par_1_28' title="bbox 451 2857 2023 2931">
     <span class='ocr_line' id='line_1_28' title="bbox 451 2857 2023 2931; baseline -0.004 -15"><span class='ocrx_word' id='word_1_234' title='bbox 451 2885 469 2916; x_wconf 71' lang='grc' dir='ltr'><strong>ε</strong></span> <span class='ocrx_word' id='word_1_235' title='bbox 517 2867 657 2921; x_wconf 90' lang='lat' dir='ltr'><strong>diem</strong></span> <span class='ocrx_word' id='word_1_236' title='bbox 682 2879 882 2930; x_wconf 91' lang='lat' dir='ltr'><strong>meum,</strong></span> <span class='ocrx_word' id='word_1_237' title='bbox 912 2870 967 2917; x_wconf 92' lang='lat' dir='ltr'><strong>et</strong></span> <span class='ocrx_word' id='word_1_238' title='bbox 993 2862 1145 2926; x_wconf 89' lang='lat' dir='ltr'><strong>vidit,</strong></span> <span class='ocrx_word' id='word_1_239' title='bbox 1171 2868 1226 2916; x_wconf 92' lang='lat' dir='ltr'><strong>et</strong></span> <span class='ocrx_word' id='word_1_240' title='bbox 1247 2860 1461 2931; x_wconf 86' lang='lat' dir='ltr'><strong>gavisus</strong></span> <span class='ocrx_word' id='word_1_241' title='bbox 1478 2866 1578 2914; x_wconf 91' lang='lat' dir='ltr'><strong>est.</strong></span> <span class='ocrx_word' id='word_1_242' title='bbox 1606 2857 1869 2913; x_wconf 80' lang='lat' dir='ltr'><strong>Dixerunt</strong></span> <span class='ocrx_word' id='word_1_243' title='bbox 1893 2870 2023 2926; x_wconf 86' lang='lat' dir='ltr'><strong>ergo</strong></span> 
     </span>
    </p>
   </div>
   <div class='ocr_carea' id='block_1_29' title="bbox 452 2944 2020 3021">
    <p class='ocr_par' dir='ltr' id='par_1_29' title="bbox 452 2944 2020 3021">
     <span class='ocr_line' id='line_1_29' title="bbox 452 2944 2020 3021; baseline -0.004 -16"><span class='ocrx_word' id='word_1_244' title='bbox 452 2975 469 3005; x_wconf 77' lang='grc' dir='ltr'>ι</span> <span class='ocrx_word' id='word_1_245' title='bbox 512 2954 681 3010; x_wconf 74' lang='lat' dir='ltr'><strong>Judzei</strong></span> <span class='ocrx_word' id='word_1_246' title='bbox 712 2954 778 3009; x_wconf 89' lang='lat' dir='ltr'><strong>ad</strong></span> <span class='ocrx_word' id='word_1_247' title='bbox 807 2968 969 3007; x_wconf 90' lang='lat' dir='ltr'><strong>eum:</strong></span> <span class='ocrx_word' id='word_1_248' title='bbox 1008 2944 1409 3021; x_wconf 76' lang='lat' dir='ltr'><strong>Quinquaginta</strong></span> <span class='ocrx_word' id='word_1_249' title='bbox 1440 2965 1608 3005; x_wconf 86' lang='lat' dir='ltr'><strong>annos</strong></span> <span class='ocrx_word' id='word_1_250' title='bbox 1643 2949 1880 3004; x_wconf 90' lang='lat' dir='ltr'><strong>nondum</strong></span> <span class='ocrx_word' id='word_1_251' title='bbox 1921 2946 2020 3000; x_wconf 91' lang='lat' dir='ltr'><strong>ha-</strong></span> 
     </span>
    </p>
   </div>
   <div class='ocr_carea' id='block_1_30' title="bbox 452 3037 2019 3109">
    <p class='ocr_par' dir='ltr' id='par_1_30' title="bbox 452 3037 2019 3109">
     <span class='ocr_line' id='line_1_30' title="bbox 452 3037 2019 3109; baseline -0.004 -12"><span class='ocrx_word' id='word_1_252' title='bbox 452 3064 472 3097; x_wconf 66' lang='lat' dir='ltr'><strong><em>c</em></strong></span> <span class='ocrx_word' id='word_1_253' title='bbox 514 3047 610 3102; x_wconf 92' lang='lat' dir='ltr'><strong>bes</strong></span> <span class='ocrx_word' id='word_1_254' title='bbox 636 3053 690 3100; x_wconf 93' lang='lat' dir='ltr'><strong>et</strong></span> <span class='ocrx_word' id='word_1_255' title='bbox 730 3044 1002 3098; x_wconf 87' lang='lat' dir='ltr'><strong>Abraham</strong></span> <span class='ocrx_word' id='word_1_256' title='bbox 1035 3041 1259 3096; x_wconf 86' lang='lat' dir='ltr'><strong>vidisti?</strong></span> <span class='ocrx_word' id='word_1_257' title='bbox 1314 3040 1456 3109; x_wconf 77' lang='lat' dir='ltr'><strong>Dicit</strong></span> <span class='ocrx_word' id='word_1_258' title='bbox 1499 3040 1582 3093; x_wconf 89' lang='lat' dir='ltr'><strong>eis</strong></span> <span class='ocrx_word' id='word_1_259' title='bbox 1622 3037 1778 3093; x_wconf 87' lang='lat' dir='ltr'><strong>Jesus</strong></span> <span class='ocrx_word' id='word_1_260' title='bbox 1808 3037 2019 3092; x_wconf 78' lang='lat' dir='ltr'><strong>:Amen</strong></span> 
     </span>
    </p>
   </div>
   <div class='ocr_carea' id='block_1_31' title="bbox 451 3128 2020 3201">
    <p class='ocr_par' dir='ltr' id='par_1_31' title="bbox 451 3128 2020 3201">
     <span class='ocr_line' id='line_1_31' title="bbox 451 3128 2020 3201; baseline -0.001 -14"><span class='ocrx_word' id='word_1_261' title='bbox 451 3156 469 3187; x_wconf 77' lang='grc' dir='ltr'>ι</span> <span class='ocrx_word' id='word_1_262' title='bbox 516 3151 671 3189; x_wconf 89' lang='lat' dir='ltr'><strong>amen</strong></span> <span class='ocrx_word' id='word_1_263' title='bbox 698 3135 820 3189; x_wconf 90' lang='lat' dir='ltr'><strong>dico</strong></span> <span class='ocrx_word' id='word_1_264' title='bbox 853 3133 1024 3198; x_wconf 89' lang='lat' dir='ltr'><strong>vobis,</strong></span> <span class='ocrx_word' id='word_1_265' title='bbox 1053 3139 1341 3201; x_wconf 83' lang='lat' dir='ltr'><strong>antequam</strong></span> <span class='ocrx_word' id='word_1_266' title='bbox 1387 3130 1661 3184; x_wconf 84' lang='lat' dir='ltr'><strong>Abraham</strong></span> <span class='ocrx_word' id='word_1_267' title='bbox 1707 3128 1880 3196; x_wconf 83' lang='lat' dir='ltr'><strong>ﬁeret,</strong></span> <span class='ocrx_word' id='word_1_268' title='bbox 1919 3144 2020 3201; x_wconf 84' lang='lat' dir='ltr'><strong>ego</strong></span> 
     </span>
    </p>
   </div>
   <div class='ocr_carea' id='block_1_32' title="bbox 452 3221 2016 3293">
    <p class='ocr_par' dir='ltr' id='par_1_32' title="bbox 452 3221 2016 3293">
     <span class='ocr_line' id='line_1_32' title="bbox 452 3221 2016 3293; baseline -0.001 -16"><span class='ocrx_word' id='word_1_269' title='bbox 452 3246 469 3277; x_wconf 74' lang='grc' dir='ltr'>ι</span> <span class='ocrx_word' id='word_1_270' title='bbox 516 3241 655 3281; x_wconf 91' lang='lat' dir='ltr'><strong>sum.</strong></span> <span class='ocrx_word' id='word_1_271' title='bbox 707 3223 970 3279; x_wconf 88' lang='lat' dir='ltr'><strong>Tulerunt</strong></span> <span class='ocrx_word' id='word_1_272' title='bbox 1012 3238 1142 3293; x_wconf 83' lang='lat' dir='ltr'><strong>ergo</strong></span> <span class='ocrx_word' id='word_1_273' title='bbox 1180 3221 1403 3293; x_wconf 87' lang='lat' dir='ltr'><strong>lapides,</strong></span> <span class='ocrx_word' id='word_1_274' title='bbox 1434 3229 1495 3277; x_wconf 92' lang='lat' dir='ltr'><strong>ut</strong></span> <span class='ocrx_word' id='word_1_275' title='bbox 1516 3221 1762 3291; x_wconf 89' lang='lat' dir='ltr'><strong>jacerent</strong></span> <span class='ocrx_word' id='word_1_276' title='bbox 1791 3222 1843 3276; x_wconf 90' lang='lat' dir='ltr'><strong>in</strong></span> <span class='ocrx_word' id='word_1_277' title='bbox 1872 3237 2016 3277; x_wconf 92' lang='lat' dir='ltr'><strong>eum.</strong></span> 
     </span>
    </p>
   </div>
   <div class='ocr_carea' id='block_1_33' title="bbox 452 3312 2015 3385">
    <p class='ocr_par' dir='ltr' id='par_1_33' title="bbox 452 3312 2015 3385">
     <span class='ocr_line' id='line_1_33' title="bbox 452 3312 2015 3385; baseline 0.001 -19"><span class='ocrx_word' id='word_1_278' title='bbox 452 3335 469 3366; x_wconf 81' lang='grc' dir='ltr'>ι</span> <span class='ocrx_word' id='word_1_279' title='bbox 513 3312 669 3369; x_wconf 86' lang='lat' dir='ltr'><strong>Jesus</strong></span> <span class='ocrx_word' id='word_1_280' title='bbox 698 3321 877 3370; x_wconf 88' lang='lat' dir='ltr'><strong>autem</strong></span> <span class='ocrx_word' id='word_1_281' title='bbox 902 3314 1185 3371; x_wconf 89' lang='lat' dir='ltr'><strong>abscondit</strong></span> <span class='ocrx_word' id='word_1_282' title='bbox 1210 3328 1287 3381; x_wconf 90' lang='lat' dir='ltr'><strong>se,</strong></span> <span class='ocrx_word' id='word_1_283' title='bbox 1308 3323 1367 3385; x_wconf 80' lang='lat' dir='ltr'><strong>et</strong></span> <span class='ocrx_word' id='word_1_284' title='bbox 1400 3313 1571 3369; x_wconf 75' lang='lat' dir='ltr'><strong>exivit</strong></span> <span class='ocrx_word' id='word_1_285' title='bbox 1612 3314 1679 3370; x_wconf 92' lang='lat' dir='ltr'><strong>de</strong></span> <span class='ocrx_word' id='word_1_286' title='bbox 1724 3314 1944 3384; x_wconf 90' lang='lat' dir='ltr'><strong>templo.</strong></span> <span class='ocrx_word' id='word_1_287' title='bbox 1997 3334 2015 3367; x_wconf 72' lang='grc' dir='ltr'><strong><em>ι</em></strong></span> 
     </span>
    </p>
   </div>
   <div class='ocr_carea' id='block_1_34' title="bbox 524 3430 2022 3504">
    <p class='ocr_par' dir='ltr' id='par_1_34' title="bbox 524 3430 2022 3504">
     <span class='ocr_line' id='line_1_34' title="bbox 524 3430 2022 3504; baseline 0.002 -20"><span class='ocrx_word' id='word_1_288' title='bbox 524 3430 735 3486; x_wconf 81' lang='lat' dir='ltr'><strong>Dicebat</strong></span> <span class='ocrx_word' id='word_1_289' title='bbox 761 3430 919 3487; x_wconf 75' lang='lat' dir='ltr'><strong>Iesus</strong></span> <span class='ocrx_word' id='word_1_290' title='bbox 945 3432 1111 3487; x_wconf 88' lang='lat' dir='ltr'><strong>turbis</strong></span> <span class='ocrx_word' id='word_1_291' title='bbox 1146 3430 1459 3487; x_wconf 68' lang='lat' dir='ltr'><strong>Iudaeorum</strong></span> <span class='ocrx_word' id='word_1_292' title='bbox 1489 3441 1536 3488; x_wconf 88' lang='lat' dir='ltr'><strong>et</strong></span> <span class='ocrx_word' id='word_1_293' title='bbox 1572 3432 1893 3504; x_wconf 75' lang='lat' dir='ltr'><strong>principibus</strong></span> <span class='ocrx_word' id='word_1_294' title='bbox 1934 3449 2022 3487; x_wconf 88' lang='lat' dir='ltr'><strong>sa-</strong></span> 
     </span>
    </p>
   </div>
   <div class='ocr_carea' id='block_1_35' title="bbox 452 3521 2019 3593">
    <p class='ocr_par' dir='ltr' id='par_1_35' title="bbox 452 3521 2019 3593">
     <span class='ocr_line' id='line_1_35' title="bbox 452 3521 2019 3593; baseline 0 -18"><span class='ocrx_word' id='word_1_295' title='bbox 452 3522 727 3576; x_wconf 84' lang='lat' dir='ltr'><strong>cerdotum</strong></span> <span class='ocrx_word' id='word_1_296' title='bbox 747 3538 767 3577; x_wconf 90' lang='lat'><strong><em>:</em></strong></span> <span class='ocrx_word' id='word_1_297' title='bbox 800 3521 930 3588; x_wconf 83' lang='lat' dir='ltr'><strong>Quis</strong></span> <span class='ocrx_word' id='word_1_298' title='bbox 951 3538 1016 3577; x_wconf 74' lang='lat' dir='ltr'><strong>ea:</strong></span> <span class='ocrx_word' id='word_1_299' title='bbox 1040 3523 1183 3579; x_wconf 81' lang='lat' dir='ltr'><strong>vobis</strong></span> <span class='ocrx_word' id='word_1_300' title='bbox 1214 3532 1398 3593; x_wconf 83' lang='lat' dir='ltr'><strong>arguet</strong></span> <span class='ocrx_word' id='word_1_301' title='bbox 1426 3540 1509 3577; x_wconf 84' lang='lat' dir='ltr'><strong>me</strong></span> <span class='ocrx_word' id='word_1_302' title='bbox 1535 3523 1600 3577; x_wconf 84' lang='lat' dir='ltr'><strong>de</strong></span> <span class='ocrx_word' id='word_1_303' title='bbox 1623 3532 1834 3592; x_wconf 82' lang='lat' dir='ltr'><strong>peccato</strong></span> <span class='ocrx_word' id='word_1_304' title='bbox 1851 3522 1877 3576; x_wconf 83' lang='lat'><strong><em>?</em></strong></span> <span class='ocrx_word' id='word_1_305' title='bbox 1909 3522 2019 3593; x_wconf 80' lang='lat' dir='ltr'><strong>(Ex</strong></span> 
     </span>
    </p>
   </div>
   <div class='ocr_carea' id='block_1_36' title="bbox 445 3611 2023 3684">
    <p class='ocr_par' dir='ltr' id='par_1_36' title="bbox 445 3611 2023 3684">
     <span class='ocr_line' id='line_1_36' title="bbox 445 3611 2023 3684; baseline 0 -18"><span class='ocrx_word' id='word_1_306' title='bbox 445 3611 629 3684; x_wconf 85' lang='lat' dir='ltr'><strong>Grcg.)</strong></span> <span class='ocrx_word' id='word_1_307' title='bbox 651 3612 880 3669; x_wconf 84' lang='lat' dir='ltr'><strong>Pensate</strong></span> <span class='ocrx_word' id='word_1_308' title='bbox 904 3612 1374 3670; x_wconf 87' lang='lat' dir='ltr'><strong>mansuetudinem</strong></span> <span class='ocrx_word' id='word_1_309' title='bbox 1396 3611 1512 3675; x_wconf 85' lang='lat' dir='ltr'><strong>Dei,</strong></span> <span class='ocrx_word' id='word_1_310' title='bbox 1528 3611 1774 3667; x_wconf 81' lang='lat' dir='ltr'><strong>relaxare</strong></span> <span class='ocrx_word' id='word_1_311' title='bbox 1797 3619 2023 3681; x_wconf 87' lang='lat' dir='ltr'><strong>peccata</strong></span> 
     </span>
    </p>
   </div>
   <div class='ocr_carea' id='block_1_37' title="bbox 445 3701 2023 3773">
    <p class='ocr_par' dir='ltr' id='par_1_37' title="bbox 445 3701 2023 3773">
     <span class='ocr_line' id='line_1_37' title="bbox 445 3701 2023 3773; baseline 0.002 -21"><span class='ocrx_word' id='word_1_312' title='bbox 445 3712 669 3756; x_wconf 77' lang='lat' dir='ltr'><strong>venerat</strong></span> <span class='ocrx_word' id='word_1_313' title='bbox 694 3709 751 3755; x_wconf 91' lang='lat' dir='ltr'><strong>et</strong></span> <span class='ocrx_word' id='word_1_314' title='bbox 782 3701 1034 3758; x_wconf 87' lang='lat' dir='ltr'><strong>dicebat:</strong></span> <span class='ocrx_word' id='word_1_315' title='bbox 1062 3701 1192 3769; x_wconf 86' lang='lat' dir='ltr'><strong>Quis</strong></span> <span class='ocrx_word' id='word_1_316' title='bbox 1220 3718 1286 3756; x_wconf 79' lang='lat' dir='ltr'><strong>ea:</strong></span> <span class='ocrx_word' id='word_1_317' title='bbox 1311 3701 1451 3757; x_wconf 83' lang='lat' dir='ltr'><strong>vobis</strong></span> <span class='ocrx_word' id='word_1_318' title='bbox 1490 3712 1675 3771; x_wconf 82' lang='lat' dir='ltr'><strong>arguet</strong></span> <span class='ocrx_word' id='word_1_319' title='bbox 1710 3719 1791 3756; x_wconf 88' lang='lat' dir='ltr'><strong>me</strong></span> <span class='ocrx_word' id='word_1_320' title='bbox 1813 3703 1878 3756; x_wconf 88' lang='lat' dir='ltr'><strong>de</strong></span> <span class='ocrx_word' id='word_1_321' title='bbox 1899 3719 2023 3773; x_wconf 87' lang='lat' dir='ltr'><strong>pec-</strong></span> 
     </span>
    </p>
   </div>
   <div class='ocr_carea' id='block_1_38' title="bbox 445 3788 2024 3860">
    <p class='ocr_par' dir='ltr' id='par_1_38' title="bbox 445 3788 2024 3860">
     <span class='ocr_line' id='line_1_38' title="bbox 445 3788 2024 3860; baseline 0.002 -18"><span class='ocrx_word' id='word_1_322' title='bbox 445 3791 603 3843; x_wconf 82' lang='lat' dir='ltr'><strong>mlo?</strong></span> <span class='ocrx_word' id='word_1_323' title='bbox 631 3788 749 3844; x_wconf 87' lang='lat' dir='ltr'><strong>Non</strong></span> <span class='ocrx_word' id='word_1_324' title='bbox 770 3791 1092 3860; x_wconf 78' lang='lat' dir='ltr'><strong>dedignatur</strong></span> <span class='ocrx_word' id='word_1_325' title='bbox 1113 3805 1181 3845; x_wconf 73' lang='lat' dir='ltr'><strong>ex</strong></span> <span class='ocrx_word' id='word_1_326' title='bbox 1204 3790 1413 3844; x_wconf 87' lang='lat' dir='ltr'><strong>ratione</strong></span> <span class='ocrx_word' id='word_1_327' title='bbox 1432 3790 1719 3845; x_wconf 88' lang='lat' dir='ltr'><strong>ostendere</strong></span> <span class='ocrx_word' id='word_1_328' title='bbox 1747 3804 1806 3846; x_wconf 89' lang='lat' dir='ltr'><strong>se</strong></span> <span class='ocrx_word' id='word_1_329' title='bbox 1832 3805 2024 3859; x_wconf 89' lang='lat' dir='ltr'><strong>pecca-</strong></span> 
     </span>
    </p>
   </div>
   <div class='ocr_carea' id='block_1_39' title="bbox 447 3880 2023 3953">
    <p class='ocr_par' dir='ltr' id='par_1_39' title="bbox 447 3880 2023 3953">
     <span class='ocr_line' id='line_1_39' title="bbox 447 3880 2023 3953; baseline 0.003 -20"><span class='ocrx_word' id='word_1_330' title='bbox 447 3889 619 3934; x_wconf 88' lang='lat' dir='ltr'><strong>torem</strong></span> <span class='ocrx_word' id='word_1_331' title='bbox 646 3894 753 3934; x_wconf 92' lang='lat' dir='ltr'><strong>non</strong></span> <span class='ocrx_word' id='word_1_332' title='bbox 782 3881 1058 3951; x_wconf 30' lang='lat' dir='ltr'><strong>esse,,qui</strong></span> <span class='ocrx_word' id='word_1_333' title='bbox 1103 3896 1170 3936; x_wconf 80' lang='lat' dir='ltr'><strong>ex</strong></span> <span class='ocrx_word' id='word_1_334' title='bbox 1221 3881 1423 3936; x_wconf 89' lang='lat' dir='ltr'><strong>virtute</strong></span> <span class='ocrx_word' id='word_1_335' title='bbox 1467 3880 1768 3937; x_wconf 87' lang='lat' dir='ltr'><strong>divinitatis</strong></span> <span class='ocrx_word' id='word_1_336' title='bbox 1811 3890 2023 3953; x_wconf 89' lang='lat' dir='ltr'><strong>poterat</strong></span> 
     </span>
    </p>
   </div>
   <div class='ocr_carea' id='block_1_40' title="bbox 395 3964 1107 4043">
    <p class='ocr_par' dir='ltr' id='par_1_40' title="bbox 395 3964 1107 4043">
     <span class='ocr_line' id='line_1_40' title="bbox 395 3964 1107 4043; baseline 0 -17"><span class='ocrx_word' id='word_1_337' title='bbox 395 3964 405 3971; x_wconf 82' lang='grc'><em>’</em></span> <span class='ocrx_word' id='word_1_338' title='bbox 444 3980 762 4041; x_wconf 80' lang='lat' dir='ltr'><strong>peccatores</strong></span> <span class='ocrx_word' id='word_1_339' title='bbox 783 3971 1107 4043; x_wconf 84' lang='lat' dir='ltr'><strong>justiﬁcare.</strong></span> 
     </span>
    </p>
   </div>
   <div class='ocr_carea' id='block_1_41' title="bbox 518 4081 2024 4156">
    <p class='ocr_par' dir='ltr' id='par_1_41' title="bbox 518 4081 2024 4156">
     <span class='ocr_line' id='line_1_41' title="bbox 518 4081 2024 4156; baseline 0.004 -19"><span class='ocrx_word' id='word_1_340' title='bbox 518 4081 581 4137; x_wconf 89' lang='lat' dir='ltr'><strong>Si</strong></span> <span class='ocrx_word' id='word_1_341' title='bbox 618 4084 889 4139; x_wconf 83' lang='lat' dir='ltr'><strong>ueritatem</strong></span> <span class='ocrx_word' id='word_1_342' title='bbox 931 4084 1068 4150; x_wconf 84' lang='lat' dir='ltr'><strong>dico,</strong></span> <span class='ocrx_word' id='word_1_343' title='bbox 1092 4101 1260 4156; x_wconf 89' lang='lat' dir='ltr'><strong>quare</strong></span> <span class='ocrx_word' id='word_1_344' title='bbox 1295 4102 1381 4141; x_wconf 86' lang='lat' dir='ltr'><strong>vos</strong></span> <span class='ocrx_word' id='word_1_345' title='bbox 1429 4102 1534 4141; x_wconf 83' lang='lat' dir='ltr'><strong>non</strong></span> <span class='ocrx_word' id='word_1_346' title='bbox 1590 4088 1802 4142; x_wconf 81' lang='lat' dir='ltr'><strong>creditis</strong></span> <span class='ocrx_word' id='word_1_347' title='bbox 1856 4088 2024 4144; x_wconf 75' lang='lat' dir='ltr'><strong>mihi?</strong></span> 
     </span>
    </p>
   </div>
   <div class='ocr_carea' id='block_1_42' title="bbox 447 4172 2025 4247">
    <p class='ocr_par' dir='ltr' id='par_1_42' title="bbox 447 4172 2025 4247">
     <span class='ocr_line' id='line_1_42' title="bbox 447 4172 2025 4247; baseline 0.006 -21"><span class='ocrx_word' id='word_1_348' title='bbox 447 4172 649 4240; x_wconf 86' lang='lat' dir='ltr'><strong>Quare,</strong></span> <span class='ocrx_word' id='word_1_349' title='bbox 680 4173 782 4229; x_wconf 88' lang='lat' dir='ltr'><strong>nisi</strong></span> <span class='ocrx_word' id='word_1_350' title='bbox 810 4174 935 4245; x_wconf 89' lang='lat' dir='ltr'><strong>quia</strong></span> <span class='ocrx_word' id='word_1_351' title='bbox 963 4175 1057 4230; x_wconf 86' lang='lat' dir='ltr'><strong>ﬁlii</strong></span> <span class='ocrx_word' id='word_1_352' title='bbox 1083 4176 1280 4232; x_wconf 88' lang='lat' dir='ltr'><strong>diaboli</strong></span> <span class='ocrx_word' id='word_1_353' title='bbox 1300 4177 1568 4247; x_wconf 85' lang='lat' dir='ltr'><strong>estis,non</strong></span> <span class='ocrx_word' id='word_1_354' title='bbox 1602 4178 1879 4235; x_wconf 87' lang='lat' dir='ltr'><strong>veritatis?</strong></span> <span class='ocrx_word' id='word_1_355' title='bbox 1902 4179 2025 4235; x_wconf 84' lang='lat' dir='ltr'><strong>Filii</strong></span> 
     </span>
    </p>
   </div>
   <div class='ocr_carea' id='block_1_43' title="bbox 446 4266 2025 4341">
    <p class='ocr_par' dir='ltr' id='par_1_43' title="bbox 446 4266 2025 4341">
     <span class='ocr_line' id='line_1_43' title="bbox 446 4266 2025 4341; baseline 0.005 -23"><span class='ocrx_word' id='word_1_356' title='bbox 446 4279 551 4319; x_wconf 93' lang='lat' dir='ltr'><strong>non</strong></span> <span class='ocrx_word' id='word_1_357' title='bbox 586 4273 802 4332; x_wconf 89' lang='lat' dir='ltr'><strong>natura,</strong></span> <span class='ocrx_word' id='word_1_358' title='bbox 846 4268 940 4322; x_wconf 90' lang='lat' dir='ltr'><strong>sed</strong></span> <span class='ocrx_word' id='word_1_359' title='bbox 984 4266 1308 4324; x_wconf 86' lang='lat' dir='ltr'><strong>imitatione.</strong></span> <span class='ocrx_word' id='word_1_360' title='bbox 1348 4268 1609 4325; x_wconf 87' lang='lat' dir='ltr'><strong>Creatura</strong></span> <span class='ocrx_word' id='word_1_361' title='bbox 1667 4286 1900 4341; x_wconf 89' lang='lat' dir='ltr'><strong>namque</strong></span> <span class='ocrx_word' id='word_1_362' title='bbox 1931 4271 2025 4326; x_wconf 87' lang='lat' dir='ltr'><strong>Dei</strong></span> 
     </span>
    </p>
   </div>
   <div class='ocr_carea' id='block_1_44' title="bbox 444 4357 2025 4429">
    <p class='ocr_par' dir='ltr' id='par_1_44' title="bbox 444 4357 2025 4429">
     <span class='ocr_line' id='line_1_44' title="bbox 444 4357 2025 4429; baseline 0.005 -19"><span class='ocrx_word' id='word_1_363' title='bbox 444 4364 620 4422; x_wconf 88' lang='lat' dir='ltr'><strong>erant,</strong></span> <span class='ocrx_word' id='word_1_364' title='bbox 650 4357 763 4427; x_wconf 90' lang='lat' dir='ltr'><strong>ipse</strong></span> <span class='ocrx_word' id='word_1_365' title='bbox 788 4358 931 4412; x_wconf 89' lang='lat' dir='ltr'><strong>enim</strong></span> <span class='ocrx_word' id='word_1_366' title='bbox 962 4366 1045 4414; x_wconf 90' lang='lat' dir='ltr'><strong>est</strong></span> <span class='ocrx_word' id='word_1_367' title='bbox 1080 4370 1298 4417; x_wconf 86' lang='lat' dir='ltr'><strong>creator</strong></span> <span class='ocrx_word' id='word_1_368' title='bbox 1323 4361 1505 4417; x_wconf 87' lang='lat' dir='ltr'><strong>carnis</strong></span> <span class='ocrx_word' id='word_1_369' title='bbox 1543 4369 1599 4416; x_wconf 88' lang='lat' dir='ltr'><strong>et</strong></span> <span class='ocrx_word' id='word_1_370' title='bbox 1643 4362 1858 4429; x_wconf 65' lang='lat' dir='ltr'><strong>animat,</strong></span> <span class='ocrx_word' id='word_1_371' title='bbox 1891 4362 2025 4418; x_wconf 91' lang='lat' dir='ltr'><strong>vitio</strong></span> 
     </span>
    </p>
   </div>
   <div class='ocr_carea' id='block_1_45' title="bbox 446 4444 1167 4509">
    <p class='ocr_par' dir='ltr' id='par_1_45' title="bbox 446 4444 1167 4509">
     <span class='ocr_line' id='line_1_45' title="bbox 446 4444 1167 4509; baseline 0.015 -11"><span class='ocrx_word' id='word_1_372' title='bbox 446 4444 746 4503; x_wconf 88' lang='lat' dir='ltr'><strong>imitatores</strong></span> <span class='ocrx_word' id='word_1_373' title='bbox 773 4456 928 4504; x_wconf 86' lang='lat' dir='ltr'><strong>erant</strong></span> <span class='ocrx_word' id='word_1_374' title='bbox 947 4448 1167 4509; x_wconf 83' lang='lat' dir='ltr'><strong>diaboli.</strong></span> 
     </span>
    </p>
   </div>
   <div class='ocr_carea' id='block_1_46' title="bbox 519 4556 2021 4634">
    <p class='ocr_par' dir='ltr' id='par_1_46' title="bbox 519 4556 2021 4634">
     <span class='ocr_line' id='line_1_46' title="bbox 519 4556 2021 4634; baseline 0.004 -22"><span class='ocrx_word' id='word_1_375' title='bbox 519 4556 621 4624; x_wconf 82' lang='lat' dir='ltr'><strong>Qui</strong></span> <span class='ocrx_word' id='word_1_376' title='bbox 640 4569 715 4614; x_wconf 84' lang='lat' dir='ltr'><strong>est</strong></span> <span class='ocrx_word' id='word_1_377' title='bbox 744 4576 808 4615; x_wconf 71' lang='lat' dir='ltr'><strong>ea</strong></span> <span class='ocrx_word' id='word_1_378' title='bbox 832 4560 963 4627; x_wconf 87' lang='lat' dir='ltr'><strong>Deo,</strong></span> <span class='ocrx_word' id='word_1_379' title='bbox 992 4561 1146 4616; x_wconf 80' lang='lat' dir='ltr'><strong>verba</strong></span> <span class='ocrx_word' id='word_1_380' title='bbox 1172 4561 1271 4617; x_wconf 89' lang='lat' dir='ltr'><strong>Dei</strong></span> <span class='ocrx_word' id='word_1_381' title='bbox 1299 4562 1467 4617; x_wconf 83' lang='lat' dir='ltr'><strong>audit.</strong></span> <span class='ocrx_word' id='word_1_382' title='bbox 1506 4562 1788 4634; x_wconf 72' lang='lat' dir='ltr'><strong>Propterea</strong></span> <span class='ocrx_word' id='word_1_383' title='bbox 1813 4578 1899 4619; x_wconf 78' lang='lat' dir='ltr'><strong>vos</strong></span> <span class='ocrx_word' id='word_1_384' title='bbox 1916 4580 2021 4618; x_wconf 81' lang='lat' dir='ltr'><strong>non</strong></span> 
     </span>
    </p>
   </div>
   <div class='ocr_carea' id='block_1_47' title="bbox 445 4649 2019 4722">
    <p class='ocr_par' dir='ltr' id='par_1_47' title="bbox 445 4649 2019 4722">
     <span class='ocr_line' id='line_1_47' title="bbox 445 4649 2019 4722; baseline 0.004 -21"><span class='ocrx_word' id='word_1_385' title='bbox 445 4649 662 4718; x_wconf 77' lang='lat' dir='ltr'><strong>auditis,</strong></span> <span class='ocrx_word' id='word_1_386' title='bbox 690 4652 813 4721; x_wconf 82' lang='lat' dir='ltr'><strong>quia</strong></span> <span class='ocrx_word' id='word_1_387' title='bbox 852 4667 916 4705; x_wconf 76' lang='lat' dir='ltr'><strong>ea:</strong></span> <span class='ocrx_word' id='word_1_388' title='bbox 959 4650 1069 4705; x_wconf 86' lang='lat' dir='ltr'><strong>Deo</strong></span> <span class='ocrx_word' id='word_1_389' title='bbox 1104 4667 1207 4705; x_wconf 85' lang='lat' dir='ltr'><strong>non</strong></span> <span class='ocrx_word' id='word_1_390' title='bbox 1235 4652 1378 4706; x_wconf 81' lang='lat' dir='ltr'><strong>estis.</strong></span> <span class='ocrx_word' id='word_1_391' title='bbox 1431 4651 1491 4707; x_wconf 92' lang='lat' dir='ltr'><strong>Si</strong></span> <span class='ocrx_word' id='word_1_392' title='bbox 1527 4652 1673 4708; x_wconf 87' lang='lat' dir='ltr'><strong>enim</strong></span> <span class='ocrx_word' id='word_1_393' title='bbox 1711 4653 1825 4722; x_wconf 90' lang='lat' dir='ltr'><strong>ipse</strong></span> <span class='ocrx_word' id='word_1_394' title='bbox 1855 4654 2019 4708; x_wconf 86' lang='lat' dir='ltr'><strong>verba</strong></span> 
     </span>
    </p>
   </div>
   <div class='ocr_carea' id='block_1_48' title="bbox 445 4739 2020 4811">
    <p class='ocr_par' dir='ltr' id='par_1_48' title="bbox 445 4739 2020 4811">
     <span class='ocr_line' id='line_1_48' title="bbox 445 4739 2020 4811; baseline 0.004 -18"><span class='ocrx_word' id='word_1_395' title='bbox 445 4739 538 4793; x_wconf 89' lang='lat' dir='ltr'><strong>Dei</strong></span> <span class='ocrx_word' id='word_1_396' title='bbox 565 4740 734 4806; x_wconf 90' lang='lat' dir='ltr'><strong>audit,</strong></span> <span class='ocrx_word' id='word_1_397' title='bbox 765 4740 859 4809; x_wconf 90' lang='lat' dir='ltr'><strong>qui</strong></span> <span class='ocrx_word' id='word_1_398' title='bbox 896 4754 963 4795; x_wconf 80' lang='lat' dir='ltr'><strong>ex</strong></span> <span class='ocrx_word' id='word_1_399' title='bbox 996 4739 1108 4794; x_wconf 85' lang='lat' dir='ltr'><strong>Deo</strong></span> <span class='ocrx_word' id='word_1_400' title='bbox 1134 4748 1237 4806; x_wconf 91' lang='lat' dir='ltr'><strong>est,</strong></span> <span class='ocrx_word' id='word_1_401' title='bbox 1261 4748 1316 4795; x_wconf 94' lang='lat' dir='ltr'><strong>et</strong></span> <span class='ocrx_word' id='word_1_402' title='bbox 1347 4741 1535 4797; x_wconf 90' lang='lat' dir='ltr'><strong>audire</strong></span> <span class='ocrx_word' id='word_1_403' title='bbox 1569 4741 1732 4797; x_wconf 89' lang='lat' dir='ltr'><strong>verba</strong></span> <span class='ocrx_word' id='word_1_404' title='bbox 1757 4740 1875 4811; x_wconf 91' lang='lat' dir='ltr'><strong>ejus</strong></span> <span class='ocrx_word' id='word_1_405' title='bbox 1913 4758 2020 4799; x_wconf 85' lang='lat' dir='ltr'><strong>non</strong></span> 
     </span>
    </p>
   </div>
   <div class='ocr_carea' id='block_1_49' title="bbox 444 4832 2022 4906">
    <p class='ocr_par' dir='ltr' id='par_1_49' title="bbox 444 4832 2022 4906">
     <span class='ocr_line' id='line_1_49' title="bbox 444 4832 2022 4906; baseline 0.004 -21"><span class='ocrx_word' id='word_1_406' title='bbox 444 4840 622 4901; x_wconf 83' lang='lat' dir='ltr'><strong>potest</strong></span> <span class='ocrx_word' id='word_1_407' title='bbox 651 4834 896 4903; x_wconf 87' lang='lat' dir='ltr'><strong>quisquis</strong></span> <span class='ocrx_word' id='word_1_408' title='bbox 913 4848 991 4896; x_wconf 78' lang='lat' dir='ltr'><strong>ex</strong></span> <span class='ocrx_word' id='word_1_409' title='bbox 1032 4832 1122 4888; x_wconf 91' lang='lat' dir='ltr'><strong>illo</strong></span> <span class='ocrx_word' id='word_1_410' title='bbox 1149 4848 1257 4888; x_wconf 90' lang='lat' dir='ltr'><strong>non</strong></span> <span class='ocrx_word' id='word_1_411' title='bbox 1289 4842 1405 4900; x_wconf 91' lang='lat' dir='ltr'><strong>est,</strong></span> <span class='ocrx_word' id='word_1_412' title='bbox 1448 4834 1744 4906; x_wconf 81' lang='lat' dir='ltr'><strong>interroget</strong></span> <span class='ocrx_word' id='word_1_413' title='bbox 1776 4851 1834 4891; x_wconf 89' lang='lat' dir='ltr'><strong>se</strong></span> <span class='ocrx_word' id='word_1_414' title='bbox 1862 4852 2022 4891; x_wconf 90' lang='lat' dir='ltr'><strong>unus-</strong></span> 
     </span>
    </p>
   </div>
   <div class='ocr_carea' id='block_1_50' title="bbox 445 4922 2020 4995">
    <p class='ocr_par' dir='ltr' id='par_1_50' title="bbox 445 4922 2020 4995">
     <span class='ocr_line' id='line_1_50' title="bbox 445 4922 2020 4995; baseline 0.005 -21"><span class='ocrx_word' id='word_1_415' title='bbox 445 4922 696 4991; x_wconf 88' lang='lat' dir='ltr'><strong>quisque,</strong></span> <span class='ocrx_word' id='word_1_416' title='bbox 719 4923 764 4978; x_wconf 91' lang='lat' dir='ltr'><strong>si</strong></span> <span class='ocrx_word' id='word_1_417' title='bbox 791 4924 957 4979; x_wconf 88' lang='lat' dir='ltr'><strong>verba</strong></span> <span class='ocrx_word' id='word_1_418' title='bbox 983 4923 1079 4979; x_wconf 89' lang='lat' dir='ltr'><strong>Dei</strong></span> <span class='ocrx_word' id='word_1_419' title='bbox 1105 4925 1157 4978; x_wconf 94' lang='lat' dir='ltr'><strong>in</strong></span> <span class='ocrx_word' id='word_1_420' title='bbox 1194 4939 1325 4979; x_wconf 91' lang='lat' dir='ltr'><strong>aure</strong></span> <span class='ocrx_word' id='word_1_421' title='bbox 1365 4926 1543 4981; x_wconf 90' lang='lat' dir='ltr'><strong>cordis</strong></span> <span class='ocrx_word' id='word_1_422' title='bbox 1570 4927 1817 4995; x_wconf 88' lang='lat' dir='ltr'><strong>percipit,</strong></span> <span class='ocrx_word' id='word_1_423' title='bbox 1846 4935 1901 4982; x_wconf 91' lang='lat' dir='ltr'><strong>et</strong></span> <span class='ocrx_word' id='word_1_424' title='bbox 1937 4929 2020 4982; x_wconf 88' lang='lat' dir='ltr'><strong>in—</strong></span> 
     </span>
    </p>
   </div>
   <div class='ocr_carea' id='block_1_51' title="bbox 448 5012 2023 5086">
    <p class='ocr_par' dir='ltr' id='par_1_51' title="bbox 448 5012 2023 5086">
     <span class='ocr_line' id='line_1_51' title="bbox 448 5012 2023 5086; baseline 0.006 -21"><span class='ocrx_word' id='word_1_425' title='bbox 448 5012 639 5083; x_wconf 88' lang='lat' dir='ltr'><strong>telligit</strong></span> <span class='ocrx_word' id='word_1_426' title='bbox 666 5014 806 5068; x_wconf 86' lang='lat' dir='ltr'><strong>unde</strong></span> <span class='ocrx_word' id='word_1_427' title='bbox 832 5015 922 5068; x_wconf 90' lang='lat' dir='ltr'><strong>sit.</strong></span> <span class='ocrx_word' id='word_1_428' title='bbox 947 5013 1231 5071; x_wconf 69' lang='lat' dir='ltr'><strong>lecstem</strong></span> <span class='ocrx_word' id='word_1_429' title='bbox 1262 5017 1495 5086; x_wconf 87' lang='lat' dir='ltr'><strong>patriam</strong></span> <span class='ocrx_word' id='word_1_430' title='bbox 1540 5018 1848 5073; x_wconf 87' lang='lat' dir='ltr'><strong>desiderare</strong></span> <span class='ocrx_word' id='word_1_431' title='bbox 1882 5021 2023 5074; x_wconf 87' lang='lat' dir='ltr'><strong>veri-</strong></span> 
     </span>
    </p>
   </div>
   <div class='ocr_carea' id='block_1_52' title="bbox 448 5103 2019 5181">
    <p class='ocr_par' dir='ltr' id='par_1_52' title="bbox 448 5103 2019 5181">
     <span class='ocr_line' id='line_1_52' title="bbox 448 5103 2019 5181; baseline 0.006 -25"><span class='ocrx_word' id='word_1_432' title='bbox 448 5103 718 5174; x_wconf 89' lang='lat' dir='ltr'><strong>tasjubet,</strong></span> <span class='ocrx_word' id='word_1_433' title='bbox 743 5107 922 5161; x_wconf 88' lang='lat' dir='ltr'><strong>carnis</strong></span> <span class='ocrx_word' id='word_1_434' title='bbox 950 5106 1212 5164; x_wconf 88' lang='lat' dir='ltr'><strong>desideria</strong></span> <span class='ocrx_word' id='word_1_435' title='bbox 1253 5118 1551 5173; x_wconf 79' lang='lat' dir='ltr'><strong>conterere,</strong></span> <span class='ocrx_word' id='word_1_436' title='bbox 1584 5110 1765 5163; x_wconf 83' lang='lat' dir='ltr'><strong>mundi</strong></span> <span class='ocrx_word' id='word_1_437' title='bbox 1797 5110 2019 5181; x_wconf 76' lang='lat' dir='ltr'><strong>gloriam</strong></span> 
     </span>
    </p>
   </div>
   <div class='ocr_carea' id='block_1_53' title="bbox 448 5194 2024 5271">
    <p class='ocr_par' dir='ltr' id='par_1_53' title="bbox 448 5194 2024 5271">
     <span class='ocr_line' id='line_1_53' title="bbox 448 5194 2024 5271; baseline 0.005 -22"><span class='ocrx_word' id='word_1_438' title='bbox 448 5194 742 5262; x_wconf 89' lang='lat' dir='ltr'><strong>declinare,</strong></span> <span class='ocrx_word' id='word_1_439' title='bbox 767 5198 938 5254; x_wconf 87' lang='lat' dir='ltr'><strong>aliena</strong></span> <span class='ocrx_word' id='word_1_440' title='bbox 958 5216 1067 5253; x_wconf 90' lang='lat' dir='ltr'><strong>non</strong></span> <span class='ocrx_word' id='word_1_441' title='bbox 1088 5216 1303 5270; x_wconf 88' lang='lat' dir='ltr'><strong>rapere,</strong></span> <span class='ocrx_word' id='word_1_442' title='bbox 1331 5202 1547 5270; x_wconf 87' lang='lat' dir='ltr'><strong>propria</strong></span> <span class='ocrx_word' id='word_1_443' title='bbox 1572 5201 1777 5271; x_wconf 80' lang='lat' dir='ltr'><strong>largiri.</strong></span> <span class='ocrx_word' id='word_1_444' title='bbox 1827 5201 2024 5257; x_wconf 83' lang='lat' dir='ltr'><strong>Penset</strong></span> 
     </span>
    </p>
   </div>
   <div class='ocr_carea' id='block_1_54' title="bbox 448 5289 2019 5360">
    <p class='ocr_par' dir='ltr' id='par_1_54' title="bbox 448 5289 2019 5360">
     <span class='ocr_line' id='line_1_54' title="bbox 448 5289 2019 5360; baseline 0.003 -17"><span class='ocrx_word' id='word_1_445' title='bbox 448 5303 576 5357; x_wconf 79' lang='lat' dir='ltr'><strong>ergo</strong></span> <span class='ocrx_word' id='word_1_446' title='bbox 605 5289 744 5357; x_wconf 88' lang='lat' dir='ltr'><strong>apud</strong></span> <span class='ocrx_word' id='word_1_447' title='bbox 772 5303 831 5345; x_wconf 88' lang='lat' dir='ltr'><strong>se</strong></span> <span class='ocrx_word' id='word_1_448' title='bbox 861 5291 1232 5360; x_wconf 90' lang='lat' dir='ltr'><strong>unusquisque</strong></span> <span class='ocrx_word' id='word_1_449' title='bbox 1268 5299 1527 5358; x_wconf 90' lang='lat' dir='ltr'><strong>vestrum,</strong></span> <span class='ocrx_word' id='word_1_450' title='bbox 1561 5292 1605 5347; x_wconf 90' lang='lat' dir='ltr'><strong>si</strong></span> <span class='ocrx_word' id='word_1_451' title='bbox 1639 5294 1752 5348; x_wconf 67' lang='lat' dir='ltr'><strong>haec</strong></span> <span class='ocrx_word' id='word_1_452' title='bbox 1790 5308 1896 5348; x_wconf 77' lang='lat' dir='ltr'><strong>vox</strong></span> <span class='ocrx_word' id='word_1_453' title='bbox 1924 5292 2019 5347; x_wconf 91' lang='lat' dir='ltr'><strong>Dei</strong></span> 
     </span>
    </p>
   </div>
   <div class='ocr_carea' id='block_1_55' title="bbox 450 5378 2022 5452">
    <p class='ocr_par' dir='ltr' id='par_1_55' title="bbox 450 5378 2022 5452">
     <span class='ocr_line' id='line_1_55' title="bbox 450 5378 2022 5452; baseline 0.002 -18"><span class='ocrx_word' id='word_1_454' title='bbox 450 5380 503 5435; x_wconf 93' lang='lat' dir='ltr'><strong>in</strong></span> <span class='ocrx_word' id='word_1_455' title='bbox 531 5379 709 5436; x_wconf 90' lang='lat' dir='ltr'><strong>cordis</strong></span> <span class='ocrx_word' id='word_1_456' title='bbox 736 5378 852 5448; x_wconf 87' lang='lat' dir='ltr'><strong>ejus</strong></span> <span class='ocrx_word' id='word_1_457' title='bbox 880 5395 1012 5435; x_wconf 91' lang='lat' dir='ltr'><strong>aure</strong></span> <span class='ocrx_word' id='word_1_458' title='bbox 1052 5381 1346 5447; x_wconf 88' lang='lat' dir='ltr'><strong>convaluit,</strong></span> <span class='ocrx_word' id='word_1_459' title='bbox 1393 5392 1449 5436; x_wconf 89' lang='lat' dir='ltr'><strong>et</strong></span> <span class='ocrx_word' id='word_1_460' title='bbox 1485 5383 1609 5452; x_wconf 90' lang='lat' dir='ltr'><strong>quia</strong></span> <span class='ocrx_word' id='word_1_461' title='bbox 1643 5381 1757 5452; x_wconf 87' lang='lat' dir='ltr'><strong>jam</strong></span> <span class='ocrx_word' id='word_1_462' title='bbox 1801 5398 1868 5436; x_wconf 81' lang='lat' dir='ltr'><strong>ex</strong></span> <span class='ocrx_word' id='word_1_463' title='bbox 1912 5383 2022 5437; x_wconf 88' lang='lat' dir='ltr'><strong>Deo</strong></span> 
     </span>
    </p>
   </div>
   <div class='ocr_carea' id='block_1_56' title="bbox 449 5471 811 5547">
    <p class='ocr_par' dir='ltr' id='par_1_56' title="bbox 449 5471 811 5547">
     <span class='ocr_line' id='line_1_56' title="bbox 449 5471 811 5547; baseline -0.006 -19"><span class='ocrx_word' id='word_1_464' title='bbox 449 5472 520 5528; x_wconf 79' lang='lat' dir='ltr'><strong>sit</strong></span> <span class='ocrx_word' id='word_1_465' title='bbox 545 5471 811 5547; x_wconf 80' lang='lat' dir='ltr'><strong>agnoscit.</strong></span> 
     </span>
    </p>
   </div>
   <div class='ocr_carea' id='block_1_57' title="bbox 519 5563 2024 5641">
    <p class='ocr_par' dir='ltr' id='par_1_57' title="bbox 519 5563 2024 5641">
     <span class='ocr_line' id='line_1_57' title="bbox 519 5563 2024 5641; baseline -0.001 -21"><span class='ocrx_word' id='word_1_466' title='bbox 519 5566 781 5622; x_wconf 72' lang='lat' dir='ltr'><strong>Dixerunt</strong></span> <span class='ocrx_word' id='word_1_467' title='bbox 804 5582 924 5637; x_wconf 84' lang='lat' dir='ltr'><strong>ergo</strong></span> <span class='ocrx_word' id='word_1_468' title='bbox 937 5563 1147 5621; x_wconf 75' lang='lat' dir='ltr'><strong>Judtei:</strong></span> <span class='ocrx_word' id='word_1_469' title='bbox 1165 5564 1353 5641; x_wconf 81' lang='lat' dir='ltr'><strong>Nonne</strong></span> <span class='ocrx_word' id='word_1_470' title='bbox 1375 5565 1498 5622; x_wconf 86' lang='lat' dir='ltr'><strong>bene</strong></span> <span class='ocrx_word' id='word_1_471' title='bbox 1524 5567 1744 5622; x_wconf 82' lang='lat' dir='ltr'><strong>dicimus</strong></span> <span class='ocrx_word' id='word_1_472' title='bbox 1773 5566 2024 5638; x_wconf 86' lang='lat' dir='ltr'><strong>nos,quia</strong></span> 
     </span>
    </p>
   </div>
   <div class='ocr_carea' id='block_1_58' title="bbox 450 5657 2023 5734">
    <p class='ocr_par' dir='ltr' id='par_1_58' title="bbox 450 5657 2023 5734">
     <span class='ocr_line' id='line_1_58' title="bbox 450 5657 2023 5734; baseline -0.001 -24"><span class='ocrx_word' id='word_1_473' title='bbox 450 5657 817 5715; x_wconf 72' lang='lat' dir='ltr'><strong>Samaritanus</strong></span> <span class='ocrx_word' id='word_1_474' title='bbox 831 5677 883 5715; x_wconf 87' lang='lat' dir='ltr'><strong>es</strong></span> <span class='ocrx_word' id='word_1_475' title='bbox 895 5672 972 5725; x_wconf 85' lang='lat' dir='ltr'><strong>tu,</strong></span> <span class='ocrx_word' id='word_1_476' title='bbox 987 5669 1034 5715; x_wconf 87' lang='lat' dir='ltr'><strong>et</strong></span> <span class='ocrx_word' id='word_1_477' title='bbox 1049 5658 1362 5715; x_wconf 68' lang='lat' dir='ltr'><strong>da’monium</strong></span> <span class='ocrx_word' id='word_1_478' title='bbox 1378 5657 1533 5713; x_wconf 85' lang='lat' dir='ltr'><strong>habes</strong></span> <span class='ocrx_word' id='word_1_479' title='bbox 1548 5658 1573 5712; x_wconf 71' lang='grc' dir='ltr'><em>Ρ</em></span> <span class='ocrx_word' id='word_1_480' title='bbox 1591 5659 1826 5734; x_wconf 66' lang='lat' dir='ltr'><strong>Accepta</strong></span> <span class='ocrx_word' id='word_1_481' title='bbox 1844 5664 2023 5715; x_wconf 90' lang='lat' dir='ltr'><strong>autem</strong></span> 
     </span>
    </p>
   </div>
   <div class='ocr_carea' id='block_1_59' title="bbox 452 5749 2022 5820">
    <p class='ocr_par' dir='ltr' id='par_1_59' title="bbox 452 5749 2022 5820">
     <span class='ocr_line' id='line_1_59' title="bbox 452 5749 2022 5820; baseline 0.006 -22"><span class='ocrx_word' id='word_1_482' title='bbox 452 5754 597 5800; x_wconf 82' lang='lat' dir='ltr'><strong>tanta</strong></span> <span class='ocrx_word' id='word_1_483' title='bbox 634 5752 976 5818; x_wconf 89' lang='lat' dir='ltr'><strong>contumelia,</strong></span> <span class='ocrx_word' id='word_1_484' title='bbox 1002 5750 1128 5820; x_wconf 88' lang='lat' dir='ltr'><strong>quid</strong></span> <span class='ocrx_word' id='word_1_485' title='bbox 1154 5749 1412 5805; x_wconf 87' lang='lat' dir='ltr'><strong>Dominus</strong></span> <span class='ocrx_word' id='word_1_486' title='bbox 1440 5750 1760 5820; x_wconf 87' lang='lat' dir='ltr'><strong>respondeat</strong></span> <span class='ocrx_word' id='word_1_487' title='bbox 1787 5750 2022 5807; x_wconf 85' lang='lat' dir='ltr'><strong>audiam.</strong></span> 
     </span>
    </p>
   </div>
   <div class='ocr_carea' id='block_1_60' title="bbox 1732 342 2415 407">
    <p class='ocr_par' dir='ltr' id='par_1_60' title="bbox 1732 342 2415 407">
     <span class='ocr_line' id='line_1_60' title="bbox 1732 342 2415 407; baseline -0.006 0"><span class='ocrx_word' id='word_1_488' title='bbox 1732 342 2011 407; x_wconf 17' lang='lat' dir='ltr'><strong>SMA‘RAG</strong></span> <span class='ocrx_word' id='word_1_489' title='bbox 2022 346 2085 403; x_wconf 92' lang='lat' dir='ltr'><strong>DI</strong></span> <span class='ocrx_word' id='word_1_490' title='bbox 2122 346 2415 403; x_wconf 74' lang='lat' dir='ltr'><strong>ABBATIS</strong></span> 
     </span>
    </p>
   </div>
   <div class='ocr_carea' id='block_1_61' title="bbox 2052 464 2108 523">
    <p class='ocr_par' dir='ltr' id='par_1_61' title="bbox 2052 464 2108 523">
     <span class='ocr_line' id='line_1_61' title="bbox 2052 464 2108 523; baseline 0 0"><span class='ocrx_word' id='word_1_491' title='bbox 2052 464 2108 523; x_wconf 80' lang='grc' dir='ltr'><strong>Α</strong></span> 
     </span>
    </p>
   </div>
   <div class='ocr_carea' id='block_1_62' title="bbox 3610 348 3712 407">
    <p class='ocr_par' dir='ltr' id='par_1_62' title="bbox 3610 348 3712 407">
     <span class='ocr_line' id='line_1_62' title="bbox 3610 348 3712 407; baseline 0.029 -3"><span class='ocrx_word' id='word_1_492' title='bbox 3610 348 3712 407; x_wconf 75' lang='grc'><strong>168</strong></span> 
     </span>
    </p>
   </div>
   <div class='ocr_carea' id='block_1_63' title="bbox 2200 456 3712 531">
    <p class='ocr_par' dir='ltr' id='par_1_63' title="bbox 2200 456 3712 531">
     <span class='ocr_line' id='line_1_63' title="bbox 2200 456 3712 531; baseline 0.001 -17"><span class='ocrx_word' id='word_1_493' title='bbox 2200 460 2314 531; x_wconf 85' lang='lat' dir='ltr'><strong>Ego</strong></span> <span class='ocrx_word' id='word_1_494' title='bbox 2335 458 2649 514; x_wconf 77' lang='lat' dir='ltr'><strong>dwmonium</strong></span> <span class='ocrx_word' id='word_1_495' title='bbox 2678 474 2780 512; x_wconf 83' lang='lat' dir='ltr'><strong>non</strong></span> <span class='ocrx_word' id='word_1_496' title='bbox 2814 456 3000 523; x_wconf 76' lang='lat' dir='ltr'><strong>habeo,</strong></span> <span class='ocrx_word' id='word_1_497' title='bbox 3034 457 3127 511; x_wconf 86' lang='lat' dir='ltr'><strong>sed</strong></span> <span class='ocrx_word' id='word_1_498' title='bbox 3175 456 3469 529; x_wconf 79' lang='lat' dir='ltr'><strong>honoriﬁco</strong></span> <span class='ocrx_word' id='word_1_499' title='bbox 3511 473 3712 531; x_wconf 81' lang='lat' dir='ltr'><strong>patrem</strong></span> 
     </span>
    </p>
   </div>
   <div class='ocr_carea' id='block_1_64' title="bbox 2128 548 3717 616">
    <p class='ocr_par' dir='ltr' id='par_1_64' title="bbox 2128 548 3717 616">
     <span class='ocr_line' id='line_1_64' title="bbox 2128 548 3717 616; baseline 0.004 -10"><span class='ocrx_word' id='word_1_500' title='bbox 2128 568 2321 615; x_wconf 77' lang='lat' dir='ltr'><strong>meum,</strong></span> <span class='ocrx_word' id='word_1_501' title='bbox 2376 558 2425 604; x_wconf 87' lang='lat' dir='ltr'><strong>et</strong></span> <span class='ocrx_word' id='word_1_502' title='bbox 2473 566 2561 603; x_wconf 78' lang='lat' dir='ltr'><strong>uos</strong></span> <span class='ocrx_word' id='word_1_503' title='bbox 2599 549 2951 604; x_wconf 80' lang='lat' dir='ltr'><strong>inhonorastis</strong></span> <span class='ocrx_word' id='word_1_504' title='bbox 3004 564 3104 603; x_wconf 84' lang='lat' dir='ltr'><strong>me.</strong></span> <span class='ocrx_word' id='word_1_505' title='bbox 3149 548 3287 616; x_wconf 88' lang='lat' dir='ltr'><strong>Quia</strong></span> <span class='ocrx_word' id='word_1_506' title='bbox 3330 553 3477 607; x_wconf 81' lang='lat' dir='ltr'><strong>enim</strong></span> <span class='ocrx_word' id='word_1_507' title='bbox 3522 551 3717 612; x_wconf 81' lang='lat' dir='ltr'><strong>Sama-</strong></span> 
     </span>
    </p>
   </div>
   <div class='ocr_carea' id='block_1_65' title="bbox 2129 639 3713 711">
    <p class='ocr_par' dir='ltr' id='par_1_65' title="bbox 2129 639 3713 711">
     <span class='ocr_line' id='line_1_65' title="bbox 2129 639 3713 711; baseline 0.004 -14"><span class='ocrx_word' id='word_1_508' title='bbox 2129 642 2341 697; x_wconf 88' lang='lat' dir='ltr'><strong>ritanus</strong></span> <span class='ocrx_word' id='word_1_509' title='bbox 2369 642 2762 711; x_wconf 84' lang='lat' dir='ltr'><strong>interpretatur</strong></span> <span class='ocrx_word' id='word_1_510' title='bbox 2779 646 2984 705; x_wconf 85' lang='lat' dir='ltr'><strong>custos,</strong></span> <span class='ocrx_word' id='word_1_511' title='bbox 3006 647 3063 694; x_wconf 87' lang='lat' dir='ltr'><strong>et</strong></span> <span class='ocrx_word' id='word_1_512' title='bbox 3090 639 3211 709; x_wconf 84' lang='lat' dir='ltr'><strong>ipse</strong></span> <span class='ocrx_word' id='word_1_513' title='bbox 3234 644 3503 699; x_wconf 84' lang='lat' dir='ltr'><strong>veraciter</strong></span> <span class='ocrx_word' id='word_1_514' title='bbox 3526 654 3713 703; x_wconf 88' lang='lat' dir='ltr'><strong>custos</strong></span> 
     </span>
    </p>
   </div>
   <div class='ocr_carea' id='block_1_66' title="bbox 2127 734 3715 806">
    <p class='ocr_par' dir='ltr' id='par_1_66' title="bbox 2127 734 3715 806">
     <span class='ocr_line' id='line_1_66' title="bbox 2127 734 3715 806; baseline 0.003 -16"><span class='ocrx_word' id='word_1_515' title='bbox 2127 744 2230 799; x_wconf 86' lang='lat' dir='ltr'><strong>est,</strong></span> <span class='ocrx_word' id='word_1_516' title='bbox 2256 736 2322 791; x_wconf 92' lang='lat' dir='ltr'><strong>de</strong></span> <span class='ocrx_word' id='word_1_517' title='bbox 2355 751 2465 806; x_wconf 87' lang='lat' dir='ltr'><strong>quo</strong></span> <span class='ocrx_word' id='word_1_518' title='bbox 2493 734 2780 790; x_wconf 83' lang='lat' dir='ltr'><strong>Psalmista</strong></span> <span class='ocrx_word' id='word_1_519' title='bbox 2808 735 2886 789; x_wconf 89' lang='lat' dir='ltr'><strong>ait</strong></span> <span class='ocrx_word' id='word_1_520' title='bbox 2919 752 2933 789; x_wconf 86' lang='lat'><strong>:</strong></span> <span class='ocrx_word' id='word_1_521' title='bbox 2969 734 3091 789; x_wconf 87' lang='lat' dir='ltr'><strong>Nisi</strong></span> <span class='ocrx_word' id='word_1_522' title='bbox 3118 734 3380 790; x_wconf 79' lang='lat' dir='ltr'><strong>Dominus</strong></span> <span class='ocrx_word' id='word_1_523' title='bbox 3405 739 3715 795; x_wconf 72' lang='lat' dir='ltr'><strong>custodierit</strong></span> 
     </span>
    </p>
   </div>
   <div class='ocr_carea' id='block_1_67' title="bbox 2128 824 3718 896">
    <p class='ocr_par' dir='ltr' id='par_1_67' title="bbox 2128 824 3718 896">
     <span class='ocr_line' id='line_1_67' title="bbox 2128 824 3718 896; baseline 0.003 -16"><span class='ocrx_word' id='word_1_524' title='bbox 2128 826 2409 892; x_wconf 83' lang='lat' dir='ltr'><strong>ciuitatem,</strong></span> <span class='ocrx_word' id='word_1_525' title='bbox 2441 826 2498 879; x_wconf 82' lang='lat' dir='ltr'><strong>in</strong></span> <span class='ocrx_word' id='word_1_526' title='bbox 2522 840 2713 880; x_wconf 84' lang='lat' dir='ltr'><strong>uanum</strong></span> <span class='ocrx_word' id='word_1_527' title='bbox 2753 824 2989 894; x_wconf 71' lang='lat' dir='ltr'><strong>vigilant,</strong></span> <span class='ocrx_word' id='word_1_528' title='bbox 3016 836 3108 895; x_wconf 78' lang='lat' dir='ltr'><strong>qut</strong></span> <span class='ocrx_word' id='word_1_529' title='bbox 3157 825 3457 880; x_wconf 71' lang='lat' dir='ltr'><strong>custodiam</strong></span> <span class='ocrx_word' id='word_1_530' title='bbox 3499 844 3635 896; x_wconf 75' lang='lat' dir='ltr'><strong>eain,</strong></span> <span class='ocrx_word' id='word_1_531' title='bbox 3657 838 3718 885; x_wconf 88' lang='lat' dir='ltr'><strong>ct</strong></span> 
     </span>
    </p>
   </div>
   <div class='ocr_carea' id='block_1_68' title="bbox 2127 913 3715 987">
    <p class='ocr_par' dir='ltr' id='par_1_68' title="bbox 2127 913 3715 987">
     <span class='ocr_line' id='line_1_68' title="bbox 2127 913 3715 987; baseline 0.001 -16"><span class='ocrx_word' id='word_1_532' title='bbox 2127 916 2212 971; x_wconf 88' lang='lat' dir='ltr'><strong>cui</strong></span> <span class='ocrx_word' id='word_1_533' title='bbox 2245 932 2341 987; x_wconf 90' lang='lat' dir='ltr'><strong>per</strong></span> <span class='ocrx_word' id='word_1_534' title='bbox 2386 915 2609 979; x_wconf 86' lang='lat' dir='ltr'><strong>Isaiam,</strong></span> <span class='ocrx_word' id='word_1_535' title='bbox 2633 913 2821 969; x_wconf 86' lang='lat' dir='ltr'><strong>Custos</strong></span> <span class='ocrx_word' id='word_1_536' title='bbox 2839 914 2967 984; x_wconf 86' lang='lat' dir='ltr'><strong>quid</strong></span> <span class='ocrx_word' id='word_1_537' title='bbox 2995 915 3060 969; x_wconf 86' lang='lat' dir='ltr'><strong>de</strong></span> <span class='ocrx_word' id='word_1_538' title='bbox 3089 923 3263 978; x_wconf 80' lang='lat' dir='ltr'><strong>nocte,</strong></span> <span class='ocrx_word' id='word_1_539' title='bbox 3289 925 3465 970; x_wconf 82' lang='lat' dir='ltr'><strong>custos</strong></span> <span class='ocrx_word' id='word_1_540' title='bbox 3496 917 3623 987; x_wconf 82' lang='lat' dir='ltr'><strong>quid</strong></span> <span class='ocrx_word' id='word_1_541' title='bbox 3648 919 3715 973; x_wconf 81' lang='lat' dir='ltr'><strong>de</strong></span> 
     </span>
    </p>
   </div>
   <div class='ocr_carea' id='block_1_69' title="bbox 2128 1005 3715 1077">
    <p class='ocr_par' dir='ltr' id='par_1_69' title="bbox 2128 1005 3715 1077">
     <span class='ocr_line' id='line_1_69' title="bbox 2128 1005 3715 1077; baseline 0.003 -17"><span class='ocrx_word' id='word_1_542' title='bbox 2128 1016 2276 1061; x_wconf 83' lang='lat' dir='ltr'><strong>nocte</strong></span> <span class='ocrx_word' id='word_1_543' title='bbox 2318 1005 2505 1077; x_wconf 76' lang='lat' dir='ltr'><strong>(lsaite</strong></span> <span class='ocrx_word' id='word_1_544' title='bbox 2532 1006 2647 1077; x_wconf 75' lang='lat' dir='ltr'><strong>ut)</strong></span> <span class='ocrx_word' id='word_1_545' title='bbox 2676 1022 2690 1058; x_wconf 84' lang='lat'><strong>:</strong></span> <span class='ocrx_word' id='word_1_546' title='bbox 2727 1005 3058 1075; x_wconf 87' lang='lat' dir='ltr'><strong>respondere</strong></span> <span class='ocrx_word' id='word_1_547' title='bbox 3088 1005 3260 1061; x_wconf 88' lang='lat' dir='ltr'><strong>uoluit</strong></span> <span class='ocrx_word' id='word_1_548' title='bbox 3304 1007 3584 1073; x_wconf 86' lang='lat' dir='ltr'><strong>Dominus,</strong></span> <span class='ocrx_word' id='word_1_549' title='bbox 3612 1006 3715 1064; x_wconf 84' lang='lat' dir='ltr'><strong>Sa-</strong></span> 
     </span>
    </p>
   </div>
   <div class='ocr_carea' id='block_1_70' title="bbox 2128 1096 3708 1167">
    <p class='ocr_par' dir='ltr' id='par_1_70' title="bbox 2128 1096 3708 1167">
     <span class='ocr_line' id='line_1_70' title="bbox 2128 1096 3708 1167; baseline 0.004 -17"><span class='ocrx_word' id='word_1_550' title='bbox 2128 1096 2427 1150; x_wconf 89' lang='lat' dir='ltr'><strong>maritanus</strong></span> <span class='ocrx_word' id='word_1_551' title='bbox 2453 1110 2558 1150; x_wconf 92' lang='lat' dir='ltr'><strong>non</strong></span> <span class='ocrx_word' id='word_1_552' title='bbox 2581 1110 2721 1160; x_wconf 86' lang='lat' dir='ltr'><strong>sum,</strong></span> <span class='ocrx_word' id='word_1_553' title='bbox 2752 1097 2850 1151; x_wconf 86' lang='lat' dir='ltr'><strong>sed</strong></span> <span class='ocrx_word' id='word_1_554' title='bbox 2881 1110 2985 1167; x_wconf 83' lang='lat' dir='ltr'><strong>ego</strong></span> <span class='ocrx_word' id='word_1_555' title='bbox 3012 1097 3336 1153; x_wconf 81' lang='lat' dir='ltr'><strong>daemonium</strong></span> <span class='ocrx_word' id='word_1_556' title='bbox 3364 1114 3474 1155; x_wconf 83' lang='lat' dir='ltr'><strong>non</strong></span> <span class='ocrx_word' id='word_1_557' title='bbox 3512 1101 3708 1159; x_wconf 85' lang='lat' dir='ltr'><strong>habeo.</strong></span> 
     </span>
    </p>
   </div>
   <div class='ocr_carea' id='block_1_71' title="bbox 2128 1185 3717 1260">
    <p class='ocr_par' dir='ltr' id='par_1_71' title="bbox 2128 1185 3717 1260">
     <span class='ocr_line' id='line_1_71' title="bbox 2128 1185 3717 1260; baseline 0.005 -20"><span class='ocrx_word' id='word_1_558' title='bbox 2128 1186 2245 1240; x_wconf 89' lang='lat' dir='ltr'><strong>Duo</strong></span> <span class='ocrx_word' id='word_1_559' title='bbox 2281 1185 2477 1254; x_wconf 88' lang='lat' dir='ltr'><strong>quippe</strong></span> <span class='ocrx_word' id='word_1_560' title='bbox 2504 1186 2554 1239; x_wconf 91' lang='lat' dir='ltr'><strong>ei</strong></span> <span class='ocrx_word' id='word_1_561' title='bbox 2583 1185 2748 1241; x_wconf 87' lang='lat' dir='ltr'><strong>inlata</strong></span> <span class='ocrx_word' id='word_1_562' title='bbox 2778 1185 3012 1250; x_wconf 81' lang='lat' dir='ltr'><strong>fuerant.</strong></span> <span class='ocrx_word' id='word_1_563' title='bbox 3041 1203 3209 1242; x_wconf 85' lang='lat' dir='ltr'><strong>unum</strong></span> <span class='ocrx_word' id='word_1_564' title='bbox 3228 1190 3469 1260; x_wconf 77' lang='lat' dir='ltr'><strong>negavit,</strong></span> <span class='ocrx_word' id='word_1_565' title='bbox 3497 1198 3555 1245; x_wconf 90' lang='lat' dir='ltr'><strong>et</strong></span> <span class='ocrx_word' id='word_1_566' title='bbox 3586 1192 3717 1249; x_wconf 55' lang='lat' dir='ltr'><strong>alte.</strong></span> 
     </span>
    </p>
   </div>
   <div class='ocr_carea' id='block_1_72' title="bbox 2129 1277 3715 1354">
    <p class='ocr_par' dir='ltr' id='par_1_72' title="bbox 2129 1277 3715 1354">
     <span class='ocr_line' id='line_1_72' title="bbox 2129 1277 3715 1354; baseline 0.006 -24"><span class='ocrx_word' id='word_1_567' title='bbox 2129 1292 2251 1331; x_wconf 87' lang='lat' dir='ltr'><strong>rum</strong></span> <span class='ocrx_word' id='word_1_568' title='bbox 2282 1277 2510 1331; x_wconf 88' lang='lat' dir='ltr'><strong>tacendo</strong></span> <span class='ocrx_word' id='word_1_569' title='bbox 2534 1278 2829 1334; x_wconf 88' lang='lat' dir='ltr'><strong>consensit.</strong></span> <span class='ocrx_word' id='word_1_570' title='bbox 2860 1279 3056 1335; x_wconf 85' lang='lat' dir='ltr'><strong>Custos</strong></span> <span class='ocrx_word' id='word_1_571' title='bbox 3081 1296 3317 1352; x_wconf 87' lang='lat' dir='ltr'><strong>namque</strong></span> <span class='ocrx_word' id='word_1_572' title='bbox 3361 1281 3583 1338; x_wconf 88' lang='lat' dir='ltr'><strong>humani</strong></span> <span class='ocrx_word' id='word_1_573' title='bbox 3622 1298 3715 1354; x_wconf 78' lang='lat' dir='ltr'><strong>ge-</strong></span> 
     </span>
    </p>
   </div>
   <div class='ocr_carea' id='block_1_73' title="bbox 2127 1369 3714 1435">
    <p class='ocr_par' dir='ltr' id='par_1_73' title="bbox 2127 1369 3714 1435">
     <span class='ocr_line' id='line_1_73' title="bbox 2127 1369 3714 1435; baseline 0.004 -12"><span class='ocrx_word' id='word_1_574' title='bbox 2127 1369 2275 1423; x_wconf 87' lang='lat' dir='ltr'><strong>neris</strong></span> <span class='ocrx_word' id='word_1_575' title='bbox 2300 1376 2541 1435; x_wconf 88' lang='lat' dir='ltr'><strong>venerat,</strong></span> <span class='ocrx_word' id='word_1_576' title='bbox 2564 1378 2617 1425; x_wconf 90' lang='lat' dir='ltr'><strong>et</strong></span> <span class='ocrx_word' id='word_1_577' title='bbox 2647 1371 2694 1425; x_wconf 89' lang='lat' dir='ltr'><strong>si</strong></span> <span class='ocrx_word' id='word_1_578' title='bbox 2733 1369 3140 1426; x_wconf 86' lang='lat' dir='ltr'><strong>Samaritanum</strong></span> <span class='ocrx_word' id='word_1_579' title='bbox 3181 1386 3241 1427; x_wconf 87' lang='lat' dir='ltr'><strong>se</strong></span> <span class='ocrx_word' id='word_1_580' title='bbox 3265 1388 3376 1428; x_wconf 89' lang='lat' dir='ltr'><strong>non</strong></span> <span class='ocrx_word' id='word_1_581' title='bbox 3411 1387 3535 1429; x_wconf 87' lang='lat' dir='ltr'><strong>esse</strong></span> <span class='ocrx_word' id='word_1_582' title='bbox 3565 1376 3714 1430; x_wconf 84' lang='lat' dir='ltr'><strong>diee-</strong></span> 
     </span>
    </p>
   </div>
   <div class='ocr_carea' id='block_1_74' title="bbox 2127 1462 3718 1539">
    <p class='ocr_par' dir='ltr' id='par_1_74' title="bbox 2127 1462 3718 1539">
     <span class='ocr_line' id='line_1_74' title="bbox 2127 1462 3718 1539; baseline 0.006 -24"><span class='ocrx_word' id='word_1_583' title='bbox 2127 1467 2230 1526; x_wconf 91' lang='lat' dir='ltr'><strong>ret,</strong></span> <span class='ocrx_word' id='word_1_584' title='bbox 2255 1476 2375 1517; x_wconf 88' lang='lat' dir='ltr'><strong>esse</strong></span> <span class='ocrx_word' id='word_1_585' title='bbox 2402 1462 2681 1517; x_wconf 89' lang='lat' dir='ltr'><strong>custodem</strong></span> <span class='ocrx_word' id='word_1_586' title='bbox 2709 1471 2950 1534; x_wconf 86' lang='lat' dir='ltr'><strong>negaret,</strong></span> <span class='ocrx_word' id='word_1_587' title='bbox 2975 1465 3071 1519; x_wconf 89' lang='lat' dir='ltr'><strong>sed</strong></span> <span class='ocrx_word' id='word_1_588' title='bbox 3100 1466 3272 1520; x_wconf 85' lang='lat' dir='ltr'><strong>tacuit</strong></span> <span class='ocrx_word' id='word_1_589' title='bbox 3289 1466 3433 1537; x_wconf 89' lang='lat' dir='ltr'><strong>quod</strong></span> <span class='ocrx_word' id='word_1_590' title='bbox 3459 1482 3718 1539; x_wconf 84' lang='lat' dir='ltr'><strong>recogno-</strong></span> 
     </span>
    </p>
   </div>
   <div class='ocr_carea' id='block_1_75' title="bbox 2125 1550 3715 1622">
    <p class='ocr_par' dir='ltr' id='par_1_75' title="bbox 2125 1550 3715 1622">
     <span class='ocr_line' id='line_1_75' title="bbox 2125 1550 3715 1622; baseline 0.006 -18"><span class='ocrx_word' id='word_1_591' title='bbox 2125 1550 2226 1615; x_wconf 85' lang='lat' dir='ltr'><strong>vit,</strong></span> <span class='ocrx_word' id='word_1_592' title='bbox 2253 1557 2309 1604; x_wconf 90' lang='lat' dir='ltr'><strong>et</strong></span> <span class='ocrx_word' id='word_1_593' title='bbox 2339 1550 2611 1620; x_wconf 83' lang='lat' dir='ltr'><strong>patienter</strong></span> <span class='ocrx_word' id='word_1_594' title='bbox 2643 1551 2841 1621; x_wconf 89' lang='lat' dir='ltr'><strong>repulit</strong></span> <span class='ocrx_word' id='word_1_595' title='bbox 2887 1551 3033 1622; x_wconf 86' lang='lat' dir='ltr'><strong>quod</strong></span> <span class='ocrx_word' id='word_1_596' title='bbox 3076 1554 3278 1609; x_wconf 88' lang='lat' dir='ltr'><strong>dictum</strong></span> <span class='ocrx_word' id='word_1_597' title='bbox 3327 1555 3595 1613; x_wconf 79' lang='lat' dir='ltr'><strong>fallaciter</strong></span> <span class='ocrx_word' id='word_1_598' title='bbox 3615 1575 3715 1613; x_wconf 83' lang='lat' dir='ltr'><strong>au-</strong></span> 
     </span>
    </p>
   </div>
   <div class='ocr_carea' id='block_1_76' title="bbox 2126 1638 3713 1713">
    <p class='ocr_par' dir='ltr' id='par_1_76' title="bbox 2126 1638 3713 1713">
     <span class='ocr_line' id='line_1_76' title="bbox 2126 1638 3713 1713; baseline 0.006 -18"><span class='ocrx_word' id='word_1_599' title='bbox 2126 1640 2264 1695; x_wconf 80' lang='lat' dir='ltr'><strong>divit</strong></span> <span class='ocrx_word' id='word_1_600' title='bbox 2283 1640 2470 1697; x_wconf 88' lang='lat' dir='ltr'><strong>dicens</strong></span> <span class='ocrx_word' id='word_1_601' title='bbox 2501 1655 2517 1695; x_wconf 91' lang='lat'><strong>:</strong></span> <span class='ocrx_word' id='word_1_602' title='bbox 2550 1642 2664 1713; x_wconf 80' lang='lat' dir='ltr'><strong>Ego</strong></span> <span class='ocrx_word' id='word_1_603' title='bbox 2693 1638 3012 1697; x_wconf 67' lang='lat' dir='ltr'><strong>damonium</strong></span> <span class='ocrx_word' id='word_1_604' title='bbox 3042 1661 3145 1699; x_wconf 82' lang='lat' dir='ltr'><strong>non</strong></span> <span class='ocrx_word' id='word_1_605' title='bbox 3191 1644 3374 1703; x_wconf 83' lang='lat' dir='ltr'><strong>habeo.</strong></span> <span class='ocrx_word' id='word_1_606' title='bbox 3434 1646 3535 1703; x_wconf 84' lang='lat' dir='ltr'><strong>Hie</strong></span> <span class='ocrx_word' id='word_1_607' title='bbox 3583 1663 3713 1704; x_wconf 84' lang='lat' dir='ltr'><strong>vero</strong></span> 
     </span>
    </p>
   </div>
   <div class='ocr_carea' id='block_1_77' title="bbox 2126 1718 3711 1805">
    <p class='ocr_par' dir='ltr' id='par_1_77' title="bbox 2126 1718 3711 1805">
     <span class='ocr_line' id='line_1_77' title="bbox 2126 1718 3711 1805; baseline 0.007 -21"><span class='ocrx_word' id='word_1_608' title='bbox 2126 1729 2180 1784; x_wconf 92' lang='lat' dir='ltr'><strong>in</strong></span> <span class='ocrx_word' id='word_1_609' title='bbox 2204 1731 2496 1802; x_wconf 87' lang='lat' dir='ltr'><strong>semetipso</strong></span> <span class='ocrx_word' id='word_1_610' title='bbox 2524 1718 2681 1789; x_wconf 82' lang='lat' dir='ltr'><strong>nobis</strong></span> <span class='ocrx_word' id='word_1_611' title='bbox 2702 1733 2962 1789; x_wconf 88' lang='lat' dir='ltr'><strong>Dominus</strong></span> <span class='ocrx_word' id='word_1_612' title='bbox 2982 1736 3257 1805; x_wconf 75' lang='lat' dir='ltr'><strong>patientize</strong></span> <span class='ocrx_word' id='word_1_613' title='bbox 3278 1738 3511 1805; x_wconf 62' lang='lat' dir='ltr'><strong>prtebuit</strong></span> <span class='ocrx_word' id='word_1_614' title='bbox 3529 1754 3711 1795; x_wconf 79' lang='lat' dir='ltr'><strong>exem-</strong></span> 
     </span>
    </p>
   </div>
   <div class='ocr_carea' id='block_1_78' title="bbox 2054 1818 3713 1894">
    <p class='ocr_par' dir='ltr' id='par_1_78' title="bbox 2054 1818 3713 1894">
     <span class='ocr_line' id='line_1_78' title="bbox 2054 1818 3713 1894; baseline 0.005 -17"><span class='ocrx_word' id='word_1_615' title='bbox 2054 1818 2101 1877; x_wconf 90' lang='lat' dir='ltr'><strong>B</strong></span> <span class='ocrx_word' id='word_1_616' title='bbox 2127 1819 2295 1891; x_wconf 89' lang='lat' dir='ltr'><strong>plum.</strong></span> <span class='ocrx_word' id='word_1_617' title='bbox 2337 1819 2439 1887; x_wconf 89' lang='lat' dir='ltr'><strong>Qui</strong></span> <span class='ocrx_word' id='word_1_618' title='bbox 2467 1821 2512 1877; x_wconf 89' lang='lat' dir='ltr'><strong>si</strong></span> <span class='ocrx_word' id='word_1_619' title='bbox 2539 1824 2869 1892; x_wconf 83' lang='lat' dir='ltr'><strong>respondere</strong></span> <span class='ocrx_word' id='word_1_620' title='bbox 2912 1824 3171 1881; x_wconf 86' lang='lat' dir='ltr'><strong>voluisset</strong></span> <span class='ocrx_word' id='word_1_621' title='bbox 3215 1825 3438 1894; x_wconf 71' lang='lat' dir='ltr'><strong>Judaeis,</strong></span> <span class='ocrx_word' id='word_1_622' title='bbox 3467 1843 3566 1884; x_wconf 86' lang='lat' dir='ltr'><strong>vos</strong></span> <span class='ocrx_word' id='word_1_623' title='bbox 3604 1830 3713 1884; x_wconf 60' lang='lat' dir='ltr'><strong>dae-</strong></span> 
     </span>
    </p>
   </div>
   <div class='ocr_carea' id='block_1_79' title="bbox 2051 4513 2105 4573">
    <p class='ocr_par' dir='ltr' id='par_1_79' title="bbox 2051 4513 2105 4573">
     <span class='ocr_line' id='line_1_79' title="bbox 2051 4513 2105 4573; baseline 0 0"><span class='ocrx_word' id='word_1_624' title='bbox 2051 4513 2105 4573; x_wconf 92' lang='lat' dir='ltr'><strong>D</strong></span> 
     </span>
    </p>
   </div>
   <div class='ocr_carea' id='block_1_80' title="bbox 2126 1911 3713 1990">
    <p class='ocr_par' dir='ltr' id='par_1_80' title="bbox 2126 1911 3713 1990">
     <span class='ocr_line' id='line_1_80' title="bbox 2126 1911 3713 1990; baseline 0.007 -24"><span class='ocrx_word' id='word_1_625' title='bbox 2126 1911 2365 1967; x_wconf 91' lang='lat' dir='ltr'><strong>monium</strong></span> <span class='ocrx_word' id='word_1_626' title='bbox 2391 1912 2627 1981; x_wconf 85' lang='lat' dir='ltr'><strong>habetis,</strong></span> <span class='ocrx_word' id='word_1_627' title='bbox 2658 1929 2847 1970; x_wconf 82' lang='lat' dir='ltr'><strong>verum</strong></span> <span class='ocrx_word' id='word_1_628' title='bbox 2890 1917 3079 1987; x_wconf 89' lang='lat' dir='ltr'><strong>utique</strong></span> <span class='ocrx_word' id='word_1_629' title='bbox 3120 1919 3384 1987; x_wconf 78' lang='lat' dir='ltr'><strong>dixisset,</strong></span> <span class='ocrx_word' id='word_1_630' title='bbox 3419 1921 3545 1990; x_wconf 86' lang='lat' dir='ltr'><strong>quia</strong></span> <span class='ocrx_word' id='word_1_631' title='bbox 3604 1922 3713 1977; x_wconf 88' lang='lat' dir='ltr'><strong>nisi</strong></span> 
     </span>
    </p>
   </div>
   <div class='ocr_carea' id='block_1_81' title="bbox 2122 2002 3711 2082">
    <p class='ocr_par' dir='ltr' id='par_1_81' title="bbox 2122 2002 3711 2082">
     <span class='ocr_line' id='line_1_81' title="bbox 2122 2002 3711 2082; baseline 0.006 -23"><span class='ocrx_word' id='word_1_632' title='bbox 2122 2002 2330 2073; x_wconf 90' lang='lat' dir='ltr'><strong>impleti</strong></span> <span class='ocrx_word' id='word_1_633' title='bbox 2358 2004 2656 2071; x_wconf 72' lang='lat' dir='ltr'><strong>dzemonio,</strong></span> <span class='ocrx_word' id='word_1_634' title='bbox 2683 2014 2796 2061; x_wconf 79' lang='lat' dir='ltr'><strong>tam</strong></span> <span class='ocrx_word' id='word_1_635' title='bbox 2838 2013 3096 2077; x_wconf 73' lang='lat' dir='ltr'><strong>perverse</strong></span> <span class='ocrx_word' id='word_1_636' title='bbox 3139 2010 3210 2065; x_wconf 89' lang='lat' dir='ltr'><strong>de</strong></span> <span class='ocrx_word' id='word_1_637' title='bbox 3253 2011 3364 2066; x_wconf 90' lang='lat' dir='ltr'><strong>Deo</strong></span> <span class='ocrx_word' id='word_1_638' title='bbox 3409 2012 3551 2082; x_wconf 90' lang='lat' dir='ltr'><strong>loqui</strong></span> <span class='ocrx_word' id='word_1_639' title='bbox 3600 2029 3711 2070; x_wconf 86' lang='lat' dir='ltr'><strong>non</strong></span> 
     </span>
    </p>
   </div>
   <div class='ocr_carea' id='block_1_82' title="bbox 2120 2096 3717 2175">
    <p class='ocr_par' dir='ltr' id='par_1_82' title="bbox 2120 2096 3717 2175">
     <span class='ocr_line' id='line_1_82' title="bbox 2120 2096 3717 2175; baseline 0.006 -25"><span class='ocrx_word' id='word_1_640' title='bbox 2120 2101 2363 2166; x_wconf 65' lang='lat' dir='ltr'><strong>posSent.</strong></span> <span class='ocrx_word' id='word_1_641' title='bbox 2388 2096 2496 2152; x_wconf 89' lang='lat' dir='ltr'><strong>Sed</strong></span> <span class='ocrx_word' id='word_1_642' title='bbox 2520 2106 2743 2168; x_wconf 87' lang='lat' dir='ltr'><strong>accepta</strong></span> <span class='ocrx_word' id='word_1_643' title='bbox 2764 2100 2983 2170; x_wconf 89' lang='lat' dir='ltr'><strong>injuria,</strong></span> <span class='ocrx_word' id='word_1_644' title='bbox 3007 2099 3189 2175; x_wconf 88' lang='lat' dir='ltr'><strong>etjam</strong></span> <span class='ocrx_word' id='word_1_645' title='bbox 3212 2102 3356 2171; x_wconf 89' lang='lat' dir='ltr'><strong>quod</strong></span> <span class='ocrx_word' id='word_1_646' title='bbox 3387 2117 3570 2157; x_wconf 90' lang='lat' dir='ltr'><strong>verum</strong></span> <span class='ocrx_word' id='word_1_647' title='bbox 3591 2112 3717 2160; x_wconf 90' lang='lat' dir='ltr'><strong>erat</strong></span> 
     </span>
    </p>
   </div>
   <div class='ocr_carea' id='block_1_83' title="bbox 2121 2185 3710 2259">
    <p class='ocr_par' dir='ltr' id='par_1_83' title="bbox 2121 2185 3710 2259">
     <span class='ocr_line' id='line_1_83' title="bbox 2121 2185 3710 2259; baseline 0.006 -17"><span class='ocrx_word' id='word_1_648' title='bbox 2121 2185 2303 2243; x_wconf 89' lang='lat' dir='ltr'><strong>dicere</strong></span> <span class='ocrx_word' id='word_1_649' title='bbox 2327 2188 2528 2245; x_wconf 89' lang='lat' dir='ltr'><strong>veritas</strong></span> <span class='ocrx_word' id='word_1_650' title='bbox 2550 2190 2742 2256; x_wconf 88' lang='lat' dir='ltr'><strong>noluit,</strong></span> <span class='ocrx_word' id='word_1_651' title='bbox 2770 2206 2837 2246; x_wconf 89' lang='lat' dir='ltr'><strong>ne</strong></span> <span class='ocrx_word' id='word_1_652' title='bbox 2878 2206 2986 2247; x_wconf 90' lang='lat' dir='ltr'><strong>non</strong></span> <span class='ocrx_word' id='word_1_653' title='bbox 3033 2193 3235 2248; x_wconf 73' lang='lat' dir='ltr'><strong>dixisse</strong></span> <span class='ocrx_word' id='word_1_654' title='bbox 3277 2195 3584 2259; x_wconf 84' lang='lat' dir='ltr'><strong>veritatem,</strong></span> <span class='ocrx_word' id='word_1_655' title='bbox 3610 2197 3710 2253; x_wconf 89' lang='lat' dir='ltr'><strong>sed</strong></span> 
     </span>
    </p>
   </div>
   <div class='ocr_carea' id='block_1_84' title="bbox 2120 2283 3707 2361">
    <p class='ocr_par' dir='ltr' id='par_1_84' title="bbox 2120 2283 3707 2361">
     <span class='ocr_line' id='line_1_84' title="bbox 2120 2283 3707 2361; baseline 0.008 -28"><span class='ocrx_word' id='word_1_656' title='bbox 2120 2289 2447 2349; x_wconf 85' lang='lat' dir='ltr'><strong>provocatus</strong></span> <span class='ocrx_word' id='word_1_657' title='bbox 2461 2283 2843 2339; x_wconf 89' lang='lat' dir='ltr'><strong>contumeliam</strong></span> <span class='ocrx_word' id='word_1_658' title='bbox 2864 2285 3165 2343; x_wconf 72' lang='lat' dir='ltr'><strong>reddidisse</strong></span> <span class='ocrx_word' id='word_1_659' title='bbox 3187 2289 3480 2345; x_wconf 84' lang='lat' dir='ltr'><strong>videretur.</strong></span> <span class='ocrx_word' id='word_1_660' title='bbox 3496 2290 3581 2345; x_wconf 82' lang='lat' dir='ltr'><strong>Ex</strong></span> <span class='ocrx_word' id='word_1_661' title='bbox 3600 2306 3707 2361; x_wconf 88' lang='lat' dir='ltr'><strong>qua</strong></span> 
     </span>
    </p>
   </div>
   <div class='ocr_carea' id='block_1_85' title="bbox 2121 2374 3706 2452">
    <p class='ocr_par' dir='ltr' id='par_1_85' title="bbox 2121 2374 3706 2452">
     <span class='ocr_line' id='line_1_85' title="bbox 2121 2374 3706 2452; baseline 0.005 -24"><span class='ocrx_word' id='word_1_662' title='bbox 2121 2388 2183 2429; x_wconf 89' lang='lat' dir='ltr'><strong>re</strong></span> <span class='ocrx_word' id='word_1_663' title='bbox 2208 2374 2336 2444; x_wconf 91' lang='lat' dir='ltr'><strong>quid</strong></span> <span class='ocrx_word' id='word_1_664' title='bbox 2360 2375 2520 2431; x_wconf 89' lang='lat' dir='ltr'><strong>nobis</strong></span> <span class='ocrx_word' id='word_1_665' title='bbox 2548 2375 2813 2443; x_wconf 90' lang='lat' dir='ltr'><strong>innuitur,</strong></span> <span class='ocrx_word' id='word_1_666' title='bbox 2861 2379 2965 2433; x_wconf 91' lang='lat' dir='ltr'><strong>nisi</strong></span> <span class='ocrx_word' id='word_1_667' title='bbox 3011 2387 3070 2433; x_wconf 88' lang='lat' dir='ltr'><strong>ut</strong></span> <span class='ocrx_word' id='word_1_668' title='bbox 3110 2394 3175 2434; x_wconf 93' lang='lat' dir='ltr'><strong>eo</strong></span> <span class='ocrx_word' id='word_1_669' title='bbox 3225 2379 3470 2452; x_wconf 81' lang='lat' dir='ltr'><strong>tempore</strong></span> <span class='ocrx_word' id='word_1_670' title='bbox 3517 2397 3625 2452; x_wconf 88' lang='lat' dir='ltr'><strong>quo</strong></span> <span class='ocrx_word' id='word_1_671' title='bbox 3677 2398 3706 2436; x_wconf 88' lang='lat' dir='ltr'><strong>a</strong></span> 
     </span>
    </p>
   </div>
   <div class='ocr_carea' id='block_1_86' title="bbox 2122 2464 3715 2541">
    <p class='ocr_par' dir='ltr' id='par_1_86' title="bbox 2122 2464 3715 2541">
     <span class='ocr_line' id='line_1_86' title="bbox 2122 2464 3715 2541; baseline 0.007 -24"><span class='ocrx_word' id='word_1_672' title='bbox 2122 2465 2386 2533; x_wconf 74' lang='lat' dir='ltr'><strong>proximis</strong></span> <span class='ocrx_word' id='word_1_673' title='bbox 2413 2481 2480 2521; x_wconf 80' lang='lat' dir='ltr'><strong>ex</strong></span> <span class='ocrx_word' id='word_1_674' title='bbox 2522 2464 2756 2523; x_wconf 81' lang='lat' dir='ltr'><strong>falsitate</strong></span> <span class='ocrx_word' id='word_1_675' title='bbox 2796 2469 3150 2525; x_wconf 88' lang='lat' dir='ltr'><strong>contumelias</strong></span> <span class='ocrx_word' id='word_1_676' title='bbox 3183 2472 3497 2541; x_wconf 87' lang='lat' dir='ltr'><strong>accipimus,</strong></span> <span class='ocrx_word' id='word_1_677' title='bbox 3520 2489 3715 2529; x_wconf 83' lang='lat' dir='ltr'><strong>eorum</strong></span> 
     </span>
    </p>
   </div>
   <div class='ocr_carea' id='block_1_87' title="bbox 2122 2554 3709 2635">
    <p class='ocr_par' dir='ltr' id='par_1_87' title="bbox 2122 2554 3709 2635">
     <span class='ocr_line' id='line_1_87' title="bbox 2122 2554 3709 2635; baseline 0.006 -26"><span class='ocrx_word' id='word_1_678' title='bbox 2122 2554 2287 2610; x_wconf 87' lang='lat' dir='ltr'><strong>etiam</strong></span> <span class='ocrx_word' id='word_1_679' title='bbox 2334 2572 2463 2612; x_wconf 89' lang='lat' dir='ltr'><strong>vera</strong></span> <span class='ocrx_word' id='word_1_680' title='bbox 2507 2558 2647 2613; x_wconf 79' lang='lat' dir='ltr'><strong>mala</strong></span> <span class='ocrx_word' id='word_1_681' title='bbox 2696 2565 3000 2626; x_wconf 86' lang='lat' dir='ltr'><strong>taceamus,</strong></span> <span class='ocrx_word' id='word_1_682' title='bbox 3028 2575 3096 2616; x_wconf 91' lang='lat' dir='ltr'><strong>ne</strong></span> <span class='ocrx_word' id='word_1_683' title='bbox 3142 2562 3506 2619; x_wconf 81' lang='lat' dir='ltr'><strong>ministerium</strong></span> <span class='ocrx_word' id='word_1_684' title='bbox 3544 2565 3709 2635; x_wconf 77' lang='lat' dir='ltr'><strong>justa:</strong></span> 
     </span>
    </p>
   </div>
   <div class='ocr_carea' id='block_1_88' title="bbox 2121 2647 3318 2716">
    <p class='ocr_par' dir='ltr' id='par_1_88' title="bbox 2121 2647 3318 2716">
     <span class='ocr_line' id='line_1_88' title="bbox 2121 2647 3318 2716; baseline 0.003 -17"><span class='ocrx_word' id='word_1_685' title='bbox 2121 2647 2481 2716; x_wconf 88' lang='lat' dir='ltr'><strong>correptionis</strong></span> <span class='ocrx_word' id='word_1_686' title='bbox 2508 2648 2561 2703; x_wconf 93' lang='lat' dir='ltr'><strong>in</strong></span> <span class='ocrx_word' id='word_1_687' title='bbox 2591 2663 2743 2703; x_wconf 88' lang='lat' dir='ltr'><strong>arma</strong></span> <span class='ocrx_word' id='word_1_688' title='bbox 2769 2657 3045 2705; x_wconf 89' lang='lat' dir='ltr'><strong>vertamus</strong></span> <span class='ocrx_word' id='word_1_689' title='bbox 3082 2649 3318 2705; x_wconf 80' lang='lat' dir='ltr'><strong>furoris?</strong></span> 
     </span>
    </p>
   </div>
   <div class='ocr_carea' id='block_1_89' title="bbox 2194 2735 3703 2815">
    <p class='ocr_par' dir='ltr' id='par_1_89' title="bbox 2194 2735 3703 2815">
     <span class='ocr_line' id='line_1_89' title="bbox 2194 2735 3703 2815; baseline 0.004 -24"><span class='ocrx_word' id='word_1_690' title='bbox 2194 2735 2306 2807; x_wconf 81' lang='lat' dir='ltr'><strong>Ego</strong></span> <span class='ocrx_word' id='word_1_691' title='bbox 2337 2747 2508 2793; x_wconf 82' lang='lat' dir='ltr'><strong>autem</strong></span> <span class='ocrx_word' id='word_1_692' title='bbox 2539 2754 2641 2793; x_wconf 89' lang='lat' dir='ltr'><strong>non</strong></span> <span class='ocrx_word' id='word_1_693' title='bbox 2669 2756 2847 2810; x_wconf 72' lang='lat' dir='ltr'><strong>qua-ro</strong></span> <span class='ocrx_word' id='word_1_694' title='bbox 2881 2739 3101 2811; x_wconf 86' lang='lat' dir='ltr'><strong>gloriam</strong></span> <span class='ocrx_word' id='word_1_695' title='bbox 3123 2757 3310 2804; x_wconf 86' lang='lat' dir='ltr'><strong>meum,</strong></span> <span class='ocrx_word' id='word_1_696' title='bbox 3337 2751 3412 2795; x_wconf 86' lang='lat' dir='ltr'><strong>est</strong></span> <span class='ocrx_word' id='word_1_697' title='bbox 3442 2744 3532 2815; x_wconf 91' lang='lat' dir='ltr'><strong>qui</strong></span> <span class='ocrx_word' id='word_1_698' title='bbox 3558 2760 3703 2814; x_wconf 74' lang='lat' dir='ltr'><strong>qua:-</strong></span> 
     </span>
    </p>
   </div>
   <div class='ocr_carea' id='block_1_90' title="bbox 2123 2825 3712 2902">
    <p class='ocr_par' dir='ltr' id='par_1_90' title="bbox 2123 2825 3712 2902">
     <span class='ocr_line' id='line_1_90' title="bbox 2123 2825 3712 2902; baseline 0.005 -24"><span class='ocrx_word' id='word_1_699' title='bbox 2123 2833 2207 2878; x_wconf 85' lang='lat' dir='ltr'><strong>rat</strong></span> <span class='ocrx_word' id='word_1_700' title='bbox 2228 2835 2277 2879; x_wconf 87' lang='lat' dir='ltr'><strong>et</strong></span> <span class='ocrx_word' id='word_1_701' title='bbox 2296 2826 2521 2895; x_wconf 82' lang='lat' dir='ltr'><strong>judicet.</strong></span> <span class='ocrx_word' id='word_1_702' title='bbox 2555 2825 2830 2899; x_wconf 87' lang='lat' dir='ltr'><strong>Scriptum</strong></span> <span class='ocrx_word' id='word_1_703' title='bbox 2877 2837 2963 2883; x_wconf 88' lang='lat' dir='ltr'><strong>est</strong></span> <span class='ocrx_word' id='word_1_704' title='bbox 2997 2846 3010 2882; x_wconf 91' lang='lat'><strong>:</strong></span> <span class='ocrx_word' id='word_1_705' title='bbox 3047 2827 3366 2900; x_wconf 81' lang='lat' dir='ltr'><strong>Quiapater</strong></span> <span class='ocrx_word' id='word_1_706' title='bbox 3393 2846 3546 2886; x_wconf 85' lang='lat' dir='ltr'><strong>omne</strong></span> <span class='ocrx_word' id='word_1_707' title='bbox 3566 2833 3712 2902; x_wconf 84' lang='lat' dir='ltr'><strong>judi-</strong></span> 
     </span>
    </p>
   </div>
   <div class='ocr_carea' id='block_1_91' title="bbox 2123 2915 3711 2992">
    <p class='ocr_par' dir='ltr' id='par_1_91' title="bbox 2123 2915 3711 2992">
     <span class='ocr_line' id='line_1_91' title="bbox 2123 2915 3711 2992; baseline 0.006 -23"><span class='ocrx_word' id='word_1_708' title='bbox 2123 2915 2260 2969; x_wconf 88' lang='lat' dir='ltr'><strong>cium</strong></span> <span class='ocrx_word' id='word_1_709' title='bbox 2282 2917 2424 2971; x_wconf 83' lang='lat' dir='ltr'><strong>dedit</strong></span> <span class='ocrx_word' id='word_1_710' title='bbox 2445 2916 2558 2986; x_wconf 80' lang='lat' dir='ltr'><strong>ﬁlio</strong></span> <span class='ocrx_word' id='word_1_711' title='bbox 2586 2916 2766 2990; x_wconf 82' lang='lat' dir='ltr'><strong>(Joan.</strong></span> <span class='ocrx_word' id='word_1_712' title='bbox 2791 2918 2870 2990; x_wconf 74' lang='grc' dir='ltr'><strong>γ),</strong></span> <span class='ocrx_word' id='word_1_713' title='bbox 2898 2928 2956 2975; x_wconf 88' lang='lat' dir='ltr'><strong>et</strong></span> <span class='ocrx_word' id='word_1_714' title='bbox 2981 2934 3107 2975; x_wconf 89' lang='lat' dir='ltr'><strong>ecce</strong></span> <span class='ocrx_word' id='word_1_715' title='bbox 3137 2920 3279 2975; x_wconf 89' lang='lat' dir='ltr'><strong>idem</strong></span> <span class='ocrx_word' id='word_1_716' title='bbox 3316 2921 3459 2977; x_wconf 80' lang='lat' dir='ltr'><strong>ﬁlius</strong></span> <span class='ocrx_word' id='word_1_717' title='bbox 3485 2922 3711 2992; x_wconf 82' lang='lat' dir='ltr'><strong>injurias</strong></span> 
     </span>
    </p>
   </div>
   <div class='ocr_carea' id='block_1_92' title="bbox 2125 3007 3705 3083">
    <p class='ocr_par' dir='ltr' id='par_1_92' title="bbox 2125 3007 3705 3083">
     <span class='ocr_line' id='line_1_92' title="bbox 2125 3007 3705 3083; baseline 0.006 -23"><span class='ocrx_word' id='word_1_718' title='bbox 2125 3007 2413 3077; x_wconf 76' lang='lat' dir='ltr'><strong>accipiens,</strong></span> <span class='ocrx_word' id='word_1_719' title='bbox 2436 3008 2615 3063; x_wconf 89' lang='lat' dir='ltr'><strong>illatas</strong></span> <span class='ocrx_word' id='word_1_720' title='bbox 2636 3010 2990 3067; x_wconf 85' lang='lat' dir='ltr'><strong>contumelias</strong></span> <span class='ocrx_word' id='word_1_721' title='bbox 3019 3012 3188 3081; x_wconf 82' lang='lat' dir='ltr'><strong>patris</strong></span> <span class='ocrx_word' id='word_1_722' title='bbox 3213 3012 3420 3083; x_wconf 89' lang='lat' dir='ltr'><strong>judicio</strong></span> <span class='ocrx_word' id='word_1_723' title='bbox 3441 3024 3705 3081; x_wconf 85' lang='lat' dir='ltr'><strong>reservat,</strong></span> 
     </span>
    </p>
   </div>
   <div class='ocr_carea' id='block_1_93' title="bbox 2123 3098 3711 3175">
    <p class='ocr_par' dir='ltr' id='par_1_93' title="bbox 2123 3098 3711 3175">
     <span class='ocr_line' id='line_1_93' title="bbox 2123 3098 3711 3175; baseline 0.006 -23"><span class='ocrx_word' id='word_1_724' title='bbox 2123 3105 2185 3152; x_wconf 91' lang='lat' dir='ltr'><strong>ut</strong></span> <span class='ocrx_word' id='word_1_725' title='bbox 2210 3098 2367 3154; x_wconf 88' lang='lat' dir='ltr'><strong>nobis</strong></span> <span class='ocrx_word' id='word_1_726' title='bbox 2393 3099 2637 3168; x_wconf 79' lang='lat' dir='ltr'><strong>profecto</strong></span> <span class='ocrx_word' id='word_1_727' title='bbox 2661 3101 2918 3169; x_wconf 89' lang='lat' dir='ltr'><strong>insinuet,</strong></span> <span class='ocrx_word' id='word_1_728' title='bbox 2941 3111 3201 3173; x_wconf 91' lang='lat' dir='ltr'><strong>quantum</strong></span> <span class='ocrx_word' id='word_1_729' title='bbox 3231 3119 3331 3159; x_wconf 89' lang='lat' dir='ltr'><strong>nos</strong></span> <span class='ocrx_word' id='word_1_730' title='bbox 3352 3118 3471 3160; x_wconf 89' lang='lat' dir='ltr'><strong>esse</strong></span> <span class='ocrx_word' id='word_1_731' title='bbox 3497 3106 3711 3175; x_wconf 85' lang='lat' dir='ltr'><strong>patien-</strong></span> 
     </span>
    </p>
   </div>
   <div class='ocr_carea' id='block_1_94' title="bbox 2126 3189 3708 3266">
    <p class='ocr_par' dir='ltr' id='par_1_94' title="bbox 2126 3189 3708 3266">
     <span class='ocr_line' id='line_1_94' title="bbox 2126 3189 3708 3266; baseline 0.005 -23"><span class='ocrx_word' id='word_1_732' title='bbox 2126 3189 2547 3257; x_wconf 64' lang='lat' dir='ltr'><strong>tes«debeamus,</strong></span> <span class='ocrx_word' id='word_1_733' title='bbox 2571 3191 2699 3247; x_wconf 89' lang='lat' dir='ltr'><strong>dum</strong></span> <span class='ocrx_word' id='word_1_734' title='bbox 2726 3193 2903 3248; x_wconf 90' lang='lat' dir='ltr'><strong>adhuc</strong></span> <span class='ocrx_word' id='word_1_735' title='bbox 2927 3209 2986 3250; x_wconf 89' lang='lat' dir='ltr'><strong>se</strong></span> <span class='ocrx_word' id='word_1_736' title='bbox 3006 3194 3197 3250; x_wconf 87' lang='lat' dir='ltr'><strong>ulcisci</strong></span> <span class='ocrx_word' id='word_1_737' title='bbox 3218 3210 3325 3249; x_wconf 93' lang='lat' dir='ltr'><strong>non</strong></span> <span class='ocrx_word' id='word_1_738' title='bbox 3350 3194 3481 3260; x_wconf 91' lang='lat' dir='ltr'><strong>vult,</strong></span> <span class='ocrx_word' id='word_1_739' title='bbox 3507 3203 3564 3249; x_wconf 89' lang='lat' dir='ltr'><strong>et</strong></span> <span class='ocrx_word' id='word_1_740' title='bbox 3590 3195 3708 3266; x_wconf 87' lang='lat' dir='ltr'><strong>ipse</strong></span> 
     </span>
    </p>
   </div>
   <div class='ocr_carea' id='block_1_95' title="bbox 2125 3279 3706 3357">
    <p class='ocr_par' dir='ltr' id='par_1_95' title="bbox 2125 3279 3706 3357">
     <span class='ocr_line' id='line_1_95' title="bbox 2125 3279 3706 3357; baseline 0.005 -24"><span class='ocrx_word' id='word_1_741' title='bbox 2125 3279 2215 3347; x_wconf 82' lang='lat' dir='ltr'><strong>qui</strong></span> <span class='ocrx_word' id='word_1_742' title='bbox 2257 3280 2481 3349; x_wconf 86' lang='lat' dir='ltr'><strong>judicat.</strong></span> <span class='ocrx_word' id='word_1_743' title='bbox 2519 3281 2690 3348; x_wconf 87' lang='lat' dir='ltr'><strong>Quem</strong></span> <span class='ocrx_word' id='word_1_744' title='bbox 2736 3284 2851 3337; x_wconf 86' lang='lat' dir='ltr'><strong>vult</strong></span> <span class='ocrx_word' id='word_1_745' title='bbox 2877 3284 3100 3357; x_wconf 85' lang='lat' dir='ltr'><strong>intelligi</strong></span> <span class='ocrx_word' id='word_1_746' title='bbox 3131 3300 3255 3340; x_wconf 86' lang='lat' dir='ltr'><strong>cum</strong></span> <span class='ocrx_word' id='word_1_747' title='bbox 3282 3285 3450 3341; x_wconf 89' lang='lat' dir='ltr'><strong>dicit:</strong></span> <span class='ocrx_word' id='word_1_748' title='bbox 3487 3286 3587 3340; x_wconf 87' lang='lat' dir='ltr'><strong>Est</strong></span> <span class='ocrx_word' id='word_1_749' title='bbox 3612 3287 3706 3357; x_wconf 89' lang='lat' dir='ltr'><strong>qui</strong></span> 
     </span>
    </p>
   </div>
   <div class='ocr_carea' id='block_1_96' title="bbox 2123 3371 3710 3448">
    <p class='ocr_par' dir='ltr' id='par_1_96' title="bbox 2123 3371 3710 3448">
     <span class='ocr_line' id='line_1_96' title="bbox 2123 3371 3710 3448; baseline 0.007 -24"><span class='ocrx_word' id='word_1_750' title='bbox 2123 3380 2332 3441; x_wconf 63' lang='lat' dir='ltr'><strong>quaerat</strong></span> <span class='ocrx_word' id='word_1_751' title='bbox 2352 3381 2408 3427; x_wconf 91' lang='lat' dir='ltr'><strong>et</strong></span> <span class='ocrx_word' id='word_1_752' title='bbox 2430 3371 2782 3441; x_wconf 83' lang='lat' dir='ltr'><strong>judicet?nisi</strong></span> <span class='ocrx_word' id='word_1_753' title='bbox 2815 3378 3201 3448; x_wconf 89' lang='lat' dir='ltr'><strong>patrem;qnid</strong></span> <span class='ocrx_word' id='word_1_754' title='bbox 3222 3386 3306 3434; x_wconf 92' lang='lat' dir='ltr'><strong>est</strong></span> <span class='ocrx_word' id='word_1_755' title='bbox 3337 3377 3584 3448; x_wconf 83' lang='lat' dir='ltr'><strong>judicat?</strong></span> <span class='ocrx_word' id='word_1_756' title='bbox 3628 3379 3710 3434; x_wconf 77' lang='lat' dir='ltr'><strong>di-</strong></span> 
     </span>
    </p>
   </div>
   <div class='ocr_carea' id='block_1_97' title="bbox 2124 3464 3698 3540">
    <p class='ocr_par' dir='ltr' id='par_1_97' title="bbox 2124 3464 3698 3540">
     <span class='ocr_line' id='line_1_97' title="bbox 2124 3464 3698 3540; baseline 0.004 -23"><span class='ocrx_word' id='word_1_757' title='bbox 2124 3465 2342 3518; x_wconf 87' lang='lat' dir='ltr'><strong>scernit.</strong></span> <span class='ocrx_word' id='word_1_758' title='bbox 2376 3464 2655 3532; x_wconf 90' lang='lat' dir='ltr'><strong>Quomodo</strong></span> <span class='ocrx_word' id='word_1_759' title='bbox 2685 3474 2769 3521; x_wconf 91' lang='lat' dir='ltr'><strong>est</strong></span> <span class='ocrx_word' id='word_1_760' title='bbox 2806 3466 2898 3536; x_wconf 88' lang='lat' dir='ltr'><strong>qui</strong></span> <span class='ocrx_word' id='word_1_761' title='bbox 2926 3475 3137 3536; x_wconf 64' lang='lat' dir='ltr'><strong>quaerat</strong></span> <span class='ocrx_word' id='word_1_762' title='bbox 3166 3478 3222 3522; x_wconf 90' lang='lat' dir='ltr'><strong>et</strong></span> <span class='ocrx_word' id='word_1_763' title='bbox 3241 3467 3449 3537; x_wconf 91' lang='lat' dir='ltr'><strong>judicet</strong></span> <span class='ocrx_word' id='word_1_764' title='bbox 3468 3510 3483 3535; x_wconf 96' lang='lat'><strong>,</strong></span> <span class='ocrx_word' id='word_1_765' title='bbox 3503 3476 3589 3524; x_wconf 90' lang='lat' dir='ltr'><strong>est</strong></span> <span class='ocrx_word' id='word_1_766' title='bbox 3615 3485 3698 3540; x_wconf 73' lang='lat' dir='ltr'><strong>pa</strong></span> 
     </span>
    </p>
   </div>
   <div class='ocr_carea' id='block_1_98' title="bbox 2124 3556 3708 3631">
    <p class='ocr_par' dir='ltr' id='par_1_98' title="bbox 2124 3556 3708 3631">
     <span class='ocr_line' id='line_1_98' title="bbox 2124 3556 3708 3631; baseline 0.005 -22"><span class='ocrx_word' id='word_1_767' title='bbox 2124 3564 2210 3610; x_wconf 90' lang='lat' dir='ltr'><strong>ter</strong></span> <span class='ocrx_word' id='word_1_768' title='bbox 2231 3556 2321 3626; x_wconf 90' lang='lat' dir='ltr'><strong>qui</strong></span> <span class='ocrx_word' id='word_1_769' title='bbox 2348 3557 2577 3627; x_wconf 83' lang='lat' dir='ltr'><strong>gloriam</strong></span> <span class='ocrx_word' id='word_1_770' title='bbox 2621 3572 2803 3612; x_wconf 86' lang='lat' dir='ltr'><strong>meam</strong></span> <span class='ocrx_word' id='word_1_771' title='bbox 2840 3573 2872 3613; x_wconf 87' lang='lat' dir='ltr'><strong>a</strong></span> <span class='ocrx_word' id='word_1_772' title='bbox 2912 3567 3097 3614; x_wconf 87' lang='lat' dir='ltr'><strong>vestra</strong></span> <span class='ocrx_word' id='word_1_773' title='bbox 3128 3559 3299 3631; x_wconf 85' lang='lat' dir='ltr'><strong>gloria</strong></span> <span class='ocrx_word' id='word_1_774' title='bbox 3353 3562 3627 3616; x_wconf 86' lang='lat' dir='ltr'><strong>discernat</strong></span> <span class='ocrx_word' id='word_1_775' title='bbox 3655 3567 3708 3617; x_wconf 86' lang='lat' dir='ltr'><strong>et</strong></span> 
     </span>
    </p>
   </div>
   <div class='ocr_carea' id='block_1_99' title="bbox 2123 3648 3711 3718">
    <p class='ocr_par' dir='ltr' id='par_1_99' title="bbox 2123 3648 3711 3718">
     <span class='ocr_line' id='line_1_99' title="bbox 2123 3648 3711 3718; baseline 0.002 -18"><span class='ocrx_word' id='word_1_776' title='bbox 2123 3657 2359 3716; x_wconf 87' lang='lat' dir='ltr'><strong>separet,</strong></span> <span class='ocrx_word' id='word_1_777' title='bbox 2379 3661 2504 3702; x_wconf 89' lang='lat' dir='ltr'><strong>nam</strong></span> <span class='ocrx_word' id='word_1_778' title='bbox 2524 3649 2820 3704; x_wconf 89' lang='lat' dir='ltr'><strong>secundum</strong></span> <span class='ocrx_word' id='word_1_779' title='bbox 2850 3648 3083 3705; x_wconf 77' lang='lat' dir='ltr'><strong>formam</strong></span> <span class='ocrx_word' id='word_1_780' title='bbox 3102 3652 3268 3718; x_wconf 81' lang='lat' dir='ltr'><strong>servi,</strong></span> <span class='ocrx_word' id='word_1_781' title='bbox 3283 3651 3507 3706; x_wconf 86' lang='lat' dir='ltr'><strong>multum</strong></span> <span class='ocrx_word' id='word_1_782' title='bbox 3538 3650 3711 3706; x_wconf 78' lang='lat' dir='ltr'><strong>inter-</strong></span> 
     </span>
    </p>
   </div>
   <div class='ocr_carea' id='block_1_100' title="bbox 2122 3737 3707 3807">
    <p class='ocr_par' dir='ltr' id='par_1_100' title="bbox 2122 3737 3707 3807">
     <span class='ocr_line' id='line_1_100' title="bbox 2122 3737 3707 3807; baseline 0.002 -18"><span class='ocrx_word' id='word_1_783' title='bbox 2122 3744 2227 3799; x_wconf 88' lang='lat' dir='ltr'><strong>est,</strong></span> <span class='ocrx_word' id='word_1_784' title='bbox 2255 3737 2398 3792; x_wconf 91' lang='lat' dir='ltr'><strong>inter</strong></span> <span class='ocrx_word' id='word_1_785' title='bbox 2429 3737 2657 3807; x_wconf 82' lang='lat' dir='ltr'><strong>gloriam</strong></span> <span class='ocrx_word' id='word_1_786' title='bbox 2679 3737 2886 3795; x_wconf 88' lang='lat' dir='ltr'><strong>Christi</strong></span> <span class='ocrx_word' id='word_1_787' title='bbox 2931 3749 2987 3796; x_wconf 90' lang='lat' dir='ltr'><strong>et</strong></span> <span class='ocrx_word' id='word_1_788' title='bbox 3040 3748 3360 3799; x_wconf 69' lang='lat' dir='ltr'><strong>cancrorum</strong></span> <span class='ocrx_word' id='word_1_789' title='bbox 3399 3741 3707 3797; x_wconf 82' lang='lat' dir='ltr'><strong>hominum.</strong></span> 
     </span>
    </p>
   </div>
   <div class='ocr_carea' id='block_1_101' title="bbox 2193 3822 3703 3897">
    <p class='ocr_par' dir='ltr' id='par_1_101' title="bbox 2193 3822 3703 3897">
     <span class='ocr_line' id='line_1_101' title="bbox 2193 3822 3703 3897; baseline 0.003 -23"><span class='ocrx_word' id='word_1_790' title='bbox 2193 3822 2361 3875; x_wconf 79' lang='lat' dir='ltr'><strong>Amen</strong></span> <span class='ocrx_word' id='word_1_791' title='bbox 2387 3837 2542 3876; x_wconf 83' lang='lat' dir='ltr'><strong>amen</strong></span> <span class='ocrx_word' id='word_1_792' title='bbox 2578 3822 2698 3877; x_wconf 86' lang='lat' dir='ltr'><strong>dico</strong></span> <span class='ocrx_word' id='word_1_793' title='bbox 2724 3824 2890 3889; x_wconf 79' lang='lat' dir='ltr'><strong>vobis,</strong></span> <span class='ocrx_word' id='word_1_794' title='bbox 2930 3826 2981 3880; x_wconf 80' lang='lat' dir='ltr'><strong>si</strong></span> <span class='ocrx_word' id='word_1_795' title='bbox 3027 3828 3144 3897; x_wconf 86' lang='lat' dir='ltr'><strong>quis</strong></span> <span class='ocrx_word' id='word_1_796' title='bbox 3196 3842 3485 3882; x_wconf 81' lang='lat' dir='ltr'><strong>semtenem</strong></span> <span class='ocrx_word' id='word_1_797' title='bbox 3525 3842 3703 3880; x_wconf 82' lang='lat' dir='ltr'><strong>meum</strong></span> 
     </span>
    </p>
   </div>
   <div class='ocr_carea' id='block_1_102' title="bbox 2124 3912 3711 3982">
    <p class='ocr_par' dir='ltr' id='par_1_102' title="bbox 2124 3912 3711 3982">
     <span class='ocr_line' id='line_1_102' title="bbox 2124 3912 3711 3982; baseline 0.005 -18"><span class='ocrx_word' id='word_1_798' title='bbox 2124 3912 2424 3977; x_wconf 73' lang='lat' dir='ltr'><strong>servaverit,</strong></span> <span class='ocrx_word' id='word_1_799' title='bbox 2450 3922 2557 3969; x_wconf 90' lang='lat' dir='ltr'><strong>etc.</strong></span> <span class='ocrx_word' id='word_1_800' title='bbox 2597 3913 2673 3970; x_wconf 91' lang='lat' dir='ltr'><strong>De</strong></span> <span class='ocrx_word' id='word_1_801' title='bbox 2715 3927 2888 3971; x_wconf 89' lang='lat' dir='ltr'><strong>morte</strong></span> <span class='ocrx_word' id='word_1_802' title='bbox 2932 3917 3168 3972; x_wconf 84' lang='lat' dir='ltr'><strong>secunda</strong></span> <span class='ocrx_word' id='word_1_803' title='bbox 3219 3918 3385 3982; x_wconf 87' lang='lat' dir='ltr'><strong>dicit,</strong></span> <span class='ocrx_word' id='word_1_804' title='bbox 3415 3917 3483 3972; x_wconf 87' lang='lat' dir='ltr'><strong>de</strong></span> <span class='ocrx_word' id='word_1_805' title='bbox 3528 3923 3711 3972; x_wconf 82' lang='lat' dir='ltr'><strong>morte</strong></span> 
     </span>
    </p>
   </div>
   <div class='ocr_carea' id='block_1_103' title="bbox 2123 4004 3713 4070">
    <p class='ocr_par' dir='ltr' id='par_1_103' title="bbox 2123 4004 3713 4070">
     <span class='ocr_line' id='line_1_103' title="bbox 2123 4004 3713 4070; baseline 0.003 -15"><span class='ocrx_word' id='word_1_806' title='bbox 2123 4010 2348 4069; x_wconf 60' lang='lat' dir='ltr'><strong>aeterna,</strong></span> <span class='ocrx_word' id='word_1_807' title='bbox 2380 4004 2449 4059; x_wconf 88' lang='lat' dir='ltr'><strong>de</strong></span> <span class='ocrx_word' id='word_1_808' title='bbox 2493 4013 2669 4060; x_wconf 83' lang='lat' dir='ltr'><strong>morte</strong></span> <span class='ocrx_word' id='word_1_809' title='bbox 2723 4004 3107 4070; x_wconf 86' lang='lat' dir='ltr'><strong>damnationis,</strong></span> <span class='ocrx_word' id='word_1_810' title='bbox 3138 4023 3260 4061; x_wconf 89' lang='lat' dir='ltr'><strong>eum</strong></span> <span class='ocrx_word' id='word_1_811' title='bbox 3294 4007 3511 4062; x_wconf 85' lang='lat' dir='ltr'><strong>diabolo</strong></span> <span class='ocrx_word' id='word_1_812' title='bbox 3538 4012 3596 4061; x_wconf 87' lang='lat' dir='ltr'><strong>et</strong></span> <span class='ocrx_word' id='word_1_813' title='bbox 3615 4021 3713 4061; x_wconf 82' lang='lat' dir='ltr'><strong>an-</strong></span> 
     </span>
    </p>
   </div>
   <div class='ocr_carea' id='block_1_104' title="bbox 2125 4090 3713 4164">
    <p class='ocr_par' dir='ltr' id='par_1_104' title="bbox 2125 4090 3713 4164">
     <span class='ocr_line' id='line_1_104' title="bbox 2125 4090 3713 4164; baseline 0.003 -18"><span class='ocrx_word' id='word_1_814' title='bbox 2125 4090 2261 4162; x_wconf 81' lang='lat' dir='ltr'><strong>gelis</strong></span> <span class='ocrx_word' id='word_1_815' title='bbox 2291 4090 2430 4160; x_wconf 89' lang='lat' dir='ltr'><strong>ejus,</strong></span> <span class='ocrx_word' id='word_1_816' title='bbox 2454 4093 2571 4164; x_wconf 84' lang='lat' dir='ltr'><strong>ipsa</strong></span> <span class='ocrx_word' id='word_1_817' title='bbox 2593 4104 2678 4150; x_wconf 90' lang='lat' dir='ltr'><strong>est</strong></span> <span class='ocrx_word' id='word_1_818' title='bbox 2699 4111 2825 4151; x_wconf 90' lang='lat' dir='ltr'><strong>vera</strong></span> <span class='ocrx_word' id='word_1_819' title='bbox 2864 4111 3028 4151; x_wconf 87' lang='lat' dir='ltr'><strong>mors.</strong></span> <span class='ocrx_word' id='word_1_820' title='bbox 3058 4095 3196 4151; x_wconf 86' lang='lat' dir='ltr'><strong>Nam</strong></span> <span class='ocrx_word' id='word_1_821' title='bbox 3237 4096 3341 4152; x_wconf 87' lang='lat' dir='ltr'><strong>ista</strong></span> <span class='ocrx_word' id='word_1_822' title='bbox 3392 4111 3544 4156; x_wconf 85' lang='lat' dir='ltr'><strong>mors</strong></span> <span class='ocrx_word' id='word_1_823' title='bbox 3587 4112 3713 4153; x_wconf 85' lang='lat' dir='ltr'><strong>eor-</strong></span> 
     </span>
    </p>
   </div>
   <div class='ocr_carea' id='block_1_105' title="bbox 2124 4183 3713 4256">
    <p class='ocr_par' dir='ltr' id='par_1_105' title="bbox 2124 4183 3713 4256">
     <span class='ocr_line' id='line_1_105' title="bbox 2124 4183 3713 4256; baseline 0.006 -18"><span class='ocrx_word' id='word_1_824' title='bbox 2124 4183 2293 4254; x_wconf 85' lang='lat' dir='ltr'><strong>poris,</strong></span> <span class='ocrx_word' id='word_1_825' title='bbox 2323 4183 2819 4256; x_wconf 69' lang='lat' dir='ltr'><strong>migratioquazdam</strong></span> <span class='ocrx_word' id='word_1_826' title='bbox 2845 4196 2928 4243; x_wconf 85' lang='lat' dir='ltr'><strong>est</strong></span> <span class='ocrx_word' id='word_1_827' title='bbox 2960 4188 3164 4244; x_wconf 86' lang='lat' dir='ltr'><strong>sanctis</strong></span> <span class='ocrx_word' id='word_1_828' title='bbox 3201 4189 3270 4243; x_wconf 88' lang='lat' dir='ltr'><strong>ad</strong></span> <span class='ocrx_word' id='word_1_829' title='bbox 3308 4190 3588 4249; x_wconf 80' lang='lat' dir='ltr'><strong>meliorem</strong></span> <span class='ocrx_word' id='word_1_830' title='bbox 3630 4195 3713 4248; x_wconf 59' lang='lat' dir='ltr'><strong>vi:</strong></span> 
     </span>
    </p>
   </div>
   <div class='ocr_carea' id='block_1_106' title="bbox 2126 4275 3710 4351">
    <p class='ocr_par' dir='ltr' id='par_1_106' title="bbox 2126 4275 3710 4351">
     <span class='ocr_line' id='line_1_106' title="bbox 2126 4275 3710 4351; baseline 0.008 -22"><span class='ocrx_word' id='word_1_831' title='bbox 2126 4284 2252 4331; x_wconf 87' lang='lat' dir='ltr'><strong>tam.</strong></span> <span class='ocrx_word' id='word_1_832' title='bbox 2284 4275 2471 4346; x_wconf 88' lang='lat' dir='ltr'><strong>lmpiis</strong></span> <span class='ocrx_word' id='word_1_833' title='bbox 2495 4290 2627 4333; x_wconf 90' lang='lat' dir='ltr'><strong>vero</strong></span> <span class='ocrx_word' id='word_1_834' title='bbox 2651 4279 2721 4334; x_wconf 88' lang='lat' dir='ltr'><strong>ad</strong></span> <span class='ocrx_word' id='word_1_835' title='bbox 2740 4294 2929 4349; x_wconf 73' lang='lat' dir='ltr'><strong>ptenas</strong></span> <span class='ocrx_word' id='word_1_836' title='bbox 2948 4290 3255 4351; x_wconf 86' lang='lat' dir='ltr'><strong>perpetuas.</strong></span> <span class='ocrx_word' id='word_1_837' title='bbox 3279 4283 3451 4350; x_wconf 86' lang='lat' dir='ltr'><strong>Quam</strong></span> <span class='ocrx_word' id='word_1_838' title='bbox 3474 4295 3710 4343; x_wconf 84' lang='lat' dir='ltr'><strong>mortem</strong></span> 
     </span>
    </p>
   </div>
   <div class='ocr_carea' id='block_1_107' title="bbox 2126 4365 3712 4439">
    <p class='ocr_par' dir='ltr' id='par_1_107' title="bbox 2126 4365 3712 4439">
     <span class='ocr_line' id='line_1_107' title="bbox 2126 4365 3712 4439; baseline 0.008 -20"><span class='ocrx_word' id='word_1_839' title='bbox 2126 4365 2217 4420; x_wconf 80' lang='lat' dir='ltr'><strong>hic</strong></span> <span class='ocrx_word' id='word_1_840' title='bbox 2248 4366 2453 4420; x_wconf 88' lang='lat' dir='ltr'><strong>veritas</strong></span> <span class='ocrx_word' id='word_1_841' title='bbox 2476 4365 2763 4439; x_wconf 84' lang='lat' dir='ltr'><strong>designare</strong></span> <span class='ocrx_word' id='word_1_842' title='bbox 2784 4369 2971 4436; x_wconf 85' lang='lat' dir='ltr'><strong>voluit,</strong></span> <span class='ocrx_word' id='word_1_843' title='bbox 2993 4386 3115 4427; x_wconf 88' lang='lat' dir='ltr'><strong>cum</strong></span> <span class='ocrx_word' id='word_1_844' title='bbox 3142 4372 3274 4429; x_wconf 90' lang='lat' dir='ltr'><strong>dicit</strong></span> <span class='ocrx_word' id='word_1_845' title='bbox 3306 4391 3319 4429; x_wconf 89' lang='lat'><strong>:</strong></span> <span class='ocrx_word' id='word_1_846' title='bbox 3353 4374 3582 4431; x_wconf 73' lang='lat' dir='ltr'><strong>Mortem</strong></span> <span class='ocrx_word' id='word_1_847' title='bbox 3602 4393 3712 4432; x_wconf 89' lang='lat' dir='ltr'><strong>non</strong></span> 
     </span>
    </p>
   </div>
   <div class='ocr_carea' id='block_1_108' title="bbox 2132 4459 2725 4519">
    <p class='ocr_par' dir='ltr' id='par_1_108' title="bbox 2132 4459 2725 4519">
     <span class='ocr_line' id='line_1_108' title="bbox 2132 4459 2725 4519; baseline 0.003 -5"><span class='ocrx_word' id='word_1_848' title='bbox 2132 4459 2333 4515; x_wconf 85' lang='lat' dir='ltr'><strong>videbit</strong></span> <span class='ocrx_word' id='word_1_849' title='bbox 2362 4460 2416 4515; x_wconf 92' lang='lat' dir='ltr'><strong>in</strong></span> <span class='ocrx_word' id='word_1_850' title='bbox 2440 4468 2725 4519; x_wconf 57' lang='lat' dir='ltr'><strong>internum.</strong></span> 
     </span>
    </p>
   </div>
   <div class='ocr_carea' id='block_1_109' title="bbox 2200 4551 3713 4635">
    <p class='ocr_par' dir='ltr' id='par_1_109' title="bbox 2200 4551 3713 4635">
     <span class='ocr_line' id='line_1_109' title="bbox 2200 4551 3713 4635; baseline 0.009 -29"><span class='ocrx_word' id='word_1_851' title='bbox 2200 4551 2464 4607; x_wconf 79' lang='lat' dir='ltr'><strong>Dixerunt</strong></span> <span class='ocrx_word' id='word_1_852' title='bbox 2514 4568 2638 4623; x_wconf 82' lang='lat' dir='ltr'><strong>ergo</strong></span> <span class='ocrx_word' id='word_1_853' title='bbox 2687 4553 2867 4609; x_wconf 67' lang='lat' dir='ltr'><strong>Juda&#39;i</strong></span> <span class='ocrx_word' id='word_1_854' title='bbox 2919 4570 2940 4608; x_wconf 88' lang='lat'><strong><em>:</em></strong></span> <span class='ocrx_word' id='word_1_855' title='bbox 2998 4557 3158 4613; x_wconf 84' lang='lat' dir='ltr'><strong>Nunc</strong></span> <span class='ocrx_word' id='word_1_856' title='bbox 3209 4561 3540 4632; x_wconf 78' lang='lat' dir='ltr'><strong>cognovimus</strong></span> <span class='ocrx_word' id='word_1_857' title='bbox 3582 4566 3713 4635; x_wconf 83' lang='lat' dir='ltr'><strong>quia</strong></span> 
     </span>
    </p>
   </div>
   <div class='ocr_carea' id='block_1_110' title="bbox 2126 4644 3716 4725">
    <p class='ocr_par' dir='ltr' id='par_1_110' title="bbox 2126 4644 3716 4725">
     <span class='ocr_line' id='line_1_110' title="bbox 2126 4644 3716 4725; baseline 0.007 -27"><span class='ocrx_word' id='word_1_858' title='bbox 2126 4644 2446 4700; x_wconf 64' lang='lat' dir='ltr'><strong>damonium</strong></span> <span class='ocrx_word' id='word_1_859' title='bbox 2496 4645 2675 4707; x_wconf 78' lang='lat' dir='ltr'><strong>habes,</strong></span> <span class='ocrx_word' id='word_1_860' title='bbox 2732 4646 2997 4702; x_wconf 77' lang='lat' dir='ltr'><strong>Abraham</strong></span> <span class='ocrx_word' id='word_1_861' title='bbox 3029 4661 3268 4707; x_wconf 85' lang='lat' dir='ltr'><strong>mortuus</strong></span> <span class='ocrx_word' id='word_1_862' title='bbox 3317 4662 3424 4717; x_wconf 85' lang='lat' dir='ltr'><strong>est,</strong></span> <span class='ocrx_word' id='word_1_863' title='bbox 3471 4662 3522 4707; x_wconf 80' lang='lat' dir='ltr'><strong>et</strong></span> <span class='ocrx_word' id='word_1_864' title='bbox 3589 4672 3716 4725; x_wconf 84' lang='lat' dir='ltr'><strong>pro-</strong></span> 
     </span>
    </p>
   </div>
   <div class='ocr_carea' id='block_1_111' title="bbox 2120 4733 3709 4809">
    <p class='ocr_par' dir='ltr' id='par_1_111' title="bbox 2120 4733 3709 4809">
     <span class='ocr_line' id='line_1_111' title="bbox 2120 4733 3709 4809; baseline 0.008 -22"><span class='ocrx_word' id='word_1_865' title='bbox 2120 4734 2306 4804; x_wconf 65' lang='lat' dir='ltr'><strong>phetat.</strong></span> <span class='ocrx_word' id='word_1_866' title='bbox 2357 4733 2426 4788; x_wconf 85' lang='lat' dir='ltr'><strong>Et</strong></span> <span class='ocrx_word' id='word_1_867' title='bbox 2465 4745 2522 4789; x_wconf 86' lang='lat' dir='ltr'><strong>tu</strong></span> <span class='ocrx_word' id='word_1_868' title='bbox 2551 4736 2716 4801; x_wconf 87' lang='lat' dir='ltr'><strong>dicis,</strong></span> <span class='ocrx_word' id='word_1_869' title='bbox 2742 4739 2789 4791; x_wconf 86' lang='lat' dir='ltr'><strong>si</strong></span> <span class='ocrx_word' id='word_1_870' title='bbox 2835 4740 2951 4809; x_wconf 84' lang='lat' dir='ltr'><strong>quis</strong></span> <span class='ocrx_word' id='word_1_871' title='bbox 2993 4755 3284 4796; x_wconf 79' lang='lat' dir='ltr'><strong>sermonem</strong></span> <span class='ocrx_word' id='word_1_872' title='bbox 3339 4760 3509 4798; x_wconf 84' lang='lat' dir='ltr'><strong>meum</strong></span> <span class='ocrx_word' id='word_1_873' title='bbox 3534 4784 3550 4809; x_wconf 94' lang='lat'><strong>,</strong></span> <span class='ocrx_word' id='word_1_874' title='bbox 3600 4754 3709 4800; x_wconf 89' lang='lat' dir='ltr'><strong>etc.</strong></span> 
     </span>
    </p>
   </div>
   <div class='ocr_carea' id='block_1_112' title="bbox 2119 4825 3714 4904">
    <p class='ocr_par' dir='ltr' id='par_1_112' title="bbox 2119 4825 3714 4904">
     <span class='ocr_line' id='line_1_112' title="bbox 2119 4825 3714 4904; baseline 0.006 -24"><span class='ocrx_word' id='word_1_875' title='bbox 2119 4825 2495 4880; x_wconf 84' lang='lat' dir='ltr'><strong>lrascebantur</strong></span> <span class='ocrx_word' id='word_1_876' title='bbox 2532 4826 2659 4896; x_wconf 88' lang='lat' dir='ltr'><strong>quia</strong></span> <span class='ocrx_word' id='word_1_877' title='bbox 2693 4826 2807 4896; x_wconf 86' lang='lat' dir='ltr'><strong>jam</strong></span> <span class='ocrx_word' id='word_1_878' title='bbox 2844 4831 3045 4885; x_wconf 82' lang='lat' dir='ltr'><strong>mortui</strong></span> <span class='ocrx_word' id='word_1_879' title='bbox 3074 4840 3233 4887; x_wconf 87' lang='lat' dir='ltr'><strong>erant</strong></span> <span class='ocrx_word' id='word_1_880' title='bbox 3255 4832 3345 4888; x_wconf 85' lang='lat' dir='ltr'><strong>illa</strong></span> <span class='ocrx_word' id='word_1_881' title='bbox 3381 4846 3559 4889; x_wconf 87' lang='lat' dir='ltr'><strong>morte</strong></span> <span class='ocrx_word' id='word_1_882' title='bbox 3591 4850 3714 4904; x_wconf 65' lang='lat' dir='ltr'><strong>qua:</strong></span> 
     </span>
    </p>
   </div>
   <div class='ocr_carea' id='block_1_113' title="bbox 2118 4917 3716 4995">
    <p class='ocr_par' dir='ltr' id='par_1_113' title="bbox 2118 4917 3716 4995">
     <span class='ocr_line' id='line_1_113' title="bbox 2118 4917 3716 4995; baseline 0.006 -24"><span class='ocrx_word' id='word_1_883' title='bbox 2118 4917 2336 4972; x_wconf 86' lang='lat' dir='ltr'><strong>vitanda</strong></span> <span class='ocrx_word' id='word_1_884' title='bbox 2374 4926 2510 4973; x_wconf 88' lang='lat' dir='ltr'><strong>erat.</strong></span> <span class='ocrx_word' id='word_1_885' title='bbox 2545 4917 2681 4974; x_wconf 85' lang='lat' dir='ltr'><strong>Nam</strong></span> <span class='ocrx_word' id='word_1_886' title='bbox 2714 4921 2861 4975; x_wconf 86' lang='lat' dir='ltr'><strong>illam</strong></span> <span class='ocrx_word' id='word_1_887' title='bbox 2893 4931 3122 4978; x_wconf 91' lang='lat' dir='ltr'><strong>mortem</strong></span> <span class='ocrx_word' id='word_1_888' title='bbox 3178 4925 3353 4981; x_wconf 87' lang='lat' dir='ltr'><strong>vitare</strong></span> <span class='ocrx_word' id='word_1_889' title='bbox 3405 4940 3511 4985; x_wconf 73' lang='lat' dir='ltr'><strong>non</strong></span> <span class='ocrx_word' id='word_1_890' title='bbox 3560 4936 3716 4995; x_wconf 85' lang='lat' dir='ltr'><strong>pote-</strong></span> 
     </span>
    </p>
   </div>
   <div class='ocr_carea' id='block_1_114' title="bbox 2126 5014 3712 5088">
    <p class='ocr_par' dir='ltr' id='par_1_114' title="bbox 2126 5014 3712 5088">
     <span class='ocr_line' id='line_1_114' title="bbox 2126 5014 3712 5088; baseline 0.006 -25"><span class='ocrx_word' id='word_1_891' title='bbox 2126 5021 2291 5074; x_wconf 89' lang='lat' dir='ltr'><strong>rant,</strong></span> <span class='ocrx_word' id='word_1_892' title='bbox 2342 5026 2448 5081; x_wconf 89' lang='lat' dir='ltr'><strong>qua</strong></span> <span class='ocrx_word' id='word_1_893' title='bbox 2514 5021 2760 5068; x_wconf 90' lang='lat' dir='ltr'><strong>mortuus</strong></span> <span class='ocrx_word' id='word_1_894' title='bbox 2809 5022 2897 5068; x_wconf 90' lang='lat' dir='ltr'><strong>est</strong></span> <span class='ocrx_word' id='word_1_895' title='bbox 2956 5014 3229 5070; x_wconf 83' lang='lat' dir='ltr'><strong>Abraham</strong></span> <span class='ocrx_word' id='word_1_896' title='bbox 3278 5024 3337 5072; x_wconf 88' lang='lat' dir='ltr'><strong>et</strong></span> <span class='ocrx_word' id='word_1_897' title='bbox 3392 5019 3669 5088; x_wconf 80' lang='lat' dir='ltr'><strong>propheta:</strong></span> <span class='ocrx_word' id='word_1_898' title='bbox 3695 5058 3712 5082; x_wconf 90' lang='lat'><strong>,</strong></span> 
     </span>
    </p>
   </div>
   <div class='ocr_carea' id='block_1_115' title="bbox 2126 5101 3716 5178">
    <p class='ocr_par' dir='ltr' id='par_1_115' title="bbox 2126 5101 3716 5178">
     <span class='ocr_line' id='line_1_115' title="bbox 2126 5101 3716 5178; baseline 0.005 -23"><span class='ocrx_word' id='word_1_899' title='bbox 2126 5101 2229 5157; x_wconf 90' lang='lat' dir='ltr'><strong>hoc</strong></span> <span class='ocrx_word' id='word_1_900' title='bbox 2256 5111 2369 5166; x_wconf 91' lang='lat' dir='ltr'><strong>est,</strong></span> <span class='ocrx_word' id='word_1_901' title='bbox 2400 5110 2629 5157; x_wconf 90' lang='lat' dir='ltr'><strong>mortem</strong></span> <span class='ocrx_word' id='word_1_902' title='bbox 2659 5104 2859 5159; x_wconf 90' lang='lat' dir='ltr'><strong>carnis.</strong></span> <span class='ocrx_word' id='word_1_903' title='bbox 2891 5104 3023 5160; x_wconf 91' lang='lat' dir='ltr'><strong>Nam</strong></span> <span class='ocrx_word' id='word_1_904' title='bbox 3050 5105 3326 5162; x_wconf 85' lang='lat' dir='ltr'><strong>Abraham</strong></span> <span class='ocrx_word' id='word_1_905' title='bbox 3350 5114 3406 5161; x_wconf 91' lang='lat' dir='ltr'><strong>et</strong></span> <span class='ocrx_word' id='word_1_906' title='bbox 3438 5108 3716 5178; x_wconf 72' lang='lat' dir='ltr'><strong>prepheue</strong></span> 
     </span>
    </p>
   </div>
   <div class='ocr_carea' id='block_1_116' title="bbox 2127 5195 3714 5266">
    <p class='ocr_par' dir='ltr' id='par_1_116' title="bbox 2127 5195 3714 5266">
     <span class='ocr_line' id='line_1_116' title="bbox 2127 5195 3714 5266; baseline 0.001 -19"><span class='ocrx_word' id='word_1_907' title='bbox 2127 5195 2181 5247; x_wconf 92' lang='lat' dir='ltr'><strong>in</strong></span> <span class='ocrx_word' id='word_1_908' title='bbox 2213 5195 2402 5263; x_wconf 78' lang='lat' dir='ltr'><strong>spiritu</strong></span> <span class='ocrx_word' id='word_1_909' title='bbox 2432 5195 2708 5260; x_wconf 87' lang='lat' dir='ltr'><strong>vivebant,</strong></span> <span class='ocrx_word' id='word_1_910' title='bbox 2741 5197 2807 5250; x_wconf 91' lang='lat' dir='ltr'><strong>de</strong></span> <span class='ocrx_word' id='word_1_911' title='bbox 2835 5197 3033 5266; x_wconf 89' lang='lat' dir='ltr'><strong>quibus</strong></span> <span class='ocrx_word' id='word_1_912' title='bbox 3056 5196 3170 5266; x_wconf 85' lang='lat' dir='ltr'><strong>ipsa</strong></span> <span class='ocrx_word' id='word_1_913' title='bbox 3201 5196 3417 5252; x_wconf 78' lang='lat' dir='ltr'><strong>Veritas</strong></span> <span class='ocrx_word' id='word_1_914' title='bbox 3437 5198 3510 5252; x_wconf 88' lang='lat' dir='ltr'><strong>ait</strong></span> <span class='ocrx_word' id='word_1_915' title='bbox 3539 5196 3551 5249; x_wconf 71' lang='grc' dir='ltr'><em>ἐ</em></span> <span class='ocrx_word' id='word_1_916' title='bbox 3592 5196 3714 5250; x_wconf 77' lang='lat' dir='ltr'><strong>Non</strong></span> 
     </span>
    </p>
   </div>
   <div class='ocr_carea' id='block_1_117' title="bbox 2126 5288 3713 5357">
    <p class='ocr_par' dir='ltr' id='par_1_117' title="bbox 2126 5288 3713 5357">
     <span class='ocr_line' id='line_1_117' title="bbox 2126 5288 3713 5357; baseline 0 -14"><span class='ocrx_word' id='word_1_917' title='bbox 2126 5299 2204 5343; x_wconf 83' lang='lat' dir='ltr'><strong>est</strong></span> <span class='ocrx_word' id='word_1_918' title='bbox 2266 5288 2403 5343; x_wconf 86' lang='lat' dir='ltr'><strong>Deus</strong></span> <span class='ocrx_word' id='word_1_919' title='bbox 2454 5298 2783 5342; x_wconf 86' lang='lat' dir='ltr'><strong>mortuorum</strong></span> <span class='ocrx_word' id='word_1_920' title='bbox 2811 5329 2827 5354; x_wconf 95' lang='lat'><strong>,</strong></span> <span class='ocrx_word' id='word_1_921' title='bbox 2869 5289 2961 5342; x_wconf 83' lang='lat' dir='ltr'><strong>sed</strong></span> <span class='ocrx_word' id='word_1_922' title='bbox 3020 5289 3250 5343; x_wconf 81' lang='lat' dir='ltr'><strong>vivorum</strong></span> <span class='ocrx_word' id='word_1_923' title='bbox 3292 5288 3521 5355; x_wconf 80' lang='lat' dir='ltr'><strong>(Matth.</strong></span> <span class='ocrx_word' id='word_1_924' title='bbox 3540 5304 3646 5343; x_wconf 78' lang='lat' dir='ltr'><strong>sxu</strong></span> <span class='ocrx_word' id='word_1_925' title='bbox 3673 5290 3713 5357; x_wconf 90' lang='lat'><strong>).</strong></span> 
     </span>
    </p>
   </div>
   <div class='ocr_carea' id='block_1_118' title="bbox 2202 5375 3719 5451">
    <p class='ocr_par' dir='ltr' id='par_1_118' title="bbox 2202 5375 3719 5451">
     <span class='ocr_line' id='line_1_118' title="bbox 2202 5375 3719 5451; baseline 0.002 -18"><span class='ocrx_word' id='word_1_926' title='bbox 2202 5377 2487 5449; x_wconf 84' lang='lat' dir='ltr'><strong>Respondit</strong></span> <span class='ocrx_word' id='word_1_927' title='bbox 2513 5376 2670 5431; x_wconf 75' lang='lat' dir='ltr'><strong>Iesus</strong></span> <span class='ocrx_word' id='word_1_928' title='bbox 2694 5390 2711 5427; x_wconf 87' lang='lat'><strong><em>:</em></strong></span> <span class='ocrx_word' id='word_1_929' title='bbox 2735 5375 2794 5431; x_wconf 91' lang='lat' dir='ltr'><strong>Si</strong></span> <span class='ocrx_word' id='word_1_930' title='bbox 2838 5395 2930 5449; x_wconf 79' lang='lat' dir='ltr'><strong>ego</strong></span> <span class='ocrx_word' id='word_1_931' title='bbox 2953 5378 3189 5450; x_wconf 81' lang='lat' dir='ltr'><strong>glorifico</strong></span> <span class='ocrx_word' id='word_1_932' title='bbox 3226 5382 3477 5449; x_wconf 79' lang='lat' dir='ltr'><strong>mcipsum</strong></span> <span class='ocrx_word' id='word_1_933' title='bbox 3498 5421 3514 5446; x_wconf 93' lang='lat'><strong>,</strong></span> <span class='ocrx_word' id='word_1_934' title='bbox 3547 5381 3719 5451; x_wconf 81' lang='lat' dir='ltr'><strong>gloria</strong></span> 
     </span>
    </p>
   </div>
   <div class='ocr_carea' id='block_1_119' title="bbox 2132 5471 3785 5544">
    <p class='ocr_par' dir='ltr' id='par_1_119' title="bbox 2132 5471 3785 5544">
     <span class='ocr_line' id='line_1_119' title="bbox 2132 5471 3785 5544; baseline -0.002 -16"><span class='ocrx_word' id='word_1_935' title='bbox 2132 5491 2247 5528; x_wconf 82' lang='lat' dir='ltr'><strong>mea</strong></span> <span class='ocrx_word' id='word_1_936' title='bbox 2278 5472 2409 5527; x_wconf 83' lang='lat' dir='ltr'><strong>nihil</strong></span> <span class='ocrx_word' id='word_1_937' title='bbox 2437 5481 2511 5526; x_wconf 86' lang='lat' dir='ltr'><strong>est</strong></span> <span class='ocrx_word' id='word_1_938' title='bbox 2537 5512 2552 5537; x_wconf 95' lang='lat'><strong>,</strong></span> <span class='ocrx_word' id='word_1_939' title='bbox 2582 5480 2658 5526; x_wconf 86' lang='lat' dir='ltr'><strong>est</strong></span> <span class='ocrx_word' id='word_1_940' title='bbox 2679 5480 2830 5543; x_wconf 81' lang='lat' dir='ltr'><strong>pater</strong></span> <span class='ocrx_word' id='word_1_941' title='bbox 2857 5490 2999 5527; x_wconf 83' lang='lat' dir='ltr'><strong>meus</strong></span> <span class='ocrx_word' id='word_1_942' title='bbox 3023 5475 3112 5544; x_wconf 87' lang='lat' dir='ltr'><strong>qui</strong></span> <span class='ocrx_word' id='word_1_943' title='bbox 3142 5471 3401 5543; x_wconf 76' lang='lat' dir='ltr'><strong>glortﬁcat</strong></span> <span class='ocrx_word' id='word_1_944' title='bbox 3422 5488 3505 5526; x_wconf 81' lang='lat' dir='ltr'><strong>me</strong></span> <span class='ocrx_word' id='word_1_945' title='bbox 3528 5512 3540 5534; x_wconf 91' lang='lat'><strong>,</strong></span> <span class='ocrx_word' id='word_1_946' title='bbox 3567 5488 3719 5540; x_wconf 74' lang='lat' dir='ltr'><strong>quem</strong></span> <span class='ocrx_word' id='word_1_947' title='bbox 3772 5525 3785 5535; x_wconf 69' lang='grc'><strong>,</strong></span> 
     </span>
    </p>
   </div>
   <div class='ocr_carea' id='block_1_120' title="bbox 2131 5564 3721 5633">
    <p class='ocr_par' dir='ltr' id='par_1_120' title="bbox 2131 5564 3721 5633">
     <span class='ocr_line' id='line_1_120' title="bbox 2131 5564 3721 5633; baseline -0.004 -11"><span class='ocrx_word' id='word_1_948' title='bbox 2131 5585 2221 5622; x_wconf 73' lang='lat' dir='ltr'><strong>vos</strong></span> <span class='ocrx_word' id='word_1_949' title='bbox 2264 5567 2485 5621; x_wconf 84' lang='lat' dir='ltr'><strong>dicitis:</strong></span> <span class='ocrx_word' id='word_1_950' title='bbox 2517 5564 2656 5632; x_wconf 83' lang='lat' dir='ltr'><strong>Quia</strong></span> <span class='ocrx_word' id='word_1_951' title='bbox 2693 5565 2836 5619; x_wconf 84' lang='lat' dir='ltr'><strong>Deus</strong></span> <span class='ocrx_word' id='word_1_952' title='bbox 2890 5576 3056 5623; x_wconf 80' lang='lat' dir='ltr'><strong>vester</strong></span> <span class='ocrx_word' id='word_1_953' title='bbox 3096 5574 3170 5619; x_wconf 70' lang='lat' dir='ltr'><strong>est</strong></span> <span class='ocrx_word' id='word_1_954' title='bbox 3197 5606 3213 5629; x_wconf 92' lang='lat'><strong>,</strong></span> <span class='ocrx_word' id='word_1_955' title='bbox 3257 5575 3303 5618; x_wconf 80' lang='lat' dir='ltr'><strong>et</strong></span> <span class='ocrx_word' id='word_1_956' title='bbox 3336 5580 3437 5618; x_wconf 84' lang='lat' dir='ltr'><strong>non</strong></span> <span class='ocrx_word' id='word_1_957' title='bbox 3478 5565 3721 5633; x_wconf 45' lang='lat' dir='ltr'><strong>regnovi‘</strong></span> 
     </span>
    </p>
   </div>
   <div class='ocr_carea' id='block_1_121' title="bbox 2132 5655 3727 5729">
    <p class='ocr_par' dir='ltr' id='par_1_121' title="bbox 2132 5655 3727 5729">
     <span class='ocr_line' id='line_1_121' title="bbox 2132 5655 3727 5729; baseline -0.004 -15"><span class='ocrx_word' id='word_1_958' title='bbox 2132 5661 2225 5714; x_wconf 88' lang='lat' dir='ltr'><strong>stis</strong></span> <span class='ocrx_word' id='word_1_959' title='bbox 2248 5675 2389 5724; x_wconf 83' lang='lat' dir='ltr'><strong>eum,</strong></span> <span class='ocrx_word' id='word_1_960' title='bbox 2416 5675 2508 5729; x_wconf 86' lang='lat' dir='ltr'><strong>ego</strong></span> <span class='ocrx_word' id='word_1_961' title='bbox 2536 5668 2712 5713; x_wconf 87' lang='lat' dir='ltr'><strong>autem</strong></span> <span class='ocrx_word' id='word_1_962' title='bbox 2736 5657 2855 5712; x_wconf 81' lang='lat' dir='ltr'><strong>novi</strong></span> <span class='ocrx_word' id='word_1_963' title='bbox 2885 5674 3023 5710; x_wconf 85' lang='lat' dir='ltr'><strong>eum.</strong></span> <span class='ocrx_word' id='word_1_964' title='bbox 3050 5656 3116 5709; x_wconf 75' lang='lat' dir='ltr'><strong>Et</strong></span> <span class='ocrx_word' id='word_1_965' title='bbox 3146 5657 3190 5709; x_wconf 90' lang='lat' dir='ltr'><strong>si</strong></span> <span class='ocrx_word' id='word_1_966' title='bbox 3218 5655 3425 5719; x_wconf 75' lang='lat' dir='ltr'><strong>dixero,</strong></span> <span class='ocrx_word' id='word_1_967' title='bbox 3455 5655 3581 5721; x_wconf 78' lang='lat' dir='ltr'><strong>quin</strong></span> <span class='ocrx_word' id='word_1_968' title='bbox 3613 5668 3727 5707; x_wconf 71' lang='lat' dir='ltr'><strong>nou</strong></span> 
     </span>
    </p>
   </div>
   <div class='ocr_carea' id='block_1_122' title="bbox 2135 5746 3723 5819">
    <p class='ocr_par' dir='ltr' id='par_1_122' title="bbox 2135 5746 3723 5819">
     <span class='ocr_line' id='line_1_122' title="bbox 2135 5746 3723 5819; baseline -0.005 -14"><span class='ocrx_word' id='word_1_969' title='bbox 2135 5752 2251 5806; x_wconf 75' lang='lat' dir='ltr'><strong>noui</strong></span> <span class='ocrx_word' id='word_1_970' title='bbox 2265 5766 2403 5819; x_wconf 85' lang='lat' dir='ltr'><strong>eum,</strong></span> <span class='ocrx_word' id='word_1_971' title='bbox 2418 5766 2507 5804; x_wconf 92' lang='lat' dir='ltr'><strong>ero</strong></span> <span class='ocrx_word' id='word_1_972' title='bbox 2530 5749 2716 5805; x_wconf 84' lang='lat' dir='ltr'><strong>similis</strong></span> <span class='ocrx_word' id='word_1_973' title='bbox 2739 5750 2879 5806; x_wconf 79' lang='lat' dir='ltr'><strong>vobis</strong></span> <span class='ocrx_word' id='word_1_974' title='bbox 2894 5747 3118 5802; x_wconf 80' lang='lat' dir='ltr'><strong>mendax</strong></span> <span class='ocrx_word' id='word_1_975' title='bbox 3134 5763 3152 5812; x_wconf 87' lang='lat'><strong><em>;</em></strong></span> <span class='ocrx_word' id='word_1_976' title='bbox 3170 5746 3259 5801; x_wconf 82' lang='lat' dir='ltr'><strong>sed</strong></span> <span class='ocrx_word' id='word_1_977' title='bbox 3271 5747 3380 5801; x_wconf 76' lang='lat' dir='ltr'><strong>scio</strong></span> <span class='ocrx_word' id='word_1_978' title='bbox 3393 5762 3534 5810; x_wconf 83' lang='lat' dir='ltr'><strong>cum,</strong></span> <span class='ocrx_word' id='word_1_979' title='bbox 3552 5755 3596 5799; x_wconf 73' lang='lat' dir='ltr'><strong>ei</strong></span> <span class='ocrx_word' id='word_1_980' title='bbox 3612 5759 3723 5799; x_wconf 71' lang='lat' dir='ltr'><strong>ser-</strong></span> 
     </span>
    </p>
   </div>
  </div>
