3994 6206
367 265 456 330 ΓΠ

1645 254 1994 319 SSIARAGDl
2035 262 2209 317 ABBA
2219 254 2326 317 TIS

3516 264 3624 325 l‘ii

366 401 387 435 ι
433 380 632 438 militer
671 388 725 437 ct
773 394 961 435 omnes
1006 371 1249 448 discipuli
1284 366 1554 432 dixerunt.
1587 366 1737 432 Tune
1783 377 1929 432 venit
1957 385 2003 442 Α
2038 392 2055 426 ς
2093 384 2147 430 et
2171 384 2291 446 post
2322 375 2557 430 trilunm
2584 370 2912 433 ramiiiicare
2939 378 3088 434 illud.
3122 380 3186 436 Et
3210 397 3440 454 surgens
3466 388 3620 455 prius

365 486 389 525 τι
429 471 587 530 Iesus
613 487 734 525 cum
770 466 876 524 illis
902 469 958 524 in
981 468 1163 523 villam
1192 484 1311 537 qua:
1335 466 1536 522 dicitur
1558 466 1927 531 Gethsemani,

371 584 386 617 ι
429 571 484 621 et
512 563 648 620 dixit
674 560 948 633 discipulis
976 561 1089 617 suis
1123 578 1135 614 :
1163 559 1359 616 Sedete
1383 560 1495 626 hic,
1532 561 1702 616 donec
1740 560 1931 615 vadam

372 671 389 705 ι
435 651 562 708 illuc
600 661 655 707 et
694 665 865 708 orem.
890 649 959 705 Et
987 657 1266 721 assumpto
1288 648 1450 706 Petro
1471 659 1528 705 et
1559 650 1768 707 duobus
1809 650 1934 706 ﬁliis

369 766 385 797 ι
433 742 694 809 Zcbedaei,
728 742 895 813 coepit
920 741 1232 798 contristari
1269 748 1325 796 ct
1353 750 1581 796 moestus
1613 755 1753 797 esse.
1780 738 1933 798 Tunc

367 856 386 888 ι
431 836 507 894 ait
532 834 676 891 illis:
708 832 904 891 Tristis
954 841 1040 889 est
1084 833 1264 889 anima
1296 845 1415 888 mea
1465 847 1636 904 usque
1687 820 1765 889 ad.
1791 848 1935 890 mor-

366 950 385 983 ‹
419 939 550 987 tem.
585 926 861 986 Sustinete
906 925 998 983 hic
1047 932 1103 981 et
1148 923 1366 996 vigilate
1400 938 1633 980 mecum.
1682 925 1752 980 Et
1807 940 1935 996 pro-

366 1041 385 1073 ι
422 1035 639 1093 gressus
663 1016 911 1090 pusillum
942 1014 1175 1086 procidit
1201 1016 1255 1070 in
1279 1014 1472 1072 faciem
1514 1032 1667 1072 suam
1692 1028 1855 1071 orans
1877 1024 1934 1072 et

365 1129 391 1161 ι
426 1106 653 1169 dicens:
685 1106 755 1165 Mi
781 1106 946 1163 Pater
974 1147 990 1174 ,
1015 1107 1060 1163 si
1095 1106 1352 1177 possibile
1385 1115 1489 1173 est,
1515 1114 1755 1162 transeat
1788 1120 1820 1161 a
1846 1122 1934 1162 me

364 1219 382 1252 ι
428 1201 567 1256 calix
596 1201 719 1257 iste.
764 1196 1150 1256 Verumtamen
1183 1213 1289 1252 non
1325 1197 1466 1252 sicut
1514 1211 1613 1268 ego
1647 1196 1768 1251 volo
1793 1236 1807 1262 ,
1838 1195 1935 1250 sed

365 1312 384 1343 ο
408 1272 570 1349 ἐἰουι
590 1300 667 1347 tu.
700 1291 767 1347 Et
789 1291 939 1347 venit
960 1291 1027 1345 ad
1050 1289 1342 1363 discipulos
1377 1305 1506 1345 suos
1532 1297 1587 1344 et
1608 1288 1816 1344 invenit
1838 1305 1935 1345 eos

362 1402 381 1434 ι
427 1381 771 1449 dormientes.
799 1382 866 1436 Et
890 1381 1023 1437 dicit
1055 1380 1217 1436 Petro
1250 1400 1262 1435 :
1297 1378 1389 1436 Sic
1417 1396 1523 1435 non
1553 1380 1806 1450 potuistis
1826 1396 1934 1435 una

358 1460 382 1527 ¹ι
424 1470 558 1539 hora
603 1470 828 1546 vigilare
854 1471 1111 1528 mecum?
1151 1472 1378 1543 Vigilate
1405 1480 1460 1527 et
1494 1480 1647 1527 orate
1674 1513 1689 1538 ,
1718 1480 1779 1528 ut
1825 1488 1931 1528 non

366 1583 385 1616 ι
430 1563 641 1619 intretis
667 1562 719 1617 in
752 1562 1127 1617 tentationem.
1159 1561 1393 1633 Spiritus
1410 1561 1627 1631 quidem
1655 1571 1935 1633 promptus

360 1676 379 1708 ι
426 1664 510 1711 est
540 1696 554 1722 ,
584 1671 711 1710 caro
762 1664 944 1709 autem
973 1653 1206 1708 inﬁrma.
1246 1652 1443 1709 lterum
1475 1653 1711 1708 secundo
1752 1652 1931 1718 abiit,

2036 485 2053 517 ι
2089 480 2217 535 ceps
2245 466 2616 529 sacerdotum,
2649 467 2726 521 ait
2768 468 2844 522 illi
2876 478 2893 522 ξ
2926 468 3071 525 Nihil
3105 473 3401 542 respondes
3442 474 3512 530 ad
3554 490 3621 530 ea

2035 573 2056 608 ι
2088 570 2209 626 quae
2256 555 2346 611 isti
2397 557 2789 613 testificantur?
2832 556 2991 616 Iesus
3038 571 3223 619 autem
3266 566 3497 622 tacebat.
3554 569 3621 624 Et

2037 663 2055 697 ι
2085 646 2338 717 princeps
2360 648 2706 703 sacerdotum
2742 649 2821 705 ait
2844 649 2925 705 illi
2958 667 2974 705 :
3005 651 3213 724 Adiuro
3242 664 3295 710 te
3322 671 3421 726 per
3450 658 3620 714 Deam

2036 755 2058 788 ο
2087 736 2294 804 vivum,
2324 745 2384 793 ut
2410 739 2559 794 dich
2586 740 2766 807 nobis,
2798 743 2931 797 situ
2957 758 3017 800 es
3041 726 3295 803 Christus
3325 749 3466 806 illius
3501 751 3617 807 Dei.

2036 848 2056 881 ς
2089 827 2237 885 Dixit
2269 828 2346 886 illi
2380 830 2578 888 Iesus:
2610 831 2688 886 Tu
2719 833 2924 889 dixisti.
2952 834 3340 895 Verumtamen
3378 841 3501 898 dico
3527 858 3619 899 γοα

2035 937 2056 971 ‹
2090 919 2176 975 bis
2219 936 2238 975 :
2287 919 2497 977 Amodo
2543 923 2796 980 videbitis
2837 922 3006 982 lilium
3043 929 3281 985 hominis
3338 934 3621 990 sedentem

2036 1027 2056 1060 ι
2089 1022 2121 1066 a
2162 1010 2369 1067 dextris
2409 1013 2629 1069 virtutis
2666 1015 2793 1082 Del,
2836 1024 2894 1071 et
2933 1018 3243 1074 venientem
3288 1021 3344 1076 in
3387 1024 3622 1081 nubilum

2038 1115 2058 1149 ι
2093 1098 2239 1155 cali.
2270 1100 2421 1156 'l'unc
2441 1102 2695 1173 princeps
2720 1106 3059 1161 sacerdotum
3098 1108 3268 1164 scidit
3298 1114 3625 1170 vestimenta

2040 1207 2058 1239 σ
2092 1203 2191 1244 sua
2237 1190 2424 1246 dicens
2466 1209 2479 1245 :
2526 1191 2959 1264 Blasphemavit,
3000 1198 3130 1268 quid
3173 1196 3353 1256 adhuc
3398 1216 3627 1274 egemus

2040 1297 2060 1330 ι
2092 1279 2362 1336 testibus?
2404 1280 2540 1337 Ecce
2579 1299 2723 1339 nunc
2760 1285 2991 1342 audistis
3027 1287 3437 1359 blasphemiam.
3482 1293 3621 1361 Quid

2040 1389 2059 1420 σ
2090 1368 2244 1426 vobis
2268 1371 2515 1427 videtur?
2530 1372 2603 1427 At
2624 1374 2702 1430 illi
2728 1379 3132 1448 respondentes,
3156 1383 3451 1441 dixerunt?
3468 1387 3621 1444 Reus

2039 1479 2057 1512 ι
2091 1468 2176 1516 est
2196 1462 2405 1518 mortis.
2436 1463 2595 1519 Tune
2625 1476 2928 1536 expuerunt
2956 1470 3009 1524 in
3030 1469 3229 1527 faciem
3248 1473 3383 1542 ejus,
3404 1479 3624 1534 etcola-

2040 1568 2065 1601 ι
2092 1550 2214 1619 phis
2240 1564 2365 1606 eum
2408 1554 2740 1619 ceciderunt,
2775 1557 2865 1611 alii
2896 1568 3073 1615 autem
3103 1562 3396 1631 palmasin
3426 1566 3651 1635 faciem,

2041 1660 2067 1690 ι
2094 1640 2213 1710 ejus
2255 1641 2540 1708 dederunt,
2570 1645 2814 1703 dicentes
2841 1665 2855 1702 :
2891 1648 3212 1721 Prophetiza
3242 1655 3419 1723 nobis,
3438 1684 3441 1689 -
3462 1657 3623 1715 Chri-

332 1769 378 1819 γι
425 1757 481 1805 ct
505 1748 683 1803 oravit
748 1745 975 1803 dicens:
1011 1744 1173 1800 Pater
1221 1744 1337 1810 mi,
1382 1744 1433 1799 si
1472 1760 1578 1800 non
1618 1752 1797 1815 potest
1843 1744 1930 1799 hic

2039 1748 2061 1781 σ
2092 1737 2201 1795 ste,
2224 1732 2349 1801 quis
2371 1741 2456 1788 est
2482 1735 2575 1803 qui
2605 1745 2657 1790 te
2679 1732 2987 1806 percussit?
3022 1740 3218 1800 Petrus
3242 1756 3374 1802 vero
3396 1748 3624 1804 sedebat

360 1860 379 1891 ι
426 1839 569 1895 calix
591 1836 824 1893 transire
853 1836 958 1893 nisi
986 1835 1167 1891 bibam
1195 1835 1344 1889 illum
1370 1875 1393 1901 ,
1424 1834 1521 1889 llat
1547 1836 1797 1890 voluntas
1814 1841 1951 1888 tua..

359 1920 383 1981 to
425 1927 492 1985 Et
516 1927 667 1984 venit
687 1926 907 1991 iterum,
939 1933 996 1981 et
1016 1924 1222 1980 invenit
1251 1938 1346 1979 eos
1374 1924 1727 1979 dormientes.
1760 1923 1933 1978 Erant

354 2036 375 2070 ι
420 2024 601 2074 autem
627 2016 769 2072 oculi
796 2030 981 2070 eorum
1012 2014 1240 2087 gravati.
1273 2015 1342 2070 Et
1361 2014 1565 2070 relictis
1591 2014 1930 2081 illis,iterutn

357 2127 374 2159 ι
421 2107 629 2163 abiitet
656 2106 834 2162 oravit
859 2106 1021 2162 tertio
1059 2106 1308 2161 eumdem
1341 2122 1648 2162 sermonem
1700 2100 1925 2162 dicens:

356 2216 375 2248 ι
425 2195 578 2252 Tunc
597 2197 746 2252 venit
769 2198 837 2251 ad
867 2196 1161 2266 discipulos
1183 2212 1342 2264 suos,
1365 2206 1421 2254 et
1447 2197 1585 2253 dixit
1617 2198 1759 2255 illis:
1794 2200 1929 2253 Dor-

353 2305 373 2338 s
410 2288 542 2343 mite
584 2294 641 2344 et
693 2285 1039 2361 requiescite.
1079 2285 1218 2342 Ecce
1269 2288 1722 2361 appropinquavit
1774 2289 1929 2354 hora,

352 2400 370 2433 ι
409 2387 465 2436 ct
503 2378 645 2437 illius
680 2377 918 2435 hominis
960 2377 1205 2435 tradetur
1239 2376 1293 2433 in
1331 2395 1526 2435 manus
1560 2390 1928 2449 peccatorum.

353 2491 371 2524 ι
411 2470 625 2542 Surgite
650 2484 859 2534 eamus,
904 2482 1032 2526 ecce
1073 2469 1523 2542 appmpinquavit
1561 2470 1653 2541 qui
1694 2486 1778 2525 me
1820 2480 1933 2525 tra-

354 2580 372 2611 c
412 2561 520 2616 det.
549 2558 742 2615 Adhuc
768 2573 835 2615 eo
868 2557 1147 2630 loquente,
1173 2573 1300 2614 ecce
1324 2557 1509 2624 Iudas,
1549 2576 1685 2615 unus
1711 2561 1776 2615 de
1802 2560 1936 2616 duo-

353 2670 372 2703 ς
409 2649 606 2716 decim,
638 2648 810 2715 venit,
838 2656 894 2706 et
921 2664 1047 2705 cum
1073 2662 1138 2704 eo
1169 2650 1325 2704 turba
1360 2649 1560 2715 multa,
1590 2665 1711 2705 cum
1741 2649 1934 2721 gladiis

355 2761 372 2793 c
410 2751 465 2797 et
490 2740 745 2808 fustibus,
772 2741 923 2796 missi
953 2755 984 2795 a
1009 2740 1343 2813 principibus
1388 2742 1728 2811 sacerdotum
1759 2750 1814 2798 et
1848 2759 1934 2798 se-

352 2851 370 2884 ι
408 2832 654 2889 nioribus
696 2828 900 2904 populi.
951 2830 1053 2899 Qui
1097 2838 1278 2886 autem
1325 2831 1543 2887 tradidit
1587 2846 1740 2894 eum,
1788 2831 1935 2888 dedit

351 2943 369 2975 ι
404 2924 511 2980 illis
536 2924 769 2996 signum,
792 2923 1014 2980 dicens:
1042 2922 1428 2995 Quemcunque
1453 2924 1727 2981 osculatus
1758 2923 1930 2990 fuero,

349 3038 376 3072 ιτ
405 3018 520 3094 ipse
560 3025 677 3083 est,
724 3025 904 3074 tenete
947 3033 1094 3074 cum.
1138 3018 1208 3073 Et
1245 3017 1529 3074 confestim
1568 3019 1831 3073 accedens
1867 3018 1934 3073 ad

2039 1842 2058 1873 ι
2092 1820 2225 1878 foris
2257 1824 2310 1878 in
2339 1825 2500 1881 atrio.
2538 1826 2606 1881 Et
2630 1829 2864 1884 accessit
2890 1831 2958 1886 ad
2986 1848 3109 1888 eum
3144 1849 3252 1890 una
3292 1838 3510 1905 ancilla,
3534 1841 3623 1895 di-

2040 1932 2058 1964 s
2091 1929 2221 1970 cens
2247 1932 2261 1969 :
2293 1915 2359 1970 Et
2384 1924 2442 1969 tu
2467 1931 2591 1972 cum
2617 1917 2840 1976 Gali’laeo
2874 1923 3035 1978 eras?
3059 1910 3131 1980 At
3158 1926 3249 1999 ille
3285 1931 3500 1999 negavit
3526 1945 3621 1986 co-

2039 2023 2058 2056 ε
2093 2020 2208 2060 ram
2250 2006 2503 2063 omnibus
2531 2009 2756 2065 dicens:
2792 2011 2985 2069 Nescio
3021 2018 3152 2087 quid
3191 2019 3345 2076 dicis.
3379 2016 3623 2079 Exeunte

2040 2112 2059 2145 ο
2094 2102 2275 2150 autem
2313 2094 2404 2151 illo
2424 2095 2676 2166 jannam,
2722 2102 2857 2157 vidit
2888 2119 3012 2160 eum
3052 2107 3156 2162 alia
3189 2110 3415 2178 ancilla,
3450 2106 3515 2169 et
3544 2115 3622 2169 ait

2039 2202 2057 2234 ι
2092 2184 2178 2240 his
2201 2186 2294 2256 qui
2321 2197 2480 2242 erant
2504 2188 2578 2243 ibi
2605 2208 2618 2243 :
2648 2191 2718 2245 Et
2750 2192 2839 2248 hic
2860 2206 2980 2250 erat
3006 2211 3131 2251 cum
3156 2196 3289 2255 Iesu
3310 2199 3616 2258 Nazarene.

2038 2292 2059 2325 ι
2092 2275 2162 2330 Et
2199 2275 2396 2331 iterum
2435 2280 2651 2351 negavit
2676 2297 2801 2337 eum
2834 2282 3171 2354 iuramento,
3197 2292 3323 2361 quia
3348 2306 3465 2348 non
3490 2295 3627 2349 novi

2039 2383 2058 2417 ι
2090 2367 2384 2423 hominem.
2431 2369 2498 2424 Et
2541 2382 2664 2441 post
2697 2375 2974 2444 pusillum,
3003 2392 3353 2439 accesserunt
3388 2386 3483 2455 qui
3523 2388 3611 2441 ad-

2040 2472 2058 2505 ε
2092 2456 2337 2520 stabant,
2355 2466 2411 2512 et
2438 2459 2697 2516 dixerunt
2727 2462 2905 2521 Petro.
2940 2468 3099 2535 Vere,
3126 2479 3182 2525 et
3218 2480 3273 2527 tu
3307 2476 3512 2532 exiliis
3537 2494 3624 2543 es,

2041 2563 2060 2596 ι
2094 2561 2220 2600 nam
2246 2555 2305 2602 et
2331 2548 2541 2619 loquela
2571 2560 2660 2607 tua
2688 2555 3032 2614 manifestum
3059 2570 3110 2616 te
3145 2560 3290 2618 facit.
3327 2564 3479 2622 Tune
3503 2582 3619 2623 ete-

2039 2653 2065 2685 s
2090 2637 2179 2707 pit-
2203 2639 2463 2696 detestari
2489 2652 2546 2699 et
2559 2642 2747 2712 iurare
2770 2649 2894 2717 quia
2916 2665 3025 2706 non
3056 2654 3294 2710 novisset
3317 2656 3620 2715 hominem.

2039 2746 2067 2779 ιι
2093 2728 2161 2784 Et
2192 2732 2453 2788 continuo
2477 2737 2721 2791 cantavit
2752 2739 2941 2809 gallus.
2971 2741 3040 2799 Et
3068 2744 3383 2804 recordatus
3403 2758 3489 2805 est
3514 2749 3623 2805 Pe-

2039 2839 2059 2870 ι
2095 2828 2213 2876 trus
2247 2824 2397 2879 verbi
2435 2823 2564 2881 Iesu
2602 2829 2747 2897 quod
2787 2829 2997 2887 dixerat
3042 2847 3058 2887 :
3097 2833 3421 2907 Priusquam
3453 2840 3624 2909 gallus

2040 2930 2063 2964 ι
2093 2922 2303 2979 cantet,
2342 2924 2426 2970 ter
2470 2932 2559 2972 me
2604 2922 2845 2990 negabis.
2889 2922 2958 2978 Et
2997 2938 3247 2996 egressus
3288 2929 3437 2986 foras
3478 2931 3625 2988 licvit

2037 3023 2061 3056 ι
2094 3020 2299 3061 amare.
2335 3006 2491 3064 Mane
2519 3019 2700 3066 autem
2728 3011 2895 3080 facto,
2927 3017 3210 3073 consilium
3241 3020 3478 3078 inierunt
3501 3038 3622 3079 om-

350 3129 373 3162 s
402 3108 630 3178 Iesum,
661 3110 799 3165 dixit
828 3127 842 3164 :
874 3108 1003 3173 Ave,
1029 3108 1225 3176 Rabbi,
1261 3119 1318 3166 et
1355 3109 1629 3166 osculatus
1666 3118 1750 3165 est
1783 3126 1927 3176 eum,

2039 3113 2058 3145 ι
2095 3109 2191 3150 nes
2234 3097 2506 3169 principes
2548 3102 2918 3171 sacerdotum,
2964 3116 3023 3162 et
3068 3109 3316 3167 seniores
3361 3115 3622 3171 adversus

349 3219 372 3253 ι
402 3201 647 3273 dixitque
707 3198 783 3256 illi
849 3197 1009 3254 Iesus
1057 3216 1070 3253 :
1120 3199 1341 3265 Amice,
1407 3199 1475 3255 ad
1522 3200 1651 3271 quid
1698 3200 1930 3256 venisti?

348 3312 367 3346 ι
403 3292 557 3350 Tunc
584 3299 965 3356 accesserunt,
1003 3299 1059 3346 et
1094 3307 1283 3347 manus
1324 3290 1624 3362 iniecerunt
1659 3293 1713 3348 in
1743 3292 1929 3349 Iesum

349 3402 367 3435 ς
401 3392 457 3438 et
486 3389 779 3439 tenuerunt
813 3397 956 3437 eum.
996 3381 1064 3441 Et
1090 3397 1217 3438 ecce
1255 3399 1394 3439 unus
1419 3399 1485 3440 ex
1527 3384 1612 3439 his
1647 3385 1736 3454 qui
1774 3392 1933 3441 erant

349 3495 376 3531 ι
402 3490 525 3531 cum
560 3470 685 3531 Iesu
704 3513 719 3540 ,
750 3474 1049 3529 extendens
1079 3490 1297 3531 manum
1326 3475 1527 3530 exemit
1561 3475 1794 3547 gladium
1813 3516 1829 3541 ,
1876 3484 1934 3531 et

349 3586 371 3620 ι
401 3567 711 3640 percutiens
738 3580 958 3623 servum
982 3566 1257 3639 principis
1276 3569 1615 3623 sacerdotum
1637 3608 1652 3634 ,
1685 3577 1932 3640 amputa-

270 3702 281 3710 .
347 3677 373 3710 ι
402 3659 483 3715 vit
516 3658 812 3714 auriculam
842 3656 979 3729 eius.
1021 3657 1173 3713 Tunc
1207 3659 1285 3714 ait
1320 3658 1396 3715 illi
1435 3658 1593 3716 Iesus
1620 3678 1632 3714 :
1665 3659 1931 3717 Converte

348 3769 366 3803 ι
403 3750 645 3824 gladium
682 3758 831 3804 tuum
875 3749 928 3805 in
977 3748 1155 3807 locum
1197 3765 1372 3814 suum,
1416 3766 1609 3807 omnes
1650 3751 1795 3807 cnim
1835 3750 1929 3823 qui

349 3864 379 3894 ι
405 3841 715 3914 acceperint
744 3840 979 3915 gladian
1006 3840 1184 3912 gladio
1208 3841 1480 3911 peribunt.
1509 3841 1592 3896 An
1617 3843 1928 3915 putasquia

349 3952 371 3982 ι
404 3947 512 3989 non
556 3946 777 4005 possum
822 3945 1016 4002 rogare
1055 3930 1268 3988 Patrem
1314 3946 1514 4000 meum,
1557 3941 1614 3987 et
1654 3932 1931 3989 exhibebit

349 4044 367 4076 ι
404 4022 538 4080 mihi
577 4024 736 4078 melo
773 4021 894 4096 plus
928 4038 1090 4093 quam
1122 4023 1401 4080 duodecim
1440 4025 1682 4097 legiones
1713 4026 1932 4098 angelo-

350 4135 375 4167 ι-
406 4115 566 4171 rum?
597 4114 877 4184 Quomodo
903 4130 1032 4186 ergo
1058 4113 1423 4185 implebuntur
1439 4116 1765 4187 Scriptum?
1800 4121 1927 4188 quia

349 4228 367 4256 ι
405 4208 483 4263 sic
510 4215 731 4278 oportet
764 4205 899 4270 lleri.
940 4204 998 4285 lu
1039 4205 1129 4262 illa
1170 4207 1304 4262 hora
1334 4206 1470 4262 dixit
1505 4207 1664 4265 Iesus
1702 4209 1877 4265 turbis
1909 4226 1924 4264 :

352 4320 374 4348 ι
409 4298 787 4371 'l‘anqnamad
818 4298 1085 4353 latronem
1113 4299 1302 4354 existis
1330 4315 1452 4354 cum
1478 4298 1669 4370 gladiis
1691 4310 1748 4355 et
1775 4300 1930 4356 fusti-

351 4411 377 4441 ε.
406 4392 507 4446 bus
534 4369 992 4461 comprehendere
1030 4406 1145 4456 me,
1186 4391 1424 4462 quotidie
1463 4369 1604 4462 apud
1639 4407 1735 4447 vos
1774 4393 1928 4448 sede-

351 4503 368 4533 ‹
407 4484 531 4538 bam
570 4483 768 4539 docens
804 4482 857 4536 in
898 4480 1113 4553 templo,
1151 4489 1206 4536 et
1234 4497 1339 4536 non
1380 4496 1465 4537 me
1504 4483 1781 4538 tenuistis.
1814 4481 1927 4537 Hoc

352 4592 368 4623 ι
403 4582 581 4628 autem
609 4580 779 4626 totum
811 4569 1018 4627 factum
1035 4578 1137 4638 est,
1162 4579 1222 4625 ut
1264 4570 1616 4641 implerentur
1634 4571 1928 4642 Scriptum

352 4683 368 4709 ι
406 4663 813 4735 prophetarum.
874 4661 1025 4717 Tunc
1081 4661 1331 4732 discipuli
1375 4676 1595 4728 omnes,
1636 4662 1821 4718 relicto
1861 4678 1927 4718 eo

352 4774 369 4805 ε
407 4754 679 4826 fugerunt.
720 4752 793 4808 At
826 4751 900 4808 illi
953 4760 1196 4808 tenentes
1231 4751 1450 4817 Iesum,
1489 4750 1760 4807 duxerunt
1801 4767 1925 4808 eum

351 4864 369 4893 ε
403 4844 471 4899 ad
498 4842 754 4916 Caipham
774 4884 789 4909 ,
818 4841 1114 4914 principem
1141 4843 1506 4908 sacerdotum,
1535 4842 1623 4899 ubi
1652 4841 1844 4897 scriba:
1872 4851 1929 4897 et

351 4934 646 4990 «seniores
696 4942 1076 4990 convenerant.
1128 4934 1320 4991 Petrus
1370 4944 1549 4991 autem
1600 4935 1926 5005 sequebatur

353 5044 377 5074 ι
405 5039 528 5078 cum
558 5039 591 5079 a
621 5024 798 5095 longe,
841 5039 1010 5094 usque
1049 5024 1102 5081 in
1143 5025 1340 5080 atrium
1381 5025 1641 5096 principis
1675 5027 1925 5082 sacerdo-

351 5133 369 5164 ε
407 5122 538 5187 tum.
570 5112 638 5167 Et
666 5113 939 5185 ingressus
968 5114 1128 5182 intro,
1161 5114 1384 5171 sedebat
1416 5130 1537 5170 cum
1572 5117 1832 5172 ministris
1865 5127 1926 5174 ut

352 5222 370 5252 ι
407 5200 612 5257 videret
670 5199 850 5257 linem.
912 5203 1188 5275 Principes
1243 5214 1424 5261 autem
1471 5208 1811 5265 sacerdotum
1871 5218 1926 5264 et

353 5312 381 5343 ο
405 5307 567 5375 opino
629 5290 913 5377 concilium
967 5296 1280 5365 qumrebant
1321 5295 1513 5352 falsum
1562 5300 1922 5357 testimonium

353 5405 371 5437 ε
406 5378 594 5440 contra
621 5378 914 5449 Iesum,nt
938 5398 1062 5441 eum
1093 5387 1252 5442 morti
1284 5389 1575 5446 traderent.
1611 5391 1677 5446 Et
1711 5409 1814 5447 non
1846 5394 1926 5448 in-

357 5497 371 5528 ι
412 5485 706 5544 venerunt,
734 5492 859 5533 cum
885 5477 1036 5533 multi
1069 5477 1187 5533 falsi
1221 5488 1385 5538 testes
1417 5484 1786 5541 accessissent.
1821 5484 1927 5541 No-

355 5591 373 5621 ι
409 5571 625 5628 vissime
659 5580 839 5626 autem
872 5583 1134 5627 venerunt
1166 5572 1273 5628 duo
1307 5573 1424 5629 l'alsi
1460 5583 1655 5643 testes,
1689 5588 1744 5633 et
1777 5578 1926 5635 dixe-

413 5671 574 5716 runt:
610 5663 706 5718 llic
736 5665 869 5719 dixit
905 5682 916 5717 :
959 5664 1178 5719 missum
1220 5668 1493 5724 destruere
1520 5672 1775 5736 l0lll':itlm
1809 5671 1921 5738 Dei,

2038 3204 2059 3237 c
2089 3184 2301 3249 Iesum.
2337 3198 2397 3244 ut
2422 3205 2545 3245 eum
2588 3195 2743 3249 morti
2788 3196 3083 3254 traderent.
3128 3200 3197 3255 Et
3242 3203 3483 3260 vinctum
3524 3208 3621 3261 ad-

2035 3294 2055 3327 ι
2087 3276 2358 3335 duxerunt
2386 3286 2509 3336 eum
2529 3321 2543 3348 ,
2577 3293 2633 3339 et
2666 3287 3005 3343 tradiderunt
3044 3290 3238 3348 Pontio
3268 3292 3442 3352 Pilato
3483 3310 3621 3366 pra:-

2037 3393 2055 3426 t
2090 3376 2213 3431 sidi.
2247 3377 2400 3434 Tune
2440 3380 2633 3436 videns
2658 3380 2848 3449 Iudas,
2888 3386 2983 3454 qui
3023 3401 3146 3442 eum
3190 3390 3439 3457 tradidit,
3475 3394 3620 3461 quod

2037 3482 2056 3515 α
2089 3466 2377 3523 damnatus
2403 3479 2567 3535 esset,
2596 3474 2913 3541 pmnitentia
2940 3476 3152 3544 ductus,
3182 3480 3367 3535 retulit
3394 3482 3620 3553 triginta

2035 3571 2056 3605 ς
2089 3566 2376 3626 argenteos
2421 3558 2756 3629 principibus
2800 3566 3145 3621 sacerdotum
3190 3577 3245 3624 et
3292 3571 3619 3637 senioribus,

2034 3663 2057 3696 ι
2091 3645 2281 3702 dicens
2313 3665 2326 3701 :
2358 3648 2617 3715 Peccavi,
2665 3653 2882 3707 tradens
2924 3658 3237 3727 sanguinem
3275 3659 3504 3731 justum.
3547 3664 3622 3718 At
3728 3705 3741 3711 -

2036 3754 2053 3787 α
2089 3737 2163 3791 illi
2196 3738 2492 3794 dixerunt:
2528 3739 2672 3807 Quid
2711 3745 2779 3797 ad
2821 3746 2957 3800 nos?
2995 3746 3076 3801 Tu
3120 3748 3338 3806 videris.
3384 3752 3454 3807 Et
3492 3769 3621 3824 pro-

2033 3845 2054 3878 ε
2081 3827 2243 3897 jectis
2278 3830 2552 3900 argenteis
2582 3832 2634 3886 in
2666 3834 2884 3905 ternplo,
2920 3840 3176 3906 recessit,
3218 3850 3274 3897 et
3312 3843 3500 3900 abiens
3538 3844 3621 3901 la-

2035 3936 2053 3970 c
2087 3934 2227 3988 queo
2248 3935 2306 3974 se
2326 3924 2623 3992 suspendit.
2640 3924 2919 3996 Principes
2944 3939 3125 3984 autem
3150 3935 3512 4002 sacerdotum,
3528 3951 3620 3992 ac-

2033 4028 2059 4060 ι.
2085 4011 2259 4080 ceptis
2279 4014 2571 4081 algenteis,
2597 4016 2850 4072 dixerunt
2874 4036 2888 4072 :
2910 4018 3037 4074 Non
3054 4019 3180 4077 licet
3207 4024 3423 4081 mittere
3444 4040 3539 4083 eos
3564 4027 3618 4082 in

2033 4120 2053 4152 σ
2084 4103 2397 4168 corbomm,
2421 4106 2547 4174 quia
2575 4108 2808 4177 pretium
2836 4112 3113 4181 sanguinis
3133 4122 3234 4168 est.
3261 4115 3507 4174 Consilio
3524 4125 3620 4175 au-

2035 4210 2061 4241 ι
2088 4203 2197 4249 tem
2228 4194 2384 4261 inito,
2412 4207 2662 4252 emerunt
2688 4213 2757 4253 ex
2785 4199 2901 4255 illis
2919 4214 3107 4270 agrum
3135 4203 3311 4276 liguli,
3345 4206 3399 4262 in
3438 4210 3623 4280 sepul-

2033 4301 2059 4336 ι
2087 4294 2264 4341 turam
2290 4289 2722 4358 peregrinorum.
2748 4290 2977 4362 Propter
3000 4294 3104 4350 hoc
3129 4306 3354 4353 vocatus
3378 4308 3464 4354 est
3489 4315 3622 4372 ager

2034 4393 2053 4425 s
2091 4374 2182 4430 ille
2207 4376 2626 4443 Acheldemach,
2650 4380 2754 4435 hoc
2779 4389 2883 4446 est,
2900 4396 3030 4453 ager
3053 4386 3333 4456 sanguinis
3362 4404 3539 4460 usque
3563 4391 3617 4444 in

1952 4450 2006 4509 D
2035 4482 2064 4514 α»
2091 4463 2410 4520 hodiernum
2437 4466 2602 4522 diemt
2636 4469 2789 4525 Tune
2824 4450 3103 4541 impletum
3134 4450 3216 4529 est
3243 4478 3385 4545 quod
3415 4450 3623 4536 dictum

2036 4571 2063 4603 α.
2091 4563 2206 4620 est,
2238 4570 2337 4625 per
2362 4555 2685 4613 Hieremiam
2712 4561 3055 4632 prophetam,
3088 4565 3356 4622 dicentem
3389 4583 3405 4619 :
3434 4570 3501 4623 Et
3526 4584 3618 4627 ac-

2034 4664 2057 4697 c
2091 4660 2351 4717 ceperunt
2395 4651 2617 4723 triginta
2666 4661 2974 4723 argenteos,
3017 4658 3252 4727 pretium
3297 4660 3605 4730 appretiati,

2033 4756 2059 4789 ι
2087 4753 2248 4809 quem
2282 4743 2722 4811 appretiavernnt
2746 4760 2777 4800 a
2796 4746 2923 4802 ﬁliis
2946 4747 3135 4814 Israel,
3154 4759 3211 4805 et
3235 4751 3499 4809 dedemnt
3521 4768 3631 4811 eos.

2031 4847 2050 4879 ι
2087 4828 2146 4883 in
2167 4844 2358 4902 agrum
2386 4831 2553 4903 ﬁguli,
2582 4835 2725 4891 sicut
2748 4838 3039 4894 constituit.
3058 4841 3203 4896 mihi
3221 4841 3500 4907 Dominus.
3525 4843 3616 4902 Ie-

2037 4937 2055 4968 (
2091 4934 2185 4974 sus
2224 4930 2405 4976 autem
2447 4924 2602 4978 stetit
2641 4934 2769 4982 ante
2810 4927 3115 4997 pmsidem.
3157 4930 3222 4985 Et
3262 4932 3617 5006 interrogavit

2037 5026 2055 5057 ε
2092 5024 2213 5062 eum
2244 5024 2446 5078 przeses
2484 5013 2671 5070 dicens
2704 5033 2715 5068 :
2751 5015 2830 5070 Tu
2867 5032 2927 5072 es
2968 5033 3062 5073 rex
3100 5018 3447 5078 Iudaeorum?
3475 5024 3619 5080 Dicit

2036 5119 2057 5152 ι
2093 5102 2143 5159 ei
2166 5102 2326 5160 Iesus
2354 5124 2366 5161 ;
2398 5106 2476 5160 'l‘u
2502 5107 2657 5164 dicis.
2691 5109 2907 5177 Etcum
2928 5121 3277 5169 accusaretur
3300 5129 3332 5170 a
3360 5116 3618 5187 principi-

2037 5212 2056 5245 ι
2092 5194 2194 5250 bus
2242 5197 2580 5254 sacerdotum
2629 5210 2685 5254 et
2738 5202 3076 5269 senioribus,
3132 5205 3265 5260 nihil
3315 5210 3625 5278 respondit..

2036 5305 2056 5339 ς
2092 5284 2245 5345 Tunc
2279 5290 2413 5345 dicit
2445 5290 2526 5344 illi
2554 5290 2761 5348 Pilatus
2794 5311 2807 5346 :
2848 5293 2962 5349 Non
2998 5296 3154 5353 audis
3188 5308 3388 5368 quanta
3421 5300 3621 5354 adver-

2031 5395 2050 5430 α
2085 5396 2204 5436 sum
2234 5391 2289 5437 te
2315 5383 2503 5437 dicimt
2531 5384 2880 5439 testimonia?
2910 5386 2975 5442 Et
3007 5403 3113 5442 non
3142 5386 3419 5459 respondit
3455 5391 3506 5446 ei
3547 5392 3617 5445 ad

2032 5488 2051 5521 ι
2088 5470 2253 5526 ulhmi
2284 5473 2507 5526 verbum
2526 5514 2539 5534 ,
2578 5473 2651 5528 ita
2680 5483 2742 5528 ut
2772 5470 3066 5531 miraretur
3101 5493 3303 5547 prmses
3330 5479 3617 5535 vehemen-

2033 5579 2049 5610 ‹
2090 5569 2189 5616 ter.
2232 5563 2334 5618 Per
2362 5564 2503 5618 diem
2538 5573 2722 5620 autem
2764 5566 3060 5621 soieumem
3093 5578 3452 5626 consueverat
3479 5586 3619 5641 pra!-

2035 5671 2055 5703 r
2089 5669 2175 5708 ses
2203 5654 2477 5708 dimi‘tere
2511 5654 2705 5726 palatio
2732 5668 2898 5707 unum
2924 5654 3163 5711 vinclum
3183 5701 3207 5723 ,
3229 5677 3386 5729 quem
3416 5661 3615 5716 ruinis-
