3994 6206
302 366 410 422 Ιτό
1120 359 1632 417 (ZOLLEtlTlONES
1671 355 1735 410 rx
1774 355 2149 410 EPISTOLAS
2191 357 2275 409 ET
2317 342 2723 410 EV‘ANGELlA.
3451 357 3556 414 ηρ.

302 502 324 532 ε
361 491 506 536 sent.
545 479 828 532 Habebam
859 486 1035 531 autem
1078 487 1207 532 tunc
1247 493 1410 531 unum
1457 475 1694 528 vinctum
1747 471 1874 524 insi-
1905 475 1948 532 Α
1985 488 2001 524 t
2041 473 2398 540 properabant
2422 472 2489 524 ei.
2522 472 2561 524 Α
2586 479 2736 524 sexta
2761 478 2936 522 autem
2962 468 3112 532 liora,
3145 473 3377 526 tenebne
3407 475 3559 532 fact-.e

305 594 322 624 ι
361 585 547 642 gnem,
575 569 672 638 qui
693 568 972 623 dicebatur
993 567 1283 632 Barabbas,
1305 569 1395 636 qui
1419 573 1638 636 propter
1661 562 1877 615 seditio—

299 686 318 714 ι
363 679 489 719 nem
514 662 712 717 missus
738 659 912 715 fuerat
935 660 988 712 in
1011 674 1304 714 carcerem.
1330 655 1678 726 Congregatis
1697 661 1876 708 autem

297 777 316 808 ι
359 756 486 820 illis,
534 753 672 809 dixit
716 751 920 806 Pilatus
950 768 962 803 :
991 749 1164 816 Quem
1190 749 1354 803 vultis
1393 748 1658 801 dimittam
1704 743 1876 807 vobis,

297 869 316 897 ο
359 847 654 900 Batabbant
684 860 751 896 an
777 841 960 896 Iesum
985 840 1078 911 qui
1109 840 1310 894 dicitur
1339 838 1620 893 Christus?
1660 835 1878 890 Sciebat

297 957 318 986 ι
357 935 506 989 enim
527 933 674 1001 quod
699 948 795 1001 per
817 930 1074 990 invidiam
1095 929 1447 984 tradidissent
1473 943 1617 983 eum.
1645 927 1878 981 Sedente

300 1043 320 1078 ι
355 1037 540 1081 autem
574 1025 662 1080 illo
690 1039 790 1093 pro
819 1022 1090 1088 tribunali,
1122 1022 1269 1076 misit
1298 1022 1365 1076 ad
1391 1020 1542 1075 illum
1582 1034 1718 1073 uxor
1739 1016 1876 1085 eius,

299 1140 316 1169 I
355 1121 589 1172 dicens:
625 1117 761 1172 nihil
800 1115 896 1170 tibi
927 1108 996 1168 'et
1029 1113 1177 1181 justo
1204 1113 1301 1177 illi,
1335 1112 1502 1166 multa
1536 1111 1683 1165 enim
1720 1124 1877 1178 passa

299 1231 318 1258 ο
359 1227 480 1263 sum
522 1210 682 1264 hodie
723 1222 822 1277 per
847 1207 1024 1262 visum
1052 1214 1272 1276 propter
1295 1221 1444 1258 eum.
1475 1203 1752 1271 Principes
1783 1218 1879 1256 att-

299 1321 316 1350 ‹
361 1311 467 1354 teut
509 1300 849 1354 sacerdotum
878 1306 931 1350 et
962 1297 1204 1351 seniores
1237 1302 1626 1364 persuaserunt
1661 1292 1876 1362 populo,

298 1413 317 1439 ι
359 1401 419 1442 ut
443 1395 693 1458 peterent
717 1387 1040 1447 Bal-abitum,
1074 1383 1257 1438 Iesum
1283 1398 1414 1436 vero
1436 1381 1742 1451 perderent.
1774 1379 1879 1433 Bc-

298 1498 318 1528 ‹
358 1479 630 1547 spondens
659 1484 838 1529 autem
869 1488 1088 1542 prteses,
1111 1473 1195 1526 ait
1225 1471 1330 1526 illis
1355 1489 1368 1525 :
1398 1471 1566 1538 Quem
1596 1469 1756 1524 vultis
1786 1485 1879 1521 vo-

297 1589 322 1619 ι
358 1568 446 1621 bis
473 1568 539 1622 de
559 1567 767 1620 duobus
790 1563 1026 1619 dimitti?
1049 1562 1120 1616 At
1142 1561 1217 1616 illi
1239 1561 1496 1616 dixerunt
1519 1577 1532 1613 :
1561 1559 1882 1618 Barabbant.

300 1683 319 1708 ι
363 1659 504 1712 Dicit
533 1657 638 1711 illis
669 1656 873 1710 Pilatus
897 1669 911 1708 :
933 1653 1074 1720 Quid
1104 1653 1266 1723 igitur
1297 1652 1490 1706 faciam
1515 1651 1582 1705 de
1610 1648 1763 1714 Jcsu,
1783 1648 1875 1718 qui

296 1769 316 1798 ι
359 1749 564 1803 dicitur
589 1746 874 1802 Christus?
902 1746 1095 1800 Dicunt
1120 1757 1309 1800 omnes
1333 1760 1347 1796 :
1381 1740 1759 1809 Crucifigatur.
1786 1739 1878 1792 Ait

1986 580 2002 610 ι
2039 572 2162 614 sunt
2188 577 2350 631 super
2374 563 2678 616 universam
2708 571 2904 613 terram
2937 576 3105 630 usque
3138 561 3204 615 ad
3255 564 3442 619 horam
3469 585 3562 621 ηυε

1985 669 2003 700 ί
2042 667 2184 705 nam.
2216 652 2280 704 Et
2307 651 2448 705 circa
2479 653 2663 705 horam
2696 666 2913 715 nouant,
2949 651 3203 707 clamavit
3226 650 3381 708 Jesus
3431 671 3563 709 voc:

1987 759 2003 791 ι
2035 757 2227 811 magna
2273 742 2497 797 dieens:
2530 742 2666 807 lleli,
2693 743 2830 804 lleli,
2854 743 2991 796 lama
3025 745 3399 810 sabatlttltani,
3461 747 3561 802 hoc

1987 850 2005 881 ι
2040 841 2144 895 est,
2176 827 2319 886 Deus
2355 848 2526 897 meus,
2564 833 2706 888 Deus
2755 849 2924 896 meus,
2958 843 3017 887 ut
3053 834 3179 903 quid
3229 837 3560 906 dercliquis:i

1987 939 2002 968 ι
2040 921 2156 974 me?
2189 919 2417 986 Quidam
2458 929 2634 975 autem
2665 923 2772 977 illic
2796 933 2998 978 stantes
3025 934 3079 978 et
3108 926 3389 982 audientes
3415 928 3559 983 dice-

1987 1029 2002 1059 ‹
2035 1011 2193 1064 bant:
2225 1011 2431 1065 lleliam
2461 1022 2619 1067 vocat
2643 1013 2761 1067 iste.
2788 1014 2853 1068 Et
2891 1016 3146 1070 continuo
3170 1033 3394 1074 currens
3424 1037 3561 1074 unus

1987 1121 2003 1150 α
2042 1117 2104 1156 ex
2129 1103 2230 1168 eis,
2263 1113 2537 1172 acceptam
2569 1106 2846 1175 spongiam
2879 1107 3121 1176 implevit
3176 1118 3352 1178 aceto,
3377 1122 3432 1168 et
3459 1113 3559 1166 itu-

1987 1208 2004 1239 ι
2036 1191 2214 1269 posuit
2236 1193 2506 1258 arundini,
2534 1201 2588 1247 et
2608 1193 2766 1248 dabat
2799 1195 2846 1248 ei
2881 1196 3079 1250 bibere.
3106 1196 3297 1254 Catteri
3331 1217 3457 1255 vero
3481 1204 3561 1256 di-

1986 1301 2003 1328 l
2047 1281 2274 1335 ccbant:
2315 1282 2473 1347 Sine,
2512 1283 2784 1338 videamus
2806 1301 2871 1338 an
2915 1287 3095 1341 veniat
3115 1289 3296 1344 Helias
3325 1291 3560 1352 liberans

1986 1390 2003 1421 ς
2046 1389 2189 1427 eum.
2226 1373 2386 1428 Jesus
2415 1384 2594 1429 autem
2638 1377 2833 1430 iterum
2881 1377 3122 1432 clamans
3149 1395 3278 1434 voce
3331 1369 3555 1454 magna.

1986 1483 2002 1514 ι
2037 1465 2216 1518 emisit
2240 1465 2510 1534 spiritum.
2541 1465 2606 1520 Et
2628 1482 2753 1520 cecc
2777 1469 2951 1522 velum
2986 1471 3166 1538 templi
3197 1471 3424 1525 scissum
3477 1486 3561 1528 est

1984 1574 2001 1604 ι
2039 1555 2090 1610 in
2113 1555 2247 1609 duas
2267 1565 2468 1625 partes,
2502 1574 2532 1610 a
2559 1572 2770 1611 summo
2817 1572 2985 1627 usque
3015 1559 3289 1613 deorsum.
3327 1561 3391 1613 lit
3416 1571 3559 1616 terra

1983 1668 2002 1699 ‹
2036 1657 2180 1706 mota
2216 1657 2331 1715 est,
2381 1661 2436 1706 et
2465 1661 2636 1720 petra:
2680 1651 2860 1705 seissa-
2903 1659 3058 1714 sunt,
3114 1659 3168 1708 ct
3211 1664 3554 1712 monumenta

1983 1760 2000 1790 ι
2037 1750 2222 1810 aperta
2251 1753 2397 1806 sunt,
2425 1752 2478 1795 et
2509 1742 2674 1796 multa
2701 1757 2926 1811 corpora
2962 1753 3292 1809 sanctorum,
3323 1746 3414 1814 qui
3439 1747 3548 1800 dor~

297 1860 318 1890 ι
359 1841 465 1894 illis
490 1854 695 1908 prieses
721 1853 738 1891 :
767 1837 906 1904 Quid
935 1837 1078 1892 enim
1125 1835 1250 1888 mali
1291 1833 1452 1888 fecit?
1493 1833 1564 1886 At
1595 1831 1667 1885 illi
1699 1830 1870 1901 magis
1898 1839 1944 1898 Β
1978 1851 1994 1881 ι
2032 1833 2264 1888 micrant
2289 1841 2720 1889 resurrexcrunt.
2750 1834 2820 1888 Et
2853 1844 3111 1889 exeuntes
3137 1836 3201 1890 de
3233 1852 3555 1892 monumen-

295 1952 315 1982 ι
357 1932 696 1993 clamabant,
726 1930 966 1984 dicentes
1002 1946 1014 1980 :
1045 1927 1422 1995 Cruciligatur.
1466 1925 1661 1980 ViJens
1690 1931 1873 1978 autem

298 2045 316 2074 ι
360 2024 586 2088 Pilatus,
617 2023 744 2090 quia
774 2021 906 2076 nihil
931 2019 1250 2090 proliceret,
1276 2018 1374 2074 sed
1404 2016 1580 2086 magis
1617 2014 1784 2070 tumul
1814 2030 1875 2068 us

295 2136 316 2164 ς
360 2115 533 2175 ﬁeret,
581 2120 802 2181 accepta
849 2127 1013 2180 aqua,
1044 2110 1173 2168 lavit
1217 2125 1406 2163 manus
1431 2122 1617 2162 coram
1659 2106 1870 2176 populo,

299 2225 317 2252 ι
357 2204 545 2257 dicens
571 2221 585 2256 :
613 2203 876 2257 lnuocetts
901 2216 998 2270 go
1022 2215 1146 2255 sum
1178 2214 1212 2252 a
1247 2198 1510 2267 sanguine
1531 2196 1662 2264 justi
1695 2195 1870 2263 hujus,

298 2317 318 2344 ι
359 2311 452 2349 vos
512 2294 778 2348 videritis.
833 2293 898 2346 Et
944 2292 1277 2361 respondens
1322 2290 1608 2344 universus
1648 2287 1874 2358 populus

297 2405 317 2436 ι
356 2388 522 2442 dixit:
541 2384 903 2456 Sangaisejus
924 2399 1088 2454 super
1109 2400 1206 2438 nos
1225 2392 1453 2451 etsuper
1479 2382 1615 2436 filios
1637 2390 1870 2438 nostros.

299 2497 318 2529 ι
356 2477 507 2534 Tunc
539 2479 746 2533 dimisit
780 2478 888 2533 illis
917 2476 1237 2545 Barabbam,
1270 2475 1452 2530 Iesum
1489 2485 1664 2530 autem
1699 2474 1874 2545 ﬂagel-

297 2587 317 2618 c
358 2569 522 2622 latum
546 2569 763 2623 tradidit
783 2569 884 2632 eis,
913 2577 971 2621 ut
998 2566 1425 2637 crucifigeretur.
1471 2566 1623 2621 Tune
1674 2567 1873 2624 milites

298 2677 316 2708 ι
350 2659 594 2727 pratsidis
615 2659 972 2729 suscipientes
1002 2656 1183 2712 Iesum
1239 2657 1294 2712 itt
1323 2657 1576 2726 praetorio
1595 2696 1610 2720 ,
1657 2671 1875 2726 congre-

297 2767 316 2796 ι
351 2757 615 2815 gaverunt
634 2748 701 2802 ad
721 2763 844 2803 eum
864 2747 1169 2802 universam
1191 2747 1493 2801 cohortem.
1516 2746 1582 2800 Et
1611 2755 1873 2803 exuentes

294 2855 318 2887 ι
351 2853 500 2902 eum,
528 2836 848 2892 cblamidem
864 2838 1178 2893 coccineum
1203 2835 1671 2891 circumdederunt
1696 2837 1765 2892 ei.
1810 2839 1875 2892 Et

295 2945 316 2976 σ
349 2925 647 2994 plectentes
665 2941 923 2982 coronam
945 2927 1012 2981 de
1031 2925 1199 2996 spinis
1212 2933 1508 2995 posuerunt
1531 2941 1694 2994 super
1711 2936 1876 2997 caput

295 3037 314 3068 ι
349 3019 494 3088 ejus,
528 3026 586 3072 et
607 3019 930 3074 arundinem
953 3019 1010 3072 in
1038 3019 1257 3074 dextera
1281 3016 1420 3085 ejus,
1448 3025 1502 3072 et
1543 3033 1680 3088 genu
1735 3018 1873 3073 ﬂexo

295 3129 316 3159 ι
351 3117 482 3164 ante
497 3123 626 3163 eum
653 3109 945 3166 illudebant
967 3108 1017 3163 ei
1050 3107 1332 3164 dicentes:
1360 3107 1473 3162 Ave
1499 3149 1513 3169 .
1554 3123 1643 3162 rex
1666 3107 1874 3163 ludatu-

1980 1942 1998 1972 ι
2033 1924 2103 1976 tis
2143 1935 2264 1992 post
2292 1925 2742 1979 resurrectionem
2765 1923 2905 1992 ejus,
2938 1936 3202 1984 venerunt
3230 1927 3281 1980 iu
3309 1937 3550 1983 sanctam

1980 2035 1998 2063 ι
2035 2016 2329 2081 civitatem,
2354 2025 2409 2070 et
2445 2017 3029 2086 apparuerunttnultis.
3065 2017 3322 2074 Centurio
3346 2031 3548 2083 autem.

1980 2128 1998 2158 ι
2040 2118 2092 2163 et
2137 2109 2381 2177 quicum
2435 2123 2499 2164 eo
2543 2119 2732 2174 erant,
2773 2111 3135 2166 custodientes
3157 2111 3374 2175 Jesunt,
3441 2113 3554 2168 viso

1980 2219 1997 2249 ι
2035 2211 2192 2254 terra:
2219 2208 2365 2254 motu
2415 2210 2472 2254 et
2509 2200 2593 2256 his
2622 2201 2996 2269 qtae-fiebant,
3051 2202 3346 2256 timuerunt
3400 2204 3554 2260 valde

1977 2309 1996 2340 ‹
2027 2289 2268 2346 dicentes
2300 2310 2312 2344 :
2353 2291 2490 2346 Vere
2526 2290 2666 2346 filius
2697 2291 2786 2345 Dei
2825 2301 2945 2346 erat
3001 2291 3122 2348 iste.
3162 2293 3328 2349 Erant
3372 2305 3552 2352 autent

1981 2403 1996 2430 ι
2037 2382 2104 2434 ibi
2131 2381 2384 2436 multi-res
2414 2382 2593 2436 mulae
2617 2398 2646 2435 a
2676 2383 2829 2453 longe
2852 2424 2865 2445 ,
2909 2399 3028 2453 qum
3048 2393 3246 2440 secuta:
3281 2395 3439 2440 erant
3471 2385 3557 2440 Je-

1977 2491 1996 2522 ι
2027 2489 2144 2526 sum
2199 2488 2228 2526 a
2260 2472 2500 2537 Galilaaa,
2534 2473 2907 2530 ministrantes
2952 2475 3002 2529 ei
3023 2514 3042 2538 ,
3080 2475 3223 2532 inter
3271 2492 3407 2546 quas
3439 2490 3554 2532 erat

1980 2583 1996 2615 ι
2033 2563 2196 2618 Maria
2229 2561 2540 2634 Magdalene
2588 2575 2640 2618 et
2681 2563 2846 2619 Maria
2883 2563 3090 2630 Jacobi,
3117 2576 3175 2621 et
3211 2565 3408 2640 Josepb
3439 2587 3552 2626 ma—

1979 2673 1996 2703 ε
2032 2663 2131 2719 ter,
2161 2663 2217 2708 et
2241 2662 2416 2708 mater
2454 2655 2685 2710 filiorum
2716 2656 2977 2712 Zebedzei.
3021 2657 3156 2712 Cttm
3197 2668 3380 2714 autem
3427 2677 3552 2717 sero

1979 2763 2000 2798 ι
2037 2746 2240 2800 factum
2262 2755 2430 2809 esset,
2459 2747 2608 2801 venit
2633 2748 2851 2816 quidam
2895 2749 3058 2805 homo
3081 2750 3230 2806 dives
3252 2752 3322 2806 ab
3343 2751 3556 2807 Arima-

1982 2854 2001 2886 ι
2041 2838 2406 2900 thia,nomitte
2418 2835 2641 2908 Ioseph,
2657 2840 2748 2907 qui
2765 2851 2817 2894 et
2827 2839 3254 2910 ipsediscipulus
3274 2842 3552 2899 cratJesu.

1978 2945 2014 2976 1.
2037 2924 2138 2981 llic
2153 2926 2386 2981 accessit
2408 2928 2475 2982 ad
2499 2927 2826 2992 Pilatum,et
2840 2930 2992 2999 petiit
3015 2946 3211 3000 corpus
3227 2930 3376 2987 Jesu.
3402 2934 3555 2989 Tunc

1980 3036 2000 3067 ι
2029 3016 2234 3071 Pilatus
2254 3017 2416 3087 jussit
2443 3019 2593 3073 reddi
2625 3035 2840 3088 corpus,
2863 3028 2922 3075 et
2944 3031 3166 3091 accepto
3190 3039 3417 3092 corpore
3461 3024 3555 3079 Jo-

1981 3125 1998 3156 ¢
2034 3108 2168 3176 seph
2201 3107 2424 3162 involvit
2462 3108 2592 3164 illud
2627 3110 2682 3164 in
2727 3111 2951 3166 sindone
2974 3113 3172 3167 munda
3199 3155 3212 3178 ,
3268 3123 3326 3170 et
3375 3117 3554 3185 posuit

295 3217 314 3249 c
359 3214 499 3254 rum.
518 3199 922 3270 Etexspuentes
943 3200 996 3254 in
1023 3209 1508 3269 eum,aceeperunt
1531 3200 1868 3264 arundinem,
1899 3185 1942 3244 (ἶ
1980 3218 1998 3249 ι
2034 3199 2162 3253 illud
2183 3200 2237 3254 in
2273 3208 2620 3256 monumento
2659 3215 2760 3256 suo
2781 3218 2952 3267 novo,
2991 3202 3136 3272 quod
3181 3205 3458 3261 exciderat
3499 3208 3551 3262 iu

295 3307 312 3339 ι
353 3298 409 3343 ct
443 3290 822 3359 percutiebant
852 3298 1014 3361 caput
1064 3290 1198 3360 ejus.
1246 3291 1312 3345 Et
1358 3301 1640 3360 postquam
1695 3291 1872 3347 illuse-

295 3401 312 3432 ι
349 3390 476 3434 runt
503 3382 576 3445 ei,
601 3389 868 3437 exuerunt
893 3397 1015 3437 eum
1033 3381 1322 3446 chlamide,
1347 3391 1402 3437 et
1427 3382 1717 3438 induerunt
1745 3397 1870 3438 eum

295 3489 312 3520 ι
348 3472 688 3526 vestimentis
713 3470 828 3540 eius
851 3481 902 3526 et
933 3473 1203 3527 duxerunt
1223 3488 1346 3527 eum
1377 3482 1434 3527 ut
1471 3472 1866 3543 crucifigerent.

294 3581 311 3611 ι
350 3562 624 3618 Exeuntes
653 3571 833 3617 autem
875 3563 1200 3617 invenerunt
1248 3562 1520 3617 hominem
1553 3561 1867 3633 Cyrenaum

296 3670 315 3702 ι
348 3653 658 3706 venientem
680 3652 891 3708 obviam
939 3652 1062 3716 sibi,
1085 3651 1300 3706 nomine
1350 3650 1630 3706 Simonem
1655 3691 1671 3717 ,
1725 3654 1868 3706 hunc

293 3761 311 3793 ς
345 3741 787 3812 angariaverunt,
815 3751 872 3797 ut
915 3743 1126 3797 tolleret
1156 3757 1372 3796 crucem
1409 3739 1542 3809 ejus.
1594 3740 1664 3795 Et
1707 3755 1867 3796 vene—

293 3853 312 3886 ι
347 3835 552 3894 runtjn
578 3834 756 3889 locum
785 3835 877 3904 qui
905 3835 1099 3889 dic.tur
1127 3833 1388 3903 Golgotha
1417 3873 1431 3896 ,
1477 3832 1618 3901 quod
1641 3840 1724 3886 est
1745 3830 1864 3886 Cal-

293 3925 330 3976 t‘
347 3927 514 3981 varia:
537 3926 710 3983 locus.
729 3927 794 3980 Et
813 3926 1078 3981 dederunt
1100 3925 1150 3979 ei
1170 3926 1352 3979 vinum
1379 3925 1568 3979 bibere
1590 3939 1712 3979 cum
1742 3922 1866 3979 felle

292 4039 312 4070 ι
353 4021 594 4076 ntistum.
621 4020 688 4074 Et
711 4035 832 4074 cum
859 4025 1127 4088 gustasset
1151 4016 1323 4071 noluit
1349 4016 1550 4071 bibere.
1572 4015 1864 4084 Postquam

291 4131 312 4166 ι
342 4121 526 4167 autem
557 4112 942 4166 crucifixerunt
989 4125 1112 4164 eum
1136 4147 1152 4174 ,
1211 4108 1509 4162 diviserunt
1546 4108 1864 4163 vestimenta

292 4220 313 4250 ι
348 4200 487 4269 ejus,
513 4212 717 4256 sortem
742 4201 1034 4260 mittentes,
1068 4208 1128 4252 ut
1155 4197 1467 4267 impleretur
1491 4198 1636 4266 quod
1663 4196 1864 4251 dictum

294 4315 312 4344 ι
343 4303 428 4347 est
447 4305 550 4362 per
583 4292 903 4363 Prophetant
939 4292 1247 4346 dicentem:
1283 4289 1592 4343 Diviserunt
1634 4280 1746 4342 sibi
1770 4303 1865 4342 ve-

295 4405 313 4433 ι
353 4386 609 4440 stintenta
639 4400 757 4438 mea
786 4424 802 4448 ,
848 4391 903 4437 et
949 4397 1112 4451 super
1136 4389 1339 4435 vestem
1385 4394 1562 4434 meam
1605 4378 1868 4432 miserunt

293 4495 314 4525 ε
345 4485 567 4531 sortem.
615 4475 682 4529 Et
717 4474 962 4529 sedentes
990 4472 1277 4528 servabant
1316 4485 1459 4534 eum,
1489 4477 1543 4522 et
1595 4467 1864 4538 imposue-

294 4583 314 4615 ι
351 4577 476 4620 runt
497 4580 664 4635 super
684 4571 847 4634 caput
863 4562 982 4631 ejus
1007 4576 1227 4617 causam
1251 4560 1420 4630 ipsius
1441 4558 1695 4627 scriptam
1721 4576 1732 4610 :
1764 4555 1864 4611 llic

295 4675 314 4706 ι
349 4665 432 4710 est
458 4655 622 4712 Iesus
650 4653 958 4709 Nazarenus
994 4668 1087 4707 rex
1141 4650 1466 4706 Judaeorum.
1497 4649 1648 4703 Tunc
1689 4648 1865 4703 cruci-

295 4769 313 4797 ι
350 4747 440 4803 [ixi
464 4756 592 4804 sunt
617 4762 743 4802 cum
765 4762 832 4801 eo
854 4746 961 4800 duo
987 4746 1248 4800 latrones.
1295 4757 1434 4796 unus
1463 4756 1491 4794 a
1522 4740 1758 4803 dextris,
1810 4748 1865 4794 et

293 4857 311 4888 σ
347 4855 488 4892 unus
515 4854 546 4891 a
580 4837 834 4892 sinistris.
864 4836 1257 4890 Praetereamus
1296 4842 1478 4892 autem
1525 4833 1864 4902 blasphema-

293 4948 310 4975 ι
348 4930 478 4984 bant
520 4943 667 4991 eum,
696 4937 974 4982 moventes
1008 4927 1181 4997 capita
1226 4941 1322 4985 sua
1351 4933 1408 4980 et
1431 4923 1674 4978 dicentes
1701 4941 1713 4954 ·
1749 4924 1861 4977 Vult

295 5040 312 5068 ι
343 5021 438 5089 qui
475 5020 714 5075 destruis
745 5019 999 5089 templum
1029 5020 1144 5082 Dei,
1164 5020 1298 5074 etin
1328 5017 1502 5071 triduo
1541 5015 1666 5068 illul
1693 5015 1877 5069 retudi-

293 5129 312 5160 ς
353 5111 505 5175 licus,
537 5111 682 5166 salva
715 5112 1076 5182 temetipsum.
1105 5110 1164 5164 Si
1197 5110 1338 5164 hlius
1385 5108 1477 5162 Dei
1501 5122 1582 5170 es,
1611 5107 1874 5162 descende

294 5221 312 5249 ι
346 5203 412 5254 de
439 5219 620 5257 cruce.
650 5203 913 5258 Similiter
963 5212 1018 5257 et
1068 5201 1341 5270 principes
1369 5200 1711 5254 sacerdotum
1754 5197 1871 5251 illu-

297 5307 314 5337 ε
349 5291 540 5346 dentes
589 5308 714 5346 cum
743 5293 937 5347 scribis
976 5300 1030 5345 et
1057 5291 1360 5346 senioribus
1411 5289 1690 5342 dicebant:
1724 5286 1872 5342 Alios

297 5396 312 5428 ι
351 5381 532 5435 salvos
556 5379 683 5436 fecit
707 5423 720 5444 ,
775 5383 1011 5450 seipsutn
1039 5397 1144 5435 non
1182 5388 1359 5449 potest
1403 5379 1612 5432 salvum
1652 5376 1868 5430 facere?

294 5486 312 5519 σ
347 5468 406 5525 Si
437 5485 531 5526 rex
550 5471 717 5525 Israel
740 5481 843 5534 est,
873 5473 1164 5527 descendat
1204 5487 1347 5526 nunc
1372 5472 1438 5524 de
1464 5484 1644 5532 cruce,
1673 5479 1865 5521 etet-:-

295 5576 314 5607 ε
347 5559 528 5614 dimus
548 5561 622 5615 ei.
647 5561 877 5616 Conﬁdit
923 5563 978 5617 in
1014 5563 1149 5627 Deo,
1189 5562 1382 5616 liberet
1417 5575 1548 5628 ergo
1574 5574 1696 5612 eum
1727 5541 1867 5611 nunc

295 5665 312 5697 ι
346 5649 396 5702 si
422 5651 554 5705 vult.
584 5651 730 5705 Dixit
769 5652 912 5706 enim
939 5694 955 5718 ,
1000 5654 1124 5723 quia
1153 5652 1291 5706 filius
1319 5651 1413 5704 Dei
1445 5665 1584 5704 sum.
1632 5649 1862 5717 ldipsutn

299 5757 314 5788 ι
347 5751 525 5796 autem
553 5754 611 5798 et
641 5743 896 5808 latrones,
928 5746 1018 5814 q-ti
1039 5745 1281 5799 crucifixi
1307 5751 1460 5798 erant
1483 5759 1602 5797 cum
1640 5758 1723 5805 eo,
1758 5743 1861 5795 im-

1978 3311 1996 3342 ι
2026 3301 2202 3359 petra.
2244 3292 2314 3346 Et
2339 3291 2576 3346 advolvit
2607 3307 2796 3348 saxum
2825 3311 3074 3365 magnum
3097 3297 3161 3350 al
3192 3298 3392 3352 ostium
3444 3315 3552 3354 ntoo

1974 3402 1996 3436 ε
2024 3385 2288 3449 numenti,
2313 3394 2364 3439 et
2377 3384 2527 3440 abiit.
2549 3385 2908 3441 Erantautem
2935 3387 3005 3440 ibi
3023 3386 3189 3442 Maria
3215 3388 3549 3458 Magdalene.

1974 3493 1993 3525 ι
2027 3483 2084 3530 et
2112 3475 2280 3530 altera
2325 3475 2788 3540 Maria,sedentes
2836 3486 3024 3532 contra
3076 3478 3405 3547 sepulcrum.
3464 3481 3551 3534 Al-

1975 3586 1992 3618 ι
2027 3577 2140 3623 tera
2177 3578 2359 3621 autem
2393 3568 2481 3622 die
2515 3583 2633 3636 qua:
2676 3576 2760 3621 est
2797 3567 3153 3632 Parasceven,
3182 3583 3550 3625 converterunt

1973 3676 1991 3707 ι
2024 3657 2296 3727 principes
2332 3657 2676 3712 sacerdotum
2724 3666 2780 3712 et
2801 3657 3058 3713 Pharisaei
3093 3660 3157 3718 ad
3193 3659 3447 3727 Pilatum,
3477 3663 3552 3718 di-

1974 3767 1990 3798 ι
2026 3755 2212 3802 centes
2242 3764 2255 3800 :
2288 3745 2534 3812 Domine,
2559 3748 2826 3803 recordati
2850 3763 3036 3803 sumus
3061 3789 3077 3814 ,
3119 3751 3246 3820 quia
3291 3753 3548 3808 seductor

1973 3858 1990 3890 ι
2031 3839 2120 3895 ille
2142 3839 2278 3893 dixit
2305 3838 2482 3894 adhuc
2530 3839 2746 3895 vivens:
2779 3839 2909 3896 Post
2931 3851 3041 3897 tres
3085 3843 3200 3897 dies
3245 3859 3545 3914 resurgam.

1973 3951 1990 3982 ι
2021 3930 2156 3988 Jube
2181 3945 2311 4002 ergo
2347 3932 2612 3986 custodiri
2659 3931 2964 4001 sepulcrum
2997 3949 3168 4003 usque
3196 3934 3252 3988 in
3275 3935 3418 3991 diem
3440 3945 3548 3991 ter-

1971 4044 1990 4076 ι
2026 4025 2178 4083 tium.
2209 4039 2278 4079 ne
2321 4022 2459 4080 forte
2495 4024 2714 4079 veniant
2757 4024 3003 4093 discipuli
3040 4024 3180 4093 ejus,
3203 4036 3259 4080 et
3301 4024 3551 4081 furentur

1973 4135 1990 4166 ι
2025 4131 2168 4178 eum,
2192 4125 2246 4169 et
2285 4114 2472 4168 dicant
2510 4115 2648 4184 plebi
2679 4133 2691 4168 :
2725 4113 2976 4168 Surrexit
3010 4129 3044 4166 a
3073 4114 3320 4178 mortuis,
3346 4123 3402 4168 et
3441 4117 3549 4168 erit

1972 4225 1989 4256 ι
2027 4205 2349 4260 novissimus
2391 4219 2546 4258 error
2586 4204 2740 4274 pejor
2768 4204 2986 4272 priore:
3028 4202 3122 4256 Ait
3151 4202 3257 4256 illis
3304 4203 3542 4266 Pilatus:

1972 4311 1989 4343 ι
2027 4293 2249 4347 Habetis
2275 4291 2594 4354 custodiam,
2620 4291 2693 4344 ite
2721 4299 2788 4345 et
2803 4291 3070 4344 custodite
3097 4291 3236 4345 sicut
3269 4290 3438 4346 scitis.
3468 4291 3545 4344 llli

1970 4401 1990 4432 ι
2024 4393 2202 4437 autent
2235 4383 2510 4444 abeuntes,
2531 4380 2840 4436 munierunt
2875 4381 3180 4450 sepulcrum
3208 4423 3223 4446 ,
3271 4384 3548 4455 signants

1973 4494 1990 4526 ι
2026 4474 2254 4543 lapidem
2286 4489 2408 4529 cum
2439 4473 2769 4529 custodibus.
2813 4492 2831 4524 ι

2040 4564 2220 4631 Scitis,
2245 4567 2369 4637 quia
2396 4576 2510 4635 post
2529 4566 2746 4620 biduum
2771 4563 2980 4619 Pascha
3005 4566 3114 4634 ﬁet.
3144 4576 3192 4620 et
3214 4567 3355 4635 [ilius
3377 4568 3546 4621 homi-

1970 4659 2050 4712 nis
2079 4657 2316 4711 tradetur
2336 4667 2392 4710 ut
2438 4657 2794 4726 cruciﬁgatur,
2839 4664 2944 4712 etc.
2975 4656 3105 4712 Post
3132 4658 3266 4713 duos
3295 4659 3410 4714 dies
3439 4660 3548 4713 cla-

1971 4750 2168 4804 rissimi
2198 4749 2434 4812 luminis,
2465 4749 2674 4804 Veteris
2709 4765 2775 4804 ac
2816 4748 2948 4803 Novi
2980 4749 3330 4812 Testamenti,
3359 4765 3543 4804 verum

1969 4856 2068 4910 pro
2108 4840 2308 4894 mundo
2334 4839 2543 4892 Pascha
2585 4839 2908 4893 celebratur.
2956 4838 3162 4893 Pascha
3189 4880 3204 4903 ,
3255 4841 3397 4910 quod
3448 4840 3547 4895 lle~

1968 4931 2150 4984 braice
2195 4930 2392 4983 dicitur
2423 4938 2562 4992 m2.
2610 4944 2714 4982 tton
2759 4943 2789 4981 a
2830 4929 3102 4997 passione,
3153 4930 3249 4984 sed
3297 4945 3328 4984 a
3369 4939 3545 4986 trans-

1973 5021 2050 5072 itu
2104 5021 2431 5082 nominatur,
2458 5033 2525 5072 eo
2579 5019 2720 5087 quod
2750 5019 3140 5073 exterminatur
3192 5019 3380 5075 videns
3425 5037 3546 5076 sau-

1970 5109 2185 5178 guinem
2229 5109 2280 5162 itt
2316 5107 2522 5162 foribus
2569 5106 2930 5162 lsraelitarum
2980 5111 3392 5178 pertransierit,
3446 5129 3548 5166 nec

1972 5199 2298 5269 percusserit
2323 5213 2434 5252 eos.
2469 5197 2744 5252 Moraliter
2771 5207 2951 5252 autem
2979 5201 3237 5255 transitus
3263 5210 3464 5260 noster.
3493 5203 3545 5255 iJ

1969 5298 2054 5342 est
2097 5288 2370 5351 Phasc,ita
2391 5288 2716 5354 celebratur,
2745 5288 2788 5342 si
2823 5297 3038 5342 terrena
3064 5300 3117 5342 ct
3143 5290 3434 5360 {Egyptum
3463 5292 3540 5345 di-

1973 5379 2267 5439 mittentcs,
2297 5376 2364 5429 ad
2394 5378 2633 5431 cmlcstia
2673 5376 3009 5433 festinemus.
3076 5380 3185 5435 Iloc
3233 5396 3364 5435 sane
3389 5381 3542 5450 juxta

1972 5469 2168 5523 veteris
2183 5468 2519 5521 instrumenti
2535 5469 2888 5538 Scripturatn,
2907 5471 3045 5526 inter
3059 5470 3261 5527 Pascha
3283 5478 3338 5524 ct
3351 5486 3542 5542 azyma

1971 5557 2156 5621 distat,
2185 5556 2326 5624 quod
2349 5555 2550 5610 Pascha
2580 5557 2694 5626 ipse
2717 5559 2864 5615 solus
2889 5559 3006 5614 dies
3025 5559 3393 5630 appellabatur
3414 5599 3431 5622 ,
3483 5561 3538 5614 iu

1971 5665 2078 5718 quo
2102 5663 2271 5716 agnus
2296 5647 2642 5702 occidebatur
2692 5649 2760 5702 ad
2800 5663 3100 5717 vesperam,
3133 5649 3233 5702 hoc
3257 5655 3361 5713 est,
3383 5663 3546 5718 quar-

1973 5742 2232 5794 tadecima
2269 5740 2390 5792 luna
2437 5739 2592 5806 prizni
2625 5741 2824 5792 mensis
2853 5779 2866 5801 ,
2917 5738 3312 5806 quintalecima
3359 5749 3541 5793 autem
