3994 6206
281 312 378 366 l’t'!

1088 305 1606 366 COLLECTIONES
1640 305 1707 358 1N
1731 271 1890 360 Ἐριε

1999 304 2131 361 LAS
2165 307 2256 362 ΕΤ
2299 306 2711 362 EVANGELIA.
3411 311 3415 316 ’
3442 313 3505 366 Π
3535 317 3549 359 t

282 425 437 482 ικιιιε
467 420 701 478 Simonis
731 419 1036 482 Iscariotis;
1079 429 1127 474 et
1163 429 1278 491 post
1307 413 1590 474 buc’cetlam
1619 428 1741 473 tunc
1785 419 1868 472 ia-
1894 416 1945 477 Α
1970 415 2136 472 steria
2164 417 2461 484 declarare,
2485 427 2751 489 quatenus
2784 427 2838 473 et
2876 412 3082 489 antiqui
3126 418 3420 502 legatisque
3453 390 3554 478 Pa.—

280 515 452 580 troirit
479 513 534 568 in
560 510 710 565 illum
749 508 979 564 Satanas
1005 508 1188 582 (Joan.
1215 508 1358 582 xm),
1393 511 1486 564 sed
1513 526 1618 566 non
1643 518 1728 564 est
1751 525 1874 564 con-

206 651 210 654 .
281 603 508 658 trarinm
535 599 715 665 Lucae,
757 600 847 670 qui
879 614 1005 659 eum
1045 608 1100 655 et
1125 608 1250 655 ante
1276 599 1571 658 buceellam
1601 616 1633 653 a
1672 598 1870 653 Satana

283 698 535 755 musam
571 690 686 759 jam
739 705 860 746 esse
898 701 1294 751 commemorat
1332 690 1490 755 (Luc.
1537 689 1698 763 χιιι),
1746 689 1872 758 quia

282 802 443 856 quem
473 799 616 838 tuine
646 783 895 846 intravit,
933 790 994 836 ut
1020 783 1315 853 deciperet,
1343 781 1685 852 postmodum
1715 781 1878 835 intra-

281 858 386 940 tu,
410 874 593 934 utsibi
609 873 727 949 jam
759 872 1016 926 traditum
1038 873 1234 948 plenus
1261 873 1582 941 possideret.
1827 859 1830 864 ’

361 964 545 1021 Prima
577 971 753 1016 autem
798 978 1126 1032 azymorum,
1164 972 1492 1016 accesserunt
1530 961 1776 1032 discipuli
1807 961 1878 1014 ad

285 1057 490 1118 Iesum,
513 1053 742 1106 dicentes
765 1067 786 1108 :
819 1048 918 1104 Ubi
949 1051 1022 1105 vis
1057 1067 1302 1120 paremus
1339 1051 1435 1104 tibi
1477 1051 1743 1105 comedere
1772 1048 1880 1103 Pa-

282 1147 408 1201 scha
433 1146 464 1203 τ
496 1143 737 1203 Primum
790 1142 932 1197 diem
970 1156 1310 1212 azymorum,
1355 1141 1879 1211 quarlumdecimutu

288 1238 448 1308 primi
481 1233 690 1291 mensis
726 1233 980 1306 appellat,
1012 1232 1232 1302 quando
1261 1231 1527 1288 fermento
1550 1233 1761 1303 ahjecto
1787 1233 1881 1292 im-

288 1328 512 1389 molare,
544 1325 597 1380 id
628 1334 732 1388 est,
769 1323 1246 1394 agnumoccidere
1283 1323 1532 1381 solebant
1575 1325 1643 1378 ad
1687 1339 1880 1394 vespe-

290 1435 425 1472 ram.
457 1414 612 1482 Quod
633 1429 911 1484 exponens
953 1415 1244 1484 Apostolus
1269 1415 1346 1468 ait
1370 1432 1383 1468 :
1427 1415 1646 1470 Etenim
1673 1411 1882 1470 Pascha

289 1519 527 1563 nostrum
569 1504 881 1561 immolatus.
901 1514 980 1562 est
1007 1503 1246 1561 Christus
1277 1504 1331 1577 (1
1361 1503 1486 1559 Cor.
1513 1505 1590 1577 v),
1624 1505 1715 1575 qui
1753 1504 1886 1560 licet

287 1603 375 1656 die
400 1599 669 1672 sequenti,
713 1599 818 1653 hoc
863 1605 972 1663 est,
999 1597 1402 1666 quintadecima
1457 1595 1592 1652 luna
1620 1597 1690 1652 sit
1715 1597 1887 1654 cruci-

289 1694 448 1754 tixus,
483 1693 586 1748 hac
617 1700 796 1753 tamen
837 1697 1016 1756 nocte,
1055 1705 1160 1760 qua
1191 1705 1362 1759 agnus
1407 1689 1805 1755 immolabatur,
1833 1695 1887 1744 et

287 1785 477 1838 eamis
494 1783 879 1860 sanguinisque
917 1783 1030 1844 suis
1059 1783 1338 1854 discipulis
1365 1783 1588 1844 tradidit
1629 1783 1885 1855 mysteria

289 1875 634 1938 celebranda,
664 1881 720 1928 et
757 1888 786 1928 a
809 1872 1011 1937 ludatis
1055 1883 1237 1935 tentus
1257 1884 1313 1934 et
1336 1875 1551 1950 ligatus,
1585 1877 1754 1949 ipsius
1781 1877 1884 1931 im-

287 1966 626 2032 molationis,
677 1965 780 2021 hoc
817 1973 926 2030 est,
971 1965 1243 2039 passionis
1296 1982 1408 2022 suae
1459 1967 1698 2028 sacravit
1729 1982 1888 2022 exor-

292 2058 466 2115 dium.

359 2146 427 2203 At
453 2143 618 2204 Iesus,
635 2145 767 2200 dixit
797 2145 870 2200 eis
886 2152 912 2197 ἐ
938 2145 1030 2205 (te
1050 2146 1103 2204 iu
1131 2145 1390 2201 civitatem
1414 2145 1484 2199 ad
1509 2147 1808 2217 quemdam,
1836 2156 1886 2201 et

285 2237 449 2292 dicite
481 2238 572 2290 ei:
614 2235 868 2306 Magister
910 2237 1077 2296 dicit:
1125 2236 1346 2308 Tempus
1381 2254 1552 2292 meum
1594 2254 1753 2308 prope
1788 2247 1884 2303 est,

288 2327 432 2397 apud
463 2337 512 2380 te
537 2325 681 2396 facio
705 2326 915 2382 Pascha
933 2326 1347 2397 ἀνεκάλει-ἱρείης
1372 2328 1521 2393 meis,
1542 2334 1647 2383 etc.
1677 2327 1888 2382 Marcus

291 2419 459 2473 dicit:
495 2417 577 2472 Its
604 2417 663 2471 in
694 2418 771 2472 civ
795 2426 974 2481 tatem,
1018 2427 1066 2471 et
1105 2427 1341 2472 occurret
1379 2418 1522 2472 nobis
1559 2419 1714 2472 homo
1746 2415 1891 2488 lage-

294 2529 416 2566 nam
458 2527 611 2581 aqua:
656 2508 901 2580 bajulans
942 2507 1144 2580 (Marc.
1191 2507 1327 2580 xtv).
1363 2509 1582 2581 Lageua
1617 2508 1888 2578 fragilita-

291 2611 404 2664 tem
453 2601 705 2672 designat
755 2598 1144 2671 apostolorum,
1195 2614 1295 2669 per
1342 2615 1480 2672 quos
1534 2601 1725 2656 eadem
1767 2611 1890 2658 erat

291 2693 472 2768 gratia
517 2691 720 2746 mundo
757 2689 1134 2759 ministrando.
1177 2690 1335 2758 Unde
1376 2691 1566 2746 aiunt:
1623 2689 1888 2748 Habemus

289 2793 479 2842 autem,
502 2781 803 2838 dicaturum
829 2779 995 2833 istum
1017 2779 1076 2833 in
1100 2781 1237 2834 vasis
1263 2779 1533 2849 ﬁctilibus.
1557 2780 1732 2836 Lucas
1762 2797 1890 2838 vero

293 2875 410 2928 ait:
446 2871 839 2927 Introeuntibus
867 2871 1014 2928 vobis
1057 2872 1112 2925 in
1156 2873 1438 2937 civitatem,
1477 2882 1712 2926 occurret
1749 2873 1890 2928 vobis
1959 2888 1961 2890 '

293 2965 448 3024 (tam
486 2964 798 3033 amphoram
830 2977 981 3032 aqua
1005 2971 1244 3032 portans,
1278 2971 1384 3018 etc.
1429 2962 1668 3018 Pulchre
1705 2958 1890 3019 autem

1974 507 2122 566 schae-
2139 509 2399 576 probator
2427 509 2727 572 existauet
2758 510 2858 564 hoc
2888 509 2962 566 ad.
2984 526 3097 566 sane
3128 511 3554 582 dispensationis

1975 595 2200 667 ﬁguram
2225 597 2552 670 pertinuisse
2594 597 2857 664 (lucendo,
2905 598 3197 656 carnaliter
3224 599 3372 654 ultra
3410 609 3556 654 vetet

1974 689 2236 761 exhiberi,
2271 690 2387 758 jmo
2433 691 2625 748 umbra
2661 697 2996 756 transeunte,
3049 691 3162 748 veri
3196 691 3310 762 jam
3340 690 3557 747 Pascha:

1977 780 2156 840 lumen
2186 779 2468 837 advenisse
2497 779 2847 839 demonstret.

2046 867 2222 924 Filius
2245 870 2454 942 quidem
2482 871 2708 926 hominis
2735 872 2905 937 vadit,
2927 872 3063 930 sicut
3087 873 3343 943 scriptum
3374 883 3450 927 est
3493 874 3558 926 de

1977 963 2090 1018 illo.
2146 961 2238 1018 νω
2273 973 2448 1019 mitem
2473 964 2673 1023 homini
2715 965 2820 1032 illi,
2841 983 2940 1037 per
2970 983 3128 1039 quem
3157 966 3301 1037 ﬁlius
3335 969 3560 1023 housiuis

1979 1054 2234 1108 tradetur.
2284 1053 2383 1124 (Ex
2415 1053 2661 1125 llieron.)
2709 1055 2931 1126 Poenam
2978 1056 3250 1126 praedicit,
3296 1064 3356 1112 ut
3400 1072 3560 1127 quem

1979 1145 2150 1218 pudor
2195 1159 2302 1204 non
2351 1143 2557 1198 vicerat
2603 1145 2881 1216 corrigunt
2933 1145 3245 1204 denuntiata
3279 1145 3561 1216 supplicis.

1976 1234 2088 1290 Sed
2124 1241 2181 1289 et
2210 1235 2366 1291 hodie
2393 1250 2608 1308 quoque
2637 1243 2694 1291 et
2726 1234 2786 1292 iu
2821 1236 3213 1305 sempiternum
3254 1251 3334 1291 va:
3359 1236 3562 1294 homini

1983 1325 2082 1390 illi,
2121 1325 2214 1396 qui
2253 1326 2326 1386 ad
2355 1342 2596 1382 mensam
2636 1327 2851 1384 Domini
2890 1327 3164 1400 malignus
3200 1330 3433 1395 accedit,
3473 1331 3565 1400 qui

1947 1415 1951 1420 ’
1979 1416 2195 1472 insidiis
2225 1425 2406 1475 mente
2437 1419 2768 1487 inquinatus,
2815 1417 2908 1487 qui
2939 1419 2995 1472 in
3035 1418 3347 1488 praecordiis
3381 1419 3567 1490 aliqua

1981 1505 2191 1564 scelere
2227 1507 2480 1578 pollutus,
2528 1508 2910 1579 mysteriorum
2952 1508 3158 1565 Christi
3198 1509 3567 1572 oblationibus

1987 1597 2349 1655 sacrosanctis
2373 1599 2701 1670 participare
2724 1615 2834 1656 non
2853 1599 3075 1655 meruit.

2059 1688 2265 1743 Bonum
2312 1699 2424 1745 erat
2473 1692 2542 1756 ei,
2589 1691 2635 1745 si
2679 1701 2834 1750 natus
2881 1709 2986 1746 non
3036 1692 3220 1763 fuisset
3263 1694 3422 1752 homo
3459 1695 3567 1749 ille.

1912 1762 1960 1822 Β
1985 1781 2092 1854 (Ex
2129 1781 2374 1854 Hieron.)
2421 1782 2538 1837 Non
2591 1783 2711 1838 ideo
2756 1762 3043 1853 putandus
3078 1793 3194 1852 est,
3222 1793 3358 1842 ante
3402 1783 3572 1840 fuisse

1985 1891 2149 1946 quam
2169 1887 2516 1946 nasceretur,
2547 1891 2669 1932 eum
2695 1876 2825 1932 nulli
2849 1877 3023 1947 possit
3045 1891 3166 1932 esse
3195 1878 3351 1947 bene,
3380 1877 3484 1932 nisi
3513 1879 3563 1932 ei

1985 1954 2080 2038 qui
2110 1967 2290 2032 fuerit,
2319 1969 2413 2024 sed
2445 1969 2765 2040 simpliciter
2801 1969 3006 2032 dictum
3035 1978 3138 2033 est,
3181 1969 3350 2028 multo
3381 1969 3573 2024 melius

1986 2072 2106 2112 esse
2129 2073 2236 2112 non
2263 2058 2584 2124 subsistere,
2614 2073 2779 2128 quam
2803 2057 2948 2117 male
2977 2059 3294 2116 subsistere.

2059 2149 2394 2219 Respondeas
2425 2160 2598 2204 autem
2632 2149 2803 2204 ludas
2829 2147 2965 2203 disi!
2985 2165 3011 2205 ξ
3048 2148 3304 2220 Nunquid
3338 2165 3432 2220 ego
3459 2163 3584 2202 sum'

1987 2239 2199 2296 Βαὺὸἱέ
2233 2239 2318 2296 Ait
2348 2239 2428 2296 illi
2452 2240 2610 2294 Jesus
2640 2257 2663 2294 ε
2689 2239 2767 2294 Tu
2795 2239 2999 2294 dixisti.
3027 2237 3362 2296 Blandient-is
3399 2237 3578 2307 junxit

1985 2329 2258 2396 allectum,
2306 2330 2421 2389 sive
2468 2330 2865 2385 incredulitatis
2907 2329 3140 2399 signum.
3190 2327 3384 2384 Crateri
3432 2329 3577 2384 enim

1985 2421 2077 2492 qui
2113 2437 2218 2475 non
2247 2428 2406 2474 erant
2438 2418 2710 2492 proditori
2743 2419 2965 2482 dicunt:
3012 2417 3270 2489 Nunquid
3298 2433 3392 2494 ego
3433 2434 3576 2482 sum,

1990 2510 2210 2568 Domine
2231 2511 2256 2564 Ρ
2278 2510 2382 2565 Istc
2409 2510 2607 2581 quippe
2641 2510 2734 2582 qui
2763 2509 3083 2580 proditurus
3106 2517 3225 2564 erat
3258 2523 3366 2564 non
3393 2507 3578 2565 Domi-

1989 2616 2142 2665 num,
2166 2602 2261 2661 sed
2289 2602 2609 2671 magistrum
2633 2609 2814 2669 vocat,
2856 2599 3012 2677 quasi
3049 2599 3460 2662 excusationem
3480 2604 3581 2656 ha-

1987 2689 2132 2754 beat,
2165 2691 2208 2745 si
2256 2689 2488 2750 Mutuo
2530 2691 2828 2763 denegatm
2856 2690 3056 2750 saltem
3089 2689 3405 2766 magistrum
3443 2707 3580 2762 pro-

1990 2779 2205 2835 diderit.

2062 2868 2410 2927 Ctenaatibus.
2441 2881 2616 2925 autem
2645 2889 2742 2938 ets,
2783 2873 2981 2944 accepit
3011 2873 3176 2931 Iesus
3194 2891 3381 2946 partem
3405 2884 3456 2929 et
3489 2875 3581 2930 be-

1993 2959 2216 3026 nedixit,
2244 2977 2307 3014 ae
2350 2961 2504 3031 [regit
2530 2961 2779 3034 deditque
2803 2963 3094 3035 discipulis.
3107 2967 3217 3026 suis
3234 2974 3293 3025 ,ιι
3320 2965 3430 3024 ait:
3472 2965 3576 3020 Ac-

291 3054 569 3135 paraturis
612 3052 821 3108 Pascha
866 3052 1147 3126 discipulis
1179 3053 1342 3108 homo
1375 3053 1693 3124 amphoram
1737 3068 1891 3125 aqua:
1927 3123 1962 3135 ﬁ
1992 3049 2147 3119 cipite
2170 3059 2218 3103 et
2248 3051 2534 3120 comedite,
2568 3053 2665 3106 hoc
2708 3063 2784 3110 est
2803 3071 3000 3126 corpus
3044 3073 3240 3114 meum.
3289 3056 3583 3126 Postquam

293 3123 518 3216 portans
548 3146 741 3211 currit,
769 3152 828 3199 ut
869 3123 1188 3200 ostendatur
1225 3145 1386 3217 hujus
1427 3123 1648 3201 Pascha:
1694 3123 1894 3218 myste-
1920 3123 1964 3186 (ἶ
1999 3141 2237 3214 typicum
2284 3140 2497 3201 Pascha
2543 3143 2724 3200 fuerat
2767 3123 3068 3217 impletum,
3120 3155 3177 3214 et
3223 3147 3362 3218 agni
3393 3123 3586 3203 canes

294 3238 458 3302 rium,
488 3251 590 3308 pro
615 3234 888 3296 ablatione
922 3235 1159 3306 perfecta
1187 3236 1371 3291 mundi
1404 3236 1583 3308 totius.
1597 3252 1718 3292 esse
1759 3235 1898 3292 cele-

299 3329 590 3391 brandum.
635 3327 792 3408 aqua
837 3328 1038 3400 quippe
1083 3328 1357 3382 lavacrum
1391 3327 1601 3399 gratim,
1630 3328 1892 3398 amphora

298 3434 614 3478 mensuram
644 3416 942 3486 perfectam
969 3416 1261 3488 signiﬁcat.
1286 3415 1486 3470 Parant
1510 3430 1638 3486 ergo
1659 3416 1890 3482 Pascha,

297 3514 384 3568 ubi
428 3528 584 3583 aqua;
619 3511 856 3567 infertur
877 3513 1167 3582 amphora,
1214 3513 1342 3583 quia
1387 3521 1601 3582 tempus
1645 3513 1894 3568 videlicet

296 3606 451 3665 adest
489 3621 600 3676 quo
630 3606 745 3660 veri
785 3604 1006 3661 Pascha:
1039 3605 1342 3661 cultoribus
1370 3606 1580 3677 typicus
1606 3607 1672 3661 de
1713 3606 1895 3661 limine

294 3712 461 3750 arnor
486 3695 790 3762 auferatur,
818 3704 873 3751 et
898 3698 965 3752 ad
991 3696 1226 3752 tollenda
1244 3699 1475 3752 crimina
1501 3697 1700 3755 viviﬁci
1735 3697 1896 3753 fontis

295 3787 565 3856 baptism
591 3796 972 3847 consecretur.
1009 3787 1069 3844 ιιι
1113 3787 1225 3843 alio
1262 3788 1593 3859 evangelista
1632 3781 1896 3857 scriptum

294 3887 405 3943 est,
432 3879 580 3948 quod
627 3879 955 3934 invenerunt
994 3878 1334 3934 emna'culum
1367 3895 1621 3950 magnum
1665 3887 1895 3934 stratum

297 3979 461 4039 atque
493 3970 834 4034 mundatum,
864 3975 920 4024 et
967 3968 1040 4023 ibi
1071 3977 1396 4040 paraverunt
1440 3969 1509 4024 ei.
1547 3967 1894 4025 Cmnaculum

300 4074 559 4130 magnum
601 4057 688 4113 lex
727 4057 989 4130 spiritalis
1015 4065 1120 4123 est,
1163 4074 1287 4128 qua:
1311 4057 1379 4113 de
1407 4058 1672 4130 angustiis
1704 4058 1898 4118 littera:

297 4151 612 4220 egrediens,
644 4150 697 4204 in
733 4149 960 4209 sublimi
990 4149 1108 4204 loco
1151 4148 1345 4219 recipit
1374 4148 1732 4203 Salvator-em.
1764 4146 1896 4203 Nam

299 4246 390 4315 qui
443 4245 631 4302 adhuc
667 4245 1003 4301 occidentem
1030 4243 1266 4304 litteram
1309 4241 1629 4304 servaverit,
1669 4240 1760 4310 qui
1790 4254 1896 4298 non

298 4336 451 4398 aliud
479 4336 534 4391 in
559 4351 702 4407 agno
755 4351 917 4405 quam
945 4350 1111 4410 pecus
1139 4332 1482 4395 intellexerit,
1515 4332 1617 4392 iste
1643 4331 1896 4392 nimirum

298 4428 352 4481 in
376 4427 510 4483 imis
541 4425 747 4481 Pascha
776 4425 929 4491 facit,
970 4425 1097 4496 quia
1127 4424 1351 4495 spiritus
1389 4420 1726 4490 majestatem
1750 4437 1926 4495 comm;

1921 4474 1974 4534 D

297 4519 647 4590 prehendere
684 4518 919 4580 necdum
967 4517 1176 4572 didicit.
1210 4515 1397 4586 Atqui
1437 4529 1603 4584 aquae
1631 4513 1892 4585 baiulum,

298 4613 406 4667 hoc
435 4619 524 4669 est
547 4610 737 4683 gratia:
761 4624 1070 4680 praeconem
1101 4608 1154 4668 in
1185 4607 1405 4663 domum
1454 4604 1707 4664 Ecclesiae
1734 4602 1898 4658 fuerit

297 4709 543 4765 secutus,
569 4700 660 4754 hic
693 4716 790 4772 per
809 4699 1058 4769 spiritum
1086 4696 1449 4756 viviﬁcantem
1475 4703 1674 4750 tectura
1706 4694 1899 4749 littera:

300 4791 760 4857 transcendendo,
816 4791 870 4846 in
919 4791 1034 4850 alto
1083 4789 1279 4844 mentis
1331 4787 1629 4844 diversorio
1679 4786 1899 4846 Christo

296 4885 642 4938 mansionem
673 4891 962 4954 plmparat,
1003 4883 1132 4952 quia
1173 4889 1390 4945 cuncta,
1423 4881 1516 4938 vel,
1551 4880 1774 4936 Pascha:
1814 4893 1898 4932 sa-

298 4985 669 5040 cramentum,
693 4975 776 5030 vel
803 4984 999 5032 caetera
1040 4975 1171 5046 legis
1209 4976 1427 5031 decreta
1466 4975 1531 5029 de
1561 4975 1666 5030 hoc
1701 4973 1902 5043 scripta

299 5067 574 5140 intelligit.

383 5155 609 5228 Vespere
637 5167 812 5212 autent
841 5158 981 5228 facta
1010 5157 1362 5212 discumbebat
1384 5173 1501 5210 cum
1524 5155 1799 5210 duodecim
1820 5153 1902 5206 di-

297 5248 542 5316 scipulis.
580 5247 648 5306 Et
689 5249 959 5304 edentibus
994 5247 1123 5312 illis,
1169 5249 1342 5302 dixit:
1387 5245 1548 5300 Amen
1587 5245 1703 5299 dico
1736 5245 1899 5308 vobis,

299 5337 429 5404 quia
458 5354 595 5390 unus
641 5347 868 5391 vestrum
909 5355 990 5392 me
1017 5337 1316 5392 traditurus
1358 5347 1452 5399 est,
1492 5345 1596 5391 ete.
1640 5335 1815 5392 Lucas
1843 5335 1896 5390 iu

303 5429 408 5482 hoc
457 5427 596 5490 loco,
631 5428 916 5483 Dominum
959 5429 1250 5485 introducit
1291 5429 1596 5484 dicentem:
1627 5426 1898 5481 Desiderio

301 5520 603 5574 desideravi
632 5521 729 5575 hoc
761 5521 963 5576 Pascha
984 5521 1303 5576 manducare
1330 5520 1590 5575 uobiscum
1617 5530 1896 5588 antequam

301 5616 504 5678 patiar.
554 5614 834 5670 Desiderat
864 5615 1038 5684 primo
1082 5615 1318 5685 typicutn
1359 5615 1554 5682 pascha
1585 5627 1710 5666 cum
1738 5608 1898 5665 disci-

303 5704 450 5772 pulis
482 5706 834 5770 manducare,
867 5714 918 5759 et
968 5707 1044 5761 sic
1083 5705 1350 5775 passionis
1397 5722 1505 5759 suae
1545 5703 1744 5758 mundo
1784 5717 1897 5772 my-

1996 3246 2122 3290 eum
2171 3233 2432 3304 apostolis
2485 3236 2831 3304 comederat,
2885 3240 3181 3311 assumpsit
3223 3255 3445 3316 panem.
3494 3240 3584 3309 qui

1995 3321 2270 3378 eonlbrtat
2319 3339 2417 3379 cor
2445 3325 2702 3390 hominis,
2734 3335 2791 3382 et
2815 3328 2884 3384 ad
2935 3344 3124 3389 verum
3151 3329 3374 3388 Pascha:
3403 3340 3582 3385 trans-

1997 3413 2237 3484 greditur
2283 3423 2702 3470 saerameutnm.
2750 3417 2833 3477 Ut,
2851 3420 3124 3489 quomodo
3167 3421 3224 3478 in
3277 3421 3578 3492 pueligusao

1998 3503 2145 3557 tione
2170 3501 2288 3574 ejus
2318 3503 2713 3564 Melchisedech
2741 3507 2940 3566 summi
2974 3507 3069 3563 Dei
3094 3509 3348 3568 sacerdos
3385 3525 3585 3581 panem

1996 3599 2051 3644 et
2079 3590 2265 3645 vinum
2306 3591 2541 3650 oll'erens
2587 3595 2810 3663 fecerat,
2853 3597 2969 3668 ipse
3008 3613 3227 3674 quoque
3259 3598 3312 3657 in
3356 3599 3588 3655 veritate
3671 3588 3674 3592 ’

1997 3680 2080 3736 sui
2108 3681 2356 3754 corporis
2383 3690 2440 3739 et
2484 3685 2765 3757 sanguinis
2793 3697 3228 3758 reprazseutaret.
3267 3688 3335 3748 Et
3355 3689 3410 3744 iu
3441 3689 3588 3746 Luca

1998 3771 2224 3844 legimus
2255 3771 2392 3834 duos
2436 3776 2658 3843 calices,
2706 3779 2903 3850 quibus
2933 3779 3213 3853 discipulis
3253 3783 3587 3862 propinarit.

1999 3865 2176 3922 Unum
2201 3867 2361 3936 primi
2393 3870 2600 3926 mensis
2623 3871 2944 3930 etoalterum
2974 3874 3221 3942 secundi,
3243 3884 3302 3929 ut
3325 3875 3418 3944 qui
3449 3876 3588 3932 inter

1999 3967 2218 4039 sanctos
2245 3959 2420 4028 primo
2451 3977 2636 4019 mense
2672 3978 2870 4031 agnum
2893 3965 3180 4020 comedere
3200 3981 3305 4020 non
3327 3965 3590 4035 potuerit,

2004 4050 2246 4104 secundo
2288 4067 2478 4106 mense
2525 4052 2667 4109 inter
2694 4055 3030 4124 praenitentes
3065 4056 3276 4112 haedum
3315 4058 3586 4112 comedat.

1999 4139 2429 4211 FrangiLautem
2457 4143 2573 4214 ipse
2601 4131 2829 4214 panem,
2851 4160 3012 4216 quem
3043 4146 3320 4218 discipulis
3339 4149 3589 4219 porrigit,

2001 4240 2061 4285 ut
2083 4234 2336 4288 ostendat
2351 4235 2602 4304 corporis
2633 4237 2717 4294 sui
2761 4237 3084 4294 fraetionem
3116 4255 3224 4296 non
3260 4240 3463 4311 absque
3489 4258 3586 4298 sua

2001 4329 2190 4390 sponte
2236 4337 2300 4377 ac
2343 4325 2724 4394 procuratione
2769 4335 3086 4397 venturam,
3125 4328 3242 4396 sed,
3291 4330 3433 4386 sicut
3460 4332 3589 4389 alibi

2003 4411 2157 4476 dicit,
2179 4422 2503 4482 potesmtem
2550 4432 2610 4472 se
2651 4417 2851 4476 habere
2876 4419 3115 4490 ponendi
3141 4421 3376 4476 animam
3412 4437 3586 4486 suam,

1999 4510 2055 4557 et
2084 4512 2405 4573 potestatem
2433 4523 2492 4561 se
2516 4508 2721 4564 habere
2743 4509 2938 4565 iterum
2977 4510 3225 4566 sumendi
3249 4526 3391 4572 eam.
3417 4511 3589 4580 Quem

2000 4595 2252 4654 videlicet
2337 4614 2534 4669 panem
2579 4601 2714 4657 certi
2763 4617 2978 4673 quoque
3029 4603 3206 4674 gratia
3259 4608 3590 4662 sacramenti

2001 4689 2314 4760 priusquam
2361 4689 2656 4762 frangeret,
2700 4693 2976 4751 benedixit
2999 4730 3026 4757 ι
3055 4696 3176 4764 quia
3211 4706 3458 4754 naturam
3491 4699 3592 4754 bu-

2004 4794 2244 4843 manam,
2291 4796 2453 4849 quam
2486 4797 2746 4852 passurus
2789 4785 3102 4854 assumpsit,
3152 4785 3271 4856 ipse
3310 4803 3418 4842 una
3466 4803 3590 4843 cum

2003 4867 2167 4926 Patre
2207 4881 2264 4926 et
2297 4871 2505 4946 Spiritu
2550 4886 2739 4931 sancte
2778 4877 2948 4946 gratia
2996 4877 3191 4934 divina:
3234 4879 3452 4939 virtutis
3487 4880 3592 4935 im-

2010 4961 2175 5032 plevit
2199 5004 2221 5019 .,
2252 4961 2527 5019 Beuedixit
2553 4983 2741 5037 partem
2771 4977 2818 5021 at
2843 4967 3022 5038 fregit,
3062 4969 3186 5038 quia
3214 4969 3490 5028 hominem
3510 4985 3592 5026 as-

2009 5061 2304 5123 sumptum,
2334 5054 2406 5109 ita
2436 5055 2596 5111 morti
2625 5055 2855 5110 subdere
2877 5058 3126 5128 dignatus
3160 5066 3264 5126 est,
3292 5070 3354 5116 ut
3380 5060 3430 5116 ei
3456 5059 3592 5114 divi-

2009 5161 2092 5201 me
2127 5147 2553 5204 immortalitatis
2599 5149 2869 5203 veraciter
2918 5149 3096 5206 inesse
3147 5152 3445 5222 potentiam
3494 5150 3589 5208 de-

2008 5245 2354 5291 monstraret.
2391 5237 2621 5308 Ideoque
2656 5237 2901 5293 velocius
2917 5254 3040 5295 eum
3079 5255 3110 5294 a
3149 5250 3322 5298 morte
3365 5241 3594 5296 resusci-

2005 5328 2225 5381 tanlum
2253 5343 2371 5382 esse
2398 5328 2633 5384 doceret.

2077 5419 2144 5472 Et
2189 5418 2445 5487 accipiens
2474 5418 2687 5474 calicem
2729 5421 2927 5492 gratias
2953 5422 3074 5492 egit,
3109 5430 3156 5474 et
3180 5421 3322 5474 dedit
3367 5419 3471 5474 illis
3504 5417 3587 5474 di-

2006 5526 2123 5563 cens
2152 5527 2164 5560 :
2202 5508 2373 5562 Bibite
2399 5525 2464 5562 ea:
2495 5509 2589 5563 hoc
2613 5528 2811 5575 onttws,
2841 5513 2923 5565 hic
2954 5522 3026 5564 est
3049 5512 3185 5564 enim
3207 5510 3418 5579 sanguis
3443 5526 3586 5566 meus

2007 5599 2141 5654 Novi
2174 5598 2507 5662 Testamettti,
2539 5610 2641 5676 etc.
2676 5602 2811 5669 Quia
2857 5603 3011 5672 panis
3035 5617 3230 5670 corpus
3277 5601 3584 5667 conﬁrmat,

2003 5695 2186 5750 viuum
2231 5710 2356 5749 vero
2400 5695 2713 5766 sanguinem
2761 5705 3016 5764 operatur
3057 5694 3107 5747 in
3153 5712 3336 5760 carne,
3385 5697 3469 5754 hic
3517 5699 3583 5754 ad
