3994 6206
426 385 524 441 l7!)

1745 380 2100 436 SMARAGDI
2141 379 2433 438 ABBATIS

3594 384 3702 437 130

417 513 615 569 corpus
635 497 835 552 Christi
862 496 1084 566 mystice
1102 537 1115 560 ,
1149 494 1277 549 illud
1310 493 1543 548 refertur
1564 492 1630 546 ad
1651 493 1988 564 sanguinem.
2023 503 2068 559 Α
2101 503 2224 558 lem,
2253 495 2346 550 sed
2369 505 2588 565 agentes
2606 495 2977 570 ptenitentiam
2999 495 3056 547 ιιι
3075 501 3317 558 erentur,
3338 501 3394 549 et
3416 493 3703 564 signantur

416 589 619 645 Verum
642 589 768 659 quia
798 596 851 643 et
883 604 980 641 nos
1009 587 1063 641 in
1091 585 1329 651 Christo,
1357 593 1413 638 et
1449 584 1502 638 in
1536 583 1687 639 vobis
1712 575 2000 639 'Christum

415 697 637 738 manere
664 688 899 750 oportet,
931 680 1114 732 vinum
1142 677 1408 734 Dominici
1436 677 1621 731 calicis
1647 692 1784 746 aqua
1817 676 2005 730 misee-

419 784 522 828 tur.
613 774 918 828 Attestante
970 771 1112 824 enim
1168 767 1396 833 Joanne,
1450 785 1603 838 aquae
1650 768 1834 840 populi
1877 775 2004 827 sunt

417 865 598 933 (Apoc.
631 861 784 931 χιιι),
816 870 868 914 et
896 876 1066 930 neque
1097 875 1290 928 aquam
1333 859 1501 914 solam
1531 873 1706 928 neque
1735 858 1906 912 solum
1932 857 2007 909 vi-

415 971 560 1009 num.
595 954 736 1008 sicut
782 969 883 1008 nec
923 961 1145 1022 grzm’um
1177 951 1432 1006 frumenti
1479 953 1652 1006 solum
1700 952 1817 1006 sine
1846 967 2000 1026 aqua:

415 1049 737 1102 atillliSllODC
782 1055 836 1100 et
865 1045 1204 1100 confectione
1234 1046 1285 1099 in
1314 1060 1453 1115 pane
1483 1045 1733 1114 cuiquam
1763 1043 1889 1097 licet
1927 1043 2003 1095 ol-

415 1138 577 1202 ferrc,
619 1153 686 1192 ne
715 1137 834 1191 talis
877 1138 927 1190 vi
946 1137 1128 1191 .Tclieet
1159 1137 1378 1201 oblatio,
1410 1137 1566 1208 quasi
1595 1143 1753 1205 caput
1779 1151 1808 1188 a
1840 1151 2005 1190 mem-

411 1230 523 1283 bris
569 1229 963 1283 secernendnm
1003 1243 1123 1281 esse
1169 1212 1454 1298 signiﬁcet,
1503 1236 1558 1281 et
1594 1226 1679 1280 vel
1725 1225 1999 1279 Christum

401 1317 527 1375 'sine
566 1329 765 1374 nostra:
804 1321 1192 1390 redemptionis
1237 1306 1444 1373 amore
1469 1319 1577 1389 pati
1623 1318 1884 1388 potuissi‘,
1915 1317 2000 1369 vel

413 1427 508 1466 nos
529 1413 645 1466 sine
675 1411 818 1465 illius
843 1412 1091 1480 passione
1113 1410 1330 1477 salvari,
1359 1426 1419 1463 ac
1441 1409 1591 1462 Patri
1613 1407 1792 1462 offerri
1820 1422 1999 1477 posse,

411 1503 704 1573 conlingat.
738 1501 892 1567 Quod
922 1513 1104 1555 autem
1149 1502 1280 1555 dicit
1308 1520 1319 1554 :
1374 1500 1472 1553 Hic
1499 1510 1572 1554 est
1602 1499 1818 1569 sanguis
1856 1515 2000 1552 meus

416 1592 556 1648 Neri
601 1594 940 1657 Testumenti,
975 1594 1040 1647 ad
1088 1592 1488 1647 distinctionem
1522 1590 1742 1662 respicit
1793 1590 2002 1644 Veteris

412 1685 772 1749 Testamenti,
817 1686 960 1755 quod
1003 1685 1275 1738 hircorum
1319 1693 1372 1737 et
1419 1684 1709 1739 vitulorum
1755 1691 1841 1738 est
1879 1698 2002 1735 san-

410 1777 572 1846 guine
609 1777 914 1830 dedicatum
946 1775 1143 1846 (Exod.
1171 1778 1341 1845 κιαι).

2109 587 2316 647 addidit
2343 588 2394 642 in
2427 590 2526 648 ista
2550 595 2727 655 nocte,
2755 587 2880 658 quia
2911 586 3180 656 quomodo
3217 586 3308 655 qui
3342 585 3704 653 inebriantur,

2111 688 2269 733 nocte
2300 679 2656 746 inebriantnr,
2693 677 2772 734 sic
2817 689 2873 732 et
2916 678 3006 746 qui
3051 676 3366 730 scandalum
3396 677 3703 748 patiuntur,

2109 773 2160 825 in
2205 783 2362 828 nocte
2394 781 2448 826 et
2495 773 2546 826 in
2582 771 2820 826 tenebris
2867 770 3153 825 sustinent.
3197 768 3371 824 Lucas
3416 770 3510 835 ait,
3556 771 3704 840 quod

2109 861 2316 917 Simoni
2360 863 2621 920 Dominus
2662 863 2834 917 dixit:
2891 859 3024 914 Ecce
3057 858 3284 917 Satanas
3312 862 3550 932 expetivit
3587 879 3704 928 eos,

2108 964 2160 1005 ut
2192 954 2444 1009 cribraret
2487 954 2621 1006 sicut
2669 952 2923 1016 triticum,
2971 968 3061 1021 ego
3093 961 3266 1007 autem
3300 952 3478 1022 rogavi
3499 969 3593 1022 pro
3627 963 3702 1016 te,

2109 1054 2162 1094 ut
2192 1059 2294 1096 non
2325 1041 2533 1110 deﬁciat
2563 1041 2694 1111 ﬁdes
2723 1053 2814 1095 tua
2848 1040 3000 1112 (Luc.
3032 1041 3185 1112 κιαι).

2177 1131 2308 1185 Cum
2342 1146 2470 1185 vero
2499 1130 2731 1186 Satanas
2775 1131 2976 1201 expetit
3011 1146 3104 1184 eos
3144 1138 3378 1196 tentare,
3409 1141 3466 1187 et
3509 1132 3702 1196 veluti.

2106 1226 2197 1298 qni
2229 1225 2464 1278 triticum
2495 1232 2707 1296 purgat,
2735 1225 3046 1279 ventilando
3066 1232 3381 1289 concutere,
3404 1224 3563 1280 docet
3586 1225 3703 1281 nul.

2106 1317 2208 1371 lius
2237 1315 2395 1370 [idem
2441 1334 2470 1369 a
2501 1311 2733 1380 diabolo,
2785 1317 2885 1370 nisi
2936 1316 3046 1371 Deo
3097 1316 3466 1385 permittente,
3498 1318 3700 1371 tentari

2106 1423 2281 1484 posse.
2315 1408 2530 1462 Samus:
2561 1408 2758 1478 quippe
2787 1407 2854 1463 ad
2879 1408 3226 1464 eribraudum
3246 1407 3418 1463 bonos
3441 1419 3702 1478 expetere

2104 1509 2209 1565 est,
2240 1500 2308 1554 ad
2339 1499 2680 1554 alilictionem
2719 1514 2910 1554 eorum
2947 1499 3392 1557 malitimzestibus
3421 1501 3701 1556 anhelare.

2105 1593 2223 1662 Quo
2249 1576 2392 1649 enim
2443 1609 2630 1650 eorum
2667 1593 3019 1648 tentationem
3070 1592 3322 1648 invidens
3360 1593 3588 1662 appetit.
3632 1609 3700 1647 eo

2105 1684 2518 1754 illorum,quasi
2564 1683 2937 1753 probationem
2981 1682 3279 1751 deprecans
3323 1682 3502 1752 petit:
3547 1682 3613 1734 Et
3641 1693 3698 1735 tu

2105 1779 2391 1849 aliquando
2451 1794 2771 1841 conversus,
2820 1776 3072 1845 conﬁrma
3122 1775 3314 1845 fratres
3357 1786 3492 1829 tuos.
3545 1775 3702 1829 Sient

477 1868 610 1921 Dico
640 1879 816 1921 autem
846 1869 986 1921 robis
1007 1881 1026 1918 :
1069 1867 1191 1921 Non
1228 1866 1398 1921 bibant
1425 1867 1616 1921 amotto
1645 1868 1707 1921 de
1733 1867 1828 1919 hoc
1858 1867 2002 1938 geni—
2033 1865 2075 1922 Β
2107 1873 2220 1946 ipse
2246 1881 2412 1930 tuam,
2457 1870 2649 1940 inquit,
2686 1869 2865 1932 ﬁdem,
2893 1886 2961 1924 ne
3000 1869 3204 1924 Satana
3233 1877 3474 1924 tentante
3502 1868 3700 1923 delice-

411 1960 551 2013 mine
579 1959 697 2012 vitis
723 1975 884 2030 usque
915 1960 970 2012 in
1010 1957 1147 2012 diem
1190 1956 1362 2023 illum,
1389 1974 1508 2011 cum
1537 1956 1670 2009 illud
1707 1957 1879 2010 bibam
1914 1973 1999 2008 vo-

407 2055 603 2108 biscum
634 2069 825 2107 novum
874 2051 929 2104 in
978 2067 1134 2123 regno
1161 2049 1362 2106 .Patris
1399 2049 1520 2103 mei.
1570 2049 1752 2104 Potest
1781 2048 1999 2118 quidem

411 2146 496 2199 hic
532 2145 853 2208 versiculus,
897 2153 952 2198 et
993 2141 1313 2212 simpliciter
1350 2141 1546 2210 accipi,
1597 2139 1740 2210 quod
1792 2140 1859 2193 ab
1900 2139 2000 2192 hac

369 2254 380 2266 ·
409 2235 537 2288 hora
569 2250 738 2289 curn-.13
777 2250 947 2304 usque
993 2235 1060 2287 ad
1090 2242 1300 2302 tempus
1347 2233 1781 2292 rcsm'rectionis,
1811 2247 1918 2301 quo
1949 2232 2000 2285 in

411 2344 575 2396 regno
609 2327 703 2380 Dei
734 2335 852 2381 erat
881 2333 1157 2387 venturus,
1189 2325 1372 2378 vinum
1406 2324 1674 2377 bibiturus
1695 2338 1802 2376 non
1831 2329 1998 2386 esset,

409 2426 596 2487 postea
641 2429 877 2486 namque
936 2415 1085 2469 illum
1133 2414 1312 2468 cibum
1363 2423 1655 2488 potumque
1710 2413 2003 2483 sumpsisse

412 2515 643 2560 testatur
666 2505 942 2575 apostolus
989 2504 1184 2560 Petrus
1226 2505 1314 2573 qui
1349 2505 1460 2557 ait:
1513 2503 1617 2570 Qui
1666 2503 2003 2563 ntanducaei-

413 2613 527 2649 mus
573 2605 622 2649 et
669 2595 889 2649 bibimus
927 2613 1046 2649 cum
1093 2593 1206 2660 illo,
1254 2576 1593 2665 posteaquam
1647 2594 1930 2647 resurrexit
1971 2611 2002 2646 a

410 2690 652 2744 mortuis.
694 2688 800 2744 Sed
847 2688 1014 2742 multo
1057 2687 1498 2758 eonsequentins,
1546 2694 1604 2739 ut
1650 2686 1792 2744 sicut
1840 2699 2000 2754 supra

412 2782 647 2852 typicum
679 2777 805 2851 agni
846 2793 1017 2843 esum,
1062 2779 1140 2834 sic
1181 2778 1346 2833 etiam
1377 2787 1563 2848 potum
1613 2775 1831 2831 Pascha:
1864 2776 2002 2847 typi-

410 2890 532 2927 cum
570 2881 730 2943 neget
774 2887 833 2927 se
879 2871 1020 2925 ultra
1062 2879 1423 2941 gustaturmn,
1463 2868 1633 2924 donec
1682 2876 1898 2923 ostensa
1949 2875 2004 2922 et

415 2962 756 3018 manifestata
787 2961 1200 3018 resurrectionis
1225 2976 1334 3015 suae
1356 2961 1549 3031 gloria,
1577 2960 1726 3032 regni
1759 2958 1851 3016 Dei
1875 2957 2007 3013 ﬁdes

415 3057 615 3111 tnunzlo
647 3056 915 3110 adveniat.

487 3147 553 3200 Et
584 3148 776 3218 hymno
816 3146 956 3198 dicto
1001 3145 1239 3198 exierunt
1269 3145 1321 3197 in
1372 3152 1596 3202 montem
1631 3140 1840 3200 Olireti.
1893 3140 2004 3196 Hoc

2107 1974 2207 2026 ret,
2232 1962 2435 2023 orando
2460 1961 2688 2040 protexi,
2714 1959 2786 2021 ita
2814 1971 2868 2015 et
2892 1968 2948 2022 tu
2977 1959 3305 2014 infirmiores
3325 1974 3564 2030 quosque
3587 1957 3700 2010 l'ra-

2104 2066 2217 2111 tres
2269 2054 2516 2126 exemplo
2567 2064 2674 2109 tuae
2721 2052 3075 2122 paenitentize,
3128 2068 3196 2107 ne
3247 2051 3314 2105 de
3351 2052 3506 2104 venia
3558 2048 3699 2103 forte

2104 2149 2408 2220 desperent,
2427 2147 2635 2217 erigere
2659 2153 2716 2200 et
2742 2143 3050 2199 confortare
3081 2151 3371 2200 memento.

2176 2229 2441 2310 Scriptum
2470 2248 2541 2292 est
2583 2236 2758 2284 enim:
2796 2231 3094 2281 l’crcuttam
3138 2235 3396 2296 pastorem
3425 2229 3470 2272 et
3493 2229 3702 2286 disper—

2118 2339 2307 2401 gentur
2338 2344 2455 2384 aves
2479 2327 2653 2398 gregis
2687 2323 2869 2392 (Zach.
2902 2324 3039 2387 λιιι),
3067 2320 3167 2391 (Ex
3211 2319 3407 2374 Hieron
3438 2318 3454 2386 )
3494 2319 3696 2371 Pereu~

2126 2422 2261 2476 titur
2294 2430 2478 2478 autem
2539 2428 2724 2489 pastor
2788 2418 2983 2479 bonus,
3046 2425 3103 2467 ut
3131 2423 3293 2482 ponat
3325 2411 3564 2494 aqimam
3594 2425 3706 2479 pro

2122 2515 2322 2569 ovibus
2371 2512 2508 2574 suis,
2545 2522 2599 2563 et
2654 2521 2710 2562 ut
2756 2507 2942 2562 multis
2983 2504 3239 2574 gregibus
3290 2517 3542 2557 errorum
3606 2500 3702 2554 fiat

2123 2623 2264 2662 unus
2298 2621 2446 2676 grex.
2486 2613 2543 2657 et
2571 2619 2712 2655 unus
2756 2609 2938 2668 pastor
2962 2595 3142 2666 (Joan.
3178 2595 3256 2664 x).

2177 2699 2339 2751 Amen
2365 2697 2481 2750 dico
2512 2695 2627 2759 tibi,
2661 2694 2787 2766 quia
2815 2693 2869 2746 in
2897 2693 2994 2746 hac
3026 2702 3170 2744 nocte
3209 2700 3484 2758 antequam
3519 2687 3699 2755 gallus-

2106 2799 2300 2851 cantet,
2331 2798 2408 2841 ter
2449 2804 2528 2840 me
2565 2785 2796 2858 negabis.
2847 2782 2946 2854 (Ex
2977 2782 3220 2849 Hieron.)
3269 2781 3333 2833 Et
3383 2779 3579 2831 Petrus
3626 2779 3691 2830 de

2108 2879 2301 2934 ardore
2332 2879 2454 2933 ﬁdei
2478 2879 2846 2948 promittebat,
2875 2884 2929 2929 et
2969 2874 3218 2928 Salvator
3257 2871 3410 2942 quasi
3443 2871 3582 2923 Deus
3612 2871 3690 2923 fn-

2110 2980 2230 3024 tura
2259 2977 2501 3023 noverat.
2547 2968 2612 3020 Et
2651 2975 2777 3021 nota
2843 2966 2986 3035 quod
3032 2965 3223 3018 Petrus
3254 2964 3307 3016 in
3348 2971 3503 3016 nocte
3539 2972 3701 3031 neget

2110 3063 2289 3118 tertio.
2326 3061 2616 3132 Postquam
2646 3069 2824 3114 autem
2869 3059 3042 3129 gallus
3071 3058 3288 3119 cecinit,
3313 3065 3368 3111 et
3390 3056 3706 3110 decrescen-

2114 3153 2258 3207 tibus
2302 3151 2539 3212 tcuebris
2586 3151 2761 3208 vicina
2812 3150 2900 3202 lux
2952 3148 3196 3203 nuntiata
3243 3156 3326 3201 est
3356 3188 3370 3207 ,
3405 3161 3706 3198 conversus

415 3247 518 3300 est,
573 3235 719 3306 quod
763 3236 816 3288 in
870 3235 1083 3288 Psallno
1129 3235 1389 3305 legimus:
1448 3233 1619 3288 Edent
1667 3251 1920 3304 pauperes
1956 3244 2002 3287 et

2122 3241 2258 3296 Jevit
2313 3256 2537 3304 antare,
2602 3249 2771 3294 terna:
2826 3237 3128 3309 negationis
3198 3237 3388 3292 sutiles
3448 3236 3706 3305 laerymis

418 3329 818 3392 saturabuntur,
857 3337 904 3381 et
947 3325 1237 3379 laudabunt
1279 3325 1581 3388 Dominum,
1612 3324 1702 3400 qui
1738 3326 2004 3396 requirunt

415 3437 532 3473 eum
581 3415 754 3490 (Psal.
799 3416 933 3487 χιιι).
993 3416 1181 3472 Potest
1217 3425 1397 3469 autem
1440 3416 1676 3490 hynuus
1717 3416 1879 3475 etiam
1920 3415 2009 3468 ille

418 3509 660 3580 intelligi,
705 3524 862 3587 quem
910 3507 1169 3566 Dominus
1217 3487 1511 3575 secundum
1556 3505 1817 3560 Joannem
1865 3504 2006 3560 Patri

417 3603 619 3672 gratias
645 3617 809 3676 agens
829 3601 1173 3665 decantabat,
1206 3600 1257 3654 in
1283 3616 1388 3670 quo
1415 3609 1468 3652 et
1491 3616 1588 3671 pro
1611 3601 1810 3674 seipso,
1837 3611 1890 3656 et
1910 3615 2007 3671 pro

417 3693 713 3762 discipulis,
745 3699 798 3745 et
827 3708 927 3762 pro
953 3693 1054 3756 eis,
1085 3691 1174 3761 qui
1213 3708 1310 3768 per
1353 3692 1576 3754 verbum
1616 3675 1801 3744 eorum
1834 3690 2010 3744 credi

423 3784 528 3838 turi
574 3792 748 3848 erant,
793 3783 1016 3837 elevatis
1065 3798 1277 3837 sursnn
1318 3783 1512 3847 oculis,
1549 3784 1894 3852 precabatur.
1945 3782 2008 3835 Et

421 3878 646 3948 pulchre
673 3874 964 3945 discipulos
1011 3883 1350 3932 sacramento
1381 3873 1461 3926 sui
1502 3873 1746 3942 corporis
1777 3889 1840 3926 ac
1886 3889 2010 3927 san-

420 3967 599 4038 guinis
639 3967 898 4025 imbutos.
938 3973 991 4020 et
1044 3965 1244 4034 hymno
1290 3963 1390 4034 pia:
1438 3963 1840 4017 intercessionis
1872 3964 2008 4032 patri

420 4059 848 4121 commendatos,
877 4056 928 4109 in
962 4048 1196 4109 montem
1222 4053 1404 4108 educit
1426 4051 1725 4116 Olivartun,
1759 4064 1816 4106 ut
1840 4053 2010 4124 typicc

421 4153 691 4222 designet,
720 4167 818 4205 nos
857 4165 954 4219 per
999 4150 1367 4218 acceptioncm
1401 4156 1864 4202 saeratncntorum
1894 4164 2013 4200 suo-

422 4259 561 4303 rum,
593 4257 692 4309 per
737 4257 857 4310 qum
899 4255 1054 4309 opem
1087 4256 1197 4292 sua:
1244 4237 1678 4301 intercessionis,
1725 4237 2009 4290 a.l..altiora

423 4337 681 4388 virtutum
709 4335 845 4387 (tona
876 4341 930 4387 et
967 4333 1293 4387 charismata
1340 4331 1510 4389 sancti
1540 4329 1792 4399 Spiritus,
1817 4331 2013 4402 quibus

428 4427 479 4479 in
508 4425 670 4479 corde
713 4439 1098 4494 pet-unguntur,
1133 4423 1497 4486 conscendere
1540 4421 1755 4475 debere.
1791 4421 1942 4492 Quod
1968 4421 2009 4473 si

425 4535 585 4586 quem
632 4522 830 4580 movet,
871 4531 969 4571 cur
1007 4516 1234 4569 comatis
1276 4515 1525 4568 Salvator
1557 4512 1813 4581 apostolis
1857 4528 2011 4565 suum

2110 3333 2315 3388 lavans.

2184 3424 2327 3478 Tunc
2359 3425 2491 3478 venit
2529 3423 2688 3476 Jesus
2715 3438 2833 3477 cum
2883 3420 2988 3475 illis
3026 3421 3078 3474 in
3109 3418 3309 3483 rillam,
3353 3435 3469 3488 aure
3507 3416 3707 3468 dicitur

2110 3517 2467 3582 Cet/tsemani,
2496 3527 2599 3572 etc.
2632 3515 2958 3569 lllonstratur
2978 3529 3148 3584 usque
3176 3511 3334 3567 hodie
3363 3511 3512 3568 locus
3534 3507 3706 3564 Gelli-

2111 3609 2337 3671 semani,
2372 3608 2424 3660 in
2461 3624 2566 3677 quo
2615 3606 2874 3660 Dominus
2912 3605 3108 3667 oravit,
3155 3603 3219 3656 ad
3260 3601 3466 3657 radices
3495 3600 3704 3652 tuentis

2109 3701 2326 3756 Oliveti.
2366 3699 2517 3753 Nunc
2564 3699 2796 3767 desuper
2850 3696 3076 3750 ecclesia
3107 3695 3401 3757 tel'ilicata;
3441 3691 3711 3760 interpre-

2113 3802 2256 3848 tatur
2297 3801 2476 3845 antem
2519 3788 2868 3844 Gethsemani
2913 3787 3064 3840 vallis
3092 3786 3389 3855 pinguium,
3440 3784 3550 3838 sive
3579 3782 3707 3852 pin-

2111 3883 2423 3953 guedinum.
2472 3878 2624 3946 Quod
2668 3895 2796 3932 vero
2844 3894 2949 3930 non
3000 3876 3172 3929 solum
3206 3876 3366 3938 ricta,
3413 3873 3494 3928 vel
3539 3889 3710 3942 opera

2113 3973 2281 4028 nostri
2329 3970 2648 4031 Salvatoris,
2690 3984 2874 4020 verum
2907 3968 3070 4020 etiam
3116 3967 3230 4020 loca
3261 3977 3316 4019 et
3349 3976 3612 4034 tempora,
3652 3963 3710 4018 in

2113 4063 2308 4132 quibus
2339 4071 2596 4132 operatur
2624 4068 2676 4112 et
2729 4058 2982 4126 loquitur,
3024 4055 3284 4126 mysticis,
3337 4065 3394 4107 nt
3437 4070 3579 4123 smpe.
3627 4053 3711 4106 di-

2113 4164 2255 4206 ctum
2288 4157 2394 4213 est,
2427 4148 2726 4218 suntpleaa
2762 4146 3126 4217 lignris.,euin
3161 4147 3209 4199 in
3243 4155 3423 4204 mante
3452 4153 3573 4198 orat
3604 4145 3703 4198 Do—

2116 4245 2312 4308 minus,
2355 4244 2509 4314 quasi
2557 4242 2717 4296 tacite
2759 4258 2857 4298 nos
2899 4241 3152 4300 admonet
3199 4240 3446 4304 sublimia
3501 4249 3711 4296 tantum

2113 4337 2319 4392 orando
2365 4335 2582 4405 inquiri,
2631 4342 2686 4388 et
2729 4349 2828 4403 pro
2874 4332 3180 4394 coalestibns
3217 4333 3369 4386 bonis
3418 4331 3711 4400 supplicari

2116 4428 2333 4481 debere.
2378 4425 2448 4479 At
2487 4441 2607 4479 cum
2641 4426 2693 4478 in
2734 4423 2869 4477 valle
2898 4432 3039 4486 orat,
3077 4432 3131 4477 et
3167 4423 3268 4480 hoc
3312 4422 3363 4476 in
3405 4423 3544 4483 valle
3587 4423 3712 4490 pin—

2119 4522 2300 4593 guiunt
2345 4522 2458 4575 sive
2506 4517 2866 4589 pinguedinis,
2907 4518 3076 4586 ipsius
3105 4532 3256 4585 aeque
3290 4516 3529 4569 insinuat
3554 4515 3714 4569 nobis

428 4625 627 4678 corpus
670 4623 733 4661 ac
775 4606 1091 4676 sanguinem
1123 4605 1425 4668 tradiderit,
1470 4619 1636 4674 quare
1668 4621 1764 4658 nos
1797 4604 2007 4665 univer-

2122 4612 2479 4666 humilitatem
2506 4626 2719 4680 semper
2756 4609 3116 4670 orationiims,
3146 4617 3202 4661 et
3235 4607 3458 4661 internae
3489 4606 3716 4681 pingue-

429 4698 556 4754 salis
585 4698 837 4753 Ecelesim
865 4697 1248 4751 consuetudine
1290 4692 1458 4766 jejuni
1503 4694 1794 4748 dtu-camur
1824 4693 2008 4745 eadem

430 4797 765 4845 sacramenta
815 4787 1090 4858 percipere
1135 4829 1147 4845 .
1189 4787 1425 4840 breviter
1471 4784 1672 4844 an.liat,
1722 4782 1840 4837 ideo
1888 4793 2012 4845 tunc

431 4891 671 4938 ctenatos
701 4879 1128 4941 communicasse
1158 4876 1446 4948 apostolos,
1482 4872 1608 4950 quia
1646 4890 1863 4934 necesse
1896 4881 2014 4935 erat

435 4973 642 5027 Pascha
684 4971 809 5026 illud
856 4969 1090 5040 typicum
1135 4977 1294 5022 antea
1341 4967 1726 5030 consuuunari,
1758 4976 1811 5019 et
1842 4965 1920 5019 sic
1945 4966 2012 5019 ad

435 5067 546 5120 veri
588 5061 808 5121 Pascha:
849 5071 1187 5118 sacramenta
1235 5059 1487 5115 transire.
1535 5058 1685 5113 Nunc
1726 5077 1776 5112 In
1815 5060 2016 5113 [umore

435 5158 568 5210 tanti
621 5165 836 5231 tamque
875 5153 1130 5214 terribilis
1174 5151 1497 5207 sacramenti
1545 5149 1809 5220 placuisse
1855 5151 2019 5219 magi-

436 5248 564 5301 stris
595 5244 1065 5314 Ecclcsite.primo
1103 5260 1200 5299 nos
1247 5243 1543 5300 Dominica:
1582 5241 1848 5312 passionis
1895 5258 2020 5310 par-

439 5340 748 5410 tieipatione
768 5337 980 5398 Immiri,
1005 5337 1179 5406 primo
1199 5335 1568 5407 spiritualilms
1603 5335 1772 5411 epulis
1794 5334 2022 5386 interius

437 5435 785 5502 exteriusque
813 5432 1034 5495 sacrari,
1064 5446 1126 5486 ac
1158 5429 1349 5485 deinde
1381 5427 1610 5484 terrenis
1637 5428 1881 5498 dapibus,
1906 5441 2020 5480 eor—

439 5541 538 5592 pns
573 5532 626 5578 et
650 5523 845 5576 vilibus
870 5522 1011 5576 escis
1038 5520 1205 5576 rclici.

514 5614 657 5667 Tunc
685 5613 812 5668 dicit
837 5615 910 5667 eis
938 5614 1092 5667 Jesus
1115 5629 1132 5666 :
1167 5610 1357 5666 Omnes
1385 5627 1470 5665 vos
1503 5609 1809 5666 scandalum
1859 5610 2021 5678 patie-

443 5701 569 5752 mini
601 5703 652 5755 in
683 5718 764 5756 me
792 5702 845 5757 in
869 5703 967 5758 ista
999 5712 1163 5756 nocte.
1199 5701 1297 5772 (lix
1321 5698 1566 5771 Hieron.)
1599 5699 1851 5753 Prmdicit
1879 5699 2021 5768 quod

445 5793 654 5860 passuri
678 5795 806 5860 sint,
833 5806 888 5850 ut
910 5812 1030 5851 cum
1053 5796 1192 5868 passi
1219 5795 1434 5858 fuerint,
1459 5809 1564 5848 non
1587 5793 1866 5860 desperent
1889 5791 2023 5844 sala-

2121 4703 2297 4758 dinent
2330 4701 2636 4755 dilectionis
2667 4716 2786 4754 esse
2815 4701 3157 4754 servatulam.

2196 4793 2338 4847 'I'unc
2374 4804 2446 4844 (ut
2482 4791 2584 4843 illis
2616 4791 2769 4844 Iesus
2796 4804 2813 4839 .'
2865 4789 3049 4842 Trisfis
3093 4798 3166 4853 est
3196 4790 3375 4845 animo
3410 4806 3525 4852 mea
3553 4805 3718 4857 usque

2122 4887 2189 4940 ad
2221 4895 2456 4947 mortem,
2487 4892 2592 4942 etc.
2626 4883 2741 4938 Non
2774 4890 2993 4953 propter
3022 4889 3251 4934 inertem
3284 4881 3455 4934 tristis
3497 4890 3581 4934 est
3607 4879 3714 4933 Do-

2125 4995 2154 5030 ιι
2181 4978 2323 5041 inus,
2373 4976 2512 5044 quia
2548 4991 2668 5028 eum
2705 4972 2941 5027 conditio
2988 4972 3282 5042 corporalis
3311 4970 3557 5034 aliectus,
3609 4987 3718 5024 non

2125 5069 2356 5122 formido
2399 5069 2588 5121 mortis
2622 5066 2865 5121 olfendit.
2909 5064 3041 5118 Nam
3090 5064 3180 5133 qni
3211 5079 3409 5133 corpus
3456 5066 3716 5132 suscepit,

2125 5159 2303 5222 omnia
2335 5157 2520 5218 debuit
2545 5157 2726 5210 subire
2781 5171 2901 5224 qum
2947 5153 3191 5222 corporis
3220 5160 3364 5214 sunt.
3398 5159 3456 5205 ut
3485 5153 3718 5206 esurirel

2125 5261 2180 5302 et
2209 5249 2406 5312 sitiret,
2438 5256 2770 5317 tangeretur,
2797 5245 3232 5308 contristaretur,
3256 5243 3517 5310 divinitas
3537 5253 3717 5298 autem

2128 5339 2446 5397 commutari
2478 5354 2573 5407 per
2595 5337 2694 5392 hos
2719 5337 2890 5390 nescit
2920 5335 3164 5396 allectus.

2199 5430 2263 5484 Et
2281 5446 2582 5500 progressus
2599 5427 2844 5497 pusillum
2860 5426 3083 5497 procidit
3096 5427 3149 5480 in
3162 5425 3350 5492 [aciem
3372 5441 3526 5478 suam
3541 5441 3716 5476 orans.

2129 5522 2300 5574 Lucas
2330 5529 2509 5574 autem
2544 5517 2710 5572 dicit:
2753 5516 2978 5570 Avulsus
3005 5526 3077 5568 est
3101 5514 3165 5575 ab
3196 5514 3293 5581 eis,
3336 5525 3595 5582 quantum
3627 5516 3720 5584 jn-

2128 5621 2240 5663 ctus
2264 5620 2335 5662 est
2360 5607 2572 5677 lapidis,
2603 5615 2858 5675 tanquam
2890 5606 2992 5657 hoe
3015 5619 3108 5657 eos
3141 5603 3317 5672 typice
3347 5603 3718 5661 admonuerit,

2131 5711 2186 5755 ιιι
2217 5702 2269 5755 in
2293 5716 2413 5765 cum
2455 5700 2746 5770 dirigerent
2775 5698 3025 5770 lapidem,
3052 5695 3101 5748 id
3127 5704 3230 5758 est,
3258 5710 3429 5762 usque
3453 5697 3520 5746 agl
3551 5697 3717 5764 ipsum

2131 5793 2485 5862 perducerent
2533 5789 2880 5843 intentionem
2921 5787 3051 5856 legis
3089 5801 3208 5853 qua:
3254 5785 3456 5852 scripta
3499 5797 3616 5839 erat
3665 5787 3714 5838 in
