3994 6206
350 401 447 455 l'll

1171 396 1694 456 COLLECTIONES
1731 396 1798 451 IN
1839 394 2237 459 EPISTOIAS.
2261 392 2347 449 ΕΤ
2390 390 2803 448 EVANGELIA.

3510 390 3611 449 132

347 514 548 585 lapide,
594 527 765 582 usque
808 511 875 566 ad
913 510 1063 566 idum
1099 509 1246 569 enim
1288 517 1469 581 potest
1514 507 1797 580 pervenire
1841 505 1930 559 ille
1955 507 2010 566 Α
2105 505 2334 576 Surgite,
2371 521 2574 570 eamus,
2602 519 2718 558 ecce
2761 503 3140 574 appropinquat
3172 504 3261 573 qui
3292 519 3372 555 me
3399 505 3568 558 tradet
3591 545 3609 569 ,

344 606 508 675 lapis,
535 604 793 675 quoniam
837 602 958 672 ﬁnis
999 600 1128 672 legis
1167 608 1244 656 est
1282 596 1521 657 Christus
1564 598 1639 661 ad
1669 596 1934 669 justitiam

334 692 750 748 omnicredenti
772 690 954 763 (Rom.
976 690 1059 764 ι).

419 785 489 839 Et
511 784 736 839 dicens:
778 781 859 837 Hi
898 780 1082 848 Pater,
1125 781 1173 837 si
1212 778 1458 852 possibile
1499 791 1595 845 est,
1634 786 1866 834 transeat
1900 793 1934 830 a

342 894 430 930 me
454 875 602 932 satis:
618 875 735 939 iste,
758 882 869 930 etc.
886 872 1053 940 Quod
1075 882 1276 939 autem,
1292 874 1509 929 Patrem
1534 871 1812 935 invocans,
1839 867 1936 923 du-

334 967 477 1036 plici
511 966 813 1022 secundum
850 964 1089 1019 Marcum
1130 963 1349 1020 nomine
1383 961 1551 1019 dicit:
1581 959 1727 1015 Abba
1764 967 1933 1030 pater,

343 1057 637 1124 utriusque
665 1054 849 1124 populi
879 1053 1050 1117 illum,
1092 1060 1148 1108 et
1177 1051 1404 1118 Iudaeis,
1448 1050 1676 1119 scilicet,
1725 1056 1782 1104 et
1806 1063 1937 1120 gen-

344 1147 495 1200 tibus
521 1145 689 1201 Deum
712 1160 856 1210 esse,
875 1159 939 1199 ac
966 1143 1302 1200 Salvatorem
1326 1140 1583 1199 ostendit.
1609 1140 1754 1196 Idem
1783 1154 1936 1199 nam-

342 1252 455 1304 que
494 1234 647 1290 Abba
693 1234 835 1303 quod
865 1242 920 1289 et
958 1242 1113 1303 pater
1154 1231 1444 1304 signiﬁcat.
1491 1230 1599 1287 Sed
1666 1240 1785 1290 mn
1823 1229 1932 1287 lle-

343 1329 581 1390 brmum,
620 1331 800 1404 «πατήρ
837 1326 1085 1381 Caecum
1128 1334 1218 1381 est
1266 1330 1321 1379 et
1356 1322 1628 1379 Latinum.
1681 1319 1754 1376 Ut
1805 1335 1935 1392 ergo

342 1427 642 1486 utrumque
664 1416 923 1486 populum
944 1415 998 1470 in
1018 1430 1145 1472 eum
1158 1414 1520 1477 crediturum,
1543 1420 1599 1468 et
1616 1411 1684 1468 ab
1706 1419 1935 1481 utroque

340 1525 473 1564 eum
517 1509 877 1564 invocantium
904 1523 1024 1563 esse
1066 1507 1312 1572 doceret,
1344 1514 1574 1576 utraque
1600 1505 1782 1576 lingua
1807 1520 1931 1562 eum

337 1600 554 1671 primus
582 1599 699 1670 ipse
732 1599 968 1654 invocat.

412 1691 644 1760 Spiritus
669 1688 878 1760 quidem
903 1695 1174 1757 promptus
1194 1695 1303 1751 est,
1325 1701 1450 1739 caro
1477 1693 1653 1740 autem
1692 1683 1929 1754 inﬁrma,

333 1791 449 1836 etc.
485 1780 603 1836 Hoc
625 1781 888 1835 adversus
919 1777 1252 1841 temerarios,
1280 1777 1395 1846 qui.
1416 1775 1559 1847 quod
1580 1773 1927 1837 crediderint,

2034 605 2142 654 etc.
2178 595 2253 651 Ac
2295 595 2341 651 si
2387 596 2627 651 diceret:
2671 592 2788 649 Non
2842 609 2942 651 nos
2985 592 3299 657 inveniant,
3348 593 3501 665 quasi
3546 594 3612 649 ti-

2034 697 2243 747 mentes
2271 696 2328 743 et
2354 696 2739 753 retractantes,
2770 685 2913 740 ultro
2957 700 3245 755 pergamus
3265 685 3337 740 ad
3357 692 3608 747 mortem,

2033 793 2094 837 ut
2116 779 2500 837 conﬁdentiam
2528 787 2585 833 et
2606 777 2857 850 gaudium
2880 777 3095 850 passuri
3122 775 3362 833 videant.

2103 871 2332 926 Accessit
2357 868 2530 924 Iudas
2559 866 2629 922 ad
2673 866 2878 933 Iesum,
2898 877 2947 922 et
2983 865 3153 922 dixit:
3190 864 3317 932 Are,
3349 863 3538 931 Rabbi,
3565 877 3612 919 et

2033 960 2299 1017 osculatus
2343 969 2419 1014 est
2474 976 2612 1013 eum.
2656 958 2943 1029 lmpudens
2977 957 3196 1029 quidem
3249 964 3306 1012 et
3352 955 3612 1012 scelerata

2033 1055 2382 1119 conﬁdentia,
2406 1053 2724 1122 magistrum
2753 1067 2876 1109 eum
2901 1066 3096 1108 vocare
3121 1092 3147 1119 ,,
3189 1058 3253 1108 et
3289 1049 3534 1105 osculum
3564 1050 3612 1103 ei

2035 1147 2282 1217 ingerere
2310 1160 2472 1217 quem
2496 1145 2760 1202 tradebat.
2926 1147 2937 1155 ‘

2101 1235 2243 1291 Dicit
2268 1235 2348 1291 illi
2379 1234 2567 1292 Iesus:
2596 1236 2792 1301 Amice,
2820 1235 2891 1290 ad
2941 1234 3082 1308 quod
3129 1234 3351 1291 venisti?
3396 1233 3615 1289 Duobus

2033 1328 2206 1383 modis
2228 1327 2337 1382 hoc
2359 1326 2761 1400 intelligendum
2788 1333 2890 1382 est.
2923 1325 3005 1381 Ad
3029 1325 3166 1397 quod
3200 1326 3405 1390 venisti,
3428 1324 3480 1379 id
3505 1335 3613 1384 cst,

2031 1419 2100 1473 ad
2128 1418 2271 1488 quod
2296 1418 2471 1473 scelus
2498 1416 2747 1488 delapsus
2773 1431 2833 1475 es
2850 1456 2871 1482 ,
2923 1422 2986 1470 ut
3029 1414 3324 1485 discipulus
3372 1414 3614 1470 traderes

2031 1510 2372 1580 magistrum,
2395 1518 2453 1564 et
2493 1507 2621 1563 dum
2649 1523 2798 1563 esses
2844 1505 3139 1577 apostolus,
3167 1505 3389 1562 effectus
3412 1520 3473 1560 es
3499 1513 3612 1560 tra-

2030 1599 2209 1655 diter?
2235 1598 2361 1655 Sive
2387 1597 2455 1653 ad
2474 1598 2618 1669 quod
2646 1596 2877 1653 venisti?
2916 1597 3293 1663 subaudiatur,
3340 1596 3450 1652 hoc
3472 1609 3572 1668 age
3592 1636 3613 1660 ,

2030 1687 2275 1759 relinque
2292 1687 2537 1744 osculum
2565 1694 2622 1743 et
2649 1686 2812 1760 imple
2839 1687 3117 1744 traditoris
3142 1685 3398 1744 olllcinm.

2101 1777 2174 1832 Et
2205 1793 2320 1833 ecce
2342 1794 2476 1832 unus
2493 1793 2558 1832 ea:
2576 1777 2656 1832 bis
2679 1777 2770 1848 qui
2817 1787 2968 1833 erant
2994 1794 3112 1833 cum
3145 1776 3297 1842 Iesu,
3332 1774 3612 1831 extendens

286 1866 293 1871 ’
339 1879 538 1943 putant
562 1885 622 1926 se
647 1883 809 1940 posse
828 1866 1104 1936 consequi.
1142 1866 1328 1935 itaque
1352 1872 1619 1937 quantum
1649 1864 1714 1919 de
1737 1864 1935 1918 ardore
1955 1851 2007 1911 Β
2034 1884 2249 1923 manum
2284 1867 2470 1923 exemit
2490 1867 2726 1939 gladium
2768 1884 2921 1922 suum
2945 1909 2959 1934 ,
3011 1876 3059 1922 et
3108 1866 3361 1939 percussit
3409 1881 3610 1921 seruum
3642 1912 3648 1919 .

341 1946 348 1957 ι

339 1953 542 2016 mentis
576 1958 919 2023 conﬁdimus,
967 1964 1173 2012 tantum
1204 1956 1274 2012 de
1304 1955 1487 2012 carnis
1534 1954 1824 2027 fragilitate
1861 1953 1929 2009 ti-

340 2067 613 2107 meamne.
688 2062 695 2065 ”

413 2141 579 2196 Pater
613 2143 708 2204 mi,
738 2140 785 2194 si
810 2156 915 2194 non
953 2148 1117 2209 potest
1162 2139 1247 2193 hic
1271 2136 1414 2194 calix
1442 2135 1689 2202 transire,
1727 2135 1827 2191 nis:
1855 2134 1934 2190 bi-

334 2231 463 2285 bam
478 2231 659 2296 illum,
679 2231 773 2299 ﬁat
795 2229 1034 2285 uoluntas
1064 2238 1180 2293 tua,
1208 2236 1313 2284 etc.
1343 2226 1460 2283 Non
1490 2226 1685 2297 inquit,
1714 2226 1806 2281 ﬁat
1828 2226 1931 2281 hoc

338 2321 491 2389 quod
512 2319 759 2374 humano
786 2318 983 2374 all'ectu
1030 2318 1243 2388 loquor,
1290 2319 1385 2373 sed
1428 2326 1650 2389 propter
1687 2316 1831 2386 quod
1864 2319 1932 2374 ad

340 2420 518 2464 terras
546 2417 635 2480 tua
663 2409 939 2464 voluntate
969 2409 1221 2465 descendi
1247 2427 1260 2462 :
1306 2407 1365 2465 Si
1407 2423 1558 2480 ergo,
1588 2407 1779 2477 inquit,
1812 2406 1930 2463 lieri

344 2508 541 2575 μηδι,
585 2478 645 2555 ut
681 2501 800 2557 sine
849 2500 1068 2556 interitu
1110 2488 1416 2555 Iudaeorum
1458 2478 1645 2554 credat
1689 2497 1929 2570 gentium

341 2592 649 2655 ιιιιιιιίιιιιιο,
696 2591 1000 2663 passionem
1048 2604 1258 2646 recuso.
1305 2585 1371 2645 Si
1410 2597 1591 2644 autem
1629 2587 1703 2644 illi
1752 2603 1927 2644 exae-

336 2681 501 2736 candi
527 2688 750 2744 sunt,nt
776 2695 968 2736 omnes
1001 2688 1187 2746 gentes
1207 2679 1438 2745 videant,
1454 2692 1561 2732 non
1586 2692 1725 2743 mea,
1741 2674 1926 2742 Pater,

338 2772 612 2837 voluntas,
631 2771 727 2828 sed
757 2781 849 2827 tua
881 2769 996 2826 fiat.

411 2866 622 2921 Iterum
661 2867 788 2923 abiit
818 2875 868 2921 et
919 2865 1111 2932 oravit,
1149 2865 1304 2921 ter:io
1345 2863 1584 2919 eumdem
1610 2876 1925 2926 scnnonem,

338 2966 445 3013 ste.
474 2956 653 3013 Lucas
677 2964 869 3015 autem.
886 2956 1000 3013 ait:
1032 2954 1287 3026 Apparuit
1314 2953 1396 3011 illi
1436 2952 1653 3024 angelus
1675 2952 1740 3008 de
1774 2950 1922 3016 caelo,

330 3048 643 3118 confortans
677 3063 816 3102 eunt.
864 3046 1007 3103 Alibi
1039 3046 1271 3118 legimus
1308 3064 1323 3101 :
1360 3044 1499 3112 Quia
1542 3044 1715 3117 angeli
1754 3059 1927 3098 acces-

332 3147 543 3203 serunt,
578 3148 628 3193 et
648 3138 1019 3195 ministrabant
1041 3137 1325 3210 eiulatio.
1350 3136 1456 3208 1v):
1498 3136 1554 3191 lu
1598 3137 1922 3192 documento

2029 1954 2280 2027 principis
2304 1956 2631 2011 sacerdotum
2657 1997 2673 2025 ,
2714 1965 2763 2012 et
2791 1957 3082 2027 amputavit
3133 1957 3435 2012 auriculam
3473 1954 3608 2027 ejus.

2031 2046 2089 2101 ιιι
2114 2046 2219 2103 alio
2252 2048 2544 2120 Evangelio
2565 2049 2825 2120 scriptum
2859 2048 3106 2120 legimus,
3123 2049 3266 2119 quod
3287 2047 3490 2104 Petrus
3511 2048 3613 2102 hoc

2032 2134 2223 2193 fecerit
2247 2137 2436 2193 eodem
2463 2138 2658 2193 mentis
2684 2137 2897 2203 ardore,
2921 2154 3029 2209 quo
3052 2147 3109 2193 e‘t
3136 2146 3353 2195 czetera.
3406 2136 3613 2193 Servus

2027 2241 2247 2298 quoque
2267 2227 2536 2315 priqcipis
2559 2228 2924 2292 sacerdotum,
2958 2229 3051 2298 qui
3083 2227 3324 2285 Malcbus
3346 2268 3361 2291 ,
3404 2225 3565 2282 idest

2029 2331 2125 2372 rex
2139 2316 2488 2388 ,appellatur,
2520 2317 2748 2388 populus
2785 2316 3092 2374 Judzcorum
3121 2326 3223 2383 est,
3254 2317 3350 2389 qui
3394 2333 3495 2390 per
3528 2318 3611 2372 iu-

2037 2409 2412 2465 credulitatem
2459 2424 2652 2466 servus
2681 2410 2856 2467 factus
2902 2418 2987 2467 eSt
3022 2411 3333 2482 impietatis.
3357 2410 3463 2480 Qui
3487 2426 3614 2483 per-

2030 2498 2167 2555 didit
2190 2501 2488 2557 auriculam
2518 2500 2786 2567 dextram,
2814 2511 2873 2557 ut
2905 2510 3072 2559 totam
3101 2503 3295 2560 litterae
3318 2504 3610 2560 utilitatem

2028 2592 2213 2648 audiat
2232 2594 2287 2648 in
2309 2594 2551 2650 sinistra.
2588 2592 2696 2651 Sed
2723 2594 2985 2652 Dominus
3022 2595 3180 2653 Iesus
3218 2594 3272 2652 in
3298 2596 3385 2653 bis
3406 2596 3499 2668 qui
3545 2612 3611 2654 ex

2026 2680 2229 2739 Judreis
2254 2685 2477 2740 credere
2493 2685 2802 2752 voluerunt,
2833 2687 3010 2759 reddit
3033 2702 3220 2743 aurem
3255 2687 3523 2755 dextram,
3552 2704 3610 2745 et

2027 2771 2159 2828 fecit
2186 2788 2401 2831 servum
2430 2790 2600 2845 genus
2627 2774 2806 2846 regale
2855 2784 2910 2830 ct
2946 2776 3297 2833 sacerdotale.
3325 2776 3497 2835 Aliter
3517 2794 3609 2834 an-

2026 2862 2105 2918 ris
2122 2877 2222 2934 pro
2250 2862 2476 2919 Domino
2500 2873 2776 2934 amputata
2803 2876 2858 2920 ct
2886 2882 2916 2920 a
2953 2866 3185 2922 Domino
3208 2875 3421 2935 sanata,
3444 2868 3602 2941 signi-

2027 2954 2153 3012 ficat
2172 2954 2430 3021 auditum,
2461 2956 2638 3012 ablata
2662 2964 2931 3013 vetustate
2975 2965 3318 3025 renovatum,
3356 2967 3417 3015 ut
3439 2959 3512 3016 sit
3553 2961 3607 3017 in

2025 3049 2263 3104 novitate
2287 3049 2532 3120 spiritus,
2561 3058 2619 3105 et
2658 3065 2762 3104 non
2796 3050 2850 3105 in
2876 3056 3145 3107 vetustate
3186 3049 3381 3107 litterae
3405 3093 3420 3120 ,
3468 3056 3609 3123 quod

2025 3140 2111 3196 cui
2136 3140 2436 3213 praestitum
2485 3139 2650 3196 fuerit
2676 3156 2707 3195 a
2736 3141 2955 3198 Christo
2979 3182 2994 3208 ,
3037 3140 3385 3215 praestabitur
3420 3152 3475 3200 et
3524 3159 3607 3202 re-

338 3246 475 3301 ergo
499 3231 786 3300 utriusque
828 3239 1036 3286 natura:
1078 3241 1134 3287 et
1174 3230 1456 3295 eiangclos
1470 3228 1832 3292 ministrasse,
1872 3215 1999 3283 etC
2028 3247 2196 3303 gnara
2223 3249 2348 3289 cum
2368 3233 2602 3291 Christo.

332 3338 463 3379 eum
515 3322 1083 3394 angelosoonlortasse
1127 3321 1472 3387 describitur,
1526 3320 1782 3392 quoniam
1834 3319 1927 3390 qui

338 3418 483 3471 Deus
527 3423 656 3471 ante
698 3414 892 3471 mula
934 3413 1163 3479 exstitit,
1185 3412 1346 3468 homo
1388 3411 1562 3466 factus
1594 3419 1680 3466 est
1720 3411 1772 3465 in
1822 3409 1928 3466 line

334 3507 682 3563 seculorum.
713 3506 780 3561 Et
799 3506 1009 3562 addidit
1030 3504 1206 3560 Lucas
1232 3504 1454 3561 dicens:
1487 3502 1686 3558 Fartus
1721 3505 1779 3558 in
1801 3520 1928 3573 ago-

338 3599 426 3653 nia
452 3598 712 3669 prolixius
734 3598 938 3653 orabat.
970 3597 1196 3669 Agonia,
1222 3596 1474 3652 alacritas
1495 3595 1578 3650 vcl
1601 3594 1926 3650 conﬁdentia

337 3688 678 3759 intelligitur.
707 3687 860 3755 Quod
885 3695 1068 3743 autem
1096 3688 1342 3757 sequitur
1362 3687 1656 3743 secundum
1678 3685 1925 3741 eumdem

336 3779 724 3850 evangelistam
740 3796 759 3833 ε
1812 3842 1817 3847 η

411 3872 479 3926 Et
512 3873 688 3942 [actus
710 3881 783 3925 est
812 3872 978 3927 sudor
998 3872 1118 3943 ejus
1157 3871 1291 3926 sicut
1323 3879 1481 3941 gutta
1496 3871 1786 3943 sanguinis.
1807 3868 1922 3925 Nan

332 3962 595 4016 sudorem
618 3960 958 4018 inﬁrmitatis
991 3962 1277 4032 deputans,
1306 3961 1432 4032 quia
1457 3968 1511 4017 et
1532 3977 1720 4015 couzra
1766 3970 1923 4017 natu-

337 4067 455 4106 nm
482 4059 573 4106 est
596 4051 792 4108 sudatus
838 4052 1176 4123 sanguinem,
1199 4051 1292 4106 sed
1324 4051 1504 4122 potius
1529 4050 1755 4120 intelligi
1782 4051 1918 4117 vult,

340 4143 643 4213 irrigatam,
674 4141 1194 4211 saeratamqueejus
1244 4142 1505 4211 sanguine
1532 4149 1731 4195 terram
1757 4182 1771 4204 ,
1810 4158 1918 4196 nou

337 4233 464 4295 sibi,
494 4231 588 4301 qui
646 4243 900 4296 noverat,
951 4231 1046 4286 sed
1104 4231 1259 4285 nobis
1316 4238 1501 4300 aperte
1554 4228 1915 4293 declaratum,

334 4325 480 4393 quoi
509 4324 759 4379 ell‘ectum
779 4324 889 4394 jam
921 4338 1031 4378 suae
1052 4322 1233 4392 procis
1261 4322 1561 4385 obtineret,
1577 4329 1634 4376 ut
1656 4319 1814 4375 (idem
1839 4321 1919 4373 vi-

338 4415 534 4471 delicet
580 4415 999 4485 discipulorum,
1038 4426 1200 4483 quam
1238 4421 1454 4467 terrena
1497 4411 1670 4467 adhuc
1717 4409 1921 4480 fragili-

339 4514 425 4561 tas
448 4508 732 4578 arguebat,
766 4522 864 4562 suo
884 4506 1143 4576 sanguine
1161 4512 1433 4575 purgaret,
1466 4511 1520 4558 ct
1541 4500 1798 4573 quidquid
1829 4500 1916 4555 illa

340 4596 580 4675 valida“
619 4595 825 4666 decjus
854 4604 1030 4651 morte
1050 4593 1396 4664 pertulisset,
1442 4593 1545 4647 hoc
1592 4589 1707 4661 ipse
1747 4598 1917 4645 totum

340 4688 620 4743 moriendo
649 4686 872 4741 deleret.
910 4684 1024 4738 lmo
1059 4683 1370 4738 universum
1402 4682 1507 4736 late
1538 4688 1803 4735 terrarum
1831 4692 1920 4732 or—

339 4778 458 4832 bcm
485 4778 729 4847 peccatis
753 4784 1155 4840 mortuum,sua
1180 4782 1351 4828 morte
1375 4771 1616 4837 innoxia,
1639 4769 1915 4825 caelestem

338 4868 690 4923 rcsuscitaret
716 4867 784 4921 ad
822 4866 1012 4921 vitam.

408 4958 559 5014 Tunc
582 4959 719 5013 venit
747 4958 816 5013 ad
844 4955 1129 5028 discipulos
1162 4972 1309 5019 suos,
1338 4963 1385 5008 et
1435 4953 1562 5007 dicit
1597 4950 1741 5005 illis:
1776 4949 1914 5005 Dor-

336 5055 461 5108 mits
495 5052 619 5120 jam
642 5060 691 5106 et
726 5051 1068 5122 requiescite,
1114 5056 1222 5104 etc.
1255 5047 1389 5102 Cum
1416 5045 1641 5101 dixisset
1682 5041 1916 5105 dormite

333 5147 444 5216 jam
473 5152 532 5201 et
553 5144 902 5215 requiescite,
929 5154 988 5199 et
1012 5141 1354 5213 adiungeret,
1378 5137 1592 5204 sullicit,
1620 5152 1686 5195 ac
1723 5137 1919 5194 deinde

334 5236 602 5292 inferret:
645 5232 794 5289 Venit
845 5235 976 5289 liora
1001 5274 1017 5298 ,
1062 5249 1176 5287 ecce
1226 5230 1465 5285 tradetur
1488 5229 1631 5299 [ilius
1659 5227 1915 5292 hominis,

337 5327 522 5396 utique
552 5324 871 5396 intelligitur
895 5332 1019 5395 post
1046 5323 1207 5387 illud,
1252 5320 1394 5390 quod
1422 5320 1502 5377 eis
1544 5319 1747 5374 dictum
1790 5326 1909 5373 est:

337 5415 575 5471 Bormite
593 5425 646 5471 et
671 5414 998 5486 requiescite,
1015 5413 1226 5469 siluisse
1248 5411 1532 5466 Dominum
1555 5409 1908 5478 aliquantum,

336 5520 388 5564 ut
426 5510 531 5566 hoc
581 5508 735 5563 lieret
762 5508 904 5579 quod
957 5506 1304 5577 promiserat,
1342 5511 1398 5558 et
1444 5510 1572 5557 tunc
1621 5500 1909 5555 intulisse:

338 5598 470 5655 Ecce
489 5597 921 5671 appropinquavit
950 5598 1104 5661 hora,
1126 5596 1242 5651 sive
1269 5595 1402 5650 venit
1434 5593 1584 5648 liora.
1625 5590 1747 5646 ideo
1795 5596 1916 5659 post

339 5689 423 5742 illa
453 5691 616 5745 verba
640 5688 875 5759 positum
899 5696 1002 5753 est,
1031 5685 1252 5751 sullicit,
1286 5686 1338 5740 id
1378 5691 1480 5748 est,
1510 5682 1651 5753 quod
1701 5681 1914 5749 requie-

338 5782 492 5836 sistis
520 5781 627 5842 iam
656 5780 873 5834 subicit.

2100 3322 2257 3380 Tune
2271 3325 2343 3379 ait
2362 3324 2442 3380 illi
2451 3324 2609 3381 Iesus
2623 3340 2642 3380 .·
2657 3325 2907 3383 Conrertc
2925 3327 3161 3399 gladium
3187 3337 3338 3384 tuum
3364 3331 3421 3386 in
3438 3331 3607 3388 locum

2024 3432 2203 3483 suum,
2244 3424 2349 3473 etc.
2393 3416 2527 3485 Quia
2559 3434 2659 3489 per
2698 3418 2935 3489 gladium
2985 3409 3220 3474 vindicta
3268 3420 3603 3492 intelligitur,

2025 3505 2164 3561 sicut
2186 3504 2479 3576 Apostolus
2500 3507 2566 3561 de
2605 3505 2789 3576 judice
2824 3507 2901 3561 ait
2934 3523 2947 3560 :
2981 3505 3104 3561 Non
3132 3507 3409 3564 enim-sine
3438 3498 3605 3567 causa

2022 3593 2257 3666 gladium
2278 3604 2451 3667 portat
2474 3593 2652 3667 (Rem.
2694 3594 2814 3669 xm)
2841 3636 2856 3662 ,
2909 3605 3056 3651 recte
3114 3596 3204 3653 llic
3233 3614 3330 3671 per
3370 3599 3604 3671 gladium

2024 3686 2258 3743 vindicta
2288 3686 2622 3760 intelligitur.
2654 3685 2905 3741 Reconde
2933 3686 3190 3759 gladium,
3218 3704 3282 3745 ac
3304 3689 3347 3745 si
3378 3690 3604 3758 diceret,

2022 3779 2266 3849 quiescat
2291 3778 2549 3835 vindicta.
2575 3778 2763 3836 Aliter.
2797 3776 3065 3836 Converte
3088 3781 3320 3853 gladium
3344 3783 3398 3838 in
3424 3783 3603 3841 locum

2020 3883 2196 3931 suum.
2248 3869 2302 3923 id
2331 3877 2454 3935 est,
2516 3871 2739 3924 verbum
2779 3870 3180 3939 praedicationis
3215 3882 3473 3929 converte
3533 3877 3600 3928 ad

2019 3968 2231 4032 gentes,
2268 3960 2358 4015 ubi
2393 3961 2687 4015 secundum
2744 3959 2994 4035 Paulum,
3024 3961 3223 4016 ostium
3262 3972 3509 4032 apertum
3548 3975 3602 4019 et

2021 4052 2209 4122 ingens
2227 4050 2483 4107 inveniat.
2518 4048 2706 4105 Aliter.
2738 4049 3026 4118 Postquam
3052 4050 3330 4120 plenitudo
3354 4051 3593 4122 gentium

2020 4140 2479 4204 in:raverit,.dicit
2500 4140 2675 4201 Petro,
2704 4156 2800 4209 per
2827 4155 2984 4208 quem
3014 4148 3158 4194 totus
3184 4140 3595 4209 praedicatorum

2017 4234 2263 4303 signatur
2311 4230 2445 4285 ordo
2473 4248 2486 4281 :
2517 4228 2780 4283 Converte
2807 4226 3040 4297 gladium
3075 4228 3226 4282 verbi
3264 4227 3600 4298 praedicatio-

2020 4322 2103 4377 nis
2131 4322 2197 4377 ad
2226 4319 2406 4375 Israel.
2455 4319 2647 4374 Omnes
2700 4320 2834 4372 enim
2887 4319 2989 4389 qui
3004 4318 3240 4391 gladium
3283 4321 3601 4392 acceperint,

2016 4413 2195 4485 gladio
2241 4412 2481 4486 peribunt
2512 4409 2664 4485 (Gen.
2691 4412 2796 4483 ιιι).
2845 4410 2962 4479 Quo
2999 4412 3213 4482 gladio?
3240 4410 3330 4469 illo
3366 4427 3557 4484 nempe
3583 4457 3597 4478 ,

2021 4506 2112 4578 qui
2145 4505 2335 4578 igneus
2361 4503 2594 4558 vertitur
2618 4512 2742 4556 ante
2766 4503 3099 4574 paradisum,
3127 4511 3182 4558 et
3213 4503 3390 4576 gladio
3440 4506 3598 4577 spiri-

2023 4606 2130 4661 tus,
2153 4596 2244 4667 qui
2267 4595 2319 4649 in
2347 4594 2440 4649 Dei
2471 4592 2794 4648 describitur
2815 4601 3091 4651 armatura
3116 4590 3332 4666 (Ephcs.
3354 4594 3452 4667 vr).

2088 4688 2168 4741 An
2189 4685 2384 4756 putatis
2420 4685 2544 4757 quia
2585 4700 2687 4738 non
2711 4699 2922 4755 possum
2962 4699 3148 4754 rogare
3173 4694 3373 4755 patrem
3396 4701 3592 4747 meum,

2015 4788 2063 4834 et
2086 4776 2338 4834 exhibebit
2379 4775 2506 4831 mihi
2542 4773 2695 4829 modo
2736 4772 3010 4845 plusquam
3053 4772 3328 4828 duodecim
3369 4772 3595 4845 legiones

2017 4869 2361 4942 angelorum?
2398 4867 2676 4935 Quomodo
2702 4880 2832 4936 ergo
2887 4863 3252 4937 impletuntur
3280 4865 3591 4935 scripturae,

2017 4963 2140 5033 quia
2168 4961 2248 5017 sic
2270 4967 2484 5032 oportet
2511 4956 2663 5013 ﬁeri?
2688 4954 2805 5011 Non
2830 4955 3043 5026 indigeo
3066 4953 3346 5010 duodecim
3373 4965 3592 5025 aposto-

2018 5053 2188 5107 lorum
2216 5049 2437 5111 auxilio,
2475 5048 2639 5103 etiam
2680 5045 2727 5101 si
2755 5060 2944 5100 omnes
2978 5058 3066 5099 me
3109 5043 3470 5111 defenderint,
3500 5048 3593 5116 qui

2014 5140 2218 5212 possim
2244 5139 2444 5194 habere
2496 5134 2777 5193 duodecim
2828 5132 3070 5204 legiones
3097 5135 3431 5206 angelorum.
3472 5134 3592 5193 Una

2014 5231 2154 5302 legio
2185 5227 2325 5300 apud
2357 5234 2568 5282 veteres
2592 5238 2686 5281 sex
2729 5222 2967 5280 millibus
2995 5223 3368 5294 complebatur
3420 5225 3592 5281 homi-

2012 5336 2160 5376 num.
2195 5319 2298 5374 Pro
2345 5316 2613 5371 brevitate
2642 5314 2898 5385 temporis
2925 5328 3207 5369 numerum
3245 5330 3352 5369 non
3395 5329 3587 5369 occur-

2016 5411 2185 5465 rimus
2211 5407 2501 5479 explicare.
2533 5413 2689 5478 typos
2714 5411 2922 5459 tantum
2970 5403 3173 5460 dixisse
3213 5402 3469 5460 suﬂiciat:
3496 5416 3589 5458 sco

2015 5500 2292 5571 ptuaginta
2308 5497 2413 5554 duo
2427 5494 2593 5551 millia
2619 5494 2952 5565 angelorum,
2975 5493 3030 5550 in
3050 5500 3183 5566 quot
3204 5500 3389 5566 gentes
3413 5492 3587 5548 homi-

2017 5607 2252 5662 numque
2276 5590 2455 5663 lingua
2485 5588 2654 5644 divisa
2678 5594 2784 5653 est,
2810 5586 3089 5643 duodecim
3126 5581 3424 5654 legionibus
3444 5582 3581 5639 licri.

2089 5678 2203 5734 Hoc
2231 5688 2404 5733 autem
2424 5686 2587 5733 totum
2615 5678 2812 5748 factum
2837 5684 2912 5749 est
2932 5714 2947 5738 ,
2985 5682 3039 5727 ut
3075 5670 3411 5743 implerenlur
3445 5671 3583 5729 Scri-

2019 5781 2186 5843 ptum:
2230 5769 2614 5846 prophetarum,
2647 5776 2751 5821 etc.
2792 5752 2919 5831 Qui:
2957 5770 3082 5817 sunt
3127 5769 3408 5830 scriptura:
3453 5777 3575 5832 pro-
