3954 6200
343 310 441 363 185

1166 304 1686 363 COLLECTIONES
1723 302 1788 358 IN
1824 303 2206 371 EPISTOLLS
2241 307 2331 363 ET
2372 309 2783 371 EVANGELIA.

336 422 546 477 Petrus.
570 425 666 471 aut
690 416 870 488 gentis
896 423 1213 480 extraneos,
1235 430 1424 471 omnes
1453 416 1651 493 quippe
1675 415 1908 482 Hebrmi,
1935 420 1990 481 Α
2012 433 2190 477 causa
2227 435 2388 492 quam
2427 424 2709 480 damnaret
2749 426 2972 483 invenit.
3013 427 3166 496 Quod
3190 447 3317 488 νει-ο
3334 436 3591 506 νηπίω,

333 523 387 575 et
415 508 691 579 erantqui
720 507 1041 578 arguebant,
1064 516 1119 563 et
1139 507 1231 576 qui
1251 508 1632 578 arguebantur,
1658 508 1752 564 sed
1771 509 1915 578 quod

333 598 673 672 unaquaque
705 597 983 669 provincia
1025 607 1082 652 et
1126 598 1274 669 regio
1318 599 1516 655 habeat
1556 599 1916 671 proprietates

288 752 299 759 ,
330 700 482 759 sitas,
512 701 572 748 et
594 690 941 748 vernaculum
971 690 1221 761 impendi
1242 706 1434 749 sonum
1462 691 1632 747 vitare
1657 706 1762 747 non
1786 706 1915 763 pos-

327 787 431 855 sit,
466 784 611 843 unde
639 792 694 840 et
728 781 997 852 Epist-atati
1020 783 1072 841 in
1108 778 1356 841 Iudicum
1384 782 1524 840 libro
1551 799 1658 841 non
1688 792 1914 856 possunt

326 877 566 945 σύνθημα
589 873 772 929 dicere
801 870 954 937 (Iud.
988 889 1064 931 xu
1091 873 1130 943 ).

402 966 472 1020 Et
492 965 740 1021 continuo
756 963 932 1034 gallus
953 965 1200 1030 cantavit,
1223 974 1271 1019 et
1297 966 1600 1023 recordatus
1619 975 1695 1023 est
1726 967 1912 1022 Petrus

270 1096 277 1099 -
327 1057 472 1110 rcrbi
503 1056 732 1119 Domini,
764 1055 843 1108 vel
862 1054 1165 1112 secundum
1184 1054 1385 1111 Lucam
1416 1075 1428 1111 :
1458 1054 1699 1127 Respein
1731 1056 1912 1110 Domi-

328 1164 425 1199 nus
456 1144 694 1201 Petrum.
740 1145 1085 1215 Respiciente
1114 1146 1363 1208 Domino,
1393 1145 1587 1202 Petrus
1611 1147 1679 1202 ad
1704 1162 1801 1202 cor
1827 1162 1914 1203 re—

326 1251 546 1299 versus,
594 1235 862 1293 maeulxm
905 1236 1211 1308 negationis
1286 1238 1616 1309 paenitentiae
1658 1238 1911 1310 laciynsis

328 1328 510 1399 tergit,
553 1327 690 1397 Quia
712 1342 825 1381 non
854 1327 1028 1382 solum
1069 1343 1195 1384 eum
1230 1328 1413 1399 agitur
1452 1329 1788 1399 pmnitentia,
1817 1344 1910 1384 ve-

325 1437 444 1475 rum
466 1421 635 1479 ctiam
664 1427 725 1476 ut
749 1429 941 1491 agatur
955 1418 1048 1479 Dei
1079 1419 1449 1475 misericordia
1475 1420 1779 1477 necessaria
1800 1428 1906 1481 est.

324 1510 620 1578 Respicere
649 1522 881 1577 namque
907 1506 1024 1578 ejus
1050 1509 1294 1565 misereri
1322 1515 1425 1564 est.

396 1599 556 1657 Hanc
576 1609 755 1657 autem
782 1599 944 1668 facto,
971 1596 1250 1654 consilium
1275 1598 1509 1668 fecerunt
1536 1599 1797 1669 principes
1820 1615 1910 1653 sa-

234 1722 239 1726 ι
321 1692 625 1758 rerdotum,
662 1702 710 1747 et
748 1693 975 1746 vinctum
1000 1690 1185 1746 losum
1224 1689 1554 1745 tradiderunt
1584 1690 1773 1744 Pontio
1814 1689 1909 1744 Pi-

2013 511 2115 567 bus
2153 528 2259 569 non
2298 516 2594 585 respondit,
2621 517 2746 573 data
2779 526 2863 574 est
2899 519 2968 574 de
3005 535 3146 592 agno
3180 523 3496 590 similitudo,
3533 536 3595 584 ut

2013 599 2068 656 in
2092 616 2191 659 suo
2211 603 2426 659 silentio
2445 620 2552 661 non
2578 621 2724 673 reus,
2747 608 2841 664 sed
2873 608 3129 667 innocens
3148 612 3460 675 habentur.
3488 616 3588 673 tibi

2012 690 2157 745 enim
2188 693 2428 757 tacebat,
2459 695 2618 765 quasi
2657 710 2830 766 agnus
2859 705 2971 752 toto
2998 713 3097 767 pro
3120 715 3286 771 grege
3307 701 3593 765 immolan-

2012 778 2113 836 dus
2150 782 2465 851 patientiam
2502 789 2793 854 prtestabat
2848 798 2869 851 ς
2906 786 2996 842 ubi
3037 802 3169 844 vero
3204 793 3587 861 respondebat,

2008 872 2163 943 quasi
2193 880 2381 941 pastor
2406 871 2599 935 bonus,
2628 889 2727 944 pro
2753 875 2976 931 creditis
3008 877 3114 932 sibi
3149 879 3360 945 ovibus,
3400 890 3590 938 contra

2012 959 2258 1031 luporum
2285 962 2662 1032 latronumque
2682 965 2905 1021 insidias
2924 969 3214 1038 pugnabat.

2080 1050 2416 1122 Congregatis
2438 1070 2559 1124 ergo
2581 1054 2709 1121 illis,
2733 1055 2867 1109 dixit
2898 1054 3124 1124 Pilatus,
3146 1077 3299 1131 quem
3328 1060 3480 1116 vultis
3507 1063 3592 1118 di-

2010 1142 2211 1196 mittant
2240 1144 2402 1210 vobis,
2433 1145 2685 1207 Barhlvam
2754 1164 2824 1202 an
2851 1146 3065 1216 Iesum,
3095 1152 3186 1221 qui
3212 1152 3409 1207 dicitur
3436 1152 3592 1208 Chri-

2009 1232 2164 1287 stus?
2200 1231 2364 1290 Latro
2403 1234 2693 1292 seditiosus
2742 1245 2798 1292 et
2836 1238 3249 1296 homicidiorum
3279 1250 3470 1298 auctor
3508 1243 3591 1299 di-

2009 1319 2209 1376 missus
2232 1330 2319 1380 cst
2346 1324 2543 1401 populo
2580 1324 2926 1395 Iudaeorum,
2969 1328 3024 1382 id
3063 1336 3149 1384 est
3184 1329 3451 1395 diabolus,
3493 1331 3587 1402 qui

2001 1410 2117 1481 iam
2139 1414 2268 1469 olim
2291 1417 2468 1493 patria
2497 1417 2615 1474 luce
2649 1420 2720 1475 ob
2752 1419 2966 1494 culpam
3007 1423 3272 1491 superbiae
3310 1423 3586 1494 depulsus,

2009 1515 2065 1561 et
2089 1505 2142 1560 in
2167 1506 2511 1567 tenebrarum
2541 1508 3007 1566 tuemtcarcerem
3032 1511 3250 1569 missus.
3270 1511 3446 1582 Atque
3466 1513 3590 1570 ideo

2008 1593 2176 1651 Judaei
2218 1611 2406 1666 pacem
2435 1598 2635 1657 habere
2664 1614 2768 1655 non
2796 1608 3056 1670 possunt,
3093 1600 3219 1670 quia
3259 1601 3586 1661 seditionum

2009 1686 2307 1756 principem
2333 1703 2494 1759 quam
2533 1690 2819 1749 Dominum
2840 1690 3043 1769 eligere
3082 1691 3409 1749 maluerunt.
3452 1693 3588 1762 Quia

318 1784 454 1837 lato.
482 1751 800 1839 Non'solum
829 1782 895 1838 ad
922 1780 1152 1836 Pilatum
1171 1821 1186 1845 ,
1230 1780 1325 1835 sed
1349 1780 1512 1839 etiam
1540 1781 1609 1837 ad
1636 1779 1905 1837 Herodem
1937 1751 1983 1809 Β
2010 1751 2139 1836 vero
2164 1751 2432 1836 Dambbas
2454 1779 2597 1837 ﬁlius
2627 1781 2819 1857 patris,
2854 1751 2947 1841 vel
2968 1781 3108 1843 ﬁlius
3135 1783 3375 1853 magistri
3402 1751 3588 1839 eorum

318 1872 515 1955 ductus
540 1881 648 1939 est,
686 1881 751 1926 ut
794 1882 1020 1941 uterque
1054 1870 1284 1925 Domino
1326 1869 1592 1925 illuderet.
1638 1870 1706 1924 Et
1744 1885 1907 1927 cerne

318 1963 745 2021 sollicitudinem
781 1961 1147 2017 sacerdotum.
1190 1959 1247 2015 lu
1278 1959 1419 2015 malo
1447 1967 1557 2016 tota
1588 1969 1747 2016 nocte
1773 1960 1908 2031 vigi-

318 2054 585 2118 laverunt,
616 2064 675 2109 ut
705 2054 1054 2110 homicidium
1076 2052 1347 2119 lacerent,
1375 2060 1430 2107 et
1455 2052 1696 2108 vinctum
1731 2053 1904 2111 trade-

320 2156 442 2215 nuit
477 2146 671 2201 Pilato:
707 2145 987 2202 Habebam
1012 2145 1155 2202 enim
1194 2146 1339 2201 hunc
1377 2160 1616 2208 morem,
1659 2150 1720 2200 ut
1745 2160 1904 2215 quem

317 2239 725 2311 adjutlicassen'.
750 2259 858 2294 ιιουί
871 2254 933 2303 ιι,
960 2239 1182 2311 ligatum
1203 2236 1372 2307 iudici
1404 2238 1699 2293 traderent.

392 2333 542 2388 Tunc
568 2333 744 2387 ridens
766 2347 964 2395 ausas,
986 2333 1079 2404 qui
1100 2349 1225 2387 eum
1252 2330 1489 2393 tradidit,
1520 2332 1661 2402 quod
1685 2331 1908 2387 damna-

316 2438 400 2480 tus
434 2424 595 2491 esset;
616 2439 858 2495 projccns
882 2427 1149 2499 argenteis
1182 2426 1238 2479 in
1268 2424 1482 2496 templo,
1513 2423 1718 2479 recessit
1751 2432 1799 2479 et
1827 2422 1907 2478 la-

316 2534 449 2582 queo
475 2534 533 2571 se
557 2519 845 2586 suspendit.
873 2516 1130 2572 Avaritia:
1158 2515 1585 2587 magnitudinem
1612 2515 1907 2587 impietatis

321 2608 533 2676 pondus
571 2607 820 2662 exclusit.
868 2605 1069 2662 Videns
1102 2604 1269 2664 ludas
1308 2606 1593 2662 Dominum
1634 2604 1907 2673 adiudica-

320 2710 432 2751 tum
456 2698 636 2756 morti,
662 2699 900 2769 pretium
931 2699 1116 2755 retulit
1140 2698 1527 2764 sacerdotibus,
1551 2699 1707 2770 quasi
1733 2700 1785 2755 in
1808 2713 1908 2769 po-

321 2798 519 2844 testate
556 2806 648 2846 sua
679 2797 823 2849 esset
868 2797 1277 2860 persecutorum
1318 2798 1526 2845 mutare
1555 2789 1904 2848 sententiam.

320 2882 503 2954 Itaque
543 2881 674 2937 licet
715 2881 1005 2936 mutaverit
1029 2880 1361 2937 voluntatem
1390 2896 1566 2945 suam,
1607 2887 1788 2937 tamen
1818 2894 1909 2934 vo-

319 2974 544 3030 lvxntaus
583 2972 776 3047 primm
822 2972 1030 3029 exitum
1072 2987 1177 3026 non
1219 2972 1466 3031 mutavit.
1512 2969 1657 3031 Nihil
1702 2969 1908 3040 promit

2006 1870 2412 1940 interpretatur,
2437 1880 2616 1943 potest
2636 1872 2952 1929 Antichristi
2978 1883 3161 1944 typum
3182 1889 3392 1948 gerere,
3426 1890 3588 1943 quem

2002 1960 2081 2017 illi
2124 1962 2324 2032 quibus
2345 1962 2514 2017 dicit:
2540 1979 2637 2018 vos
2666 1979 2731 2017 ex
2752 1972 2907 2034 patre
2930 1965 3142 2021 diabolo
3161 1966 3314 2030 estis,
3340 1981 3469 2021 vero
3491 1966 3585 2021 Dei

2006 2051 2119 2108 lilio
2155 2060 2277 2109 sum
2317 2053 2616 2123 praelaturi.
2653 2054 2821 2111 Filius
2862 2063 3041 2113 autem
3081 2056 3277 2112 diaboli
3317 2055 3588 2113 Antichri-

2003 2150 2139 2207 stus,
2165 2160 2271 2200 non
2294 2146 2362 2201 ab
2383 2146 2500 2217 ipso
2521 2148 2811 2214 nascendo,
2845 2149 2941 2205 sed
2967 2150 3234 2205 imitando
3266 2159 3512 2206 vocatur.

2077 2233 2299 2289 Sedente
2343 2245 2520 2290 autem
2557 2236 2649 2291 illo
2687 2254 2781 2308 pro
2816 2236 3106 2303 tribunali,
3146 2239 3287 2293 misit
3329 2238 3398 2293 ad
3438 2239 3588 2293 illum

2005 2340 2140 2379 uxor
2166 2324 2282 2394 ejus
2307 2324 2485 2379 dicens
2521 2338 2541 2378 :
2571 2325 2726 2380 Nihil
2751 2326 2847 2381 tibi
2874 2336 2924 2381 et
2942 2327 3092 2397 justo
3118 2327 3218 2380 illi.
3254 2327 3427 2383 Multa
3451 2330 3591 2383 enim

2000 2428 2159 2481 passa
2191 2430 2308 2467 sum
2337 2413 2492 2468 hodie
2518 2431 2612 2486 per
2639 2416 2804 2470 risum
2825 2426 3036 2486 propter
3060 2414 3232 2472 illum.
3268 2416 3427 2483 Nota,
3449 2419 3591 2488 quod

2004 2501 2297 2573 gentilibus
2316 2518 2457 2572 sa-pe
2482 2518 2514 2561 a
2550 2503 2661 2560 Deo
2694 2504 2903 2567 sonmia
2926 2503 3250 2568 revelentur,
3275 2514 3331 2561 et
3361 2507 3504 2575 quod
3536 2507 3590 2561 in

2005 2590 2179 2646 Pilato
2197 2602 2252 2647 et
2272 2608 2441 2649 uxore
2471 2592 2606 2661 ejus,
2626 2594 2836 2664 justum
2871 2593 3158 2653 Dominum
3181 2595 3592 2661 conﬁtentibus,

2003 2685 2223 2757 gentilis
2240 2685 2422 2757 populi
2447 2687 2815 2743 testimonium
2837 2687 2926 2742 sit.

2076 2775 2217 2829 Dicit
2243 2777 2432 2830 iterum
2458 2774 2564 2833 illis
2589 2776 2816 2839 Pilatus,
2838 2777 2965 2846 quid
2984 2777 3180 2847 faciam
3200 2779 3271 2834 de
3311 2779 3465 2845 Iesu,
3503 2782 3594 2852 qui

2004 2864 2200 2923 dicitur
2226 2863 2719 2921 Christus?“th
2747 2880 2946 2929 omnes,
2976 2867 3336 2937 cruci/igotur.
3378 2866 3451 2922 Ut
3491 2868 3595 2922 im-

2001 2957 2248 3028 pleretur
2278 2957 2421 3026 quod
2456 2957 2659 3017 dictum
2697 2964 2778 3012 est
2819 2957 2872 3013 in
2914 2957 3129 3014 Psalmo
3166 2976 3180 3012 :
3217 2959 3589 3014 (.‘ircumdede-

318 3066 494 3136 egisse
516 3046 932 3139 paenitentiam,
974 3076 1071 3135 per-
1105 3076 1268 3134 qnam
1290 3060 1472 3123 scelus
1498 3060 1771 3132 corrigere
1796 3074 1903 3121 non

2018 3056 2128 3103 mat
2156 3064 2236 3103 me
2263 3063 2416 3104 canes
2446 3047 2597 3103 multi
2625 3046 2797 3119 (Psal.
2830 3047 2967 3117 xm),
3003 3057 3060 3103 et
3094 3049 3225 3108 illud
3257 3048 3549 3107 ilict-entia:
3575 3091 3589 3103 .

2018 3136 2178 3162 ιε--.-
2214 3148 2279 3162 ,με
2304 3139 2430 3162 ..-ιιι
2465 3137 2736 3162 1.....-.12ι..-
2777 3154 2890 3162 μ...-
2959 3140 3087 3162 -3---ι
3119 3139 3192 3162 1--
3228 3140 3277 3162 2--
3315 3139 3438 3162 -21-.-
3509 3141 3561 3162 ,ΙΑ

320 3156 512 3224 potuit.

394 3248 663 3319 Principes
693 3257 866 3311 autem
895 3247 1229 3302 sacerdotum
1258 3247 1481 3316 acceptis
1516 3246 1795 3316 argenteis,
1823 3245 1907 3299 di-

320 3352 507 3397 xerunt
534 3357 553 3393 :
584 3336 708 3393 Non
732 3338 851 3393 licet
880 3338 1084 3392 mittere
1112 3355 1199 3392 eos
1228 3339 1282 3392 in
1313 3337 1613 3400 carbonum,
1643 3335 1767 3405 quia
1790 3351 1908 3406 pre-

321 3435 448 3493 tium
491 3430 765 3500 sanguinis
804 3439 904 3485 est.
950 3430 1050 3500 (Es
1094 3428 1340 3497 Hieron.)
1388 3429 1527 3483 Vere
1572 3426 1799 3483 culicem
1844 3425 1908 3480 li-

322 3531 573 3591 quantes,
596 3531 658 3576 et
685 3516 948 3576 ca‘melum
981 3519 1291 3591 glutieutes.
1337 3516 1394 3577 Si
1422 3517 1602 3582 enim,
1643 3517 1761 3573 ideo
1800 3530 1906 3570 non

326 3615 545 3674 mittunt
564 3610 851 3685 pecuniam
888 3612 941 3666 in
967 3611 1283 3675 corbonam,
1314 3610 1417 3664 hoc
1452 3616 1537 3665 est
1560 3608 1614 3661 in
1640 3607 1909 3677 gazophy-

328 3708 519 3763 lacium
540 3715 597 3761 et
618 3704 763 3760 dona
791 3704 921 3770 Dei,
947 3702 1071 3775 quia
1098 3702 1328 3773 pretium
1350 3698 1640 3770 sanguinis
1661 3704 1776 3762 est,
1812 3710 1910 3751 cur

326 3802 438 3871 ipse
463 3797 685 3869 sanguis
712 3794 1037 3851 effunditur?

395 3891 628 3949 Consilio
656 3899 829 3944 autem
859 3889 1008 3957 inito,
1039 3894 1272 3941 emerunt
1312 3901 1378 3939 ex
1403 3882 1508 3938 illis
1545 3898 1731 3953 agrum
1759 3879 1909 3949 ﬁguli

329 3985 382 4041 in
404 3962 728 4051 sepulturam
752 3976 1162 4049 peregrinorum.
1194 3972 1269 4033 Illi
1292 3972 1510 4045 quidem
1532 3971 1780 4034 lecemnt
1807 3968 1910 4024 alia

330 4070 623 4136 voluntate,
667 4077 727 4123 ut
762 4076 1024 4123 mter-num
1065 4064 1358 4134 impietatis
1392 4078 1510 4118 sane
1538 4060 1914 4129 relinquerent

330 4181 395 4219 ex
435 4162 551 4234 agri
595 4160 869 4233 emptione
909 4157 1316 4223 monimentum.
1360 4152 1630 4211 Caeterum
1673 4167 1774 4209 nos
1817 4149 1910 4221 qui

332 4253 600 4324 peregrini
625 4267 843 4308 eramus
878 4267 911 4305 a
942 4249 1059 4319 lege
1094 4255 1154 4302 et
1182 4245 1480 4318 Motis,
1519 4259 1683 4313 prava
1721 4258 1909 4298 comm

332 4344 505 4400 studia
530 4342 866 4412 suscepimus
893 4334 947 4399 in
983 4338 1236 4402 salutem,
1265 4344 1319 4393 et
1347 4335 1401 4391 iu
1431 4334 1610 4409 pretio
1634 4331 1913 4400 sanguinis

333 4435 449 4500 ejus
501 4432 905 4503 requiescimus.
950 4428 1129 4499 Figuli
1182 4436 1360 4482 autem
1411 4441 1542 4496 ager
1588 4423 1907 4494 appellatur,

335 4524 459 4592 quia
483 4522 677 4593 ﬁgulus
706 4528 891 4579 noster
918 4526 1003 4574 est
1028 4517 1296 4573 Christus.
1325 4516 1478 4570 Tunc
1518 4513 1793 4585 impletum
1829 4518 1916 4568 est

338 4613 475 4682 quod
502 4612 706 4667 dictum
729 4617 814 4666 est
842 4624 944 4679 per
968 4606 1298 4663 Hieremiam
1322 4618 1352 4646 λ
1383 4594 1703 4675 prophetam
1734 4602 1915 4657 dicen-

340 4714 443 4758 tem
471 4723 485 4758 :
514 4702 584 4758 Et
609 4705 935 4771 acceperunt
964 4698 1190 4770 triginta
1213 4703 1517 4767 argenteos,
1557 4693 1792 4765 pretium
1821 4707 1917 4761 ap-

340 4793 576 4863 pretiati,
615 4791 757 4863 quod
791 4788 1232 4862 appretiaverunt
1269 4801 1298 4839 a
1341 4783 1466 4840 ﬁliis
1492 4782 1688 4847 lsrael,
1732 4788 1789 4835 et
1829 4780 1919 4835 de-

338 4887 531 4943 «lerunt
556 4899 652 4949 eos
676 4883 731 4941 in
757 4895 943 4951 agrum
972 4876 1148 4953 nguli,
1181 4877 1322 4936 sicut
1345 4874 1626 4932 constituit
1649 4872 1778 4928 mihi
1812 4872 1916 4927 Do-

342 4977 536 5031 minus.

408 5066 474 5122 Et
502 5083 621 5127 cum
649 5070 984 5123 accusaretur
1009 5079 1041 5115 a
1068 5057 1390 5132 principibus
1427 5056 1759 5114 sacerdotum
1788 5054 1919 5109 nihil

1957 3141 1977 3163 ⁴
2008 3136 2178 3193 Facta
2205 3148 2279 3195 est
2302 3139 2430 3192 mihi
2453 3137 2736 3198 ,ha'reditas
2776 3154 2913 3205 mea.
2952 3140 3087 3195 sicut
3115 3139 3196 3194 leo
3225 3140 3282 3194 in
3309 3139 3463 3206 silva,
3498 3141 3590 3196 dc—

2007 3228 2196 3284 derunt
2224 3245 2378 3300 super
2401 3245 2482 3281 me
2503 3245 2677 3283 uocem
2706 3245 2858 3283 suam
2890 3227 3066 3301 (Hier.
3093 3229 3217 3299 xu).

2089 3317 2280 3372 Videas
2299 3328 2474 3373 autem
2505 3317 2731 3384 Pilatus,
2762 3320 2887 3390 quia
2912 3319 3044 3373 nihil
3062 3310 3357 3392 proﬁceret,
3383 3332 3595 3387 accepta

2008 3427 2146 3481 aqua
2190 3409 2314 3464 lavit
2361 3425 2549 3463 manus
2592 3427 2771 3465 coram
2815 3410 3239 3482 populo,dicens
3280 3425 3299 3466 :
3334 3411 3596 3469 lnnocens

2006 3515 2100 3570 ego
2140 3513 2256 3551 sum
2290 3514 2321 3550 a
2350 3497 2605 3567 sanguine
2631 3497 2791 3567 hujus
2817 3498 2986 3569 justi,
3018 3507 3123 3554 etc.
3171 3498 3375 3555 Pilatus
3415 3509 3595 3554 autem

2005 3588 2219 3659 accepit
2237 3602 2431 3656 aquam
2456 3585 2613 3655 juxta
2635 3586 2762 3642 illud
2785 3590 3154 3659 propheticum
3183 3608 3196 3644 :
3225 3589 3431 3647 Lauabo
3460 3590 3597 3644 inter

2007 3680 2302 3732 innocentes
2341 3694 2528 3730 manus
2560 3693 2702 3731 meas
2730 3676 2903 3749 (Psal.
2981 3678 3137 3749 xxv),
3180 3689 3237 3734 ut
3280 3679 3334 3735 in
3376 3680 3596 3736 lavacro

2008 3785 2263 3825 manuum
2306 3767 2451 3838 ejus,
2493 3767 2770 3839 gentilium
2810 3782 2974 3839 opera
3018 3777 3398 3841 purgarentur,
3435 3777 3491 3823 et
3528 3769 3596 3822 ab

2008 3860 2283 3930 impietate
2303 3856 2631 3924 Iudaeorum,
2649 3858 2742 3927 qui
2757 3856 3146 3935 clamaveruut,
3171 3856 3427 3929 cruciﬁge
3448 3872 3595 3922 eum,

2011 3968 2109 4008 nos
2128 3951 2331 4009 alienos
2354 3951 2577 4016 faceret,
2613 3950 2847 4020 quodam
2883 3949 3044 4009 modo
3064 3950 3168 4004 boc
3198 3958 3512 4007 contestans
3542 3959 3598 4005 et

2010 4044 2195 4099 (licens
2229 4063 2242 4097 :
2274 4043 2387 4115 Ego
2419 4042 2637 4115 quidem
2673 4041 3016 4096 innocentem
3050 4040 3192 4095 volui
3221 4040 3474 4104 liberare,
3503 4040 3596 4094 sccl

2009 4134 2263 4204 quoniam
2314 4132 2509 4188 salitio
2545 4131 2742 4197 oritur,
2784 4137 2840 4187 et
2883 4145 2981 4201 per
3020 4129 3074 4186 id
3112 4129 3423 4187 rebellionis
3465 4129 3595 4183 mihi

2001 4221 2195 4269 contra
2244 4215 2512 4275 (kesamm
2559 4220 2767 4277 criuu-u
2822 4220 3148 4292 impingitur
3203 4221 3385 4290 ωορκ,
3445 4218 3589 4291 six),

2000 4299 2249 4363 innocens
2280 4325 2397 4363 sunt
2432 4328 2464 4365 a
2499 4314 2764 4381 sanguine
2802 4314 2961 4382 huius
2975 4316 3141 4386 justi.

2087 4398 2675 4475 Respondit'universus
2706 4395 2931 4470 populus
2962 4396 3139 4450 dicens
3171 4407 3193 4445 :
3229 4386 3459 4464 sanguis
3483 4391 3600 4461 ejus

2015 4512 2171 4566 super
2201 4511 2295 4549 nos
2327 4502 2375 4548 et
2397 4508 2554 4564 super
2571 4488 2711 4559 ﬁlios
2744 4497 2968 4543 nostros.
3001 4485 3320 4542 Perseverat
3340 4499 3509 4553 usque
3545 4481 3599 4538 in
3710 4518 3721 4523 ι

2010 4597 2340 4663 prmsentem
2376 4587 2520 4643 diem
2561 4585 2678 4640 haec
2713 4580 3034 4653 imprecatio
3070 4593 3234 4650 super
3261 4574 3476 4632 luds-os
3497 4617 3512 4641 ,
3547 4583 3603 4630 et

2016 4680 2236 4752 sanguis
2256 4677 2467 4734 Domini
2490 4691 2599 4731 non
2633 4672 2877 4728 aufertur
2906 4670 2972 4726 ab
2993 4670 3094 4735 eis,
3117 4668 3259 4727 unde
3286 4681 3388 4737 per
3406 4664 3603 4720 lsaiam

2015 4772 2290 4843 loquitur:
2320 4767 2378 4823 Si
2408 4766 2697 4821 levareritis
2729 4764 2799 4817 ad
2830 4779 2913 4816 me
2942 4777 3151 4829 manus,
3183 4774 3289 4813 non
3319 4755 3602 4813 exaudiam
3670 4824 3683 4829 ἕ

2017 4879 2125 4925 uos,
2151 4875 2338 4915 manus
2357 4865 2542 4913 vestrm
2559 4854 2814 4924 sanguine
2833 4851 2999 4923 plena:
3021 4858 3163 4904 sunt.

2093 4952 2239 5009 Tunc
2263 4949 2453 5004 milites
2472 4954 2722 5001 eruentes
2749 4943 2953 5006 Jesum,
2974 4938 3284 4994 chlamidem
3310 4938 3603 4991 coccineum

2022 5040 2475 5099 circumdederunt
2504 5037 2573 5091 ei.
2614 5032 2704 5087 Vel
2729 5031 3024 5087 secundum
3063 5028 3339 5091 Marcum,
3378 5025 3603 5081 induunt

345 5110 622 5227 respondi:
649 5110 1092 5213 iiinZLucasaitr
1122 5168 1134 5204 :
1177 5110 1409 5205 Pilatum
1435 5146 1504 5201 ad
1532 5145 1799 5216 principes
1835 5160 1926 5199 sa-
2024 5153 2143 5192 eum
2170 5126 2558 5227 purpura-.“Pro
2595 5123 2745 5227 regia
2783 5122 2930 5227 enim

646 5203 1274 5315 dgisse,wuihilvinrenio
1313 5237 1369 5289 in
1409 5235 1504 5289 hoc
1532 5203 1768 5288 immitia.
1811 5232 1926 5286 Hoc
2025 5203 2278 5285 coccinea
2305 5222 2374 5277 ab
2400 5215 2747 5277 illudentibus
2786 5211 3028 5315 aditi-blla
3071 5216 3212 5315 ξΐεξῑο
3238 5203 3603 5315 ΔεῑιςεξὟΡ-ἷδ

345 5344 427 5394 est
471 5335 615 5407 quod
645 5336 760 5407 ipse
780 5333 954 5406 pridie
976 5346 1136 5402 quam
1155 5334 1437 5399 pateretur
1463 5326 1604 5380 inter
1632 5324 1734 5378 alia
1762 5322 1921 5377 disci-

346 5425 483 5499 pulis
512 5426 587 5482 ait
614 5443 631 5481 :
673 5423 819 5489 Venit
837 5424 981 5478 enim
1009 5422 1247 5493 princeps
1268 5417 1452 5473 mundi
1480 5416 1662 5486 hujus,
1691 5424 1737 5468 et
1762 5414 1814 5467 in
1842 5429 1921 5467 me

348 5535 449 5585 non
480 5517 633 5570 habet
669 5514 953 5587 quidquam
982 5511 1163 5584 (Joau.
1196 5508 1329 5579 xlv),
1369 5507 1463 5563 sed
1505 5506 1630 5575 quia
1673 5503 1922 5574 princeps

356 5610 553 5685 mundi,
581 5608 684 5675 hoc
723 5615 826 5672 est,
870 5604 1073 5681 Pilatus
1111 5619 1234 5659 eum
1276 5600 1526 5664 absolvit,
1568 5598 1753 5666 inquo
1792 5593 1922 5649 uibil

2029 5317 2275 5391 quautam
2300 5325 2537 5384 purpura
2567 5322 2731 5363 cocco
2759 5303 3052 5369 simillima.
3076 5300 3259 5356 Potest
3280 5298 3441 5391 etiam
3465 5292 3603 5359 ﬁeri,

2031 5386 2090 5463 ut
2112 5418 2406 5479 purpuram
2441 5400 2604 5455 etiam
2636 5396 2847 5450 Marcus
2879 5386 3605 5480 eommemoravcriILquatu

2031 5471 2257 5554 chlamis
2297 5492 2568 5554 habebat,
2611 5485 2860 5557 quamvis
2899 5489 3044 5537 esset
3068 5478 3337 5533 coccinea.
3387 5471 3602 5541 Mystirr

2035 5604 2164 5660 ergo
2199 5586 2252 5640 in
2280 5597 2515 5658 purpura
2545 5593 2652 5651 qua
2678 5575 2896 5631 indutus
2921 5579 3004 5627 est
3031 5566 3306 5635 Dominus,
3341 5562 3453 5633 ipsa
3491 5558 3605 5629 ejus

423 5726 447 5751 ³
488 5713 613 5789 llaec
652 5712 707 5788 in
735 5710 1005 5782 ilieremia
1038 5723 1140 5771 non
1176 5706 1536 5767 inveniuntur,
1578 5712 1714 5761 teste
1750 5700 2104 5769 {lit-rtmvtuo.

3488 322 3591 377 iss
3694 390 3697 393 ἡ
