3994 6206
450 324 547 380 187

1680 346 1687 353 ·
1740 327 2098 385 SMARAGDI
2138 324 2428 383 ABBATIS

3612 335 3712 387 ‘88

440 456 578 497 caro
616 454 780 511 quam
824 438 1163 510 passionibus
1199 439 1398 511 obiecit
1449 441 1774 507 insinuatur,
1813 444 1878 498 de
1920 457 2026 513 qua
2055 446 2101 504 Α
2132 443 2305 498 haeres
2327 443 2734 511 interpretatur.
2770 442 2878 498 Nec
2906 437 3343 512 prrcte'reundum
3381 448 3526 516 quod
3572 449 3717 504 idem

444 529 727 603 praemissa
757 530 969 585 dixerat
1001 530 1270 600 Propheta
1301 548 1315 584 :
1346 529 1526 597 Quare
1562 548 1683 603 ergo
1713 531 1929 587 rubrum
1954 542 2030 586 est

446 620 811 674 indumentum
839 628 1005 683 tuum,
1048 629 1098 673 et
1140 621 1441 675 vestimenta
1468 630 1581 687 tua,
1624 623 1777 692 quasi
1815 622 2031 677 calcan-

440 708 578 761 tium
599 709 655 761 in
681 706 1035 761 torculari.'ln
1058 723 1255 763 corona
1285 725 1416 765 vero
1441 727 1602 781 quam
1624 713 1894 783 portabat,
1925 715 2034 785 spi-

449 815 548 854 nea
580 808 887 855 metrorum
916 800 1187 871 susceptio
1212 811 1558 872 peccatorum
1576 846 1590 871 ,
1626 821 1725 875 pro
1754 821 1859 876 qua
1891 822 2034 861 mor-

449 891 575 946 talis
611 891 727 944 ﬁeri
759 891 1006 959 dignatus
1052 898 1137 947 est
1163 893 1485 958 ostenditur,
1524 892 1683 961 juxta
1716 896 1857 964 quod
1896 894 2035 965 pra:-

448 999 639 1039 cursor
678 983 847 1051 ipsius
894 982 1261 1038 testimonium
1290 984 1339 1039 ei
1384 986 1675 1054 perlubens
1721 987 1797 1040 ait
1838 1004 1851 1040 :
1901 985 2035 1041 Ecce

442 1066 617 1146 ‘agnus
664 1075 779 1139 Dei,
823 1086 937 1128 ecce
988 1074 1077 1144 qui
1121 1074 1253 1129 tollit
1280 1086 1491 1146 peccata
1536 1078 1721 1132 mundi
1757 1078 1937 1150 (Iona.
1970 1079 2031 1147 ι).

447 1165 691 1234 Namque
720 1165 903 1234 spinas
934 1165 984 1218 in
1011 1165 1403 1237 signiﬁcatione
1429 1177 1771 1237 peccatorum
1794 1156 1921 1238 poni
1949 1184 2036 1224 so~

442 1253 562 1307 lere
593 1262 825 1308 testatur
855 1254 969 1324 ipse
997 1254 1279 1320 Dominus,
1307 1257 1399 1325 qui
1448 1257 1781 1327 protoplasto
1830 1258 1883 1312 in
1914 1274 2035 1327 pec-

438 1356 630 1399 catum
657 1345 908 1414 prolapso
937 1345 1155 1401 dicebat
1184 1364 1197 1400 ε
1233 1345 1395 1401 Terra
1419 1357 1511 1401 tua
1538 1349 1717 1419 spinas
1742 1359 1789 1403 et
1813 1344 2034 1404 tribulos

447 1438 756 1507 germinabit
801 1439 894 1491 tibi
940 1437 1093 1509 (Cen.
1123 1437 1228 1511 ιιι),
1278 1439 1422 1508 quod
1462 1450 1547 1493 est
1590 1447 1776 1509 aperte
1803 1438 1984 1495 dicere
2017 1459 2029 1494 :

441 1530 791 1586 Conscientia
824 1539 914 1584 tua
946 1531 1265 1600 punctiones
1305 1532 1425 1597 tibi,
1454 1541 1509 1587 et
1542 1533 1755 1588 aculeos
1781 1534 2033 1589 vitiorum

440 1637 736 1690 procreare
765 1637 870 1676 non
898 1622 1139 1677 desistet.
1172 1621 1325 1689 Quod
1352 1637 1482 1677 vero
1501 1620 1657 1691 juxta
1686 1623 2035 1696 Evangelium

443 1712 615 1767 Lucae“
645 1711 907 1766 Dominus
938 1712 1080 1782 apud
1119 1710 1387 1767 Herodem
1431 1713 1553 1767 alba
1593 1704 1741 1769 veste
1771 1713 2029 1780 induitur,

2135 533 2321 589 Simon
2337 534 2403 589 de
2415 533 2540 587 villa
2556 533 2768 589 venisse
2785 533 2987 601 fertur;
3005 535 3130 590 villa
3145 537 3292 593 enim
3307 553 3479 611 pagus
3494 541 3716 605 dicitur,

2134 638 2307 680 avoce
2323 624 2510 680 Graeca
2538 630 2694 695 πηγὴ,
2719 640 2837 695 qua:
2860 624 3066 681 fontem
3107 625 3399 699 signiﬁcat,
3432 630 3575 686 unde
3604 632 3714 701 plu-

2134 715 2396 772 rcssimul
2426 718 2616 774 domus
2642 720 2878 785 rusticas,
2906 719 3012 775 hoc
3032 709 3139 787 est,
3162 721 3346 793 plures
3360 723 3517 788 villaz,
3545 740 3718 797 pagus

2132 814 2381 874 vocatur,
2428 811 2572 881 quod
2617 810 2761 866 circa
2797 809 2974 867 fontes
3012 812 3171 868 condi
3220 812 3526 885 huiusmodi
3577 818 3718 871 villa:

2135 911 2549 956 consueverunt.
2577 902 2715 958 Hinc
2738 904 2933 975 pagani
2962 903 3093 960 dicti
3125 906 3283 976 quasi
3323 907 3532 964 villani.
3562 911 3719 967 Unde

2134 1005 2372 1061 paganos
2401 991 2732 1061 appellamus
2761 1008 2890 1059 eos,
2924 1009 3061 1063 quos
3096 1010 3127 1048 a
3174 995 3394 1050 civitate
3442 995 3537 1053 Dei
3588 1000 3718 1053 alie-

2136 1092 2256 1143 nos,
2287 1086 2340 1133 et
2371 1080 2524 1148 quasi
2564 1082 2785 1137 urbana:
2832 1084 3261 1139 conversationis
3308 1070 3431 1141 esse
3470 1088 3721 1145 videmus

2135 1177 2405 1236 expertes.
2440 1168 2545 1224 Sed
2563 1171 2630 1225 de
2658 1187 2794 1241 pago
2822 1170 3009 1228 Simon
3036 1177 3335 1245 egrediens,
3354 1192 3570 1232 crucem
3597 1196 3720 1249 pcr-

2137 1256 2569 1325 tatpostJesum,
2585 1276 2707 1314 cum
2720 1262 2950 1330 populus
2973 1263 3249 1318 nationum
3276 1268 3498 1336 paganis
3524 1268 3719 1325 ritibus

2137 1346 2445 1415 derelictis,
2490 1350 2710 1423 vestigia
2751 1353 3046 1409 Dominica:
3086 1355 3357 1425 passionis
3405 1358 3719 1415 obedienter

2135 1439 2532 1509 complectitur.
2562 1441 2714 1510 Quod
2735 1453 2917 1499 autem
2947 1447 3243 1502 secundum
3270 1446 3473 1505 Lucam
3514 1454 3569 1507 in
3592 1455 3717 1511 'boc

2136 1526 2256 1582 loco
2286 1533 2637 1601 sequentibus
2658 1549 2716 1589 se
2737 1535 2999 1591 Dominus
3027 1535 3343 1595 mulieribus
3364 1540 3529 1597 dixit:
3557 1541 3718 1600 Filia.-

2139 1622 2495 1689 Hierusalem,
2520 1625 2677 1679 nolite
2696 1628 2821 1694 ﬂere
2838 1644 2998 1699 super
3019 1646 3119 1695 me,
3142 1632 3235 1685 sed
3259 1649 3417 1703 super
3444 1651 3531 1690 vos
3558 1647 3605 1691 et
3630 1656 3719 1692 su-

2134 1733 2226 1787 per
2252 1715 2390 1785 ﬁlios
2413 1724 2627 1780 vestros,
2650 1725 2705 1770 et
2728 1717 2875 1772 addit
2907 1731 2922 1772 :
2950 1716 3087 1784 Quia
3113 1720 3158 1773 si
3175 1720 3231 1774 in
3256 1708 3417 1776 viridi
3439 1722 3579 1796 ligno
3603 1727 3718 1781 Iure

440 1806 502 1858 in
531 1804 743 1859 czeteris
778 1818 909 1858 vero
952 1802 1311 1873 Evangelistis
1356 1819 1387 1857 a
1433 1804 1692 1859 militibus
1717 1803 1902 1870 Pilati,
1931 1805 2032 1859 sub
2061 1796 2107 1854 B
2136 1808 2358 1877 faciunt,
2391 1806 2447 1860 in
2482 1806 2633 1861 arido
2657 1809 2784 1878 quid
2816 1808 2911 1878 ﬁet
2975 1809 3141 1880 (Luc.
3162 1811 3360 1885 xxut)?
3381 1813 3478 1885 (Ex
3524 1817 3718 1888 Beda)

440 1894 697 1949 coccineo
729 1893 842 1947 sive
877 1908 1148 1963 purpureo
1184 1892 1374 1947 habitu
1410 1894 1600 1949 illusus
1636 1910 1756 1950 esse
1785 1894 2032 1965 perhibe-

446 1992 551 2046 tur,
578 1981 770 2036 collata
794 1989 1021 2050 utraque
1050 1982 1378 2046 narratione,
1406 1982 1459 2035 in
1482 1997 1591 2037 uno
1620 1982 1949 2047 innocentia,
1977 1991 2034 2037 et

436 2079 669 2135 castitas
698 2087 991 2148 assumpta:
1019 2079 1393 2142 humanitatis,
1430 2078 1484 2132 in
1523 2078 1692 2132 altero
1722 2085 1899 2132 autem
1936 2092 2030 2133 ve—

446 2170 579 2222 ritas
604 2168 892 2237 passionis,
930 2181 1028 2236 per
1064 2182 1223 2237 quam
1253 2166 1318 2220 ad
1356 2166 1581 2236 gloriam
1624 2167 1772 2237 regni
1801 2167 2028 2221 immor-

440 2259 571 2314 talis
608 2266 752 2313 esset
777 2265 1136 2327 perventurus
1158 2259 1497 2328 exprimitur.
1533 2259 1686 2313 Sicut
1724 2259 1867 2313 enim
1898 2273 2027 2328 pur-

440 2365 580 2418 pura
608 2348 844 2402 colorem
888 2348 1187 2415 sanguinis,
1229 2349 1321 2417 qui
1350 2362 1449 2416 pro
1490 2349 1644 2403 nobis
1681 2347 1880 2403 eﬁ'usus
1923 2356 2029 2413 est,

447 2439 714 2503 im’tatur,
765 2439 836 2491 ita
886 2445 942 2491 et
987 2434 1203 2492 habitus
1233 2452 1480 2507 regnum,
1515 2439 1656 2507 quod
1679 2445 1800 2506 post
1824 2437 2030 2507 passio-

437 2548 567 2586 nem
619 2531 876 2596 intravit,
924 2530 1188 2603 uobisque
1234 2530 1540 2584 intrandum
1572 2528 1859 2600 patefecit,
1901 2530 2032 2585 insi-

447 2620 649 2676 nuavit.
681 2621 881 2675 Verum
922 2621 1046 2689 quia
1078 2620 1214 2674 dixit
1239 2619 1525 2690 Apostolus
1550 2635 1565 2673 :
1586 2620 1846 2689 Quotquot
1890 2619 2028 2674 enim

445 2714 519 2766 in.
552 2711 759 2766 Christo
813 2710 1064 2780 baptizati
1116 2709 1271 2775 estis,
1323 2707 1590 2764 Christum
1642 2710 1918 2776 induistis,
1973 2720 2030 2765 ct

432 2806 611 2860 lsaias
640 2804 867 2858 Domino
910 2802 974 2858 de
999 2802 1185 2858 electis
1228 2803 1522 2858 omnibus:
1559 2803 1655 2858 His
1692 2805 1830 2859 velut
1870 2823 2030 2861 orna-

443 2906 615 2951 mento
657 2897 889 2951 vestieris
933 2893 1069 2968 (Isa.
1102 2897 1272 2967 κως).
1321 2896 1509 2952 Potest
1553 2898 1604 2952 in
1648 2900 1751 2955 hoc
1798 2907 2028 2970 utroque

436 2987 653 3042 Domini
710 2987 930 3052 habitu,
980 2987 1157 3041 omnis
1204 2987 1501 3043 electorum
1550 2990 1666 3059 ejus
1711 2990 2022 3056 multitudo,

441 3092 562 3144 qua:
608 3076 660 3130 in
704 3086 971 3147 martyres
996 3077 1354 3143 venerandos,
1397 3086 1453 3131 et
1493 3087 1741 3134 caateram
1788 3080 2020 3137 ﬁdelium

432 3139 651 3236 plebem
682 3139 1050 3235 distinguitur,
1082 3139 1359 3237 aptissime
1399 3169 1689 3240 designari.
1719 3170 1851 3227 Alba
1879 3174 2023 3229 enim
2050 3139 2095 3200 Ο

442 3266 594 3313 veste
638 3258 901 3321 induitur,
957 3273 1080 3313 cum
1134 3260 1333 3314 munda
1382 3258 1649 3328 iustorum
1693 3263 2030 3321 confessione

432 3345 824 3403 circumdatur.
865 3347 1111 3419 Purpura
1160 3349 1273 3405 sive
1319 3365 1483 3406 cocco
1525 3352 1772 3418 vestitur,
1816 3371 1940 3410 cum
1973 3356 2026 3411 in

433 3437 716 3507 triumpho
750 3437 1162 3493 victoriosorum
1193 3446 1491 3510 martyrum
1519 3440 1793 3511 gloriatur.

516 3524 586 3581 Et
626 3527 902 3598 plectentes
945 3545 1191 3583 coronam
1231 3529 1295 3583 de
1321 3531 1521 3599 spinis,
1550 3543 1836 3602 posuerunt
1873 3552 2029 3606 super

433 3624 596 3685 caput
622 3615 758 3685 ejus,
775 3626 823 3670 et
837 3618 1151 3672 arundinem
1178 3618 1233 3672 in
1265 3619 1478 3673 dextera
1492 3620 1627 3690 ejus,
1644 3630 1699 3676 et
1719 3624 1941 3694 reliqua.
1967 3624 2024 3680 in

432 3706 709 3762 vchlamide
729 3709 983 3763 coccinea
1007 3724 1171 3778 opera
1194 3709 1447 3766 Gentium
1470 3723 1692 3768 cruenta
1715 3724 1983 3771 sustentat
2009 3735 2021 3771 :

444 3799 498 3853 in
529 3815 729 3855 corona
779 3801 964 3870 spinea
1016 3801 1364 3857 maledictum
1415 3804 1577 3858 solvit
1613 3807 1893 3876 antiquum
1925 3827 1938 3861 :
1971 3810 2024 3863 in

439 3889 650 3945 calamo
677 3899 937 3946 venenata
964 3891 1165 3948 occidit
1193 3892 1468 3959 animalia,
1497 3896 1611 3950 sive
1651 3897 1917 3953 calamum
1948 3909 2027 3955 te-

441 3974 602 4035 nebat
626 3980 679 4034 in
711 3996 873 4036 manu
894 4023 908 4047 ,
944 3988 1005 4036 ut
1032 3981 1376 4054 sacrilegium
1405 3984 1671 4042 scriberet
1693 3985 2021 4045 indecorum.

508 4070 774 4128 Exeuntes
816 4082 1011 4140 autem,
1041 4074 1346 4129 invenerunt
1396 4076 1655 4133 hominem
1693 4078 2021 4152 Cyremeum,

439 4164 719 4218 venientem
743 4165 945 4221 obviam
971 4166 1092 4233 sibi,
1123 4166 1238 4223 sive
1267 4170 1564 4225 secundum
1606 4169 1845 4229 Marcum
1881 4193 1893 4228 :
1931 4171 2027 4229 Ve-

435 4242 662 4308 nientem
700 4255 766 4310 de
816 4256 962 4325 villa,
996 4259 1205 4313 nomine
1232 4256 1520 4328 Simonem,
1549 4261 1688 4317 hunc
1717 4267 2025 4337 angariave-

441 4355 582 4409 runt,
612 4356 666 4399 ut
694 4335 894 4403 tolleret
924 4367 1131 4405 crucem
1152 4352 1286 4422 ejus.
1320 4350 1418 4424 (Ex
1448 4350 1693 4428 Hieron.)
1715 4335 2022 4414 Cavendum

437 4450 505 4487 ne
528 4435 779 4491 viieatur
808 4442 1147 4495 contrarium
1175 4444 1314 4511 quod
1336 4442 1570 4500 Joannes
1595 4447 1809 4511 scribit,
1843 4448 2018 4518 ipsum

438 4523 723 4579 Dominum
753 4528 854 4582 sibi
895 4544 1111 4583 erucem
1144 4542 1410 4599 portasse.
1444 4533 1553 4588 Sed
1596 4526 1698 4591 bo‘c
1722 4537 2021 4609 intelligen-

436 4614 585 4677 dum,
618 4615 760 4682 quod
791 4617 1076 4687 egrediens
1124 4619 1189 4672 de
1239 4624 1492 4689 pnctorio
1533 4622 1714 4690 Jesus,
1746 4627 1860 4696 ipse
1916 4629 2018 4683 sibi

435 4703 730 4759 secundum
764 4702 1027 4761 Joannem
1056 4710 1292 4778 portavit
1314 4727 1551 4781 crucem,
1596 4725 1780 4785 postea
1810 4719 2017 4776 Simoni

436 4797 753 4866 portandum
805 4798 1195 4868 imposuerunt,
1227 4810 1281 4857 et
1315 4803 1418 4858 hoc
1446 4820 1684 4876 congruo
1711 4810 1843 4864 satis
1871 4812 2017 4866 ordi-

437 4903 537 4951 ne,
569 4887 692 4955 quia
719 4889 827 4958 ipse
868 4906 1054 4959 passus
1095 4901 1170 4945 est
1215 4909 1310 4963 pro
1342 4893 1508 4958 nobis,
1541 4896 1834 4971 relinquens
1866 4902 2013 4957 nobis

436 4975 747 5045 exemplum,
797 4987 852 5031 ut
896 4995 1176 5050 sequantur
1214 4983 1427 5054 vestigia
1468 4986 1582 5056 ejus
1633 4984 1699 5059 (I
1729 4987 1874 5045 Petr.
1928 4994 2010 5064 ιι).

436 5066 503 5120 Et
530 5066 653 5136 quia
690 5066 877 5122 Simon
918 5068 1042 5132 iste,
1072 5064 1176 5125 non
1225 5071 1660 5147 liicrosolymita,
1707 5079 1804 5134 sed
1842 5079 2011 5153 Cyre-

437 5172 584 5211 nmus
613 5172 732 5213 esse
774 5159 1105 5227 perhibetur.
1152 5161 1361 5233 Cyrene
1411 5166 1555 5221 enim
1591 5166 1768 5239 Libyae
1819 5172 2011 5231 civitas

437 5255 550 5310 cst,
582 5254 641 5300 ut
686 5245 739 5302 in
782 5246 1009 5303 Actibus
1054 5253 1418 5320 apostolorum
1475 5255 1701 5327 legimus
1746 5258 1883 5331 (Act.
1910 5261 2006 5334 ιι),

439 5346 583 5393 recte
600 5353 699 5408 per
719 5353 840 5393 eum
864 5338 1044 5409 pepuli
1067 5342 1303 5412 gentium
1332 5344 1705 5415 designantur,
1721 5352 1811 5421 qui
1839 5369 2010 5424 quon-

437 5431 559 5484 dam
607 5431 875 5503 peregrini
925 5439 981 5485 et
1025 5432 1263 5503 hospites
1321 5444 1804 5509 testamentorum,
1866 5462 2009 5501 nunc

438 5522 737 5577 obedicndo
756 5523 902 5580 cives
933 5531 1058 5579 sunt
1082 5533 1136 5578 et
1161 5526 1437 5583 domestici
1472 5530 1584 5585 Dei.
1615 5530 1681 5585 Et
1713 5533 1854 5589 sicut
1883 5535 2005 5592 alibi

437 5610 635 5666 dicitur
661 5630 673 5666 :
707 5611 953 5669 "(credas
973 5613 1177 5685 quidem
1207 5614 1321 5681 Dei,
1347 5619 1638 5675 colta'redes
1655 5634 1826 5677 autem
1850 5623 2004 5679 Chri-

440 5696 507 5744 att
525 5700 859 5775 (Iturium).
888 5706 1033 5760 l‘ndc
1059 5717 1108 5762 et
1139 5716 1260 5776 apte
1277 5709 1464 5764 Situon
1481 5711 1753 5775 obedicus,
1775 5715 1846 5784 Cy
1859 5733 2003 5782 mne,

2048 4489 2098 4548 D

2134 1897 2314 1954 Viride
2343 1899 2703 1970 enimlignum
2733 1901 3239 1975 seipsumsuosque
3264 1906 3715 1975 electos,aridum

2127 2004 2256 2044 vero
2292 1989 2487 2060 impios
2531 1999 2587 2045 et
2624 1999 2938 2058 peccatores
2980 1974 3268 2063 signiﬁcat.
3315 1995 3371 2052 Si
3413 2013 3515 2070 ego
3562 1999 3678 2071 ipse
3699 2043 3725 2062 .,

2129 2082 2319 2153 inquit,
2337 2084 2428 2154 qui
2452 2093 2732 2153 peccatum
2763 2099 2867 2138 non
2894 2083 3129 2157 leci,qui
3147 2088 3348 2158 lignum
3376 2092 3498 2147 vitae
3521 2095 3727 2149 merito

2128 2175 2386 2245 appellor,
2411 2174 2619 2231 fructus
2648 2176 2836 2246 gratia:
2863 2177 3138 2235 duodenos
3169 2196 3267 2251 per
3289 2183 3527 2255 singulos
3563 2201 3721 2240 men-

2128 2282 2216 2323 ses
2253 2266 2439 2332 aﬁ'ero,
2484 2269 2601 2323 sine
2645 2270 2767 2339 igne
2797 2269 3065 2339 passionis
3093 2289 3123 2328 a
3172 2276 3375 2331 mundo
3404 2292 3513 2331 non
3553 2294 3721 2343 exeo,
3792 2346 3795 2347 ν

2128 2357 2258 2428 quid
2282 2367 2440 2428 putas
2486 2374 2580 2415 eos
2616 2374 2836 2416 manere
2880 2365 3158 2431 tormenti,
3194 2366 3287 2435 qui
3331 2366 3593 2424 fructibus
3622 2388 3719 2424 va-

2128 2447 2247 2514 cui,
2306 2448 2532 2519 insuper
2589 2448 2712 2505 vitaa
2763 2449 2972 2522 lignum
3022 2450 3256 2510 ﬁammis
3310 2457 3443 2513 dare
3484 2475 3591 2516 non
3647 2464 3720 2517 tia

2122 2538 2316 2592 tnent?
3390 2552 3395 2557 ’

2198 2633 2268 2688 Et
2293 2630 2539 2691 venerunt
2562 2637 2617 2691 in
2643 2636 2813 2692 locant
2838 2639 2927 2710 qui
2956 2640 3149 2695 dicitur
3172 2639 3452 2713 Golgotha,
3474 2648 3617 2716 quod
3637 2657 3714 2701 est

2128 2723 2385 2781 Calvaria:
2406 2726 2572 2783 locus.
2605 2730 2766 2786 Extra
2786 2733 2977 2787 urbem
2997 2731 3332 2790 Hierusalem
3353 2744 3409 2791 et
3430 2733 3564 2793 foris
3584 2755 3713 2809 por-

2128 2828 2240 2874 tam
2256 2820 2374 2877 loea
2392 2831 2549 2878 erant
2578 2824 2630 2879 in
2655 2826 2851 2897 quibus
2870 2830 3260 2885 truncabantur
3282 2831 3464 2902 capita
3488 2835 3713 2890 damna—

2127 2916 2326 2975 torum,
2344 2911 2687 2980 etealvariae,
2709 2914 2761 2970 id
2776 2925 2858 2972 est
2885 2917 3271 2974 decollatorum
3298 2936 3576 2991 sumpsere
3611 2940 3713 2979 no-

2126 3014 2271 3055 men.
2294 3000 2585 3073 Propterea
2612 3014 2792 3061 autem
2817 3006 2890 3061 ibi
2919 3008 3209 3064 cruciﬁxus
3239 3019 3325 3066 est
3342 3012 3623 3081 Dominus,
3649 3025 3710 3069 ut

2125 3091 2217 3145 ubi
2232 3093 2383 3162 prius
2399 3104 2516 3148 erat
2528 3109 2654 3151 area
2671 3097 3045 3154 damnatorum
3056 3141 3071 3166 ,
3085 3100 3157 3156 ibi
3169 3102 3711 3173 erigerenturvcxilfa

2133 3182 2396 3253 martyrii.
2415 3183 2480 3238 Et
2496 3187 2764 3254 quomodo
2781 3203 2881 3257 pro
2899 3190 3055 3246 nobis
3075 3192 3418 3248 maledictum
3440 3195 3617 3251 crucis
3636 3195 3703 3251 fa-

2129 3280 2250 3329 ctus
2269 3284 2322 3329 et
2344 3274 2658 3348 ﬁagellatus,
2674 3286 2728 3334 et
2751 3281 3074 3345 cruciﬁxus.
3106 3283 3185 3338 sic
3218 3298 3317 3353 pro
3345 3286 3585 3341 omnium
3622 3304 3709 3343 sa-

2128 3363 2239 3418 lute
2251 3368 2405 3435 quasi
2427 3369 2619 3425 noxius
2632 3370 2774 3425 inter
2789 3374 2980 3429 noxios
2999 3375 3350 3447 cruciﬁgitur,
3368 3378 3530 3435 utubi
3546 3380 3706 3436 abun-

2127 3455 2269 3509 darit
2303 3455 2593 3528 percolunt,
2633 3462 3018 3531 superabundet
3047 3467 3219 3537 gratia
3243 3466 3422 3541 (Rom.
3453 3485 3527 3543 v).
3561 3469 3707 3538 Qua-

2127 3545 2250 3600 liter
2278 3561 2408 3603 sane
2426 3549 2687 3605 Dominus
2732 3552 2785 3606 in
2813 3570 2975 3609 cruce
3014 3555 3243 3625 positus,
3269 3558 3467 3630 quidve
3509 3561 3700 3615 eadem

2125 3640 2480 3694 sacratissimi
2511 3644 2753 3713 corporis
2787 3645 2985 3715 positio
3014 3649 3209 3719 regalis
3241 3651 3292 3705 in
3322 3667 3381 3707 se
3408 3661 3534 3724 typo
3576 3670 3704 3708 con-

2127 3726 2315 3795 tineat,
2344 3728 2594 3786 Sedulius
2627 3734 2681 3789 in
2727 3733 2978 3791 Paschali
3020 3739 3262 3796 carmine
3288 3741 3512 3812 pulchre
3538 3746 3707 3799 versi-

2124 3815 2225 3871 bus
2246 3816 2379 3872 dixit
2405 3818 2541 3891 (Lib.
2570 3820 2649 3892 v).

2249 3934 2478 4010 Erotium
2503 3939 2553 3987 lu
2577 3941 2727 4010 patuli
2751 3955 3021 4010 suspensus
3039 3944 3258 4010 culmine
3280 3945 3423 4010 ltgn‘,

2252 3994 2526 4067 lletllgion‘e
2552 3994 2626 4067 pia
2651 3994 3151 4067 mutans'discrtminis
3176 3995 3319 4067 Iram,

2250 4058 2350 4129 Eax
2370 4058 2534 4111 crucis
2550 4062 2657 4123 ipse
2676 4063 2785 4129 luit,
2811 4066 3119 4127 violentaque
3137 4058 3563 4119 rolmra'membris

2251 4119 2503 4189 illustratus
2527 4119 2755 4189 propriis,
2769 4119 2888 4189 'pu'n
2906 4140 2964 4174 im
2994 4119 3191 4176 vestivit.
3219 4129 3421 4187 honore,

2249 4180 2657 4249 Suppliciumque
2673 4180 2808 4237 dedit
2830 4189 3021 4247 signum
3042 4190 3196 4249 magis
3221 4201 3332 4237 esse
3353 4180 3544 4245 salutis,

2247 4243 2455 4304 ipsaque
2476 4243 2777 4296 sanctilleans
2792 4251 2837 4296 In
2860 4243 2915 4297 se
2940 4243 3182 4299 tormenta
3205 4253 3385 4299 beavit.

2296 4309 2524 4372 evegquts
2547 4309 2743 4366 ignoret
2767 4311 2984 4372 speciem
3011 4314 3175 4363 crucis
3194 4324 3303 4360 esse
3323 4312 3601 4371 colendam,

2249 4367 2366 4423 Ome
2390 4367 2645 4432 Damiuum
2668 4367 2873 4432 [portarit
2890 4385 3055 4426 ovans.
3081 4374 3272 4422 ratione
3297 4380 3484 4432 potenti

2252 4432 2489 4495 Quattuor
2511 4430 2627 4478 inde
2652 4430 2820 4495 plagas
2844 4434 3064 4492 quadrati
3090 4435 3280 4495 colligit
3300 4430 3455 4484 orbis.

2248 4491 2537 4551 splendidus
2561 4493 2771 4540 auctoris
2793 4491 2869 4540 de
2884 4499 3068 4543 vertice
3087 4491 3245 4551 fulge't
3265 4495 3410 4545 Eous.

2247 4550 2461 4601 Om-iduo
2484 4564 2634 4600 sacra:-
2654 4552 2930 4602 lamtmntur
2954 4555 3117 4604 sidere
3144 4550 3336 4614 plantae.

2251 4616 2431 4661 Arcton
2454 4614 2629 4662 dextra
2654 4620 2815 4670 tonet,
2831 4617 3045 4663 medium
3067 4615 3186 4665 laeva
3207 4624 3355 4672 erigit
3373 4629 3537 4674 axem,

2245 4676 2526 4737 (junctaque
2543 4674 2609 4723 de
2628 4677 2860 4737 membris
2881 4679 2999 4737 vivit
3023 4687 3191 4727 natura
3217 4681 3449 4737 creantis,

2243 4735 2303 4785 Et
2338 4748 2490 4785 cruce
2529 4736 2836 4798 couiplexum
2877 4736 3092 4787 Christus
3128 4741 3262 4801 regit
3300 4735 3528 4865 ttttdiqtlfl
3554 4756 3682 4785 umn-

3500 4822 3509 4844 ι
3535 4817 3631 4849 um.

2207 4907 2457 4962 Moralem
2527 4924 2743 4979 quoque
2806 4920 3165 4968 sacrosanctae
3233 4913 3412 4968 crucis
3471 4914 3699 4984 ﬁguram

2114 4997 2374 5053 describit
2412 4998 2722 5069 Apostolus,
2753 5000 2844 5055 ubi
2887 5001 2964 5055 ait
3012 5020 3027 5057 :
3060 5001 3128 5056 In
3165 5003 3425 5057 charitate
3471 5003 3697 5057 radicati

2113 5096 2159 5140 et
2210 5087 2438 5157 fundati,
2473 5097 2529 5141 ut
2566 5089 2777 5159 possitis
2807 5093 3242 5162 comprehendere
3286 5110 3405 5148 cum
3458 5095 3699 5148 omnibus

2111 5175 2325 5240 sanctis,
2355 5192 2473 5246 qua:
2493 5177 2561 5230 sit
2584 5175 2810 5232 latitudo
2836 5188 2885 5232 et
2921 5178 3193 5251 longitudo
3210 5223 3226 5247 ,
3255 5180 3478 5237 altitudo
3500 5193 3549 5235 et
3575 5199 3699 5252 pro—

2113 5264 2337 5336 fundum
2367 5266 2595 5340 (Ephes.
2625 5272 2732 5340 tu).
2787 5270 3132 5340 Cognoscere
3180 5273 3345 5328 etiam
3398 5276 3697 5343 superemi.

2110 5366 2326 5413 nentem
2365 5359 2606 5416 scientia:
2662 5362 2985 5418 charitatetn
3033 5363 3253 5420 Christi.
3306 5364 3362 5420 in
3408 5364 3697 5421 latitudine

2111 5446 2304 5517 quippe
2329 5448 2468 5505 bona
2490 5465 2653 5520 opera
2672 5453 2957 5508 cbaritatis
2976 5454 3265 5522 signiﬁcat.
3281 5453 3338 5509 In
3361 5455 3697 5525 longitudine

2110 5544 2566 5609 persevcrantiam
2630 5553 2831 5600 sancta:
2895 5547 3328 5603 conversationis
3397 5564 3569 5616 usque
3640 5549 3694 5603 in

2111 5630 2291 5685 ﬁnem.
2332 5632 2388 5686 in
2417 5633 2701 5690 altitudine
2730 5652 2878 5706 spem
2910 5638 3211 5692 cwlestium
3235 5640 3602 5708 prmmiorum.
3637 5640 3694 5693 lu

2111 5720 2374 5789 profundo
2417 5724 2787 5780 inscrutabilia
2821 5727 3023 5796 judici.t
3069 5726 3197 5793 Dei,
3238 5729 3377 5783 unde
3416 5729 3516 5783 ista
3564 5745 3689 5798 grn-
