3954 6200
418 305 511 359 191

1718 292 1999 349 SMARAG
2008 293 2071 348 Dl
2112 295 2284 351 ABBA
2293 296 2402 359 ’ΠΒ

3575 296 3679 351 192

417 420 557 486 ron.)
584 412 946 468 Frauduleuta
996 407 1305 480 promissio,
1336 406 1463 476 quid
1498 415 1582 460 est
1615 404 1756 474 plus,
1782 404 1847 459 de
1872 420 1994 458 cru-
2022 406 2073 465 Α
2096 410 2153 464 lu
2185 408 2579 464 resurrectione
2619 423 2747 462 vero
2771 407 3005 479 Domini,
3038 408 3183 463 nulla
3226 407 3472 463 ﬁdelibus
3507 419 3681 463 teriu—

416 523 480 563 ce
521 504 871 568 descendere,
902 518 970 556 an
1022 501 1091 556 de
1141 499 1389 570 sepulcro
1421 503 1697 552 mortuum
1743 493 2001 565 sungere’!

418 593 738 653 Resurresit
780 600 836 647 et
878 606 986 644 non
1012 588 1236 645 creditis
1265 587 1336 653 ei,
1369 588 1535 642 etiam
1567 585 1615 645 si
1637 585 1703 639 de
1727 596 1891 639 cruce
1910 580 2005 636 dc-

418 684 724 747 scenderet,
754 679 1007 736 similiter
1050 694 1157 733 non
1205 677 1524 735 crederetis.
1555 674 1662 731 Sed
1691 672 1826 736 mihi
1856 672 2006 730 videe

420 786 513 830 tur
539 774 643 828 hoc
666 771 939 825 daemones
979 769 1293 832 immittere,
1341 766 1525 822 statim
1560 765 1705 821 enim
1751 771 1811 817 ut
1828 763 2007 818 cruci-

421 864 566 919 ﬁxus
610 868 696 917 est
745 860 1028 925 Dominus,
1087 867 1379 914 senserunt
1412 858 1669 913 virtutem
1716 855 1915 921 crucis,
1952 862 2008 918 et

424 954 816 1029 intellexerunt
853 951 1055 1007 fractas
1094 967 1217 1007 esse
1237 952 1385 1006 vires
1426 967 1571 1014 suas,
1611 958 1667 1006 et
1690 949 1796 1004 hoc
1814 957 2004 1020 agunt,

425 1057 486 1105 ut
523 1044 590 1105 de
639 1062 800 1103 cruce
826 1045 1135 1112 descendat,
1166 1046 1262 1101 sed
1289 1045 1549 1100 Dominus
1596 1043 1777 1099 sciens
1822 1042 2012 1097 adver—

422 1140 695 1195 sariorum
746 1136 996 1203 insidias,
1033 1143 1316 1207 permanet
1353 1134 1407 1189 in
1442 1133 1705 1205 patibulo,
1736 1139 1796 1186 ut
1823 1130 2012 1193 diabo—

422 1231 537 1285 tum
565 1229 831 1284 destruat.

499 1322 569 1376 Et
593 1320 825 1375 latrones
859 1321 949 1393 qui
995 1320 1240 1389 cruciﬁxi
1291 1327 1589 1374 erantcum
1625 1335 1710 1384 eo,
1736 1328 1785 1373 et
1815 1317 2013 1388 impro-

423 1413 678 1485 perabant
713 1412 782 1467 ei.
820 1412 920 1468 ilic
940 1427 1039 1482 per
1061 1420 1278 1481 tropum
1307 1411 1398 1480 qui
1433 1408 1736 1480 appellatur
1762 1405 2013 1479 σύλληψις

426 1528 530 1583 pro
590 1529 701 1568 uno
754 1511 967 1566 latrone
1018 1518 1249 1577 uterque
1312 1506 1511 1564 dicitur
1579 1498 2009 1581 blas'phemasse.

428 1605 606 1661 Lucas
632 1620 763 1661 vero
789 1601 997 1661 asserit
1025 1600 1170 1670 quod
1197 1598 1373 1654 altero
1409 1596 1846 1668 blasphemante,
1875 1595 2015 1653 alter

432 1692 732 1764 increpavit
757 1690 1245 1765 blasphemantem,
1273 1694 1329 1742 et
1347 1685 1630 1742 confessus
1649 1692 1752 1748 est,
1783 1684 2008 1745 dicens:

2102 515 2222 554 rum
2258 500 2433 570 signa,
2469 498 2564 573 sed
2600 498 2797 553 indicia
2825 506 3017 552 cuncta
3046 490 3249 553 laetitiae
3274 498 3541 553 visuntur.
3570 497 3684 553 An-

2103 589 2202 661 geli
2233 589 2369 644 albis
2395 589 2640 643 vestibus
2667 593 3038 652 coruscantes,
3068 587 3310 642 curritur
3338 601 3462 643 cum
3484 586 3685 659 gaudio

2104 680 2171 733 ad
2209 680 2538 748 sepulcrum,
2597 678 2689 733 ubi
2740 693 2849 732 non
2876 686 3125 733 mortuus
3175 677 3536 743 inveniretur,
3587 681 3684 736 sed

2104 770 2194 824 ubi
2237 786 2385 825 mors
2413 778 2799 841 agnosceretur
2839 770 3036 835 evicta,
3065 769 3402 840 appellantur
3427 769 3689 827 mulieres

2105 878 2239 918 voce
2266 862 2510 933 paciﬁca,
2532 871 2587 916 et
2615 862 2744 937 quid
2767 861 3000 931 amplius
3031 862 3227 924 dicam,
3270 861 3453 923 omnia
3486 848 3687 919 salutis

2107 961 2325 1008 :eternm
2371 952 2628 1024 mysteria
2694 951 3022 1017 revelantur.
3078 951 3145 1006 Et
3189 951 3490 1019 notandum
3543 952 3688 1022 quod

2108 1044 2368 1111 Dominus
2388 1044 2522 1098 hora
2546 1052 2697 1099 sexta
2720 1045 2793 1099 sit
2815 1045 3126 1107 cruciﬁxus,
3142 1045 3249 1100 hoc
3267 1053 3373 1107 est,
3402 1061 3690 1101 recessuro

2110 1151 2141 1190 ιι
2168 1144 2355 1189 centro
2385 1135 2567 1189 mundi
2608 1135 2740 1199 sole,
2763 1136 2980 1205 quando
3022 1144 3079 1190 et
3120 1134 3319 1195 latroni
3362 1136 3480 1191 ait:
3514 1134 3691 1191 Hodie

2111 1240 2311 1279 merum
2357 1225 2464 1280 eris
2514 1225 2569 1279 in
2600 1225 2867 1295 paradiso.
2911 1225 3046 1287 Nam
3090 1226 3156 1281 de
3210 1225 3379 1286 Adam
3423 1233 3690 1297 peccante

2112 1315 2373 1384 scriptum
2422 1323 2528 1380 est,
2559 1314 2701 1395 quod
2730 1316 2962 1371 audierit
2981 1331 3168 1372 vocem
3198 1317 3410 1377 Domini
3444 1317 3540 1375 Dei
3568 1329 3696 1389 post

2113 1405 2393 1460 meridiem
2419 1402 2695 1476 (Geram).
2728 1404 2978 1462 Rationis
3010 1408 3196 1478 igitur,
3227 1404 3334 1463 imo
3360 1409 3555 1465 divinae
3582 1409 3694 1481 pic-

2114 1485 2242 1550 tatis
2261 1496 2394 1551 ordo
2419 1496 2698 1567 poscebat,
2721 1505 2781 1551 ut
2807 1497 2998 1563 eodem
3030 1498 3292 1569 temporis
3309 1499 3556 1562 articulo,
3582 1517 3694 1573 quo

2113 1594 2246 1640 tunc
2430 1587 2807 1657 prmvaricanti
2830 1588 3161 1653 obcluserat,
3194 1605 3337 1644 nunc
3366 1591 3559 1647 latroni
3586 1592 3694 1647 Do—

2114 1679 2320 1732 minus-
2349 1679 2632 1747 pmnitenti
2679 1677 2903 1748 ianuam
2954 1681 3192 1753 paradisi
3291 1692 3579 1744 reseraret.
3624 1686 3692 1741 Et

506 1751 743 1855 Domine,
768 1751 1023 1839 memento
1046 1781 1148 1834 mei
1167 1760 1284 1834 cum
1306 1777 1515 1853 veneris
1528 1776 1582 1830 in
1610 1791 1823 1847 regnum
1845 1783 2012 1827 tuum.
2042 1751 2090 1811 Β
2118 1785 2222 1839 qua
2259 1769 2392 1825 hora
2414 1770 2623 1841 primus
2653 1771 2844 1837 Adam,
2871 1774 3143 1843 peccando
3166 1775 3293 1829 huic
3320 1777 3518 1833 mundo
3546 1794 3694 1833 mor—

429 1876 489 1931 ln
539 1875 703 1937 corde
749 1880 934 1933 autem
962 1869 1198 1931 ﬁdelium
1241 1876 1354 1922 tres
1405 1881 1750 1936 summopere
1794 1878 2017 1919 manere

434 1967 666 2022 virtutes
694 1971 929 2027 testatur
952 1959 1244 2031 Apostolus
1264 1957 1452 2013 dicens
1481 1975 1494 2010 ε
1522 1955 1677 2010 Nunc
1704 1964 1877 2017 autem
1906 1970 2019 2008 ma-

432 2064 547 2120 net,
582 2053 778 2119 Fides,
833 2050 984 2123 Spes,
1012 2049 1258 2109 Charitas
1286 2044 1339 2118 (Ι
1371 2044 1495 2101 Cor.
1534 2041 1680 2117 xm),
1714 2058 1849 2113 quas
1886 2056 2018 2097 cun-

430 2155 548 2200 ctas
574 2145 752 2199 subita
779 2142 1015 2213 repletus
1036 2138 1210 2212 gratia
1233 2145 1287 2198 et
1300 2136 1519 2206 accepit
1539 2135 1699 2199 latro,
1715 2142 1770 2190 et
1782 2132 2020 2189 servavit

433 2236 488 2290 in
541 2220 727 2291 cruce.
776 2231 967 2289 Fidem
1007 2245 1242 2302 namque
1289 2228 1481 2284 habuit
1536 2225 1628 2296 qui
1668 2231 2019 2295 regnaturum

434 2324 722 2388 Dominum
762 2323 1012 2389 credidit,
1051 2336 1214 2391 quem
1241 2334 1425 2381 secum
1453 2317 1661 2388 pariter
1693 2315 2019 2379 morientem

435 2417 589 2471 vidit.
619 2415 782 2486 Spem
807 2414 1002 2474 habuit
1020 2412 1112 2484 qui
1148 2409 1303 2483 regni
1335 2409 1453 2480 ejus
1474 2409 1682 2465 aditum
1707 2406 2016 2480 postulavit.

431 2504 772 2567 Charitatem
806 2517 1034 2574 quoque
1069 2501 1124 2557 in
1152 2511 1329 2556 morte
1378 2515 1475 2554 sua
1504 2498 1772 2557 vivaciter
1818 2495 2017 2560 tenuit,

430 2599 526 2667 oui
555 2595 777 2663 fratrem
821 2604 879 2651 et
913 2594 1246 2652 colatronem
1289 2607 1389 2663 pro
1435 2588 1598 2649 simili
1646 2587 1851 2644 scelere
1898 2600 2020 2641 mo-

433 2691 685 2753 rientem,
738 2692 794 2740 et
848 2684 916 2738 de
969 2681 1256 2752 iniquitate
1311 2695 1407 2736 sua
1438 2678 1636 2750 arguit,
1666 2682 1722 2732 et
1768 2676 1819 2733 ei
1851 2677 2020 2731 vitam

429 2790 597 2857 quam
630 2780 964 2846 cognoverat
991 2769 1330 2842 prmdicavit.

506 2861 572 2916 Et
612 2862 746 2917 dixit
792 2861 874 2916 illi
909 2860 1066 2919 Iesus
1095 2879 1112 2916 :
1142 2861 1306 2916 Amen
1351 2861 1469 2915 dico
1493 2860 1608 2926 tibi,
1633 2858 1788 2914 hodie
1817 2873 2019 2912 mecum

431 2954 557 3018 eris,
609 2960 715 3008 etc.
768 2951 878 3023 (Ex
906 2951 1096 3025 Beda).
1129 2950 1358 3025 Semper
1386 2952 1535 3013 enim
1587 2951 1708 3021 plus
1754 2949 2019 3005 Dominus

431 3046 622 3100 tribuit
669 3060 832 3116 quam
864 3052 1103 3110 rogatur.
1146 3044 1241 3105 Ille
1285 3043 1431 3099 enim
1463 3044 1690 3114 rogabat
1723 3049 1784 3096 ut
1808 3055 2020 3095 memor

433 3136 516 3190 sui
546 3134 736 3203 luisset
758 3133 1023 3189 Dominus
1066 3150 1189 3189 cum
1220 3134 1459 3197 venisset
1482 3133 1538 3187 in
1562 3146 1788 3203 regnum
1833 3146 2013 3186 suum.

436 3227 693 3283 Douiinns
732 3234 911 3281 autem
940 3226 1067 3285 .ait:
1099 3227 1263 3282 Amen
1311 3225 1428 3281 dico
1460 3225 1575 3292 tibi,
1622 3225 1779 3280 hodie
1807 3240 2012 3278 mecum

434 3317 538 3373 eris
574 3315 631 3370 in
669 3316 942 3387 paradiso.
992 3318 1115 3375 Vita
1153 3325 1236 3373 est
1266 3318 1428 3382 enim,
1464 3334 1585 3374 esse
1615 3333 1738 3377 cum
1773 3316 2013 3381 Christo,

434 3408 561 3478 quia
586 3406 674 3461 ubi
700 3405 973 3472 Christus,
1000 3409 1073 3466 ibi
1100 3425 1346 3480 regnum.
1372 3407 1600 3477 Quidam
1624 3406 1761 3462 duos
1778 3405 2019 3461 latrones

434 3515 558 3554 cum
596 3499 822 3573 Domino
842 3499 1147 3565 cruciﬁxus,
1186 3500 1397 3556 duobus
1430 3499 1827 3570 baptizatorum
1857 3511 2020 3567 gene-

434 3593 586 3654 ribus
620 3599 905 3662 cnaptant.
954 3584 1274 3662 Quicunque
1312 3592 1458 3647 enim
1499 3590 1953 3662 haptizatisumus
1974 3584 2027 3640 in

428 3683 651 3738 Christo
679 3680 827 3743 Iesu.
853 3683 906 3737 iu
934 3691 1108 3738 morte
1135 3683 1304 3754 ipsius
1321 3683 1581 3753 baptizati
1607 3695 1814 3737 sumus.
1844 3680 2018 3735 Ambo

439 3786 673 3840 namque
718 3769 924 3827 similes
969 3770 1238 3835 cruciﬁxi,
1277 3772 1371 3827 scd
1417 3788 1557 3827 llllllS
1597 3771 1652 3826 in
1683 3785 1852 3827 cruce
1879 3769 2023 3825 blas-

436 3861 668 3935 phemus
690 3860 861 3929 pejor,
891 3860 1032 3916 alter
1053 3868 1139 3921 est
1168 3860 1511 3917 confessione
1536 3867 1745 3932 martyr
1769 3859 2017 3929 eli'ectus,

434 3951 565 4027 quia
604 3965 705 4029 per
744 3950 1093 4020 baptismum,
1126 3965 1232 4020 quo
1258 3965 1382 4006 cum
1432 3958 1746 4020 peccatores
1773 3964 2020 4006 essemus

437 4042 727 4097 abluimur.
775 4042 880 4098 Alii
920 4043 1047 4102 dum
1075 4042 1247 4101 Deum
1296 4044 1352 4103 in
1392 4057 1558 4099 carne
1604 4057 1849 4112 passum,
1890 4040 2016 4107 ﬁde,

435 4146 531 4201 spe
577 4139 633 4187 et
671 4132 939 4197 charitate
962 4133 1204 4201 laudant,
1258 4140 1606 4190 coronantur.
1642 4131 1745 4186 Alii
1771 4130 1897 4187 dum
1926 4139 2022 4187 aut
2066 4148 2071 4154 ’

438 4223 597 4278 ﬁdem
656 4232 750 4281 aut
795 4240 962 4301 opera
1006 4224 1268 4295 baptismi
1314 4212 1517 4280 habere
1562 4228 1818 4289 renuunt,
1875 4222 2018 4279 dono

432 4318 579 4384 quod
602 4333 860 4388 accepere
884 4318 1191 4393 privantur.
1222 4317 1329 4392 (Ea:
1357 4316 1602 4388 Hieron.)
1627 4317 1687 4372 lu
1710 4315 1922 4371 duobus
1938 4315 2018 4371 la-

435 4407 685 4463 tronibus
707 4416 936 4478 uterque
961 4410 1209 4481 populus,
1235 4415 1292 4464 et
1311 4409 1592 4480 gentilium
1615 4414 1669 4462 et
1685 4403 2013 4471 Iudaeorum,

2042 4458 2094 4519 D

2114 1870 2224 1916 tem
2254 1863 2554 1930 invexerat,
2583 1864 2772 1934 eadem
2802 1866 2934 1920 hora
2970 1867 3239 1931 secundus
3267 1866 3438 1934 Adam
3466 1878 3702 1932 mortem

2117 1953 2396 2009 moriendo
2420 1953 2749 2010 destrueret.

2190 2062 2257 2119 Et
2279 2064 2417 2118 circa
2432 2064 2629 2125 lteram
2653 2083 2865 2132 nonam,
2890 2067 3137 2128 clamavit
3155 2070 3310 2127 Iesus
3335 2088 3452 2126 voce
3480 2089 3694 2142 magna,

2117 2153 2295 2208 dicens
2325 2168 2343 2207 :
2374 2152 2516 2219 Heli,
2556 2155 2701 2222 Heli,
2732 2156 2874 2213 (ama
2919 2159 3274 2226 sabaththrmi,
3297 2162 3394 2217 hoc
3429 2173 3523 2229 est,
3550 2162 3699 2223 Deus

2117 2263 2286 2312 meus,
2328 2244 2470 2311 Deus
2509 2265 2676 2315 naeus,
2716 2252 2921 2325 utquid
2952 2271 3032 2308 me
3063 2254 3424 2328 dereliquisti.’
3455 2256 3566 2327 (Ea:
3595 2261 3705 2313 Au.

2114 2338 2278 2411 gust.)
2304 2338 2459 2399 Sicut
2484 2342 2631 2403 enim
2655 2345 2866 2406 esurire
2889 2355 2941 2401 et
2964 2348 3122 2404 sitire
3148 2355 3203 2404 et
3219 2348 3435 2421 fatigari
3454 2367 3563 2408 non
3578 2362 3706 2409 erat

2114 2431 2395 2503 proprium
2421 2431 2722 2501 divinitatis
2752 2435 2846 2491 sed
2876 2438 3138 2508 corporis,
3170 2439 3243 2495 ita
3274 2447 3329 2496 et
3353 2442 3497 2512 quod
3525 2442 3659 2501 dicit
3681 2458 3703 2497 :-

2123 2518 2189 2573 Ut
2210 2520 2336 2590 quid
2375 2538 2456 2581 me
2500 2522 2822 2595 dereliquisti
2843 2525 2870 2578 1
2896 2527 3143 2597 corporis
3172 2544 3271 2585 vos
3307 2539 3410 2586 est.
3441 2531 3512 2589 Ut
3536 2531 3702 2589 homo

2119 2627 2248 2683 ergo
2292 2612 2549 2684 loquitur,
2602 2624 2664 2675 ut
2695 2616 2858 2672 homo
2897 2619 3166 2684 turbatur,
3219 2631 3279 2677 ut
3298 2622 3471 2679 homo
3496 2622 3613 2692 ﬁet,
3640 2634 3702 2680 ut

2114 2704 2283 2761 homo
2312 2707 2672 2779 cruciﬁgitur.
2713 2707 2822 2781 (Ea:
2860 2709 3129 2783 Ambros.)
3152 2711 3304 2780 Quod
3326 2713 3532 2785 clamat
3546 2724 3702 2772 tuum

2119 2804 2224 2863 est,
2251 2812 2281 2851 a
2312 2805 2364 2853 te
2398 2797 2502 2854 hoc
2550 2800 2784 2871 accepit,
2826 2814 2927 2871 pro
2955 2809 3008 2857 te
3042 2801 3384 2865 liberandum
3420 2821 3585 2863 carne
3614 2807 3701 2867 in-

2108 2885 2282 2941 .dutus
2318 2893 2424 2942 est.
2770 2916 2773 2920 λ

2191 2995 2422 3061 Quidam
2452 3007 2628 3053 autem
2656 2999 2768 3055 illic
2799 2990 2997 3065 stantes
3020 3010 3090 3057 et
3117 3002 3395 3067 audis-Mes
3414 3004 3657 3066 dicebant
3683 3021 3705 3058 ι

2043 3102 2090 3166 c
2122 3082 2333 3138 Heliam
2382 3096 2528 3141 vocat
2579 3087 2696 3143 iste.
2737 3086 2856 3158 (Ea:
2892 3087 3142 3162 Hieron.)
3180 3090 3300 3149 Non
3343 3107 3551 3158 omnes,
3607 3095 3713 3155 sed

2114 3177 2337 3248 quidam
2380 3192 2516 3248 quos
2563 3177 2801 3236 arbitror
2828 3180 3028 3242 milites
3068 3180 3242 3239 fuisse
3271 3182 3563 3249 Romanos,
3592 3200 3710 3240 non

2116 3269 2478 3341 intelligentes
2523 3272 2790 3328 sermonis
2830 3271 3080 3330 ﬂebraici
3124 3276 3511 3348 proprietatem
3534 3317 3554 3343 ,
3599 3279 3703 3334 sed

2117 3375 2186 3415 ex
2212 3375 2278 3415 eo
2308 3361 2451 3430 quod
2500 3360 2639 3417 dixit
2667 3378 2681 3415 :
2710 3360 2857 3429 Heli,
2912 3361 3057 3428 Heli,
3083 3373 3343 3435 putantes
3391 3365 3601 3423 Heliam
3632 3367 3706 3424 ab

2112 3468 2185 3508 eo
2232 3453 2563 3515 invocatum.
2612 3452 2709 3511 Sin
2748 3463 2938 3514 autem
2971 3454 3187 3517 Judreos
3213 3457 3305 3527 qui
3336 3457 3438 3514 hoc
3466 3457 3708 3513 dixerint

2117 3543 2424 3616 intelligere
2451 3544 2711 3611 volueris,
2735 3547 2920 3602 ethoc
2946 3552 3099 3603 more
3122 3549 3228 3607 sibi
3271 3548 3431 3606 solito
3472 3546 3704 3615 faciant,

2118 3640 2180 3688 ut.
2226 3632 2516 3691 Dominum
2549 3632 2921 3690 imbecillitate
2949 3632 3237 3705 infament,
3276 3637 3403 3708 quia
3436 3635 3704 3698 auxilium

2114 3724 2285 3783 Heliae
2318 3725 2656 3796 deprecetur.

2190 3859 2261 3915 Et
2283 3861 2533 3915 continuo
2553 3877 2768 3916 currens
2798 3878 2936 3917 unus
2957 3878 3023 3917 ea:
3039 3863 3114 3917 eis
3140 3873 3406 3935 acceptam
3429 3865 3705 3935 spongiam

2118 3950 2345 4020 implerit
2397 3959 2563 4015 aceto,
2617 3958 2722 4006 etc.
2772 3950 2841 4005 Et
2874 3952 2990 4007 hzec
3033 3951 3176 4008 facta
3220 3959 3350 4008 sunt
3401 3961 3462 4008 ut
3510 3953 3705 4023 imple-

2120 4048 2271 4095 retur
2291 4040 2615 4111 prophetia:
2650 4039 2717 4094 lu
2763 4040 2855 4094 siti
2899 4057 3015 4095 mea
3060 4050 3371 4112 potat-erunt
3420 4059 3507 4097 me
3554 4053 3706 4097 aceto

2120 4130 2303 4204 (Psal.
2356 4131 2568 4201 vaut).
2636 4131 2804 4189 Judzei
2854 4132 3051 4204 quippe
3090 4133 3198 4205 ipsi
3251 4144 3407 4191 erant
3453 4144 3704 4200 acetum,

2118 4227 2508 4296 degenerantes
2536 4242 2567 4281 a
2604 4227 2729 4281 vino
2753 4227 3188 4297 patriarcharum
3214 4235 3271 4282 et
3293 4228 3703 4299 prephetarum,

2121 4325 2380 4388 tanquam
2416 4318 2490 4373 de
2514 4317 2674 4388 pleno
2719 4331 2868 4384 vase,
2893 4317 2959 4373 de
3007 4318 3291 4388 iniquitate
3326 4320 3508 4375 mundi
3538 4319 3706 4389 hujus

2121 4409 2349 4480 impleti,
2411 4425 2506 4464 cor
2551 4409 2816 4465 habentes
2852 4409 2999 4465 velut
3048 4411 3328 4482 spongiam
3382 4415 3706 4470 cavernosis

432 4498 668 4565 primum
721 4498 1010 4553 Dominum
1052 4497 1466 4571 blasphemavit,
1496 4504 1684 4567 postea
1738 4496 2016 4566 signorum
2042 4496 2094 4519 ν
2119 4497 2537 4569 quodammodo,
2594 4506 2757 4567 atque
2799 4501 3059 4555 tortuosis
3102 4500 3341 4557 latibulis
3389 4501 3707 4558 fraudulen-

436 4586 809 4655 maguitudine
840 4586 977 4641 alter
1017 4587 1312 4645 exterritus
1359 4585 1473 4652 egit
1522 4584 1921 4656 paenitentiam,
1967 4590 2024 4638 et

385 4676 389 4680 ’
436 4692 608 4746 usque
637 4677 798 4733 hodie
817 4675 1033 4733 Iudaeos
1055 4678 1299 4747 increpat
1318 4677 1779 4749 blasphemantes.

508 4766 550 4819 Α
573 4775 721 4821 sexta
764 4775 940 4833 autem
957 4767 1100 4827 ,Itora
1137 4767 1365 4827 tenelme
1401 4767 1560 4837 facta:
1584 4778 1728 4836 sunt,
1775 4781 1882 4829 etc.
1914 4773 2024 4845 (Ex

441 4855 487 4908 11
495 4856 769 4926 ieron.)Et
798 4856 905 4913 hoc
927 4857 1127 4915 factum
1158 4872 1302 4921 reor,
1330 4865 1390 4913 ut
1409 4858 1776 4929 complcretur
1793 4865 2025 4934 prophe-

378 4963 394 4985 ι
437 4945 513 4998 tia
556 4945 742 5001 dicens
784 4944 1111 5001 :Occumbet
1163 4945 1242 5001 sol
1274 4948 1492 5002 meridie
1543 4949 1724 5020 (Amos
1772 4951 1914 5024 vm).
1956 4954 2023 5008 Et

437 5037 544 5092 alio
595 5037 715 5094 loco
761 5056 774 5092 :
810 5037 1067 5097 Occubuit
1100 5038 1181 5095 sol
1201 5057 1319 5094 cum
1356 5040 1528 5095 adhuc
1551 5041 1722 5096 media
1757 5055 1888 5098 esset
1909 5046 2020 5102 dies

438 5123 653 5195 (Jerem.
692 5126 798 5201 xv),
842 5131 990 5186 velut
1040 5132 1262 5207 impium
1309 5132 1487 5188 scelus
1564 5133 1642 5188 sol
1678 5134 1861 5191 videre
1912 5154 2019 5193 non

437 5218 660 5288 patitur,
714 5227 769 5274 et
819 5235 973 5276 suam
1021 5222 1075 5277 in
1125 5222 1420 5278 subtractis
1456 5222 1622 5278 radiis
1653 5226 2018 5293 prmsentiam,

440 5307 494 5362 in
540 5323 646 5378 qua
676 5308 887 5366 tacinus
929 5311 1309 5382 generabatur,
1352 5313 1470 5383 ipsa
1500 5320 1644 5368 terra
1670 5318 2015 5372 contremuit.

447 5394 555 5462 (1ιί
593 5398 825 5474 fugat.)
855 5400 1043 5457 Velum
1068 5404 1251 5473 templi
1278 5404 1563 5471 scinditur,
1592 5415 1652 5461 ut
1693 5423 1813 5477 qua:
1851 5408 2020 5465 hono-

445 5487 684 5543 rabiliter
711 5489 967 5557 latebant,
992 5509 1090 5564 pro
1119 5495 1210 5549 tali
1236 5496 1525 5553 commisso
1553 5497 1768 5569 vulgata
1795 5499 2019 5555 vilesce-

447 5586 588 5642 rcut,
621 5589 675 5634 ct
707 5590 766 5635 ut
803 5581 1069 5655 Joscphus
1116 5584 1296 5647 refert,
1328 5602 1489 5641 voces
1527 5587 1785 5643 virtutum
1831 5589 2018 5644 ωειςε-

445 5666 600 5734 tium,
628 5670 857 5741 migrare
879 5675 941 5730 de
963 5675 1162 5745 templo
1187 5675 1500 5742 volentium,
1533 5675 1777 5733 feruntur
1800 5679 2013 5733 audit-.0.

2121 4596 2256 4642 tum.
2282 4588 2583 4661 HyssOpum
2605 4588 2694 4643 cui
2721 4589 3231 4661 circumposuerunt
3245 4594 3529 4665 spongiam
3545 4605 3705 4651 aceto

2119 4678 2358 4747 plenam,
2388 4678 2645 4751 quoniam
2683 4679 2847 4735 herba
2877 4688 2981 4745 est,
3010 4681 3254 4747 humilis,
3275 4690 3331 4737 et
3362 4692 3552 4752 pectus
3575 4701 3704 4754 pur-

2120 4778 2231 4840 gat,
2264 4770 2430 4838 ipsius
2477 4770 2681 4827 Christi
2713 4772 3074 4827 humilitatem
3098 4783 3464 4844 congruenter
3500 4776 3705 4844 accipi-

2122 4875 2266 4924 mus,
2288 4875 2448 4929 quam
2471 4861 2946 4917 circumdederunt
2975 4870 3032 4917 et
3052 4878 3112 4919 se
3145 4863 3571 4919 circumvenissc
3599 4879 3703 4933 pu-

2120 4960 2389 5008 taverunt.
2419 4955 2571 5011 Unde
2598 4956 2727 5011 illud
2759 4956 2813 5011 in
2841 4957 3054 5012 Psalmo
3074 4975 3086 5011 :
3109 4957 3360 5028 Asperges
3382 4958 3704 5029 mehyssopo

2120 5054 2165 5098 et
2198 5044 2508 5099 mundabor.
2534 5045 2734 5101 Christi
2764 5063 2998 5118 namque
3026 5048 3330 5105 humilitate
3352 5050 3700 5110 mundamur,

2120 5135 2247 5205 quia
2296 5136 2398 5191 nisi
2434 5137 2775 5193 humiliassct
2822 5139 3175 5209 semetipsum
3223 5139 3399 5196 factus
3441 5139 3705 5195 obediens

2120 5225 2260 5295 patri
2290 5240 2461 5295 usque
2488 5226 2555 5280 ad
2606 5235 2838 5282 mortem
2880 5227 3085 5293 crucis.
3124 5242 3229 5284 non
3266 5229 3455 5301 utique
3480 5230 3705 5300 sanguis

2123 5315 2239 5386 ejus
2275 5317 2330 5371 in
2382 5326 2729 5387 peccatorum
2773 5320 3171 5389 remissionem,
3213 5322 3316 5377 hoc
3359 5330 3459 5385 est,
3492 5321 3548 5375 in
3598 5338 3704 5376 no-

2123 5417 2294 5464 stram
2332 5407 2730 5463 mundationem
2761 5408 2952 5466 fuisset
2986 5409 3206 5468 eﬁ'usus.
3235 5410 3342 5467 Per
3378 5412 3700 5467 arundinem

2123 5515 2273 5563 vero,
2313 5499 2399 5554 cui
2427 5499 2674 5570 imposita
2709 5509 2796 5557 est
2848 5503 3388 5574 spongia,Scriptura
3427 5492 3703 5574 signiﬁca—

2126 5600 2234 5655 tur,
2265 5606 2385 5662 quze
2435 5590 2760 5661 implebatur
2802 5594 2905 5649 hoc
2943 5593 3105 5649 iacto.
3145 5592 3296 5649 Sicut
3331 5594 3475 5649 enim
3517 5594 3700 5664 lingua

2126 5680 2340 5743 dicitur.
2393 5681 2474 5735 vel
2520 5681 2708 5738 Grarca
2760 5683 2841 5737 vel
2873 5682 3084 5750 Latina,
3140 5685 3224 5740 vel
3276 5685 3380 5751 alia
3419 5684 3699 5757 qumli'et,
