3954 6200
371 348 474 409 195

1661 322 2017 381 SMARAGDI
2056 319 2349 374 ABBA'I‘IS

3519 312 3625 368 196

365 465 648 520 dissona'nt
665 459 781 514 hinc
804 454 1017 519 Ioanni,
1041 450 1237 507 dicenti
1263 463 1278 502 :
1310 446 1439 500 Erat
1476 452 1651 497 autem
1673 453 1947 511 parasceve
1975 436 2024 494 Α
2051 446 2227 487 I‘Ol‘em
2256 430 2436 484 Maria!
2459 428 2647 520 Ιηξδιτίδ
2668 428 2903 491 οοιυίιιίν
2936 435 3252 520 affulme
3283 425 3519 520 Πίίιξτυιη
3531 426 3628 481 Ζθί

367 557 499 610 hora
522 553 631 624 fere
658 549 803 607 serta
833 545 1012 618 (Joan.
1048 542 1181 612 xix).
1212 540 1513 595 Parasceve
1538 535 1681 589 enim
1722 546 1938 605 praepa-

369 644 509 700 ratio
536 644 942 709 interpretatur,
991 642 1046 687 et
1070 630 1249 702 passio
1277 625 1645 694 Christi,qua3
1683 631 1770 677 est
1812 635 1939 675 vere

370 733 591 788 Pascha:
650 724 1129 798 pra-paratiomnte
1171 720 1346 774 lucem
1374 716 1517 771 facta
1564 722 1668 777 est,
1697 713 1823 767 dum
1874 710 1942 764 ad

369 827 578 877 Annam
604 817 902 890 principem
923 811 1290 871 sacerdotum,
1319 815 1586 863 nocturno
1612 805 1789 858 adhuc
1809 811 1947 856 tem-

369 930 501 987 poie
531 913 840 967 duceretur.
891 905 1004 960 Nec
1050 902 1325 957 immerito
1352 901 1420 954 ab
1449 898 1540 952 illa
1571 898 1704 952 hora
1735 895 1942 958 noctis,

374 1022 477 1076 qua
504 1003 660 1058 Iesus
689 1002 880 1055 ductus
908 1003 991 1050 est
1021 994 1074 1047 in
1104 993 1272 1046 Anna!
1304 992 1540 1053 domum,
1571 993 1741 1057 usque
1763 988 1829 1041 ad
1850 987 1947 1041 ho-

375 1109 490 1148 ram
523 1092 756 1152 tertiam,
806 1103 902 1142 sex
932 1086 1079 1139 horae
1122 1083 1286 1136 fuisse
1328 1096 1358 1133 a
1402 1078 1610 1133 Joanne
1639 1077 1944 1131 traduntur.

374 1186 555 1241 Potuit
581 1182 725 1237 enim
751 1180 869 1234 ﬁeri
921 1185 980 1231 ut
1003 1185 1113 1230 tres
1138 1180 1529 1245 peragerentur
1552 1172 1701 1225 horae
1720 1178 1945 1224 noctur-

378 1291 476 1338 nze,
525 1282 579 1329 et
610 1288 640 1327 a
671 1269 1065 1343 przrparatione
1112 1264 1378 1337 passionis
1407 1261 1621 1317 Domini
1668 1275 1840 1330 usque
1882 1260 1950 1313 ad

378 1367 562 1420 horam
589 1362 804 1418 tertiam
828 1360 952 1415 diei.
996 1356 1309 1412 Secundum
1357 1353 1619 1408 Joannem
1654 1366 1749 1406 sex
1806 1350 1953 1405 hunc

380 1455 679 1509 rectissime
726 1452 1054 1513 referuntur,
1106 1462 1213 1504 non
1241 1446 1383 1500 enim
1414 1445 1612 1499 frustra
1641 1443 1851 1510 adjecit,
1895 1452 1969 1496 ut

380 1547 607 1600 diceret:
648 1543 779 1597 Erat
822 1541 967 1596 enim
1007 1539 1142 1592 hora
1173 1549 1464 1607 parasceve
1490 1533 1605 1588 fere
1645 1540 1819 1597 sexta,
1850 1534 1956 1587 hoc

376 1643 485 1698 est,
520 1630 951 1704 prmparationis.
987 1629 1063 1682 Ex
1091 1643 1156 1682 eo
1179 1627 1322 1679 enim
1368 1624 1534 1694 cmpit
1560 1624 1741 1693 passio
1768 1621 1957 1677 Salva-

385 1727 539 1791 toris,
592 1741 660 1780 ex
708 1739 815 1794 quo
860 1734 960 1792 pro
1007 1720 1181 1775 salute
1209 1717 1393 1773 mundi
1443 1715 1640 1771 ductus
1686 1722 1771 1770 est
1811 1712 1958 1782 judi-

379 1815 606 1871 candus.

453 1926 700 1981 Centurio
744 1932 939 1987 autem,
976 1931 1023 1977 et
1067 1922 1156 1993 qui
1200 1937 1317 1975 cum
1347 1937 1406 1975 eo
1437 1927 1585 1974 erant
1616 1915 1962 1973 custodientes

381 2018 587 2082 Iesum,
617 2017 726 2069 viso
756 2024 910 2067 terra:
940 2022 1082 2076 motu
1112 2020 1158 2066 et
1187 2011 1268 2065 Itis
1293 2026 1412 2081 qua:
1434 2008 1648 2078 ﬁebant,
1677 2008 1963 2060 timuerunt

382 2108 531 2164 valde
554 2108 818 2161 dicentes:
861 2103 986 2157 Vere
1012 2103 1108 2156 Dei
1138 2101 1310 2156 Filius
1336 2111 1446 2155 erat
1471 2102 1588 2155 iste.
1633 2099 1734 2171 (Ex
1773 2096 1963 2167 Beda.)

386 2200 500 2254 Non
530 2198 676 2253 solus
705 2195 950 2251 centurio
976 2194 1296 2264 gloriﬁcavit
1317 2192 1503 2254 Deum,
1536 2191 1631 2246 sed
1660 2199 1717 2245 et
1742 2189 1964 2264 milites,

387 2293 478 2360 qui
526 2303 651 2344 cum
691 2303 756 2341 eo
781 2294 937 2341 erant
986 2285 1352 2339 custodientes
1394 2283 1600 2338 Iesum.
1639 2280 1792 2336 Sicut
1834 2279 1965 2335 Mat-

390 2385 560 2437 thteus
604 2380 792 2435 scribit
814 2378 956 2440 .viso
1009 2386 1167 2432 terra:
1199 2385 1345 2431 motu
1378 2384 1434 2430 et
1477 2375 1565 2429 his
1591 2390 1710 2443 quae
1740 2373 1963 2436 ﬁebant,

390 2472 686 2526 timuerunt
712 2466 867 2523 valde
898 2466 1137 2521 dicentes
1168 2484 1181 2520 :
1228 2464 1358 2519 Vere
1384 2464 1484 2519 Dei
1511 2461 1685 2517 Filius
1713 2471 1825 2516 erat
1848 2463 1965 2515 iste.

391 2562 604 2628 Quanta
639 2574 767 2630 ergo
796 2558 1013 2613 caecitas
1058 2554 1387 2619 Iudxornm,
1417 2554 1508 2625 qui
1557 2561 1635 2607 tot
1665 2568 1764 2624 per
1787 2551 1971 2607 Domi-

393 2667 519 2706 num
547 2649 838 2705 virtutibus
863 2646 1042 2712 factis,
1068 2646 1233 2700 tantis
1255 2645 1306 2698 in
1340 2652 1513 2699 morte
1539 2642 1683 2698 illius
1708 2658 1971 2713 apparen-

395 2744 540 2797 tibus
591 2741 757 2811 signis
803 2739 1025 2795 credere
1077 2744 1422 2806 respuerant,
1457 2742 1514 2788 et
1540 2733 1970 2789 insensibiliores

393 2832 658 2903 gentibus,
708 2832 878 2885 Deum
909 2827 1235 2899 gloriﬁcare,
1286 2824 1372 2879 vel
1398 2825 1592 2879 timere
1630 2831 1972 2894 contempse-

397 2931 541 2978 runt.
576 2922 728 2978 Unde
761 2920 954 2976 merito
1001 2933 1101 2989 per
1135 2917 1509 2973 centurionem
1543 2916 1677 2971 ﬁdes
1712 2913 1972 2969 Ecclesiae

394 3014 728 3085 designatur,
782 3009 1066 3080 quanvelo
1111 3008 1494 3079 mysteriorum
1536 3005 1840 3061 cmlestium
1874 3019 1974 3075 per

396 3113 624 3158 mortem
647 3102 859 3156 Domini
879 3107 1144 3164 reserato,
1167 3098 1423 3153 continuo
1449 3096 1735 3151 Dominum
1764 3092 1969 3159 Iesum,

394 3203 451 3249 et
475 3206 601 3247 vere
642 3189 847 3260 justum
876 3188 1150 3243 hominem
1181 3195 1233 3242 et
1265 3200 1391 3242 vere
1436 3186 1532 3241 Dei
1564 3183 1781 3249 Filium,
1813 3198 1976 3257 syna-

396 3295 532 3352 goga
559 3286 793 3344 tacente,
817 3276 1120 3333 conﬁrmat.
1153 3274 1288 3331 Nam
1327 3284 1383 3331 et
1405 3276 1520 3346 ipsa
1548 3290 1759 3330 summa
1800 3282 1977 3329 cente-

398 3373 571 3437 naria,
603 3386 722 3440 qua:
748 3367 946 3425 inﬂexu
982 3368 1295 3440 digitorum,
1330 3368 1473 3424 sicut
1502 3376 1555 3423 et
1583 3381 1747 3437 supra
1776 3381 1978 3422 memo-

400 3474 575 3520 ratum
606 3470 705 3528 est,
738 3464 807 3519 de
832 3463 1052 3519 sinistra
1082 3461 1282 3516 transit
1309 3462 1361 3516 in
1391 3462 1695 3523 dexteram,
1723 3456 1979 3514 Ecclesiae

398 3556 754 3611 sacramentis
778 3565 833 3611 et
859 3553 980 3609 ﬁdei
1008 3553 1290 3624 aptissime
1317 3552 1585 3625 congruit,
1618 3553 1706 3608 cui
1735 3567 1833 3623 pro
1853 3551 1974 3621 lege

401 3647 745 3719 Evangelium
772 3647 1056 3711 creditum,
1085 3661 1184 3716 pro
1210 3653 1369 3700 terra:
1395 3643 1600 3700 divitiis
1648 3659 1875 3716 regnum
1896 3650 1982 3698 est

401 3737 624 3792 cmlestc
646 3736 994 3807 promissum.

474 3848 643 3904 Erant
685 3858 859 3902 autem
885 3848 958 3901 ibi
991 3847 1237 3921 mulieres
1262 3847 1443 3902 multa:
1465 3865 1497 3902 α
1521 3847 1695 3919 longe,
1720 3858 1827 3903 etc.
1870 3847 1985 3904 Hoc

402 3948 487 3996 est
536 3940 679 4011 quod
709 3935 822 4011 ipse
849 3939 1109 3995 Dominus
1135 3939 1187 3993 in
1212 3938 1428 3993 Psalmo
1450 3937 1700 4008 explicita
1724 3954 1835 3993 sua:
1862 3954 1987 4010 pas-

402 4032 572 4088 sionis
606 4031 746 4088 serie
777 4028 922 4086 Patri
973 4030 1244 4102 queritur,
1274 4029 1461 4086 dicens
1493 4048 1506 4084 :
1542 4028 1818 4102 Elongasti
1849 4049 1881 4084 a
1905 4048 1987 4085 me

402 4121 648 4189 amicum,
675 4133 723 4178 et
743 4123 1041 4195 proximum
1067 4132 1115 4199 et
1147 4133 1294 4177 notos
1320 4138 1463 4178 meos
1496 4140 1529 4177 a
1557 4124 1772 4178 miseria
1805 4121 1982 4194 (Psal.

408 4214 691 4286 LXXXVII)”

476 4321 607 4387 Qum
632 4332 824 4378 secuta:
867 4332 1017 4378 erant
1045 4322 1231 4379 Iesum
1256 4342 1290 4379 α
1334 4322 1560 4380 Galiiaza
1607 4325 1986 4384 ministrantes.

407 4412 508 4482 (Ex
538 4411 782 4485 Hieron.)
815 4412 1234 4470 Consuetudinis
1260 4414 1500 4471 Iudaicae
1525 4415 1650 4483 fuit,
1679 4432 1780 4474 nec
1822 4420 1988 4474 duce-

406 4502 569 4557 batur
594 4501 648 4555 in
680 4501 911 4571 culpam,
951 4517 1103 4556 more
1130 4504 1308 4573 gentis
1336 4506 1579 4574 antiquo,
1616 4515 1677 4561 ut
1728 4509 1986 4565 mulieres

408 4589 475 4645 de
508 4591 810 4645 substantia
851 4605 950 4646 sua
976 4590 1177 4645 victum
1208 4601 1371 4662 atque
1398 4596 1655 4651 vestitum
1683 4608 1984 4668 praecepto-

408 4678 557 4733 ribus
581 4679 969 4733 ministrarent.
1005 4678 1118 4734 Hoc
1142 4682 1269 4751 quia
1298 4684 1616 4738 scandalum
1654 4671 1836 4753 facere
1884 4704 1984 4758 po—

411 4775 550 4822 terat
594 4768 647 4822 in
679 4768 1006 4834 nationibus,
1055 4768 1253 4825 Paulus
1279 4770 1541 4841 abiecisse
1572 4766 1631 4830 Se
1675 4789 1983 4834 memorat:

412 4857 664 4930 Nunquid
695 4875 798 4914 non
825 4860 1077 4914 habemus
1104 4871 1433 4932 potestatem,
1467 4881 1698 4932 sorores,
1726 4869 1987 4929 mulieres

411 4952 856 5017 circumducendi,
883 4955 1018 5009 sicut
1044 4956 1286 5011 et-ewteri
1306 4957 1528 5026 apostoli
1547 4958 1747 5027 faciunt
1773 4960 1833 5033 (Ι
1860 4960 1983 5018 Cor.

416 5042 529 5113 ix)?
559 5043 935 5101 Ministrabant
955 5057 1135 5102 autem
1168 5048 1396 5104 Domino
1422 5049 1488 5104 de
1512 5049 1813 5108 substantia
1856 5072 1953 5112 sua
1970 5098 1986 5123 ,

421 5138 480 5184 ut
526 5141 795 5188 meterent
850 5149 1039 5190 eorum
1084 5138 1322 5193 carnalia
1347 5179 1364 5204 ,
1414 5138 1569 5208 cujus
1615 5142 1705 5198 ille
1753 5150 1992 5202 metebat

415 5224 740 5294 spiritualia,
771 5241 877 5281 non
909 5229 1052 5298 quod
1082 5230 1349 5301 indigeret
1373 5232 1510 5287 cibis
1543 5235 1805 5292 Dominus
1833 5255 1978 5295 crea-

420 5325 681 5384 turarum,
728 5318 825 5374 sed
869 5328 927 5375 ut
975 5330 1158 5393 typum
1213 5325 1530 5381 ostenderet
1569 5329 1988 5400 magistrorum,

418 5410 559 5481 quod
585 5410 728 5466 victu
759 5420 922 5482 atque
944 5414 1144 5469 vestitu
1167 5414 1413 5487 discipuli
1440 5419 1702 5476 deberent
1717 5438 1839 5487 esse
1859 5440 1992 5480 con—

422 5502 573 5559 tenti.
612 5501 718 5559 Sed
747 5505 1023 5561 videmnus
1053 5506 1239 5576 quales
1267 5510 1495 5565 comites
1523 5512 1787 5575 habucrit.
1824 5517 1991 5573 Maria

425 5595 751 5668 Magdalene,
789 5616 821 5654 a
846 5616 952 5672 qua
981 5610 1187 5672 septem
1210 5601 1474 5659 daemonia
1498 5604 1750 5674 ejecerat,
1771 5609 1992 5666 Mariam

422 5684 625 5756 Jacobi,
670 5700 725 5746 et
766 5689 960 5762 Ioseph
1006 5701 1255 5757 matrem,
1309 5706 1659 5752 materteram
1705 5716 1858 5755 suam
1903 5718 1991 5756 so-

2041 521 2231 586 bedtei,
2261 534 2383 591 qua:
2409 518 2570 589 paulo
2596 522 2722 571 ante
2750 532 2974 588 regnum
3004 515 3190 570 liberis
3217 516 3540 585 postularat,
3570 524 3629 569 et

2041 612 2178 666 alias
2201 624 2336 681 quas
2361 609 2415 662 in
2441 606 2656 662 caneris
2683 605 2990 676 Evangeliis
3017 603 3269 673 legimus.

2114 719 2247 775 Cum
2270 728 2444 772 autem
2478 731 2594 770 sero
2640 716 2838 785 factum
2865 724 3020 778 esset,
3064 714 3205 767 venit
3225 714 3442 784 quidam
3472 715 3632 768 homo

2042 811 2183 866 dives
2209 809 2274 863 ab
2304 802 2620 870 Arimatltia,
2656 807 2860 859 nomine
2886 805 3103 874 Ioseph,
3133 806 3225 875 qui
3265 820 3299 858 a
3347 804 3493 859 Luca
3533 806 3627 860 de-

2044 900 2192 955 curio
2218 905 2452 961 vocatur,
2481 902 2586 950 etc.
2619 893 2848 948 Decnrio
2880 901 3126 956 vocatur,
3159 892 3305 962 quod
3335 894 3410 948 sit
3437 895 3505 949 de
3536 908 3628 948 or-

2046 986 2172 1040 dine
2218 992 2276 1038 et
2303 982 2479 1038 oﬁlcio
2526 981 2713 1047 curiae,
2748 989 2804 1035 et
2834 980 3001 1035 curiae
3045 980 3492 1046 administrator,
3537 984 3631 1052 qui

2046 1074 2211 1128 etiam
2239 1072 2462 1128 curialis
2490 1087 2521 1125 a
2552 1072 2896 1141 procurando
2928 1084 3155 1124 munera
3181 1069 3362 1124 civilia
3389 1072 3527 1126 solet
3546 1088 3641 1144 ap-

2049 1162 2256 1233 pellari.
2285 1160 2369 1216 Ab
2394 1159 2696 1215 Arimatbia
2733 1160 2956 1214 civitate
2984 1156 3203 1222 Iudmaa,
3228 1160 3324 1227 qui
3345 1172 3637 1231 exspecta-

2051 1255 2144 1309 bat
2171 1262 2227 1308 et
2255 1254 2368 1322 ipse
2398 1266 2621 1322 regnum
2651 1250 2765 1304 Dei.
2813 1249 3119 1303 Arimatbia
3163 1250 3280 1319 ipsa
3324 1263 3409 1306 est
3440 1252 3639 1320 Reme;

2053 1343 2167 1409 tha,
2197 1342 2393 1396 civitas
2422 1339 2672 1394 Helcanae
2698 1347 2756 1393 et
2786 1338 3059 1393 Samuelis
3085 1338 3139 1392 in
3165 1340 3387 1411 regione
3429 1340 3638 1398 Iamni-

2054 1433 2159 1487 tica
2182 1431 2337 1502 juxta
2365 1429 2682 1500 DiOSpolim.

2126 1542 2228 1598 Hic
2266 1541 2478 1596 accessit
2504 1539 2572 1594 ad
2608 1540 2838 1595 Pilatum
2864 1549 2911 1594 et
2953 1541 3100 1611 petiit
3129 1559 3318 1613 corpus
3347 1543 3494 1600 Iesu.
3533 1546 3644 1601 Ma-

2055 1649 2173 1704 guze
2197 1631 2413 1703 quidem
2438 1629 2637 1701 Ioseph
2666 1632 2778 1685 iste
2818 1630 3098 1702 dignitatis
3129 1631 3198 1687 ad
3228 1636 3509 1703 saaculum,
3548 1640 3642 1694 sed

2061 1723 2280 1793 majoris
2309 1721 2448 1793 apud
2479 1721 2648 1776 Deum
2678 1722 2856 1776 meriti
2880 1721 3045 1779 fuisse
3072 1724 3347 1794 laudatur,
3377 1737 3438 1783 ut
3463 1739 3517 1785 et
3547 1746 3644 1801 per

2059 1816 2323 1888 justitiam
2371 1817 2692 1872 meritorum
2740 1816 3052 1887 sepeliendo
3093 1833 3321 1890 corpore
3373 1822 3647 1876 dominico

2062 1910 2257 1980 dignus
2286 1907 2449 1971 foret,
2479 1915 2535 1962 et
2579 1921 2678 1976 per
2704 1907 3041 1963 nobilitatem
3070 1912 3326 1980 potentiae
3372 1912 3649 1967 saecularis

2064 1999 2207 2054 idem
2260 2013 2458 2067 corpus
2512 1997 2759 2068 accipere
2812 2007 3013 2069 posset.
3064 2000 3183 2057 Non
3229 2002 3373 2057 enim
3422 2002 3650 2073 quilibet

2065 2089 2280 2160 ignotus
2322 2088 2390 2141 ad
2420 2088 2703 2158 praesidem
2755 2089 3017 2146 accedere
3085 2100 3141 2145 et
3179 2091 3419 2147 cntciﬁxi
3451 2106 3651 2163 corpus

2064 2184 2280 2250 poterat
2310 2179 2625 2249 impetrare.

2137 2291 2206 2347 Et
2236 2301 2445 2361 acwpto
2468 2307 2683 2365 corpoge
2711 2290 2906 2362 Joseph
2934 2291 3147 2347 involvit
3178 2292 3312 2347 illud
3339 2295 3394 2348 in
3430 2292 3651 2349 sindone

2067 2384 2283 2438 munda.
2317 2383 2384 2437 Et
2426 2398 2492 2438 ex
2523 2383 2755 2456 simplici
2803 2384 3080 2457 sepultura
3126 2384 3366 2448 Domini,
3424 2386 3654 2441 ambitio

2067 2475 2292 2530 divitum
2340 2475 2749 2540 condemnatur,
2796 2475 2888 2546 qui
2938 2491 3005 2531 ne
3052 2476 3108 2530 in
3159 2478 3382 2533 tumulis
3429 2479 3652 2551 quidem

2066 2574 2293 2635 possunt
2321 2580 2507 2620 carere
2546 2564 2768 2621 divitiis.
2806 2564 3100 2621 Possumus
3139 2574 3320 2621 autem
3364 2569 3524 2638 juxta
3572 2570 3657 2624 in-

2070 2658 2423 2730 telligentiam
2454 2659 2778 2731 spiritalem,
2827 2666 2881 2713 et
2910 2659 3012 2713 hoc
3035 2659 3259 2725 sentire,
3288 2659 3431 2730 quod
3479 2660 3570 2717 ille
3598 2663 3654 2716 in

2069 2752 2297 2807 sindone
2326 2739 2524 2809 munda
2555 2750 2791 2817 involvat
2821 2748 3004 2805 Iesum
3034 2749 3123 2820 qui
3152 2765 3288 2821 pura
3325 2765 3453 2806 eum
3475 2760 3655 2806 mente

2069 2842 2393 2915 susceperit.

2139 2954 2210 3010 Et
2260 2955 2433 3026 posuit
2463 2953 2603 3008 illud
2642 2955 2698 3008 in
2732 2961 3067 3008 montunenta
3096 2968 3194 3007 suo
3241 2936 3393 3008 novo.
3421 2953 3481 3008 In
3512 2969 3660 3010 novo

2073 3053 2254 3102 autem
2280 3044 2500 3115 ponitur
2534 3051 2902 3109 monumento,
2936 3059 3004 3098 ne
3046 3051 3171 3116 post
3201 3045 3659 3101 resurrectionem

1999 3135 2046 3200 C
2076 3151 2146 3191 ex
2173 3134 2386 3191 caeteris
2424 3134 2744 3204 corporibus
2789 3133 3113 3200 surrexisse,
3145 3132 3284 3188 alius
3318 3130 3659 3205 ﬁngeretur,

2076 3225 2223 3296 quod
2273 3224 2411 3279 bene
2459 3232 2869 3279 monumentum
2900 3224 2967 3279 de
3016 3232 3172 3296 petra
3206 3225 3447 3280 excisum
3490 3224 3669 3287 fuisse

2077 3324 2435 3380 memoratur,
2478 3330 2544 3370 ne
2565 3315 2613 3370 si
2636 3329 2703 3369 ex
2732 3315 2918 3385 multis
2943 3315 3209 3385 lapidibus
3230 3316 3555 3373 aediﬁcatum
3573 3333 3664 3374 es-

2078 3414 2182 3471 set,
2209 3402 2453 3461 sutl‘ossis
2474 3402 2664 3458 tumuli
2691 3400 3056 3459 fundamentis
3088 3404 3300 3459 ablatus
3334 3403 3481 3459 furto
3509 3406 3663 3461 dice-

2079 3505 2250 3563 retur.
2273 3494 2445 3551 Aliter
2457 3496 2605 3551 solus
2622 3496 2882 3551 Dominus
2895 3497 3102 3553 tumulo
3126 3497 3442 3564 includitur,
3465 3508 3525 3554 ut
3540 3514 3665 3572 spe-

2081 3586 2236 3642 cialis
2249 3585 2393 3642 illius
2405 3587 2703 3656 sepultura,
2722 3586 2776 3642 id
2794 3595 2898 3652 est,
2915 3595 3118 3642 nostrae
3131 3588 3436 3655 dissimilis,
3449 3589 3594 3645 sicut
3605 3600 3666 3645 et

2081 3685 2278 3733 caatera
2308 3677 2729 3747 dispensationis
2777 3676 2897 3745 ejus
2935 3694 3135 3734 arcana
3166 3695 3198 3732 a
3227 3688 3428 3735 nostra:
3455 3689 3668 3736 natura:

2083 3767 2374 3841 fragilitate
2403 3769 2800 3840 discrepavere,
2845 3770 3099 3840 specialis
3127 3779 3182 3826 et
3212 3772 3542 3826 resurrectio
3571 3771 3667 3827 de-

2084 3861 2348 3930 signatur.
2396 3860 2532 3915 Nam
2560 3869 2619 3916 et
2644 3875 2805 3918 verus
2832 3861 2995 3916 homo
3029 3862 3300 3931 apparuit,
3329 3861 3427 3918 sed
3454 3877 3524 3917 ex
3555 3863 3670 3917 vir-

2086 3955 2209 4026 gine
2236 3963 2410 4010 matre
2434 3965 2729 4024 conceptus
2768 3963 2825 4009 et
2845 3963 3022 4020 natus,
3055 3964 3110 4009 et
3139 3963 3380 4011 tentatus
3407 3963 3496 4011 est
3566 3969 3671 4024 per

2064 4045 2293 4108 .omnia,
2318 4044 2413 4099 sed
2444 4051 2500 4096 et
2521 4059 2622 4114 pro
2667 4045 3020 4102 similitudine
3065 4046 3272 4115 absque
3312 4054 3573 4117 peccato,
3612 4056 3672 4104 et

2088 4147 2335 4190 mortuus
2378 4142 2481 4200 est,
2529 4134 2624 4189 sed
2650 4136 2919 4204 quomodo
2949 4136 3065 4205 ipse
3091 4135 3266 4190 voluit
3295 4153 3309 4190 :
3340 4144 3397 4190 et
3423 4135 3670 4205 sepultus

2088 4236 2213 4292 est,
2256 4226 2352 4281 sed
2396 4225 2656 4297 quamdiu
2707 4227 2878 4283 voluit
2917 4244 2931 4281 :
2976 4235 3032 4284 et
3074 4228 3371 4285 suscitatus
3412 4237 3522 4293 est,
3571 4229 3672 4285 sed

2090 4323 2308 4393 quando
2336 4321 2525 4376 voluit.
2565 4320 2680 4377 Hoc
2704 4329 2788 4377 est
2814 4335 2944 4392 ergo
2972 4322 3117 4392 quod
3144 4322 3222 4376 ait
3252 4340 3265 4377 :
3304 4320 3671 4392 Singulariter

2092 4427 2211 4468 sum
2241 4426 2343 4482 ego
2386 4411 2557 4466 donec
2598 4418 2883 4467 transeam
2918 4408 3091 4482 (Psat.
3137 4410 3261 4483 cst.)
3291 4430 3306 4466 :
3339 4419 3396 4467 et
3437 4412 3569 4467 alibi
3601 4411 3672 4466 de

2090 4505 2350 4579 singulari
2371 4504 2687 4576 sepultura:
2720 4503 2790 4559 In
2814 4520 2943 4575 pace
2982 4506 3040 4559 in
3065 4504 3294 4575 idipsnm
3318 4505 3579 4563 dormiam
3619 4513 3672 4558 et

2091 4600 2431 4671 requiescam.
2465 4595 2730 4662 Quoniam
2755 4607 2836 4661 tu,
2860 4595 3106 4663 Domine,
3141 4596 3482 4667 singulariter
3503 4597 3560 4651 in
3579 4613 3674 4668 sps

2090 4688 2407 4744 constituisti
2433 4702 2533 4751 me,
2568 4686 2621 4740 id
2649 4694 2752 4750 est,
2785 4695 3107 4747 umerorum
3137 4687 3451 4743 mortalium
3474 4687 3531 4742 in
3564 4687 3675 4743 ﬁne

2090 4778 2488 4836 resurrectione
2517 4786 2756 4843 servata,
2802 4793 2891 4833 me
2912 4777 3169 4848 singulari
3198 4779 3410 4834 dono'a
3441 4778 3676 4834 mortuis

2091 4869 2179 4924 die
2208 4868 2370 4923 tertia
2398 4882 2689 4938 resurgere
2712 4868 3033 4937 promisisti.

2162 4981 2237 5034 De
2265 4986 2617 5034 monumento
2639 4980 2853 5035 Domini
2884 4978 3065 5035 ferunt
3095 4982 3187 5050 qui
3216 4988 3403 5036 nostra
3426 4988 3481 5035 et
3508 4988 3673 5036 atate

2088 5069 2156 5123 de
2185 5067 2574 5139 Hierosolymis
2620 5069 2957 5124 Britanniam
2986 5079 3276 5136 venerunt,
3306 5072 3451 5141 quod
3476 5068 3673 5126 domus

2092 5162 2259 5219 fuerit
2285 5164 2539 5229 rotunda,
2565 5164 2633 5219 de
2664 5164 2979 5234 subjaeente
3005 5179 3138 5234 rupe
3164 5166 3368 5230 excisa,
3400 5173 3566 5219 tanta:
3595 5164 3681 5219 al-

2095 5255 2359 5314 titudinis.
2404 5263 2467 5308 ut
2508 5255 2658 5309 intro
2687 5255 2996 5310 consistens
3040 5256 3224 5319 homo,
3255 5256 3346 5309 vir.
3377 5271 3541 5310 manu
3584 5270 3683 5310 ει-

2095 5355 2265 5412 tenta,
2293 5346 2506 5402 culmen
2531 5346 2703 5415 possit
2724 5347 3009 5417 attingere.
3049 5346 3180 5416 Qua:
3206 5348 3370 5403 habet
3394 5348 3676 5403 introitum

2096 5437 2164 5490 ab
2208 5436 2450 5500 oriente,
2494 5436 2580 5490 cui
2620 5435 2758 5506 lapis
2786 5436 2875 5491 ille
2914 5452 3144 5509 magnus
3188 5438 3471 5494 advolutus
3512 5418 3681 5509 atque

2098 5528 2382 5597 impositus
2406 5537 2512 5593 est,
2548 5529 2601 5584 in
2633 5528 2785 5598 cuius
2819 5533 3155 5587 monumenti
3191 5541 3346 5601 parte
3381 5531 3678 5603 aquilonali

2099 5617 2407 5686 sepulcrum
2438 5618 2643 5687 ipsum,
2677 5619 2780 5673 hoc
2808 5629 2914 5683 est,
2944 5621 3098 5676 locus
3125 5621 3390 5679 Dominici
3426 5625 3679 5692 corporis

2100 5707 2167 5759 de.
2201 5707 2389 5760 eadem
2438 5717 2590 5776 petra
2639 5707 2809 5762 factus
2856 5719 2958 5774 est,
3009 5718 3216 5780 septem
3264 5711 3472 5765 habens
3512 5713 3682 5781 petes
