3954 6200
222 292 323 350 19‘

1047 307 1564 366 COLLECTIONES
1602 311 1668 367 IN
1710 289 2092 371 EPISTOLAS
2131 316 2221 371 ετ
2259 317 2669 377 summa.

3391 339 3498 396 {98

216 409 599 480 longitudinis,
634 422 795 471 trium
825 432 951 472 vero
979 421 1279 491 palmorum
1307 440 1576 492 mensura,
1614 436 1812 482 caetero
1841 432 1887 489 Α
1915 428 2110 493 gaudio
2137 429 2331 485 futurae
2353 442 2435 487 est
2464 438 2876 495 resurrectionis
2901 442 3235 514 adaugenda.
3260 447 3320 502 lu
3347 449 3497 509 Luca

212 502 538 571 pavimento
566 504 729 562 altius
757 508 1024 566 eminens.
1057 513 1179 579 Qui,
1213 515 1464 571 videlicet
1488 518 1656 583 locus,
1701 536 1808 574 non

1913 515 2178 608 legimus:
2212 519 2351 584 Quia
2385 524 2591 577 stabant
2634 543 2811 582 omnes
2856 532 2968 585 noti
3011 533 3125 602 ejus
3151 551 3185 589 α
3220 534 3395 608 longe,
3438 551 3493 596 et

212 591 471 663 desuper,
504 595 602 651 sed
629 612 662 651 a
699 595 872 655 latere
920 602 1221 659 meridiano
1248 618 1345 675 per
1385 615 1553 663 totum
1591 612 1810 679 patulus
1910 604 2152 660 muliere!
2178 625 2297 668 qua!
2323 621 2515 666 secum
2540 624 2693 669 erant
2727 632 2866 672 εαηιι
2890 619 2986 675 "is
3008 591 3140 693 BVTEO
3169 591 3487 696 001583;!86;

212 691 322 750 est,
349 685 498 741 unde
527 701 728 758 corpus
771 688 1126 747 inferebatur.
1162 694 1325 750 Color
1349 708 1528 752 autem
1563 698 1805 767 ejusdem

214 777 558 833 mnumenti
602 795 666 834 ac
696 778 858 836 loculi
888 783 1189 841 rubicundo
1217 794 1272 841 et
1311 787 1433 843 albo
1461 790 1659 845 dicitur
1684 808 1805 849 esse

210 865 532 935 permistus.
568 867 705 924 Nam
736 879 791 925 et
816 873 1123 943 sepulcrum
1170 875 1301 931 illud
1325 879 1691 936 venerabilem
1736 882 1803 938 η-
1838 894 1861 937 ί.

210 974 403 1031 geram
432 961 690 1018 dominici
720 962 961 1020 habebat
992 965 1201 1033 altaris,
1233 969 1287 1024 in
1324 985 1432 1040 quo
1463 973 1643 1028 carnis
1684 975 1801 1045 ejus

209 1064 275 1104 ac
315 1051 601 1123 sanguinis
624 1052 802 1109 solent
830 1057 1101 1127 mysteria
1129 1059 1414 1125 celebrari,
1446 1064 1590 1119 unde
1602 1066 1799 1136 regula

209 1142 599 1198 Ecciesiastica
643 1152 794 1200 tenet
840 1147 1029 1202 eadem
1060 1151 1338 1220 mysteria,
1370 1167 1477 1206 non
1503 1152 1555 1207 in
1600 1155 1793 1218 serico.

206 1250 317 1288 non
360 1235 415 1289 in
442 1250 624 1306 panno
655 1236 842 1302 tincto,
890 1240 984 1295 sed
1030 1239 1205 1295 instar
1233 1240 1498 1310 sindonis,
1530 1261 1637 1315 quo
1674 1262 1797 1302 eum

203 1322 409 1394 Ioseph
441 1324 667 1380 involvit
690 1326 746 1381 in
774 1327 942 1385 linteo
969 1345 1105 1401 puro
1136 1329 1334 1387 debere
1370 1337 1698 1390 consecrari.
1729 1337 1798 1392 Ut

204 1416 353 1470 sicut
377 1415 495 1486 ipse
521 1431 706 1471 veram
752 1425 983 1474 terrena:
1013 1420 1367 1491 mortalisque
1409 1431 1621 1479 naturae
1661 1425 1791 1480 sab-

203 1506 471 1559 stantiam
502 1522 602 1577 pro
628 1508 785 1563 nobis
812 1509 973 1563 morti
1001 1509 1217 1576 obtulit,
1246 1512 1321 1566 ita
1349 1520 1402 1568 et
1437 1530 1535 1569 nos
1563 1514 1614 1569 in
1645 1531 1792 1571 eom-

204 1595 658 1651 memorationem
681 1598 921 1669 ejusdem
955 1601 1219 1656 tremendi
1260 1610 1315 1656 et
1341 1604 1665 1659 venerabilis
1705 1621 1790 1660 sa-

199 1685 496 1751 mmenti,
527 1701 721 1756 purum
768 1687 839 1742 de
885 1693 1043 1744 terrae
1074 1691 1317 1760 gemine
1362 1693 1781 1764 candidumque,

199 1785 254 1830 et
281 1776 643 1842 multimodis,
686 1777 840 1846 quasi
875 1777 1360 1834 mortiﬁcationum
1402 1798 1598 1852 genere
1624 1786 1788 1840 casti-

197 1877 387 1938 gatum
413 1867 570 1922 altari
593 1868 761 1924 linum
781 1870 1141 1940 imponamus.
1172 1871 1327 1939 Quod
1349 1884 1527 1929 autem
1553 1876 1661 1931 ait:
1680 1875 1789 1931 Ad-

199 1960 356 2015 rolrit
384 1978 577 2015 saxum
600 1977 845 2032 magnum
876 1963 947 2015 ad
975 1964 1166 2016 ostium
1192 1966 1784 2027 mnumenliwel-amen

195 2051 497 2122 signiﬁcat,
529 2051 670 2122 quod
714 2051 769 2106 in
798 2051 1029 2107 lectione
1063 2051 1276 2109 Veteris
1303 2053 1637 2113 Testamenti
1670 2074 1784 2113 ma-

196 2153 311 2198 net.
338 2141 451 2198 Lex
472 2143 616 2196 enim
645 2142 695 2198 in
727 2143 903 2213 lapide
926 2143 1129 2214 scripta
1152 2153 1257 2208 est,
1281 2144 1436 2216 cujus
1463 2148 1643 2204 ablato
1668 2157 1783 2222 teg-
1816 2220 1821 2225 ι

196 2230 363 2296 mine,
398 2241 611 2287 secreta
640 2242 1105 2289 sacramentorum
1129 2236 1459 2292 revelantur.

266 2321 404 2376 Erat
446 2331 623 2377 autem
650 2323 724 2377 ibi
756 2321 931 2378 Maria
962 2322 1276 2396 Magdalene
1299 2336 1348 2381 et
1384 2327 1551 2383 altera
1600 2329 1785 2387 Haria

191 2414 433 2468 sedentes
483 2422 667 2469 contra
712 2413 1029 2487 sepulcrum.
1077 2414 1302 2472 Czeteri's
1348 2417 1777 2488 relinquentibus

195 2505 513 2573 Dominum,
559 2506 811 2562 mulieres
854 2507 908 2561 in
950 2506 1124 2563 cilicio
1168 2520 1542 2580 perseverant,
1585 2526 1774 2583 exspe-

190 2603 407 2651 ctantes
452 2596 594 2667 quod
629 2596 955 2668 promiserat
995 2595 1173 2663 Jesus,
1203 2608 1258 2654 et
1303 2599 1422 2656 ideo
1458 2600 1776 2661 meruerunt

191 2690 382 2757 prima:
412 2689 594 2744 videre
618 2697 1010 2760 resurgentem.
1042 2690 1307 2759 Quoniam
1333 2694 1425 2764 qui
1454 2710 1771 2765 persevera-

191 2779 329 2833 verit
361 2794 533 2850 usque
556 2780 609 2833 in
633 2778 795 2835 ﬁnem
830 2780 920 2836 hic
947 2779 1128 2837 salvus
1161 2783 1284 2837 erit.

261 2867 448 2923 Altera
477 2878 651 2923 autem
698 2868 801 2936 die,
829 2887 944 2942 qua!
970 2881 1044 2926 est
1066 2882 1181 2942 post
1208 2870 1554 2940 Parasceven,
1586 2885 1641 2931 et
1666 2860 1766 2932 rel.

188 2958 489 3014 Parasceve
521 2961 843 3031 praeparatio
873 2961 1289 3033 interpretatur,
1313 2979 1418 3033 quo
1441 2965 1657 3023 nomine
1677 2965 1771 3021 Ju-

186 3052 311 3117 daei,
336 3052 430 3122 qui
457 3052 600 3106 inter
630 3051 847 3107 Gnaeos
869 3054 1349 3120 conversabantur,
1390 3064 1595 3110 sexum
1640 3057 1767 3112 Sab-

1906 702 2030 785 post
2063 696 2367 765 depositum
2415 701 2535 771 ejus
2561 716 2781 774 corpus,
2811 708 2879 763 ad
2925 724 3023 765 sua
3080 717 3450 775 remeantibus
3470 760 3486 785 ,

1906 783 2034 839 solm
2083 786 2361 854 mulieres,
2389 800 2510 859 quae
2536 795 2748 850 arctius
2788 800 3063 865 amabant,
3106 802 3273 858 fumis
3299 783 3490 864 subite;
3542 844 3547 855 ι

1905 882 2066 940 catae,
2111 880 2384 946 quomodo
2416 893 2710 950 poneretur
2756 887 3025 958 inspicere
3079 894 3377 962 curabant,
3421 907 3483 953 ut

1902 965 1952 1019 ei
1997 973 2241 1037 tempore
2285 985 2528 1043 congruo
2572 990 2768 1031 manus
2793 990 3013 1048 possent
3055 982 3359 1042 devotionis
3396 989 3492 1044 of-

1900 1053 2066 1111 ferre.
2100 1059 2204 1114 Sed
2246 1068 2304 1115 et
2353 1060 2619 1119 hactenus
2643 1076 2845 1122 sanctae
2871 1070 3133 1127 mulieres
3154 1075 3243 1131 die
3286 1093 3487 1147 paras-

1899 1162 2047 1215 ceve,
2073 1151 2125 1204 id
2149 1160 2238 1206 est
2286 1157 2859 1225 praeparationisjdem
2887 1161 3113 1229 faciamt,
3137 1181 3260 1221 cum
3286 1170 3489 1226 animae

1899 1237 2149 1326 humiles,
2180 1250 2236 1296 et
2268 1256 2376 1312 quo
2411 1246 2634 1314 majoris
2662 1249 2763 1304 sibi
2788 1254 3022 1308 conscia:
3051 1254 3390 1326 fragilitatis,
3410 1277 3487 1317 eo

1897 1325 2087 1393 tmzjori
2115 1329 2411 1388 Salvatoris
2433 1350 2619 1391 arnore
2640 1338 2912 1396 ferventes
2935 1325 3222 1413 passionis,
3249 1348 3365 1418 ejus
3387 1366 3487 1406 ve—

1892 1413 2069 1505 stlgiis
2098 1417 2151 1471 in
2201 1420 2309 1475 hoc
2336 1424 2553 1487 seculo,
2583 1440 2691 1494 quo
2734 1430 2953 1498 requies
2973 1442 3079 1497 est,
3120 1413 3479 1505 praeparanda

1891 1504 2069 1559 lutum
2119 1507 2407 1579 diligenter
2450 1514 2844 1584 obsequuntur.
2886 1519 2955 1573 Et
2994 1521 3038 1575 si
3084 1504 3485 1582 forteivaleant-

1889 1593 2091 1650 imitari
2119 1598 2206 1666 pia
2234 1601 2570 1668 curiositate,
2605 1620 2719 1674 quo
2747 1607 2936 1662 ordine
2962 1610 3037 1665 sit
3060 1613 3251 1669 eadem
3280 1618 3462 1684 passio

1886 1687 2149 1757 cunpleta
2188 1692 2545 1760 perpendunt.
2595 1693 2659 1748 In
2706 1695 3001 1768 Evangelio
3033 1702 3252 1769 quidem
3301 1703 3475 1761 Marci
3534 1706 3539 1715 ’

1814 1760 1863 1820 Β
1884 1775 2149 1844 Scriptum
2182 1786 2275 1833 est
2293 1795 2315 1833 :

1958 1864 2028 1923 Et
2056 1877 2368 1923 revertentes
2385 1883 2704 1939 paraverunt
2724 1886 2969 1931 aromata
3009 1888 3058 1933 et
3099 1890 3385 1949 urgueam,
3418 1894 3471 1937 et

1884 1955 2101 2010 sabbato
2122 1959 2332 2027 quidem
2359 1960 2617 2017 siluerunt
2643 1966 2935 2021 secundum
2964 1970 3292 2024 mandatam.
3313 1970 3467 2025 Man-

1881 2044 2065 2101 datum
2095 2057 2217 2101 erat
2236 2057 2298 2103 ut
2320 2050 2532 2107 sabbati
2561 2053 2834 2110 silentium
2858 2072 2890 2111 a
2936 2072 3163 2128 vespera
3184 2076 3358 2131 usque
3396 2064 3497 2118 ad-

1876 2420 2172 2479 oecupatae,
2190 2414 2337 2483 quod
2358 2431 2466 2471 non
2481 2417 2658 2475 solum
2680 2419 2739 2474 in
2762 2422 2850 2477 die
2869 2439 3170 2493 parasceve
3208 2438 3469 2499 egerant,

1876 2517 2063 2557 verum
2085 2513 2361 2564 transacto
2384 2508 2634 2577 sabbato,
2656 2512 2712 2567 id
2732 2524 2840 2580 est,
2866 2516 2981 2571 sole
3003 2519 3310 2587 occidente,
3331 2536 3489 2578 mox.

1874 2602 1937 2648 ut
1958 2597 2216 2664 oper-andi
2245 2597 2457 2654 licentia
2484 2603 2787 2670 remeabat,
2812 2618 3063 2664 emerunt
3092 2621 3360 2676 aromata,
3398 2620 3461 2667 ut

1875 2703 2034 2743 nune
2073 2691 2351 2748 venientes
2371 2704 2634 2765 ungerent
2661 2712 2860 2768 corpus
2883 2701 3025 2771 ejus.
3066 2702 3209 2757 sicut
3243 2702 3469 2761 Marcus.

1872 2782 2200 2852 evangelista
2244 2793 2496 2839 testatur.
2548 2786 2734 2859 Neque
2759 2792 2905 2846 enim
2947 2808 3177 2863 vespere
3213 2796 3464 2862 sabbati,

1870 2884 2279 2944 praeoecupante
2321 2875 2436 2946 jam
2486 2880 2671 2935 noctis
2711 2883 2972 2945 articulo.
3033 2897 3446 2942 monumentum

1871 2963 2022 3018 adire
2057 2964 2364 3019 valuerunt.
2396 2965 2642 3038 inspecta
2669 2979 2849 3025 autem
2887 2972 3101 3027 Domini
3147 2974 3463 3044 sepultura,

1873 3063 2207 3110 revertentes
2233 3066 2433 3126 parant
2456 3066 2700 3114 aromata
2724 3070 2780 3116 et
2815 3073 3110 3133 unguenta,
3146 3067 3243 3135 qui
3277 3067 3415 3123 lecta
3432 3108 3461 3133 ,.

188 3142 319 3206 nati,
349 3117 473 3212 quae
502 3157 649 3196 nunc
679 3156 709 3195 a
744 3142 899 3195 nobis
929 3151 1082 3196 sexta
1118 3140 1253 3197 feria
1282 3128 1754 3215 vocatur,app:-Ila-
1794 3117 1840 3179 (ἶ
1871 3145 2072 3208 audita,
2116 3149 2408 3201 recordata
2429 3149 2684 3217 passione
2729 3150 3030 3215 dominica,
3078 3169 3205 3208 ωαχ
3248 3157 3317 3210 ad
3355 3172 3462 3227 pa-

187 3236 335 3287 bant.
366 3233 523 3300 Quod
547 3247 613 3287 eo
640 3232 889 3288 videlicet
915 3232 1022 3299 die,
1053 3248 1172 3303 qua:
1203 3233 1256 3288 in
1282 3231 1797 3295 sabbatot‘orentne
1871 3236 2061 3289 lratldn
2087 3250 2147 3290 se
2171 3250 2337 3305 Opera
2364 3238 2647 3304 virtutum,
2693 3240 2891 3309 quibus
2928 3242 3177 3298 Christus
3211 3244 3450 3300 delecte-

186 3324 425 3380 ccssaria
471 3331 859 3395 praepararent,
895 3322 1046 3393 juxta
1078 3326 1220 3396 quod
1260 3327 1326 3381 de
1358 3342 1553 3380 manna
1595 3341 1767 3396 quon-

186 3420 306 3470 dam
334 3423 458 3471 erat
503 3423 830 3486 przeccptum
862 3413 1060 3488 (Exod.
1107 3413 1433 3486 xvi):Sexta
1461 3423 1640 3470 autem
1678 3416 1767 3473 die

186 3508 450 3580 colligatis
498 3505 741 3577 duplum,
776 3517 880 3562 etc.
909 3506 1015 3575 Qui
1057 3521 1188 3562 vero
1220 3506 1361 3562 inter
1386 3506 1659 3563 Romanos
1687 3510 1768 3563 vi-

187 3608 291 3651 tam
336 3597 545 3652 ducunt
599 3595 791 3664 Judzei,
839 3598 1091 3652 usitatius
1138 3611 1262 3652 eum
1317 3596 1508 3654 Latine
1553 3612 1763 3655 cumam

187 3705 370 3758 puram
416 3688 819 3760 cognominant.
853 3687 990 3757 Quia
1019 3704 1146 3761 ergo
1175 3699 1330 3744 sexta
1356 3690 1446 3744 die
1470 3689 1634 3745 homo
1678 3690 1764 3745 fa-

185 3790 319 3846 ctus,
350 3793 409 3835 et
439 3786 549 3834 tota
581 3779 765 3835 mundi
807 3788 1057 3835 creatura
1086 3778 1344 3853 peribea),
1389 3780 1619 3849 septima
1662 3793 1761 3833 au-

186 3882 285 3928 tem
320 3872 576 3929 conditor
608 3873 676 3929 ab
718 3888 893 3944 opere
909 3889 1015 3930 suo
1034 3874 1318 3945 requievit.
1360 3872 1515 3929 Unde
1542 3880 1597 3928 et
1621 3874 1763 3947 hanc

183 3965 495 4031 sabbatum,
537 3964 591 4020 id
633 3973 743 4031 est,
786 3964 1029 4035 requiem
1067 3966 1251 4019 vocari
1281 3963 1557 4035 praecepit.
1594 3962 1762 4020 Recte

185 4055 440 4110 Dominus
465 4054 655 4109 eadem
685 4051 771 4111 die
803 4062 956 4110 sexta
983 4052 1297 4120 cruciﬁxus,
1327 4054 1586 4109 humana:
1606 4069 1763 4124 repa-

185 4142 410 4200 rationis
460 4143 704 4216 implevit
744 4159 1044 4209 arcanum,
1097 4143 1238 4197 unde
1286 4159 1409 4200 cum
1459 4143 1759 4213 accepisset

180 4251 393 4297 acetum
420 4240 585 4307 dixit,
610 4249 1049 4296 consummatum
1087 4247 1201 4306 est,
1223 4239 1279 4294 id
1307 4246 1421 4305 est,
1451 4239 1589 4293 sexti
1614 4239 1759 4304 diei,

178 4332 315 4400 quod
344 4346 447 4402 pro
474 4312 659 4386 mundi
693 4329 989 4387 refectione
1017 4331 1277 4402 suscepit,
1314 4339 1485 4386 totum
1515 4338 1599 4406 est
1621 4346 1757 4401 opus

180 4421 498 4489 perfectum.
529 4420 767 4477 Sabbato
801 4433 982 4479 autem
1029 4422 1082 4476 in
1119 4421 1370 4493 sepulcro
1407 4421 1755 4492 requiescens
1779 4465 1835 4525 Β

179 4512 615 4579 resurrectionis,
654 4528 776 4584 quae
803 4521 997 4569 octava
1036 4513 1123 4567 die
1150 4520 1379 4569 ventura
1405 4520 1508 4578 est,
1555 4527 1751 4583 exspe-

174 4605 364 4659 ctabat
406 4612 686 4669 eventum,
717 4603 806 4658 ubi
839 4601 998 4659 simul
1031 4612 1229 4658 nostra:
1268 4602 1570 4658 devotionis
1608 4617 1750 4673 prae-

176 4693 318 4750 lucet
346 4694 681 4766 exemplum,
719 4709 857 4765 quos
886 4695 940 4749 in
985 4695 1087 4750 bac
1127 4694 1344 4767 quidem
1383 4703 1536 4749 sexta
1565 4694 1760 4752 mundi

174 4795 331 4842 astate
355 4800 457 4856 pro
481 4785 708 4841 Domino
732 4787 846 4857 pati
875 4794 931 4842 et
971 4785 1117 4842 velut
1142 4783 1343 4840 mundo
1373 4785 1617 4859 cruciﬁgi
1657 4802 1752 4842 ue-

176 4890 324 4933 eesse
352 4883 465 4932 est.
500 4875 559 4931 In
589 4877 818 4947 septima
845 4892 974 4932 vero
1011 4885 1188 4940 aztate,
1221 4876 1323 4933 hoc
1348 4885 1452 4943 est,
1482 4892 1603 4932 cum
1656 4876 1751 4934 leti

174 4968 292 5036 quis
318 4968 565 5025 debitum
588 4968 767 5035 solvit,
793 4984 1020 5039 corpora
1036 4969 1255 5041 quidem
1286 4969 1338 5024 in
1358 4968 1608 5036 tumulis,
1626 4969 1750 5024 ani-

176 5074 286 5115 mas
320 5068 513 5115 autem
532 5070 745 5117 secreta
771 5060 826 5115 in
848 5076 983 5131 pace
1013 5077 1136 5117 cum
1164 5061 1391 5117 Domino
1413 5078 1654 5119 manere.
1681 5063 1757 5118 Et

175 5160 289 5216 post
334 5151 482 5206 bona
527 5160 740 5221 oportet
785 5166 950 5222 opera
998 5152 1301 5222 quiescere,
1352 5154 1526 5211 donec
1556 5164 1757 5211 octava

176 5240 385 5296 tandem
416 5240 669 5297 veniente
697 5249 879 5314 aetate,
903 5242 1069 5297 etiam
1095 5259 1322 5314 corpora
1350 5245 1465 5314 ipsa
1503 5260 1751 5303 resurre-

174 5331 345 5387 rtione
367 5312 844 5403 gloriﬁcata,lcum
876 5334 1161 5391 animabus
1192 5312 1752 5411 simnl'incorrupti'o-

175 5436 301 5476 nem
313 5430 536 5479 teter-nte
562 5423 892 5480 hereditatis
921 5424 1210 5496 accipiant.
1237 5424 1393 5483 Unde
1415 5426 1640 5498 pulchre
1665 5443 1751 5485 se-

172 5512 329 5576 rtima
358 5513 477 5569 dies
503 5514 558 5569 in
580 5513 779 5570 Genesi
807 5531 1095 5587 vesperam.
1115 5514 1371 5573 habuisse
1394 5533 1500 5572 non
1529 5517 1747 5589 legitur,

171 5600 292 5670 quia
343 5602 563 5674 requies
612 5604 948 5672 animarum,
989 5621 1110 5675 qua;
1139 5605 1193 5661 in
1236 5606 1329 5664 illo
1372 5608 1571 5677 szeculo
1603 5625 1748 5665 nunc

169 5700 273 5751 εει
314 5710 422 5749 non
482 5695 592 5749 ullo
635 5697 1002 5752 consumenda
1059 5713 1311 5765 mmorc,
1357 5700 1450 5756 scd
1515 5700 1744 5762 pleniori

1869 3330 1960 3376 tur
1988 3362 2007 3389 ,
2031 3334 2374 3380 convertunt.
2404 3326 2474 3380 Et
2502 3327 2728 3391 sabbato
2751 3330 2966 3398 quidem
2996 3333 3202 3400 paratis
3236 3349 3460 3388 aroma-

1867 3414 2015 3469 tibus
2038 3416 2223 3482 silent,
2253 3426 2498 3473 ventura:
2523 3429 2644 3488 post
2672 3422 2957 3475 sabbatum
2985 3438 3109 3477 cum
3136 3426 3461 3482 muneribus

1865 3507 1934 3562 ad
1962 3508 2272 3574 Dominum,
2312 3525 2437 3564 cum
2468 3511 2625 3565 ﬁnita
2650 3513 2935 3581 praesentis
2976 3515 3096 3568 vitae
3128 3530 3457 3585 parasceve,

1864 3597 2024 3651 beata
2054 3598 2109 3652 in
2142 3599 2329 3668 requie
2356 3601 2658 3668 gaudentes
2686 3611 3033 3672 exspectant,
3055 3608 3270 3673 quando
3311 3615 3445 3661 tem-

1862 3701 1998 3756 pore
2020 3689 2440 3744 resurrectionis
2467 3701 2786 3761 apparente,
2819 3695 3191 3751 redolentibus
3227 3696 3448 3753 Christo

1863 3779 2223 3848 spiritualium
2251 3781 2528 3836 actionum
2573 3784 2735 3852 quasi
2767 3786 3105 3845 armantibus
3130 3796 3443 3843 occurrant.

1864 3869 2088 3926 nariam
2112 3871 2421 3943 Magdalcne
2441 3873 2665 3930 Mariam
2686 3876 2932 3947 plerique
2960 3888 3161 3948 putant
3176 3881 3449 3953 interpre-

1862 3964 1985 4018 tari.
2001 3964 2313 4020 ll-luminant
2325 3982 2412 4021 mc
2431 3966 2624 4022 istivel
2640 3968 3017 4026 illuminatrix.
3036 3973 3315 4043 Magdallus
3332 3982 3453 4030 tur-

1862 4056 1939 4109 ris
1952 4056 2364 4125 interpretatur.
2383 4056 2668 4128 Signiﬁcat
2686 4060 2802 4116 btec
2815 4061 2980 4117 Maria
2993 4075 3239 4119 sanctam
3251 4066 3444 4122 Eccle-

1859 4153 1993 4207 siam
2008 4168 2074 4209 ex
2093 4154 2343 4227 gentibus
2356 4162 2761 4225 congregatam.
2777 4153 2961 4209 Altera
2979 4155 3143 4211 Maria
3171 4157 3451 4227 signiﬁcat

1855 4238 2189 4311 primitivum
2201 4242 2504 4297 Ecclesiam
2530 4258 2597 4297 ex
2628 4242 2826 4312 populo
2845 4242 3157 4298 Judaeorum
3186 4244 3438 4300 electam.

1926 4329 2299 4385 Convenerunt
2318 4332 2584 4403 principes
2617 4332 2949 4399 sacerdotum
2979 4343 3031 4387 et
3064 4331 3327 4389 Phariswi
3356 4337 3448 4417 ,αἱ

1848 4418 2117 4486 .Pilatum,
2160 4422 2388 4477 dicentes
2411 4435 2432 4473 :
2479 4422 2722 4489 Domine,
2769 4424 3035 4477 recordati
3058 4441 3261 4491 smnus,
3311 4428 3438 4498 quia

1855 4512 2100 4566 seductor
2118 4511 2209 4567 ille
2233 4512 2369 4567 dixit
2398 4512 2574 4567 adhuc
2607 4514 2805 4581 uiuens,
2834 4523 2951 4584 post
2976 4524 3083 4570 tres
3122 4516 3240 4571 dies
3264 4533 3449 4571 resur-

1853 4619 1997 4675 9am,
2026 4603 2148 4671 iube
2192 4619 2314 4675 ergo
2343 4604 2600 4658 custodiri
2624 4604 2948 4676 sepulerunz,
2976 4615 3089 4662 etc.
3122 4605 3243 4661 Non
3276 4607 3439 4663 safe»

1852 4709 2006 4755 cerat
2026 4700 2362 4771 principibus
2382 4700 2727 4756 sacerdotum
2755 4709 2814 4756 et
2838 4700 3035 4756 scribis
3058 4717 3123 4757 ac
3147 4701 3450 4759 Pharisaeis

1851 4790 2192 4847 cruciﬁxisse
2217 4791 2505 4846 Dominum
2556 4790 2920 4858 Salutarem,
2967 4794 3074 4849 nisi
3125 4795 3447 4864 sepulcrum

1852 4883 2209 4950 custodirent,
2226 4883 2509 4939 cohortem
2530 4884 2860 4954 acciperent,
2883 4887 3169 4957 signarent
3180 4886 3447 4957 lapidi
3468 4914 3472 4917 -

1851 4982 1905 5029 et
1916 4982 2176 5045 quantum
2199 4974 2255 5029 in
2268 4974 2386 5031 illis
2395 4983 2737 5040 est,manum
2753 4986 3091 5047 opponerent
3107 4981 3441 5049 resurgenti,

1850 5073 1911 5119 ut
1938 5065 2214 5138 diligentia
2243 5081 2434 5121 eorum
2464 5069 2662 5122 nostra:
2691 5066 2814 5121 ﬁdei
2862 5067 3166 5137 proﬁceret.
3209 5068 3442 5135 Quanto»

1849 5154 1994 5210 enim
2022 5155 2252 5226 amplius
2292 5167 2561 5222 servatur,
2591 5164 2740 5211 tanto
2788 5156 2959 5226 magis
3003 5159 3436 5215 resurrectionis.

1851 5245 2024 5301 virtus
2062 5246 2385 5301 ostenditur.
2438 5245 2592 5302 Unde
2614 5253 2671 5300 et
2711 5256 3063 5302 monumento
3089 5243 3251 5314 novo,
3284 5249 3432 5321 quod

1855 5335 2098 5390 excisum
2128 5333 2307 5391 fuerat
2328 5336 2381 5392 in
2408 5337 2860 5408 petra,.conditus
2888 5344 2993 5403 est,
3025 5353 3093 5393 ne
3122 5338 3168 5394 si
3194 5354 3263 5393 ex
3294 5338 3433 5393 muf-

1855 5425 1925 5482 tis
1946 5427 2586 5499 lapidibus,.aediﬁcatum
2613 5440 2778 5495 esset,
2809 5430 3055 5488 suffossis
3081 5429 3271 5486 tumuli
3306 5422 3444 5483 funo‘

1853 5517 2124 5575 damentis
2155 5519 2365 5577 ablatus
2390 5518 2535 5576 furto
2560 5521 2851 5577 diceretur.
2882 5519 3036 5591 Quod
3062 5529 3240 5575 autem
3264 5517 3317 5570 in
3345 5529 3442 5571 se-

1850 5607 2039 5678 pulcro
2085 5611 2366 5680 ponendus
2418 5619 2586 5678 esset,
2618 5611 2901 5683 Propheta:
2941 5606 3306 5665 testimonium
3347 5592 3445 5659 esi

1853 5700 2084 5757 dicentis
2128 5720 2141 5755 :
2192 5699 2294 5757 Hic
2322 5702 2578 5758 Itabitalfil
2627 5705 2687 5757 in
2724 5702 2925 5758 excelsa
2972 5699 3217 5767 spelunca
3271 5701 3442 5762 νθηα
