3994 6206
303 234 410 291 21η
1114 234 1628 298 COLLECTIONES
1663 234 1731 290 IN
1769 233 2146 292 ΕΡΙὸΤοωὸ
2184 231 2271 290 ΕΤ
2311 230 2720 290 EVANGELIA.
3461 233 3571 289 202

301 326 453 406 sicut
484 355 572 404 est
596 345 734 402 alius
775 345 882 401 alio
929 347 1294 404 succulentior
1319 367 1334 404 :
1363 349 1450 405 vel
1491 349 1750 404 membris
1803 364 1894 404 ac-
1920 353 1971 413 Α
1999 350 2130 409 tuin
2156 348 2343 419 ipsius,
2373 363 2408 405 ο
2434 348 2615 413 homo,
2646 346 2988 418 susceptione
3023 344 3202 402 carnis
3226 347 3576 415 promeruisti

300 438 706 504 commodatur,
729 437 1052 503 ntdicimus,
1075 439 1350 505 vestitum,
1376 439 1893 504 calciatum,mna-
1994 440 2229 495 nominis
2283 439 2621 510 dignitatem.
2680 437 2808 493 Haec
2856 437 3002 492 enim
3069 437 3137 492 de
3176 451 3243 491 eo
3299 436 3573 504 dicuntur,

303 542 442 598 tum,
485 538 542 586 et
570 530 616 585 si
668 530 799 599 quid
838 528 1000 598 hujus
1031 530 1180 584 'modi
1225 539 1329 586 est.
1367 530 1752 586 Verumtamen
1790 529 1894 584 hoc

301 626 555 689 interest,
594 622 738 693 quod
780 622 1026 691 quaedam
1058 636 1248 677 eorum
1286 637 1406 692 qua
1437 622 1688 677 accidunt
1713 621 1890 685 nobis,

301 724 364 769 ut
403 713 652 769 habitum
689 710 914 776 faciant,
945 727 1054 766 non
1087 719 1367 766 mutantur
1393 726 1424 765 a
1447 710 1632 779 nobis,
1651 710 1746 765 sed
1775 709 1893 779 ipsa

302 819 406 860 nos
431 810 651 858 mutant
670 802 726 856 in
755 802 1063 870 semetipsa,
1105 802 1265 857 sicuti
1303 800 1571 871 sapientia
1587 814 1709 857 cum
1750 801 1894 856 acci-

303 898 383 952 dit
408 895 641 958 homini,
673 909 783 949 non
812 894 928 965 ipsa
956 901 1217 959 mutatur,
1265 894 1359 948 sed
1394 892 1669 948 hominem
1696 900 1890 960 mutat,

303 1001 470 1056 quem
498 985 565 1039 de
596 984 760 1040 stulto
805 985 1106 1054 sapientem
1136 983 1286 1039 facit.
1341 983 1599 1051 Quasdam
1631 999 1762 1040 vero
1813 984 1895 1040 sic

304 1077 581 1142 accidunt,
612 1084 674 1130 ut
705 1083 760 1131 et
798 1083 1009 1130 mutent
1051 1085 1108 1131 et
1147 1085 1444 1144 mutentur,
1474 1076 1635 1132 sicuti
1663 1077 1818 1134 cibus
1839 1084 1895 1133 et

304 1169 420 1237 ipse
447 1167 706 1222 amittens
730 1166 968 1237 speciem
997 1181 1171 1231 suam,
1201 1165 1255 1220 in
1281 1181 1480 1236 corpus
1504 1174 1751 1220 nostrum
1774 1181 1896 1220 ver-

305 1258 458 1319 titur,
483 1264 540 1310 et
568 1270 669 1308 nos
698 1253 887 1309 refecti
918 1255 973 1308 in
996 1255 1162 1309 robur
1189 1263 1481 1310 mutamur.
1534 1255 1776 1310 Tertium
1803 1268 1895 1326 ge-

302 1362 408 1400 nus
434 1353 538 1409 est,
576 1359 701 1398 cum
724 1345 840 1415 ipsa
878 1359 1000 1414 qua:
1027 1344 1293 1400 accedunt
1324 1351 1627 1411 mutantur,
1657 1351 1719 1398 ut
1742 1345 1896 1400 habi-

303 1444 420 1489 tum
481 1433 722 1499 faciant,
770 1441 826 1488 et
871 1435 1270 1503 quodammodo
1321 1433 1630 1489 formantur
1680 1435 1749 1490 ab
1789 1435 1891 1501 eis,

302 1525 503 1594 quibus
531 1524 773 1579 habitum
811 1522 1037 1588 faciunt,
1086 1523 1245 1579 sicuti
1271 1530 1358 1578 est
1397 1524 1583 1589 vestis,
1614 1535 1739 1578 nam
1771 1538 1896 1594 pro-

295 1611 467 1681 iecta,
499 1629 608 1667 non
628 1614 796 1668 habet
829 1627 950 1667 eam
980 1609 1235 1678 formam,
1275 1626 1438 1682 quam
1465 1627 1590 1667 cum
1626 1612 1890 1678 induitur,

1994 545 2061 585 ex
2091 545 2197 599 quo
2211 529 2442 589 Verbum
2463 544 2592 585 caro
2616 529 2820 584 factum
2843 536 2948 595 est,
2966 538 3023 585 et
3035 529 3302 584 habitavit
3323 529 3379 584 in
3399 529 3573 584 nobis.

1996 621 2103 692 (Ex
2123 621 2368 692 August.)
2400 621 2606 677 Praeter
2633 624 2736 678 hoc
2751 624 2894 693 quod
2933 632 3190 692 tanquam
3217 624 3271 676 in
3301 623 3499 694 templo
3523 624 3577 677 in

1995 708 2087 765 illo
2119 725 2346 780 corpore
2389 712 2597 767 habitat
2621 714 2799 768 omnis
2839 712 3464 783 plenitudodivinitatis,
3493 721 3581 768 est

1993 799 2140 855 aliud
2180 800 2323 869 quod
2367 801 2584 857 intersit
2636 803 2780 857 inter
2825 803 2957 858 illud
2991 812 3155 874 caput
3187 812 3243 860 et
3289 804 3578 874 cujuslibet

1992 891 2220 947 membri
2245 892 2643 948 excellentiam.
2675 894 2772 950 Est
2805 895 2964 966 plane
2986 897 3128 965 quod
3162 896 3418 966 singulari
3446 912 3579 966 qua-

1993 981 2118 1036 dam
2163 995 2505 1052 susceptione
2533 983 2768 1039 hominis
2821 984 2988 1050 illius,
3014 1001 3122 1039 una
3165 984 3310 1040 facta
3337 993 3423 1039 est
3454 999 3578 1054 per-

1993 1087 2125 1127 sona
2150 1087 2274 1127 cum
2307 1073 2502 1132 Verbo.
2536 1073 2613 1128 De
2660 1074 2807 1128 nullo
2828 1075 2974 1128 enim
3003 1085 3319 1130 sanctorum
3350 1074 3456 1129 dici
3480 1090 3578 1144 po-

1994 1164 2099 1218 tuit
2123 1171 2217 1218 aut
2243 1172 2441 1234 potest,
2467 1173 2561 1218 aut
2581 1164 2798 1233 poterit,
2824 1165 3066 1223 Verbum
3094 1179 3223 1220 caro
3240 1164 3441 1219 factum
3467 1172 3570 1219 est.

1992 1258 2181 1313 Nullus
2227 1265 2536 1314 sanctorum
2583 1257 2822 1328 qualibet
2859 1257 3170 1327 praestantia
3218 1257 3408 1327 gratias
3446 1257 3578 1315 Uni—

1993 1349 2159 1418 geniti
2189 1349 2284 1403 Dei
2333 1363 2526 1403 nomen
2566 1347 2796 1417 accepit,
2838 1355 2898 1401 ut
2927 1349 3071 1417 quod
3122 1355 3207 1402 est
3254 1348 3428 1416 ipsum
3479 1348 3576 1404 Dei

1984 1439 2216 1499 Verbum
2268 1445 2396 1492 ante
2425 1438 2650 1503 saecula,
2683 1439 2788 1492 hoc
2815 1437 2975 1492 simul
3014 1452 3137 1490 cum
3177 1442 3458 1506 assumpto
3480 1437 3578 1490 ho-

1994 1527 2139 1582 mine
2182 1527 2471 1581 diceretur.
2523 1525 2826 1598 Singularis
2879 1534 2965 1582 est
3017 1525 3108 1582 illa
3135 1527 3430 1595 susceptio,
3477 1539 3580 1580 nec

1994 1629 2116 1670 cum
2161 1615 2473 1671 hominibus
2516 1615 2790 1686 aliquibus
2846 1617 3070 1683 sanctis,
3109 1616 3446 1688 quantalibet
3491 1630 3580 1671 sa-

302 1703 494 1758 induta
529 1718 660 1774 ergo
689 1703 886 1773 accipit
911 1703 1142 1758 formam
1177 1718 1338 1773 quam
1368 1718 1476 1759 non
1503 1703 1738 1759 habebat
1760 1719 1893 1759 exu—
1920 1705 1966 1765 B
1994 1704 2210 1776 pientiaz
2254 1705 2541 1761 sanctitate
2587 1707 2988 1776 praestantibus,
3041 1707 3152 1762 ullo
3197 1707 3359 1762 modo
3399 1712 3580 1777 potest

303 1802 379 1846 ta.
401 1793 558 1859 Quod
582 1803 669 1849 est
688 1808 838 1865 ergo,
870 1793 1072 1848 Habitu
1113 1795 1353 1850 inventus
1374 1804 1430 1849 ut
1454 1797 1626 1861 homo,
1657 1796 1766 1852 nisi
1792 1798 1891 1852 ha-

302 1882 483 1938 bendo
522 1883 822 1950 hominem,
868 1885 1120 1940 inventus
1146 1891 1205 1939 ut
1232 1886 1394 1940 homo
1439 1886 1558 1941 est?
1588 1901 1696 1942 non
1745 1887 1892 1942 enim

302 1984 518 2045 poterat
553 1975 786 2029 inveniri
811 1983 872 2028 ut
893 1975 1077 2041 homo,
1106 1977 1176 2031 ab
1201 1976 1289 2031 his
1316 1977 1411 2047 qui
1431 1991 1526 2032 cor
1553 1977 1892 2032 immundum

305 2069 599 2134 habebant,
637 2075 692 2123 et
716 2069 945 2124 verbum
979 2070 1120 2139 apud
1143 2077 1356 2140 patrem
1393 2069 1578 2124 videre
1604 2083 1712 2123 non
1735 2075 1891 2138 pote-

305 2168 450 2225 rant,
491 2159 598 2214 nisi
644 2159 992 2229 suscipiendo
1028 2161 1134 2214 hoc
1161 2159 1306 2229 quod
1353 2165 1576 2228 possent
1602 2157 1810 2222 videre,
1839 2165 1896 2210 et

303 2265 402 2320 per
432 2251 578 2320 quod
619 2251 688 2305 ad
728 2251 859 2306 illud
893 2251 1072 2305 lumen
1126 2251 1358 2306 interius
1411 2250 1760 2305 ducerentur.
1785 2249 1894 2304 lste

303 2348 489 2394 autem
531 2339 752 2394 habitus
799 2353 906 2393 non
941 2348 1041 2404 est,
1080 2354 1149 2394 ex
1193 2339 1372 2409 primo
1427 2337 1520 2392 illo
1575 2351 1793 2408 genere,
1825 2337 1894 2391 de

304 2443 413 2497 quo
432 2429 684 2498 superius
706 2428 962 2495 diximus,
982 2445 1088 2485 non
1113 2430 1260 2485 enim
1286 2440 1514 2484 manens
1543 2428 1599 2483 in
1619 2443 1678 2484 se
1698 2437 1892 2483 natura

303 2519 563 2583 hominis,
595 2528 842 2576 naturam
870 2521 968 2577 Dei
992 2522 1368 2576 commutavit.
1396 2519 1580 2590 Neque
1601 2536 1666 2576 ex
1701 2534 1893 2576 secun-

301 2613 396 2676 do,
425 2626 535 2666 non
555 2612 700 2665 enim
731 2611 1038 2666 immutabit
1063 2611 1225 2668 homo
1250 2612 1442 2677 Deum,
1474 2619 1530 2667 et
1555 2617 1796 2666 mutatus
1825 2611 1894 2666 ab

301 2700 396 2756 illo
417 2711 524 2767 est,
553 2701 648 2756 sed
683 2703 864 2773 potius
889 2717 954 2756 ex
987 2703 1147 2758 tertio
1173 2714 1258 2758 est
1289 2703 1496 2770 habitu,
1531 2704 1612 2758 sic
1645 2704 1789 2758 enim
1813 2719 1895 2757 as-

301 2801 564 2863 sumptus
599 2806 700 2861 est,
743 2803 804 2849 ut
830 2802 1260 2851 commutaretur
1282 2794 1626 2851 inetiabiliter
1646 2804 1703 2850 et
1721 2794 1895 2850 excel-

302 2883 511 2939 lentius
546 2890 709 2953 atque
753 2885 1099 2955 conjunctius
1137 2899 1299 2955 quam
1325 2884 1493 2940 vestis
1531 2885 1601 2940 ab
1649 2883 1891 2948 homine,

300 2989 428 3030 cum
466 2975 727 3030 induitur.
756 2975 869 3032 Hoc
899 2992 1030 3048 ergo
1054 2978 1274 3032 nomine
1299 2977 1541 3042 habitus,
1573 2977 1708 3032 satis
1727 2976 1894 3047 signi-

301 3064 489 3120 ﬁcavit
513 3064 824 3136 Apostolus,
847 3070 1298 3138 quemadmodum
1338 3069 1537 3125 dixerit
1559 3069 1612 3122 in
1635 3067 1892 3123 simiiitu-
1919 3057 1966 3122 C

303 3155 483 3210 dinem
511 3157 795 3211 hominum
834 3157 1026 3224 factus,
1069 3158 1162 3228 qui
1197 3175 1300 3214 non
1355 3159 1890 3230 transﬁgurationem

305 3245 361 3300 in
389 3247 685 3312 hominem,
716 3249 812 3304 sed
839 3249 1024 3305 habitu
1053 3249 1229 3307 factus
1257 3263 1358 3316 est,
1391 3267 1514 3306 cum
1550 3252 1771 3308 indutus
1809 3260 1893 3308 est

304 3335 547 3402 homine,
582 3351 744 3406 quem
772 3338 875 3392 sibi
896 3339 1089 3393 uniens
1131 3340 1530 3409 quodammodo
1567 3349 1731 3410 atque
1767 3356 1894 3396 con-

304 3424 530 3479 ﬁrmans
553 3426 949 3482 immortalitati
980 3429 1380 3498 aeternitatique
1404 3429 1639 3485 sociare.

377 3514 693 3570 Ilumiliavit
743 3518 1093 3589 semetipsum,
1136 3519 1310 3588 factus
1353 3519 1597 3576 obediens
1633 3538 1797 3592 usque
1821 3523 1892 3575 ad

305 3615 543 3672 mortem,
567 3616 676 3661 etc.
703 3605 804 3662 llic
821 3609 978 3664 nobis
995 3609 1252 3678 perfectae
1273 3610 1598 3666 obedientiae
1618 3619 1892 3666 monstrat

306 3695 638 3765 exemplum,
691 3697 837 3751 nulla
873 3698 1018 3753 enim
1069 3707 1247 3768 potest
1291 3715 1439 3777 mors
1482 3700 1724 3755 deterior
1769 3715 1894 3755 esse

306 3797 482 3844 morte
505 3789 710 3844 crucis.

377 3877 606 3950 Propter
649 3879 788 3951 quod
835 3889 883 3934 et
907 3882 1051 3935 Deus
1079 3879 1329 3935 exultavit
1354 3881 1526 3934 illum.
1563 3881 1739 3937 Locus
1764 3883 1890 3946 iste,

305 3975 605 4028 secundum
655 3974 942 4028 humanam
991 3981 1244 4028 naturam
1286 3975 1466 4045 potius
1511 3974 1893 4045 intelligendus

306 4071 408 4127 est,
436 4079 605 4133 quam
632 4063 890 4118 divinam.
939 4063 1143 4119 Natura
1179 4065 1324 4122 enim
1352 4065 1589 4120 humana
1617 4065 1891 4120 humiliari

1991 1807 2113 1848 esse
2144 1795 2466 1849 communis.

2065 1882 2131 1938 Ut
2156 1885 2211 1939 in
2240 1885 2446 1940 nomine
2471 1884 2601 1940 Iesu
2628 1904 2780 1942 omne
2816 1904 2951 1959 genu
2986 1890 3231 1958 ﬂectatur
3267 1887 3575 1953 caelestium,

1991 1974 2340 2039 terrestrium,
2362 1984 2468 2030 etc.
2497 1974 2620 2031 Ideo
2645 1993 2744 2047 pro
2765 1978 3017 2032 omnibus
3033 1993 3226 2047 passus
3249 1986 3304 2032 et
3330 1985 3578 2032 mortuus

1991 2073 2098 2130 est,
2163 2071 2224 2120 ut
2281 2065 2460 2122 omnis
2516 2075 2765 2122 creatura
2823 2069 2876 2122 in
2925 2069 3144 2124 nomine
3190 2067 3309 2138 ejus
3358 2083 3578 2138 precem

1992 2151 2204 2219 fundat,
2253 2155 2553 2210 caelestium
2595 2160 3046 2213 commorantium
3089 2159 3142 2212 in
3188 2159 3348 2223 caalo,
3377 2166 3582 2214 terres-

1992 2244 2156 2298 trium
2182 2245 2482 2300 viventium
2524 2247 2580 2300 in
2607 2256 2774 2313 terra,
2801 2258 2856 2301 et
2880 2248 3242 2314 infernorum,
3265 2248 3380 2304 sive
3406 2249 3583 2303 homi-
3669 2235 3676 2242 ’

1992 2347 2122 2386 num
2162 2342 2523 2400 mortuorum,
2551 2337 2687 2402 sive,
2726 2346 2784 2392 ut
2811 2338 2977 2408 aliqui
3011 2339 3218 2404 volunt,
3247 2339 3315 2393 de
3339 2339 3578 2395 custodi-

1990 2421 2093 2476 bus
2117 2422 2250 2478 dicit
2283 2422 2642 2480 infernorum.

2064 2510 2134 2565 Et
2159 2513 2327 2567 omnis
2343 2513 2526 2584 lingua
2545 2515 2879 2584 conﬁteatur,
2911 2523 3020 2572 etc.
3071 2517 3133 2572 ω
3183 2523 3288 2584 est,
3333 2518 3578 2574 omnium

1991 2608 2050 2656 et
2066 2601 2401 2657 diversarum
2425 2605 2666 2675 gentium
2709 2605 2915 2676 lingua,
2948 2608 3052 2662 hoc
3085 2616 3190 2674 est,
3220 2609 3274 2663 in
3301 2617 3498 2664 natura
3523 2619 3582 2665 et

1993 2691 2162 2760 gloria
2206 2692 2445 2759 deitatis,
2491 2694 2618 2748 dum
2661 2693 2904 2764 ejusdem
2935 2705 3020 2752 est
3061 2697 3256 2768 gloria,
3301 2700 3457 2770 cujus
3496 2709 3582 2755 est

1991 2788 2165 2852 pater.

2307 2935 2649 2977 evsscsuuu
2684 2936 2921 2987 JOANNIS,
2963 2936 3081 2977 car.
3127 2938 3245 2977 xm.
3317 2912 3324 2917 ’

2071 3069 2090 3102 ι
2127 3050 2269 3106 Ante
2295 3051 2441 3108 diem
2465 3051 2662 3109 festum
2691 3053 2916 3110 Pascha:
2937 3054 3116 3110 sciens
3134 3054 3314 3123 Jesus,
3339 3058 3465 3127 quia
3489 3073 3581 3114 vc-

1998 3155 2018 3191 ι
2053 3140 2138 3194 nit
2178 3141 2313 3197 hora
2354 3141 2491 3212 ejus,
2521 3151 2581 3198 ut
2629 3152 2875 3200 transeat
2895 3160 2962 3200 ex
2996 3147 3102 3202 hoc
3143 3149 3348 3205 mundo
3376 3149 3445 3204 ad
3471 3149 3579 3204 Pa-

1998 3246 2017 3280 ι
2054 3238 2215 3287 trem.
2245 3232 2380 3289 Cum
2425 3234 2708 3290 dilexisset
2758 3251 2906 3302 suos,
2937 3238 3030 3307 qui
3069 3245 3228 3294 erant
3272 3239 3328 3293 in
3357 3241 3579 3306 mundo,

1997 3342 2016 3376 ι
2057 3325 2111 3380 in
2141 3323 2303 3381 finem
2334 3327 2522 3382 dilexit
2548 3340 2662 3382 eos.
2691 3327 2760 3381 Et
2800 3341 2956 3385 coena
2997 3328 3140 3384 facta
3186 3345 3310 3386 cum
3339 3330 3583 3387 diabolus

1997 3432 2018 3466 ι
2047 3413 2162 3484 jam
2191 3416 2432 3472 misisset
2454 3415 2510 3471 in
2537 3432 2654 3482 cor,
2687 3426 2750 3471 ut
2787 3419 3029 3474 traderet
3056 3433 3178 3474 eum
3207 3418 3376 3475 Judas
3405 3419 3583 3475 Simo-

1998 3523 2017 3556 ι
2055 3507 2138 3562 nis
2164 3505 2496 3572 lschariotis,
2537 3508 2719 3563 sciens
2743 3509 2871 3578 quia
2901 3509 3085 3564 omnia
3137 3510 3287 3566 dedit
3339 3511 3390 3566 ei
3419 3511 3582 3566 Pater

1998 3616 2015 3650 ι
2051 3598 2105 3653 in
2135 3612 2348 3663 manus,
2381 3605 2438 3651 et
2473 3597 2601 3667 quia
2626 3613 2655 3652 a
2687 3599 2798 3654 Deo
2839 3598 3030 3666 exivit,
3057 3607 3114 3654 et
3151 3599 3219 3654 ad
3243 3616 3369 3656 eum
3409 3601 3578 3666 vadit,

1999 3707 2017 3741 ι
2056 3689 2230 3759 surgit
2271 3703 2304 3743 a
2343 3703 2500 3747 omna
2522 3699 2579 3746 et
2614 3689 2768 3762 ponit
2812 3690 3135 3746 vestimenta
3185 3706 3302 3759 sua,
3355 3701 3412 3750 et
3456 3685 3582 3750 cum

1997 3797 2017 3831 ι
2054 3779 2355 3851 accepisset
2405 3780 2632 3837 linteum
2681 3781 2970 3852 praecinxit
3029 3796 3107 3836 se.
3167 3781 3374 3838 Deinde
3433 3783 3584 3839 misit

1997 3888 2016 3920 ‹
2057 3885 2252 3940 aquam
2283 3869 2339 3924 in
2358 3871 2580 3941 pelvim,
2613 3879 2669 3926 et
2687 3871 3052 3942 coepitlavare
3083 3871 3253 3940 pedes
3287 3871 3578 3940 discipulo—

1998 3978 2016 4012 ι
2055 3977 2206 4028 rum,
2251 3968 2309 4015 et
2351 3971 2635 4033 extergere
2684 3961 2852 4016 linteo
2905 3975 3014 4029 quo
3063 3969 3183 4015 erat
3234 3962 3575 4030 praecinctus.

1999 4073 2016 4106 ι
2056 4054 2216 4109 Venit
2262 4068 2393 4123 ergo
2421 4053 2491 4107 ad
2537 4053 2814 4106 Simonem
2853 4051 3094 4113 Petrum,
3133 4057 3189 4104 et
3221 4051 3353 4105 dicit
3401 4051 3452 4105 ei
3477 4050 3577 4106 Pe-

304 4161 360 4206 et
396 4153 624 4208 exaltari
668 4156 861 4224 potuit,
891 4171 998 4211 non
1042 4156 1242 4211 divina.
1275 4154 1334 4210 Si
1381 4171 1514 4227 ergo
1538 4163 1596 4210 et
1627 4170 1727 4210 nos
1751 4155 1891 4209 exal-

2000 4164 2016 4196 ι
2057 4155 2216 4201 trus:
2251 4144 2498 4210 Domine,
2547 4151 2604 4196 tu
2651 4143 2784 4197 mihi
2821 4143 2971 4197 lavas
3022 4141 3222 4210 pedes?
3277 4141 3578 4212 Respondit

305 4245 409 4298 tari
434 4246 708 4314 cupimus,
745 4246 858 4302 Deo
882 4263 948 4303 ac
981 4248 1186 4303 sanctis
1227 4246 1346 4316 ejus
1372 4261 1543 4317 usque
1563 4247 1632 4302 ad
1659 4256 1891 4302 mortem

305 4334 529 4388 obedire
579 4335 747 4390 etiam
795 4336 1075 4392 debemus.
1134 4337 1449 4409 Magistrum
1495 4336 1753 4391 humilem
1800 4351 1892 4390 su-

1997 4257 2015 4289 ι
2052 4238 2230 4303 Jesus,
2258 4244 2316 4291 et
2341 4236 2480 4291 dixit
2512 4235 2562 4291 ei
2592 4253 2604 4288 :
2634 4233 2787 4300 Quod
2813 4249 2913 4305 ego
2940 4233 3079 4288 facio
3104 4242 3160 4288 tu
3187 4233 3366 4288 nescis
3393 4234 3574 4299 modo,

1998 4348 2017 4381 ι
2056 4329 2198 4385 scies
2239 4335 2420 4382 autem
2445 4335 2653 4397 postea.
2685 4325 2828 4381 Dicit
2855 4325 2906 4380 ei
2943 4325 3138 4380 Petrus
3167 4343 3180 4380 :
3211 4325 3330 4380 Non
3368 4324 3578 4382 lavabis

304 4425 457 4493 perbi
494 4426 745 4494 discipuli
781 4441 888 4482 non
917 4442 1224 4497 sequamur,
1258 4442 1359 4482 nec
1380 4426 1667 4482 Dominum
1703 4425 1888 4480 mitem
1914 4412 1968 4471 D
1999 4439 2017 4473 ι
2055 4421 2188 4477 mihi
2235 4420 2402 4494 pedes
2451 4420 2504 4474 in
2539 4428 2821 4474 aeternum.
2863 4417 3163 4488 Respondit
3197 4419 3246 4473 ei
3273 4430 3432 4474 Jesus
3464 4435 3476 4472 :
3517 4413 3580 4472 Si

304 4515 448 4568 servi
477 4524 890 4572 contemnamus
933 4517 1151 4588 ingrati,
1176 4532 1276 4572 nec
1301 4517 1579 4588 indignum
1619 4517 1689 4572 sit
1735 4517 1893 4572 nobis

302 4604 604 4674 aqualibus
652 4608 894 4676 praebere
934 4607 1320 4674 ministerium,
1351 4624 1472 4664 cum
1502 4608 1591 4663 ille
1631 4609 1890 4665 Dominus

304 4692 598 4749 obsecutus
621 4696 694 4750 sit
718 4697 911 4753 servis.

373 4781 448 4836 Et
491 4784 706 4839 donavit
755 4785 833 4840 illi
883 4803 1091 4854 nomen,
1121 4797 1226 4844 etc.
1262 4787 1541 4856 Quomodo
1585 4790 1798 4860 accepit
1829 4799 1889 4845 ut

303 4874 526 4932 adorari
545 4878 808 4946 potuisset
838 4880 1064 4950 largitor
1084 4883 1328 4938 omnium
1359 4883 1661 4938 caelestium
1699 4900 1888 4940 mune-

302 4982 446 5034 rum,
468 4981 634 5038 quem
661 4984 768 5024 non
801 4969 974 5025 solum
1003 4972 1343 5041 patriarchas
1373 4979 1428 5026 et
1454 4975 1768 5043 praphetas,
1800 4988 1892 5029 ve-

302 5058 598 5114 rumetiam
641 5059 863 5131 angelos
900 5069 956 5115 et
993 5070 1308 5132 potestates,
1347 5063 1609 5120 cherubin
1643 5073 1698 5120 et
1743 5081 1892 5122 sera-

301 5153 458 5222 phin,
491 5151 692 5208 divinis
719 5154 1041 5210 testimoniis
1067 5155 1325 5211 adorasse
1355 5157 1752 5226 cognoscimus.
1781 5157 1892 5212 Aut

301 5244 577 5312 quomodo
599 5244 798 5300 dicitur
817 5246 1104 5311 exaltatus,
1120 5247 1212 5318 qui
1229 5249 1401 5319 magis
1429 5263 1526 5318 per
1554 5261 1887 5320 assumptam

302 5334 624 5391 humiliatus
683 5334 885 5392 dicitur
939 5341 1199 5394 carnem?
1248 5341 1448 5395 Verum
1507 5342 1553 5396 si
1616 5343 1883 5408 attendas,

300 5431 446 5500 quod
480 5429 720 5488 Verbum
757 5448 885 5488 caro
911 5431 1114 5489 factum
1137 5443 1241 5502 est,
1275 5451 1383 5490 non
1425 5452 1549 5492 eum
1600 5438 1887 5492 miraberis

299 5523 605 5578 exaltatum
626 5521 844 5589 referri,
863 5532 956 5579 aut
974 5539 1171 5582 nomen
1193 5527 1538 5596 praedicabile
1557 5530 1880 5599 suscepisse.

299 5615 356 5672 In
410 5617 529 5690 ipso
565 5616 712 5671 enim
741 5617 976 5673 humana
1005 5621 1348 5687 cognoscitur
1371 5620 1604 5676 exaltata
1651 5629 1880 5688 natura;

709 5713 980 5777 Ριτιιοι..
1038 5713 1168 5776 Cll.

2001 4530 2020 4563 ι
2060 4528 2167 4567 non
2208 4511 2392 4566 lavero
2419 4519 2492 4577 te,
2521 4526 2627 4566 non
2673 4509 2900 4565 habebis
2927 4517 3135 4579 partem
3165 4525 3400 4566 mecum.
3435 4510 3580 4567 Dicit

1999 4624 2019 4658 ι
2058 4605 2108 4660 ei
2163 4603 2350 4659 Simon
2390 4603 2582 4659 Petrus
2621 4620 2633 4655 :
2683 4601 2927 4666 Domine,
2987 4616 3092 4657 non
3151 4609 3358 4658 tantum
3409 4603 3576 4673 pedes

2001 4714 2020 4748 ι
2057 4710 2227 4760 meos,
2255 4693 2351 4750 sed
2375 4703 2432 4750 et
2467 4708 2660 4749 manus
2684 4700 2740 4748 et
2765 4702 2948 4764 caput.
2995 4690 3136 4748 Dicit
3172 4693 3223 4748 ei
3246 4691 3441 4748 Jesns:
3472 4693 3574 4762 Qui

1999 4803 2016 4837 ι
2056 4786 2198 4842 lotus
2222 4794 2329 4851 est,
2372 4801 2479 4840 non
2519 4785 2728 4856 indiget
2755 4784 2858 4839 nisi
2898 4793 2956 4838 ut
2985 4783 3150 4854 pedes
3173 4783 3337 4849 lavet,
3367 4785 3463 4840 sed
3490 4794 3576 4839 est

1999 4896 2018 4929 ‹
2056 4879 2288 4934 mundus
2317 4886 2483 4943 totus,
2510 4887 2565 4934 et
2585 4893 2682 4933 vos
2709 4876 2892 4932 mundi
2919 4877 3070 4939 estis,
3103 4876 3198 4930 sed
3226 4892 3334 4932 non
3359 4891 3570 4932 omnes.

1997 4987 2016 5020 ι
2053 4969 2272 5025 Sciebat
2316 4970 2462 5026 enim
2506 4970 2754 5038 quisnam
2799 4976 2944 5022 esset
2996 4967 3090 5038 qui
3141 4967 3382 5023 traderet
3423 4983 3570 5023 eum.

1996 5083 2014 5117 ι
2052 5065 2343 5136 Propterea
2369 5067 2526 5132 dixit,
2557 5082 2663 5120 non
2689 5065 2822 5120 estis
2836 5063 3020 5119 mundi
3044 5079 3253 5120 omnes.
3279 5063 3570 5134 Postquam

1998 5179 2018 5212 ι
2055 5176 2184 5231 ergo
2229 5161 2358 5216 lavit
2384 5162 2549 5232 pedes
2588 5175 2797 5224 eorum,
2833 5159 3047 5229 accepit
3092 5159 3416 5215 vestimenta
3448 5177 3568 5223 sua,

1997 5271 2016 5305 ι
2052 5261 2257 5308 etcum
2304 5251 2640 5306 recubuisset
2682 5251 2898 5316 iterum,
2926 5250 3063 5305 dixit
3108 5251 3208 5305 eis.
3248 5248 3412 5306 Scitis
3439 5250 3568 5320 quid

1999 5363 2016 5397 ι
2053 5343 2273 5400 fecerim
2301 5344 2487 5399 vobis?
2529 5345 2637 5401 Vos
2668 5345 2875 5400 vocatis
2919 5360 3007 5401 me
3056 5345 3316 5416 magister
3360 5353 3416 5398 et
3459 5343 3574 5398 Do~

1998 5455 2018 5488 ι
2055 5437 2218 5500 mine,
2267 5442 2322 5490 et
2352 5435 2489 5490 bene
2516 5434 2716 5490 dicitis.
2764 5433 2898 5490 Sum
2931 5435 3132 5491 etenim
3163 5453 3177 5488 :
3209 5433 3266 5488 Si
3290 5447 3422 5503 ergo
3466 5447 3568 5503 ego

1997 5549 2017 5583 ι
2054 5529 2161 5586 lavi
2202 5528 2367 5599 pedes
2409 5535 2636 5594 vestros,
2668 5529 2920 5585 dominus
2957 5537 3013 5584 et
3058 5526 3336 5599 magister,
3386 5534 3444 5581 et
3468 5541 3568 5582 vos

1998 5639 2017 5672 ι
2057 5619 2263 5677 debetis
2281 5618 2416 5675 alter
2437 5619 2660 5675 alterius
2679 5621 2861 5676 lavare
2887 5620 3069 5689 pedes.
3100 5615 3418 5685 Exemplum
3442 5617 3572 5674 dedi
