3954 6200
379 237 483 293 ἳὶιῧ

1656 231 1937 287 SllAliAC
1947 229 2010 284 Dl
2052 229 2345 286 ABBA'I'IS

3549 221 3660 283 2οι

386 373 404 406 ι
445 353 617 416 vobis,
646 359 704 406 ut
743 348 1194 420 quemadmodum
1218 362 1318 420 ego
1355 346 1456 402 feci
1479 345 1659 410 vobis,
1689 345 1764 398 ita
1791 351 1845 400 et
1869 357 1965 396 vos
1993 346 2043 404 Α
2068 354 2191 396 cum
2220 339 2275 395 in
2316 338 2478 394 rebus
2517 337 2770 394 humanis
2793 347 2978 408 postea
3025 336 3249 402 vivitur,
3280 336 3470 408 utique
3509 345 3658 396 terra

386 462 404 495 ι
444 442 674 500 faciatis.
725 463 742 495 ι

578 549 688 589 ιιιιί
725 548 1010 590 AUGUSTI)"
1051 546 1214 588 DICTL
1249 547 1315 586 D3
1353 544 1511 587 C(ENA
1554 541 1759 584 υυιιιιιι.

449 624 659 680 Pascha
699 633 819 685 nos
853 622 1138 678 Hebreum
1182 636 1378 678 nomen
1423 629 1525 686 est,
1553 633 1660 674 non
1691 617 1962 672 Graecum.

380 713 846 784 Opportunissime
870 720 1051 768 tamen
1078 711 1319 767 occurrit
1348 710 1403 764 in
1435 710 1540 765 hoc
1582 707 1802 762 nomine
1824 719 1970 775 quae-

381 807 502 859 dam
541 804 888 877 congruentia
917 811 1272 872 utrarumque
1316 801 1643 871 linguarum.
1696 797 1798 864 Qui
1821 797 1968 852 enim

380 904 580 969 πάσχω
607 895 826 960 Grazee,
873 895 1062 949 Latine
1114 894 1291 964 patior
1333 892 1550 947 dicitur.
1602 890 1726 946 Ideo
1764 890 1968 960 pascha

379 989 564 1058 passio
609 995 796 1057 putata
849 995 951 1050 est,
985 985 1133 1040 velut
1175 985 1280 1040 hoc
1309 996 1506 1040 nomen
1545 997 1577 1035 a
1615 982 1868 1052 passione
1893 981 1969 1035 ita

381 1075 706 1146 appellatum
749 1083 852 1131 est.
903 1075 960 1129 ln
1011 1089 1108 1129 sua
1130 1089 1261 1130 vero
1291 1073 1496 1144 lingua,
1525 1074 1632 1128 hoc
1659 1079 1760 1138 est,
1788 1072 1842 1126 in
1864 1071 1969 1126 lle-

379 1166 548 1232 liraaa,
575 1166 775 1236 pascha
818 1166 1090 1222 transiens
1135 1165 1350 1220 dicitur.
1396 1164 1510 1221 Hoc
1553 1166 1736 1234 itaque
1771 1179 1968 1219 nomen

380 1259 753 1330 interpretans
804 1259 960 1315 nobis
1009 1260 1198 1314 beatus
1234 1258 1606 1328 Evangelista,
1659 1266 1781 1310 ante
1829 1257 1968 1310 diem

381 1350 590 1419 festum,
615 1350 812 1420 inquit,
835 1349 1066 1421 paschw,
1095 1349 1263 1404 sciens
1289 1347 1468 1414 Iesus,
1504 1349 1628 1420 quia
1653 1347 1788 1401 venit
1817 1347 1968 1412 liora,

381 1449 439 1492 ut
461 1440 707 1494 transiret
733 1456 798 1495 ex
821 1440 918 1493 hoc
961 1439 1155 1493 mundo
1180 1438 1249 1493 ad
1276 1437 1514 1493 Patrem.
1565 1439 1705 1493 Ecce
1749 1439 1968 1508 pascha,

380 1543 508 1584 ecce
527 1529 806 1586 transitus.
829 1528 980 1586 Unde
1001 1537 1056 1586 et
1072 1529 1249 1598 quod?
1261 1529 1340 1585 De
1353 1530 1458 1584 hoc
1469 1529 1680 1584 scilicet
1691 1529 1894 1583 mundo
1905 1527 1974 1581 ad

380 1630 614 1692 patrem,
664 1635 790 1692 spes
835 1621 1094 1678 membris
1120 1621 1175 1676 in
1202 1622 1381 1692 capite
1427 1629 1512 1676 est
1539 1621 1685 1687 data,
1715 1618 1860 1689 quod
1888 1633 1977 1674 es-

381 1724 506 1770 sent
534 1714 627 1769 illo
651 1721 969 1769 transeunte
991 1713 1113 1769 sine
1136 1712 1304 1767 dubio
1322 1720 1596 1768 secutura.
1924 1781 1926 1783 g

452 1802 586 1858 Cum
607 1801 878 1858 dilexisset
907 1818 1031 1857 suos
1055 1802 1145 1873 qui
1183 1810 1332 1855 erant
1358 1802 1413 1854 in
1435 1800 1631 1856 mundo
1649 1841 1664 1866 ,
1697 1807 1804 1856 etc.
1833 1799 1974 1866 Quid

380 1900 466 1948 est
493 1893 638 1946 enim
660 1891 714 1947 in
754 1891 912 1961 ﬁnem
935 1891 1120 1953 dilexit
1154 1907 1266 1957 eos,
1295 1890 1400 1945 nisi
1428 1891 1484 1944 in
1504 1889 1816 1946 Christum?
1851 1889 1974 1944 finis

381 1983 526 2037 enim
579 1982 717 2055 legis
759 1980 1012 2038 Christus
1071 1981 1141 2037 ad
1176 1980 1447 2051 justitiam
1514 1981 1662 2036 omni
1706 1979 1970 2036 credenti.

379 2073 578 2139 Aliter,
594 2074 651 2128 in
678 2072 836 2142 ﬁnem
870 2072 1080 2138 dilexit,
1110 2087 1284 2144 usque
1309 2072 1378 2128 ad
1399 2080 1633 2127 mortem
1659 2071 1874 2138 dilexit,
1920 2071 1974 2126 id

380 2170 487 2227 est,
517 2176 689 2232 usque
730 2163 798 2216 ad
847 2171 1081 2217 mortem
1121 2161 1271 2216 illum
1298 2161 1522 2216 dilectio
1572 2160 1662 2214 illa
1695 2159 1970 2230 perduxit,

298 2240 300 2242 ’
381 2253 510 2323 quia
547 2263 759 2308 tantum
778 2252 969 2308 dilexit
989 2250 1137 2318 suos,
1169 2261 1230 2306 ut
1256 2263 1561 2306 moreretur
1590 2257 1812 2319 propter
1855 2263 1970 2304 eos.

347 2413 353 2420 _
452 2342 526 2396 Et
555 2357 702 2398 cana
730 2342 897 2412 facta,
946 2358 1068 2396 cum
1096 2339 1344 2396 diabolus
1371 2337 1618 2394 misisset.
1651 2337 1819 2394 Cinna
1845 2351 1975 2408 ergo

385 2435 549 2500 facta,
595 2434 801 2490 dictum
845 2441 948 2499 est,
971 2432 1087 2504 jam
1136 2442 1350 2504 parata,
1394 2429 1448 2486 et
1474 2429 1975 2510 adqconvivantium

385 2539 629 2580 mensam
673 2539 941 2594 usumque
989 2523 1275 2594 perducta,
1330 2536 1439 2576 non
1483 2527 1759 2575 transacta
1802 2532 1976 2586 neque

383 2613 558 2668 finita.
617 2613 676 2669 Si
718 2615 940 2684 quieris,
969 2613 1102 2685 quid
1141 2613 1352 2668 miserit
1389 2612 1634 2668 diabolus
1660 2611 1715 2666 in
1759 2625 1855 2666 cor
1877 2608 1973 2665 Ju-

381 2706 483 2768 dae,
512 2706 616 2760 hoc
641 2706 850 2775 utique,
882 2713 944 2760 ut
973 2706 1218 2761 traderet
1250 2717 1398 2758 eum.
1426 2701 1610 2758 Missio
1632 2703 1735 2757 ista
1774 2716 1883 2756 non
1915 2699 1978 2755 ιιι

381 2811 482 2866 per
505 2810 716 2861 aurem,
753 2795 850 2850 sed
891 2810 992 2865 per
1018 2794 1424 2866 cogitationem.
1457 2791 1576 2847 Jam
1606 2791 1731 2846 talis
1755 2799 1978 2846 venerat

382 2887 452 2942 ad
473 2886 779 2942 convivium
805 2886 1116 2958 explorator
1137 2885 1398 2957 pastoris,
1419 2884 1706 2940 insidiator
1733 2883 1978 2938 Salvato-

383 2979 484 3044 ris,
505 2978 756 3034 venditor
774 2975 1176 3047 Redemptoris.

453 3065 656 3132 Sciens,
678 3067 802 3138 quia
823 3069 1001 3121 omnia
1022 3067 1164 3122 dedit
1191 3069 1239 3121 ei
1266 3064 1434 3121 Pater
1456 3067 1512 3120 in
1538 3079 1750 3131 manus,
1774 3073 1825 3118 et
1850 3065 1976 3137 quia

387 3172 420 3208 a
445 3155 551 3208 Deo
571 3155 749 3219 exivit,
786 3164 836 3208 et
865 3155 934 3208 ad
966 3155 1136 3210 Deum
1165 3155 1329 3221 vadit,
1359 3163 1468 3213 etc.
1499 3154 1558 3212 Si
1595 3155 1778 3210 omnia
1829 3153 1977 3210 dedit

382 3245 434 3301 ei
473 3244 633 3298 Pater
666 3244 723 3299 in
748 3259 963 3312 manus,
999 3259 1130 3317 ergo
1155 3253 1211 3301 et
1250 3247 1430 3316 ipsum
1465 3245 1809 3301 traditorem.
1837 3243 1979 3300 Nam

384 3339 432 3394 si
453 3340 630 3410 ipsum
679 3341 732 3394 in
766 3339 1018 3395 manibus
1046 3330 1152 3394 non
1189 3340 1451 3404 haberet,
1499 3353 1608 3393 non
1658 3337 1848 3406 utique
1878 3335 1974 3392 illo

383 3439 632 3486 uteretur
675 3439 735 3485 ut
760 3431 941 3487 vellet.
986 3430 1222 3486 Proinde
1251 3431 1482 3485 traditor
1508 3428 1742 3484 traditus
1779 3436 1900 3483 erat
1929 3429 1980 3484 el

310 3547 324 3554 ν
385 3537 548 3591 quem
589 3523 805 3579 tradere
831 3523 1108 3594 cupiebat.
1140 3521 1321 3592 Atque
1349 3523 1424 3576 ita
1468 3522 1672 3576 malum
1717 3522 1980 3580 tradendo

383 3614 645 3678 faciebat,
668 3623 727 3667 ut
749 3614 818 3668 de
843 3615 1042 3670 tradito
1072 3615 1273 3669 bonum
1305 3613 1642 3682 ﬁeret,quod
1672 3613 1972 3667 nesciebat.

387 3706 609 3760 Sciebat
636 3706 781 3768 enim
821 3705 1085 3759 Dominus
1137 3706 1268 3774 quid
1314 3705 1520 3760 faceret
1546 3720 1646 3775 pro
1675 3705 1890 3768 amicis,
1916 3720 1980 3759 ac

385 3799 468 3853 sic
489 3798 670 3852 omnia
700 3797 924 3852 dederat
969 3796 1130 3852 Pater
1168 3798 1226 3852 in
1276 3811 1472 3851 manus
1499 3796 1638 3867 ejus,
1689 3803 1746 3849 et
1779 3795 1836 3849 in
1878 3809 1980 3851 usu

386 3888 550 3953 mala,
573 3896 628 3942 et
663 3889 716 3942 in
746 3887 942 3944 ell'ectu
981 3888 1146 3943 bona.

459 3979 641 4051 Surgit
663 3998 696 4034 a
718 3996 863 4035 cinna
887 3991 935 4035 et
956 3982 1101 4053 ponit
1117 3981 1418 4036 vestimenta
1441 3997 1562 4046 sua,
1579 3987 1686 4036 etc.
1701 3979 1834 4035 Cum
1851 3995 1981 4050 ergo

387 4072 465 4128 illi
492 4074 632 4128 Deus
656 4072 822 4128 Pater
851 4074 1036 4128 omnia
1082 4073 1322 4129 dedisset
1355 4073 1408 4126 in
1441 4089 1657 4138 manus,
1689 4072 1780 4128 ille
1811 4073 1979 4126 disci-

384 4166 638 4234 pulorum
670 4181 777 4220 non
807 4181 1020 4232 manus,
1049 4167 1144 4222 sed
1168 4166 1334 4237 pedes
1366 4165 1516 4220 lavit.
1544 4165 1610 4219 Et
1639 4181 1761 4219 cum
1793 4180 1851 4219 se
1877 4164 1982 4219 sci-

388 4265 475 4311 ret
489 4272 520 4311 a
534 4257 645 4312 Deo
656 4258 838 4313 exisse
861 4265 917 4311 et
941 4273 1168 4328 pergere
1184 4257 1251 4312 ad
1270 4258 1458 4322 Deum,
1483 4273 1589 4311 non
1617 4256 1714 4310 Dei
1742 4256 1981 4321 Domini,

388 4347 485 4401 sed
514 4347 752 4401 hominis
781 4348 924 4401 servi
956 4346 1196 4415 implevit
1231 4344 1490 4412 cilicium,
1527 4363 1628 4402 nec
1652 4345 1797 4401 illius
1831 4346 1982 4401 dedi-

389 4447 587 4508 gnatus
615 4445 701 4493 est
725 4439 889 4507 pedes
927 4437 1128 4502 lavare,
1160 4436 1316 4504 cujus
1341 4453 1534 4492 manus
1557 4437 1672 4506 jam
1720 4439 1982 4508 praevide-

388 4527 486 4580 liat
528 4527 582 4579 in
639 4527 844 4580 scelere
893 4525 1042 4578 cruci
1070 4527 1313 4595 'gendus.
1345 4525 1470 4580 Suis
1515 4527 1847 4597 exspoliatus
1896 4536 1983 4582 est

389 4618 748 4679 vestimentis,
793 4625 846 4671 et
894 4627 1162 4682 mortuus,
1192 4618 1463 4673 involutus
1506 4629 1591 4674 est
1640 4621 1846 4686 linteis,
1887 4638 1982 4676 ex-

391 4705 656 4775 spoliatus
681 4713 785 4771 est,
818 4713 873 4760 et
896 4713 1006 4759 tota
1038 4705 1125 4758 illa
1151 4705 1270 4775 ejus
1309 4709 1490 4776 passio
1519 4717 1702 4764 nostra
1726 4711 1981 4781 purgatio

384 4804 495 4850 ‘est.
521 4796 692 4850 Tanta
723 4805 805 4852 est
831 4798 1030 4867 quippe
1070 4798 1319 4851 human-.1:
1348 4799 1565 4854 utilitati
1599 4800 1892 4865 humilitas,
1922 4815 1981 4856 ut

392 4902 515 4941 eam
544 4890 949 4944 commendaret
968 4905 1066 4945 suo
1089 4890 1354 4962 exemplo,
1378 4892 1543 4946 etiam
1568 4892 1868 4948 divinitatis
1895 4911 1985 4949 su-

392 4975 653 5032 blimitas.
681 4978 820 5044 Quid
849 4988 932 5034 cst
960 4998 973 5034 :
1007 4980 1154 5035 venit
1174 4995 1308 5052 ergo
1335 4981 1406 5036 ad
1427 4980 1703 5038 Simonem
1729 4982 1986 5039 Petrum?

395 5068 550 5136 quasi
580 5069 851 5140 aliquibus
879 5070 994 5139 jam
1020 5071 1276 5139 levasset,
1309 5089 1415 5128 non
1466 5074 1544 5129 ita
1580 5075 1986 5146 intelligendum

383 5167 500 5225 est,
525 5160 667 5231 quod
697 5168 818 5230 post
839 5161 1050 5232 aliquos
1067 5162 1138 5218 ad
1165 5161 1318 5217 illum
1347 5164 1590 5230 venerit,
1627 5166 1721 5221 sed
1753 5168 1898 5237 quod
1916 5169 1986 5224 ab

384 5249 490 5305 illo
517 5253 768 5322 coeperit.

469 5343 574 5408 Qui
605 5343 744 5398 lotus
769 5355 876 5411 est,
907 5363 1011 5402 non
1050 5347 1204 5403 habet
1254 5366 1408 5420 opus,
1454 5350 1557 5405 nisi
1602 5350 1758 5422 pedes
1786 5349 1983 5419 lavare,

395 5439 486 5492 sed
511 5446 586 5490 est
611 5437 836 5492 mundus
861 5447 1022 5503 totus,
1036 5449 1140 5496 etc.
1158 5439 1356 5511 Utique
1375 5442 1610 5497 mundus
1625 5449 1772 5498 totus
1790 5450 1991 5514 przeter

395 5533 580 5602 pedes.
611 5533 784 5590 llomo
807 5535 1025 5605 quidem
1049 5535 1103 5590 in
1134 5544 1326 5592 sancto
1341 5535 1611 5606 baptismo
1644 5546 1789 5599 totus
1817 5537 1992 5593 ablui-

398 5629 510 5688 tur,
520 5641 631 5681 non
651 5637 850 5685 master
869 5629 1056 5696 pedes,
1074 5629 1168 5684 sed
1187 5626 1588 5685 totusemnino.
1603 5629 1989 5686 Verumtamen

2068 430 2331 488 calcatur.
2353 429 2460 500 Ipsi
2502 430 2666 501 igitur
2693 430 2912 486 humani
2939 429 3189 495 allectus,
3218 429 3337 486 sine
3377 430 3661 500 quibusin

2067 521 2171 576 hac
2197 521 2525 578 mortalitate
2557 535 2667 576 non
2689 520 2912 586 vivitur,
2927 521 3081 590 quasi
3111 519 3276 589 pedes
3301 529 3443 583 sunt,
3476 522 3571 580 ubi
3591 539 3661 580 ex

2069 612 2324 670 humanis
2356 612 2519 667 rebus
2546 609 2834 678 allicimnr,
2867 612 2971 668 hoc
2999 613 3115 682 ipse
3151 611 3483 683 evangelista
3509 623 3667 682 pate-

2068 699 2199 757 fecit
2215 719 2226 756 :
2244 701 2454 758 Sciebat
2480 703 2618 758 enim
2635 742 2648 767 ,
2679 703 2876 771 inquit,
2903 703 3145 772 quisnam
3167 714 3296 757 esset
3319 705 3410 774 qui
3433 705 3663 761 traderet

2067 809 2185 846 eum
2227 807 2245 844 :
2299 791 2429 858 Vos,
2481 793 2690 862 inquit,
2742 794 2937 848 vocatis
2971 809 3054 848 me
3095 794 3347 863 magister
3380 803 3431 848 et
3480 795 3664 850 Domi-

2070 898 2133 936 ne
2155 922 2171 947 ,
2213 882 2339 936 bene
2366 881 2564 947 dicitis,
2590 898 2706 935 sum
2731 881 2921 936 etenim
2939 921 2954 947 ,
2989 881 3111 936 ideo
3138 882 3278 941 bene
3305 881 3492 952 dicitis
3534 884 3665 955 quia

2071 990 2216 1030 sum.

2143 1063 2201 1120 Si
2223 1081 2315 1136 ego
2343 1065 2444 1120 lavi
2473 1065 2629 1136 pedes
2665 1075 2878 1132 vestros,
2904 1064 3162 1122 Dominus
3206 1076 3253 1122 et
3283 1067 3562 1136 magister,
3609 1076 3667 1122 et

2071 1155 2297 1224 reliqua.
2341 1155 2612 1211 Discimus
2664 1158 2810 1212 enim
2837 1196 2852 1222 ,
2894 1156 3130 1222 fratres,
3178 1158 3542 1214 humilitatem
3594 1161 3666 1215 ab

2071 1246 2307 1311 excelso,
2336 1246 2600 1302 faciamus
2629 1246 2864 1302 invicem
2903 1247 3165 1311 humiles,
3197 1249 3343 1316 quod
3386 1249 3668 1305 humiliter

2071 1335 2201 1393 fecit
2248 1336 2518 1392 excelsus.
2565 1336 2676 1392 Nec
2701 1337 3016 1407 dedignetur
3044 1338 3190 1407 quod
3215 1338 3346 1393 fecit
3389 1339 3665 1406 Christus,

2071 1424 2252 1481 facere
2305 1425 2668 1482 Christianus.
2720 1424 2857 1480 Nam
2906 1426 3052 1495 quod
3108 1426 3242 1481 dicit
3285 1444 3299 1480 :
3352 1427 3666 1499 Exemplum

2073 1516 2194 1570 dedi
2223 1515 2386 1581 vobis,
2413 1525 2472 1569 ut
2501 1515 2942 1586 quemadmodum
2995 1533 3088 1586 ego
3140 1517 3243 1586 feci
3286 1519 3454 1584 vobis,
3491 1521 3568 1573 ita
3616 1532 3666 1574 et

2075 1624 2164 1666 vos
2194 1607 2426 1677 faciatis,
2463 1606 2702 1662 ostendit
2742 1606 2920 1672 nobis,
2947 1613 3008 1660 ut
3035 1607 3081 1661 si
3126 1607 3249 1675 quis
3277 1608 3540 1664 adversus
3567 1609 3670 1664 ali-

1999 1697 2047 1756 B
2075 1715 2236 1771 quem
2266 1699 2432 1754 habet
2482 1697 2792 1769 querelam,
2840 1698 2985 1753 sicut
3015 1697 3278 1754 Dominus
3303 1699 3523 1754 donavit
3569 1716 3671 1755 no-

2075 1793 2179 1857 bis,
2210 1791 2286 1846 ita
2328 1798 2384 1846 et
2412 1805 2515 1846 nos
2545 1789 2799 1845 invicem.
2827 1789 3014 1859 Itaque
3046 1791 3205 1846 nobis
3250 1791 3446 1847 delicta
3495 1793 3668 1848 done-
3737 1859 3743 1863 _

2075 1896 2219 1946 mus,
2245 1888 2301 1936 et
2319 1895 2420 1950 pro
2450 1881 2654 1935 nostris
2693 1879 2905 1935 delictis
2933 1880 3168 1936 invicem
3195 1895 3437 1938 oremus.
3485 1881 3668 1952 Atque

2076 1970 2152 2025 ita
2198 1970 2598 2040 quodammodo
2648 1970 2880 2026 invicem
2927 1972 3094 2041 pedes
3141 1980 3360 2028 nostros
3400 1973 3666 2030 lavemus.

2075 2059 2334 2116 Nostrum
2382 2068 2486 2126 est,
2515 2061 2754 2124 donante
2798 2060 2947 2132 ipso,
2990 2061 3356 2117 ministerium
3383 2063 3671 2120 cbaritatis

2074 2162 2133 2209 et
2177 2153 2501 2208 humilitatis
2552 2153 2846 2218 adhibere,
2894 2153 3040 2208 illius
3079 2162 3197 2220 est,
3256 2155 3546 2221 exaudire,
3604 2171 3672 2211 ac

2076 2261 2178 2301 nos
2226 2246 2296 2300 ab
2344 2246 2493 2300 omni
2521 2253 2871 2314 peccatorum
2899 2246 3365 2302 eontamiuatione
3398 2249 3668 2303 mundare

2075 2349 2174 2405 per
2215 2333 2494 2389 Christum
2533 2343 2590 2388 et
2637 2335 2694 2388 in
2745 2335 3002 2401 Christo,
3056 2345 3116 2390 ut
3161 2338 3306 2406 quod
3343 2337 3464 2419 aliis
3502 2340 3666 2393 etiam

2077 2425 2424 2490 remittimus,
2460 2425 2563 2480 hoc
2583 2434 2700 2490 est,
2733 2426 2790 2480 in
2816 2435 2959 2482 terra
2991 2426 3284 2491 solvimus,
3329 2427 3571 2483 solvatur
3610 2429 3667 2483 in

2077 2517 2234 2577 caelo.

2146 2610 2335 2677 Amen,
2367 2627 2519 2665 amen
2565 2610 2682 2665 dico
2713 2610 2880 2676 vobis,
2913 2626 3019 2664 non
3053 2619 3128 2664 est
3166 2625 3344 2664 senius
3373 2610 3553 2677 maior
3575 2610 3671 2664 do-

2077 2703 2219 2756 mino
2245 2719 2362 2767 suo,
2393 2711 2449 2759 et
2501 2702 2730 2772 reliqua.
2782 2702 2898 2758 lloc
2940 2703 3062 2758 ideo
3093 2703 3251 2768 dixit,
3295 2702 3422 2772 quia
3461 2701 3670 2756 laverat

2079 2791 2464 2861 discipulorum
2486 2791 2652 2862 pedes
2680 2791 2940 2862 magister
2961 2791 3303 2858 humilitatis,
3331 2799 3388 2846 et
3421 2793 3584 2846 verbo
3613 2801 3668 2845 et

2079 2883 2351 2954 exemplo.

2000 3037 2049 3101 c
2081 2994 2546 3101 (δῗξῖζξῖείὲῗῗίῆἳ
2557 2993 3672 3101 Ρίῗὶἒῗρῗῗξᾶῗαῖἒξυῗῖἷὲξίῖξέωεῗῖἷ,3⁸⁷³3

2149 3063 2363 3120 Domini
2392 3068 2446 3119 in
2491 3063 2567 3120 se'
2588 3063 2966 3135 complectitur,
2993 3081 3116 3119 nam
3147 3063 3367 3118 aureum
3419 3063 3593 3127 illum,
3625 3076 3672 3118 et

2147 3137 2518 3194 suavissimum
2555 3135 2752 3190 Christi
2796 3151 3120 3199 sermonem,
3171 3151 3322 3204 quem
3354 3136 3674 3203 evangelista

2148 3207 2381 3263 Joannes
2408 3207 2561 3260 habet
2583 3222 2700 3276 cap.
2734 3220 2985 3276 xm,ixtv,
3018 3221 3110 3270 xv,
3143 3220 3256 3269 xw,
3285 3220 3419 3276 xvii,
3457 3221 3556 3276 seu
3586 3221 3677 3276 cg-

2148 3293 2335 3347 gneam
2363 3273 2660 3329 cantionem
2697 3293 2808 3347 qua
2836 3275 3077 3347 Christus
3105 3276 3214 3328 suis
3243 3273 3508 3347 valedicil,
3529 3273 3676 3347 sub-

2149 3345 2324 3411 nectit,
2354 3355 2402 3399 et
2433 3347 2586 3408 mira,
2614 3345 2705 3399 sed
2734 3345 2879 3399 clara
2905 3345 3151 3398 brevitate
3175 3360 3240 3397 ea;
3260 3345 3566 3397 orthodox—is
3587 3361 3657 3412 pa

2155 3417 2345 3481 tribus,
2380 3417 2640 3484 exponit.)

2152 3527 2276 3584 Non
2299 3525 2365 3580 de
2387 3526 2630 3582 omnibus
2650 3527 2792 3580 vobis
2824 3526 2961 3592 dico,
2988 3542 3081 3597 ego
3110 3526 3220 3579 scio
3243 3541 3374 3596 quos
3401 3523 3671 3594 elegerint.

2079 3618 2262 3686 Quos?
2293 3619 2397 3673 nisi
2424 3633 2519 3673 eos
2544 3618 2636 3687 qui
2667 3618 2812 3673 beati
2846 3625 3028 3682 erunt,
3056 3615 3304 3671 faciendo
3330 3633 3449 3687 quae
3471 3631 3679 3685 praece-

2077 3710 2176 3779 pit.
2205 3709 2322 3764 Non
2349 3717 2436 3765 est
2461 3725 2528 3764 ex
2551 3709 2632 3764 eis
2655 3709 2777 3774 iste,
2808 3708 2900 3777 qui
2922 3723 3121 3778 panem
3147 3706 3292 3760 illius
3338 3707 3416 3761 sic
3453 3705 3675 3771 edebat,

2080 3810 2139 3854 ut
2176 3816 2338 3871 super
2373 3816 2497 3855 eum
2529 3800 2738 3855 levaret
2780 3800 3114 3854 ealcaneum.
3163 3798 3242 3851 llli
3272 3797 3676 3852 manducabant

2079 3907 2275 3962 panem
2318 3893 2552 3957 Domini,
2594 3892 2682 3946 ille
2731 3907 2924 3962 panem
2980 3891 3192 3946 Domini
3241 3899 3430 3945 contra
3493 3889 3678 3944 Domi-

2081 3997 2207 4036 num
2239 4001 2250 4034 :
2284 3982 2361 4036 illi
2397 3976 2586 4046 vitam,
2638 3981 2726 4037 ille
2769 3996 3006 4052 pinnam.
3033 3980 3258 4048 Amodo,
3309 3981 3506 4050 inquit,
3554 3981 3676 4034 dico

2080 4074 2252 4140 vobis,
2280 4075 2586 4144 priusquam
2618 4058 2732 4142 ﬁat,
2756 4083 2809 4126 ut
2845 4073 3092 4140 credatis,
3117 4087 3234 4126 cum
3263 4073 3461 4141 factum
3493 4071 3676 4140 fuerit,

2079 4168 2204 4238 quia
2230 4183 2322 4238 ego
2351 4184 2467 4221 sum
2490 4167 2674 4240 (Joan.
2699 4165 2840 4237 xm).
2873 4160 2928 4221 Id
2955 4175 3058 4233 est,
3092 4182 3193 4237 ego
3219 4183 3339 4221 sum
3363 4166 3453 4221 ille
3478 4167 3544 4221 de
3567 4181 3679 4235 quo

2085 4258 2365 4329 Scriptura
2393 4256 2689 4329 pﬂecessit,
2713 4259 2805 4314 ubi
2837 4259 3040 4312 dictum
3083 4267 3166 4312 est
3205 4274 3218 4311 :
3250 4257 3354 4323 Qui
3389 4257 3678 4310 ntanducat

2008 4367 2271 4455 Dpanem
2318 4368 2510 4415 meum,
2555 4350 2740 4405 levabit
2779 4367 2936 4418 super
2980 4366 3060 4404 me
3106 4349 3436 4404 calcanenm.
3471 4349 3680 4403 Deinde

2089 4443 2336 4508 sequitur
2360 4449 2415 4494 et
2450 4441 2581 4494 dicit
2614 4457 2627 4494 :

2161 4532 2345 4596 Amen,
2375 4547 2525 4585 auten
2554 4532 2672 4585 dico
2719 4531 2876 4595 vobis,
2922 4533 3013 4602 qui
3040 4532 3229 4602 accipit
3257 4548 3374 4586 eum
3395 4571 3410 4596 ,
3436 4531 3482 4584 si
3522 4547 3678 4599 quem

2089 4624 2300 4687 misero,
2341 4639 2422 4676 me
2448 4621 2654 4691 accipit.
2688 4622 2742 4675 ld
2775 4631 2880 4686 est,
2910 4622 3208 4676 secundum
3242 4621 3536 4675 hominem.
3571 4618 3680 4684 Qui

2090 4723 2263 4764 autem
2291 4728 2372 4765 me
2398 4712 2608 4781 accipit,
2656 4711 2847 4781 accipit
2891 4710 3124 4781 eumqui
3153 4709 3294 4763 misit
3335 4725 3447 4772 me,
3499 4708 3553 4762 id
3595 4716 3681 4761 est

2091 4802 2182 4870 qui
2215 4802 2410 4870 accipit
2440 4818 2525 4855 me
2551 4805 2848 4856 secundum
2873 4801 3065 4867 Deum,
3091 4800 3291 4870 accipit
3311 4814 3436 4854 eum
3466 4799 3559 4869 qui
3591 4814 3681 4854 me

2092 4895 2258 4947 misit.
2287 4893 2378 4948 Sic
2400 4908 2637 4963 namque
2669 4895 3038 4962 unusquisque
3073 4906 3197 4946 eum
3229 4890 3321 4960 qui
3356 4897 3443 4944 est
3477 4889 3682 4943 missus

2092 4988 2346 5058 accipiat,
2383 4997 2441 5042 ut
2472 4987 2527 5042 in
2558 4987 2649 5042 illo
2685 5002 2810 5042 eum
2837 4988 2930 5056 qui
2966 4986 3114 5041 misit
3150 4984 3412 5040 attendat.
3447 4981 3504 5037 Si
3530 4982 3681 5036 enim

2092 5078 2342 5133 attendas
2371 5076 2648 5132 Christum
2679 5077 2734 5130 in
2767 5061 2952 5141 Petro,
2992 5075 3239 5130 invenies
3260 5071 3510 5143 discipuli
3531 5087 3680 5142 pra:-

2093 5179 2390 5241 eeptorem.
2429 5168 2485 5223 Si
2527 5179 2706 5224 autem
2746 5169 2996 5223 attendas
3048 5167 3267 5223 Patrem
3298 5167 3353 5220 in
3402 5165 3570 5230 Filio,
3605 5165 3687 5220 in-

2095 5264 2279 5318 venies
2301 5261 2563 5331 unigeniti
2587 5262 2908 5332 genitorem.
2939 5259 3017 5315 Ac
3037 5261 3120 5316 sic
3160 5261 3213 5314 in
3252 5274 3320 5314 eo
3347 5258 3439 5329 qui
3479 5257 3686 5313 missus

2095 5364 2198 5420 est,
2227 5356 2344 5411 sine
2369 5355 2476 5409 ullo
2511 5368 2702 5408 errore
2737 5354 3035 5422 accipimus
3065 5353 3391 5407 mittentem.

2165 5445 2299 5500 Cum
2323 5447 2434 5500 haec
2465 5445 2680 5498 dixisset
2701 5444 2880 5508 Iesus,
2918 5443 3160 5497 turbatus
3193 5451 3269 5495 est
3297 5440 3508 5510 spiritu.
3539 5432 3688 5504 Quid

2096 5546 2179 5594 est
2215 5551 2366 5608 ergo,
2399 5536 2542 5605 quod
2585 5535 2675 5591 ille
2717 5536 2970 5590 turbatus
3015 5541 3140 5599 est,
3190 5530 3296 5586 nisi
3345 5529 3472 5600 quia
3530 5525 3690 5580 intir.

2090 5645 2206 5685 nios
2262 5631 2316 5683 in
2367 5643 2466 5684 suo
2503 5641 2753 5695 corpore,
2779 5627 2880 5682 hoc
2906 5635 3015 5695 est,
3046 5625 3098 5679 in
3129 5638 3229 5679 sua
3275 5618 3540 5685 Ecclesia,
3570 5631 3686 5672 sua
