3954 6200
276 277 392 338 205

1101 271 1620 330 COLLECTIONES
1656 271 1720 327 ΙΝ
1761 269 2142 329 EPISTOLAS
2178 267 2265 328 ET
2308 268 2721 331 EVANGELIA.

3448 273 3558 333 1οῧ

277 385 621 446 inﬁrmitatis
668 381 973 439 voluntaria
1021 381 1372 437 similitudine
1408 381 1719 437 consolatus
1759 389 1862 436 est.
1894 383 1945 441 Α
1971 379 2038 433 Et
2060 380 2225 447 Deus,
2250 381 2444 450 inquit,
2473 380 2797 451 clari/Beatus
2817 391 2892 437 est
2917 383 2973 436 in
3014 399 3092 438 eo.
3122 377 3243 454 Ipsa
3270 379 3416 443 enim
3448 387 3558 444 clas

277 478 512 548 Quando
559 476 832 541 turbatur,
861 474 956 544 qui
1008 487 1116 527 non
1172 474 1487 528 turbaretur
1523 472 1626 527 nisi
1658 471 1866 538 volens,

279 586 411 625 eum
441 566 759 623 consolatur
780 564 872 633 qui
904 563 1158 617 turbatur
1187 570 1243 616 et
1269 561 1480 617 nolens.

354 658 688 730 Aspiciebant
714 671 837 726 ergo
869 653 1162 708 adinvicem
1191 652 1454 722 discipuli,
1483 653 1784 707 ha’sitantes
1806 653 1872 708 de

278 765 385 818 quo
407 748 625 811 diceret,
651 754 708 801 et
731 744 958 814 reliqua.
993 741 1086 797 Sic
1132 742 1331 812 quippe
1380 743 1433 796 in
1461 741 1542 797 eis
1589 751 1712 797 erat
1741 757 1870 813 erga

279 837 607 909 magistrum
655 849 813 890 suum
857 834 946 903 pia
1000 832 1260 896 charitas,
1306 839 1366 886 ut
1399 840 1581 887 tamen
1627 847 1722 888 eos
1770 835 1872 888 hu-

278 945 445 984 mana
481 927 713 981 alterum
762 925 829 980 de
858 924 1029 978 altero
1059 923 1365 978 stimularet
1392 923 1700 979 inﬁrmitas.
1733 924 1869 980 Nota

277 1019 499 1088 quidem
529 1015 632 1070 sibi
656 1021 776 1069 erat
803 1012 1064 1082 cujusque
1091 1011 1444 1078 conscientia,
1467 1023 1867 1078 verumtamen,

276 1110 405 1180 quia
441 1107 675 1179 proximi
702 1114 823 1160 erat
865 1106 1068 1176 ignota,
1099 1106 1173 1159 ita
1212 1105 1314 1159 sibi
1341 1104 1588 1175 singulas
1635 1107 1868 1176 quisque

278 1212 464 1257 certus
487 1208 626 1263 erat,
657 1205 716 1252 ut
760 1195 952 1251 incerti
993 1203 1198 1260 essent,
1221 1205 1273 1250 et
1297 1196 1513 1250 caeteris
1545 1195 1762 1267 singuli,
1813 1204 1869 1250 et

279 1291 511 1360 singulis
535 1288 739 1345 caeteri.
772 1286 908 1340 Erat
943 1301 1064 1356 ergo
1096 1285 1398 1339 recumbens
1430 1297 1568 1339 unus
1611 1301 1678 1340 ea:
1710 1286 1870 1340 disci-

275 1385 418 1457 palis
439 1385 552 1453 ejus
592 1384 648 1438 in
671 1382 791 1436 sinu
811 1379 961 1434 Iesu.
1009 1378 1112 1446 Qui
1139 1377 1276 1432 dixit
1302 1380 1358 1432 in
1390 1379 1530 1446 sinu,
1561 1379 1719 1450 paulo
1745 1385 1870 1449 post

278 1478 378 1539 ait,
434 1489 591 1545 super
620 1481 815 1543 pectus,
854 1470 970 1541 ipse
999 1475 1083 1524 est
1118 1467 1384 1532 Joannes,
1437 1466 1593 1538 cujus
1644 1478 1727 1525 est
1765 1472 1869 1527 hoc

274 1565 650 1638 Evangelium.
679 1562 868 1632 Itaque
907 1577 1030 1617 cum
1061 1563 1424 1627 recubuisset,
1450 1563 1526 1617 ait
1563 1562 1674 1629 ille,
1705 1579 1868 1633 supra

275 1670 472 1731 pectus
509 1655 658 1721 Iesu,
696 1656 785 1710 hic
823 1663 908 1710 est
931 1654 1118 1724 utique
1145 1655 1382 1726 pectoris
1407 1655 1557 1710 sinus
1587 1656 1867 1725 sapientiae

1977 471 2206 528 riﬁcatio
2233 468 2446 528 estFilii
2481 473 2738 539 hominis,
2763 481 2824 528 ut
2865 475 3008 529 Deus
3037 473 3364 532 clariﬁeetur
3385 478 3441 534 in
3469 494 3555 536 eo.

1974 561 2045 615 Et
2077 564 2354 628 continuo,
2396 563 2610 633 inquit,
2658 563 2967 633 clari/icavit
3007 581 3166 633 eum,
3207 570 3560 626 resurrectio-

1973 667 2097 707 nem
2141 653 2350 709 scilicet
2377 669 2529 710 suam
2555 694 2569 720 ,
2598 669 2705 709 non
2733 655 2874 711 sicut
2916 667 3160 711 nostram
3207 658 3261 712 in
3303 657 3414 717 ﬁne
3453 675 3557 716 sae-

1973 741 2108 808 culi,
2153 743 2249 800 sed
2277 743 2533 799 continuo
2580 743 2818 799 futuram
2852 744 2956 801 hac
2992 747 3342 803 attestatione
3363 749 3562 822 {trauli-

1971 847 2119 889 cens.

2041 920 2250 991 Filioli,
2275 924 2449 978 adhuc
2469 925 2733 979 modicum
2758 925 3020 980 vobiscum
3041 943 3179 982 sum.
3201 925 3283 984 Ne
3299 937 3560 999 putarent

1970 1027 2122 1085 ergo,
2153 1014 2296 1084 quod
2319 1013 2400 1069 sic
2424 1028 2548 1069 eum
2577 1014 2975 1072 clariﬁcaturus
3003 1025 3150 1072 esset
3169 1017 3332 1086 Deus,
3361 1028 3423 1076 ut
3445 1035 3557 1078 non

1968 1103 2050 1158 eis
2077 1103 2501 1175 eonjungeretur
2524 1104 2754 1160 ulterius
2797 1119 2860 1160 ea
2895 1110 3308 1165 conversatione
3350 1125 3459 1182 qua
3499 1113 3558 1168 in

1971 1203 2118 1250 terra
2147 1205 2272 1251 est:
2329 1195 2538 1262 Adhuc,
2566 1197 2761 1268 inquit,
2809 1199 3074 1254 modicum
3104 1201 3368 1257 vobiscum
3410 1220 3555 1272 sum,

1971 1296 2228 1356 tanquam
2250 1286 2484 1342 diceret:
2504 1286 2774 1343 Continuo
2795 1288 3013 1358 quidem
3030 1292 3432 1348 resurrectione
3452 1293 3561 1348 cla~

1970 1379 2242 1446 riticabor,
2261 1393 2369 1435 non
2402 1391 2584 1436 tamen
2609 1381 2866 1436 continuo
2892 1396 3220 1438 ascensurus
3252 1383 3310 1438 in
3327 1385 3556 1451 caelum,

1969 1471 2065 1526 sed
2085 1472 2261 1526 adhuc
2282 1473 2555 1527 modicum
2583 1472 2861 1527 vobiscum
2891 1487 3034 1538 sum,
3067 1473 3211 1528 sicut
3237 1475 3383 1529 enim
3422 1476 3560 1530 scri-

1968 1569 2120 1632 ptum
2146 1570 2230 1616 est
2264 1562 2320 1616 in
2345 1562 2558 1618 actibus
2584 1561 2968 1631 Apostolorum
2996 1561 3147 1634 (Cap.
3176 1562 3217 1636 ι)
3235 1603 3252 1630 ,
3277 1563 3408 1621 fecit
3432 1580 3558 1621 cum

1969 1655 2049 1709 eis
2072 1663 2194 1725 post
2220 1655 2680 1710 resurrectionem
2708 1654 3070 1727 quadraginta
3101 1657 3236 1723 dies,
3267 1657 3481 1714 intrans
3500 1668 3558 1714 et

275 1760 569 1816 secretum,
599 1751 731 1805 dicit
752 1748 802 1804 ei
831 1768 844 1802 :
871 1749 1114 1814 Domine,
1136 1749 1252 1820 quis
1291 1748 1405 1803 est?
1429 1747 1729 1819 Respondit
1771 1748 1864 1805 Je-
1895 1736 1940 1795 Β
1967 1746 2177 1812 exiens,
2208 1747 2542 1801 manducans
2574 1752 2632 1802 et
2676 1746 2898 1812 bibens,
2927 1759 3035 1801 non
3077 1747 3296 1817 quidem
3348 1749 3557 1807 habens

277 1861 374 1901 sus
410 1843 548 1898 :Ille
596 1852 668 1896 est
696 1843 781 1896 cui
825 1841 1104 1896 intinctam
1154 1856 1342 1910 panem
1389 1857 1705 1910 porrexero;
1747 1855 1866 1895 cum

274 1936 574 1988 intimisset
610 1948 820 2004 panem,
851 1931 994 1985 dedit
1020 1929 1180 1984 Iuda:
1205 1943 1223 1982 :
1245 1939 1369 2002 post
1395 1945 1591 2001 panem
1621 1930 1870 1986 introivit

274 2027 332 2080 in
380 2025 533 2079 illum
582 2022 832 2078 Satanas.
887 2021 1189 2091 Expressus
1233 2028 1318 2076 est
1350 2020 1604 2087 traditor,
1652 2019 1868 2076 nudata:

275 2124 408 2169 sunt
445 2114 666 2168 latebrae
706 2112 1074 2168 tenebrarum.
1099 2111 1310 2171 Bonum
1337 2119 1422 2166 est
1463 2110 1604 2182 quod
1637 2113 1865 2182 accepit,

275 2209 374 2264 sed
434 2208 574 2261 malo
623 2221 720 2261 suo
763 2205 1005 2275 accepit,
1066 2205 1196 2275 quia
1251 2206 1394 2260 male
1447 2207 1650 2261 bonum
1697 2207 1870 2262 malus

277 2300 508 2370 accepit.
541 2299 680 2366 Quid
708 2307 828 2353 erat
859 2305 1039 2352 autem
1065 2297 1224 2368 panis
1255 2295 1504 2352 traditori
1533 2297 1689 2353 datus
1709 2339 1723 2363 ,
1763 2299 1868 2354 nisi

276 2388 669 2444 demonstratio
722 2387 810 2442 cui
854 2388 1041 2457 gratia:
1070 2385 1268 2442 fuisset
1315 2387 1596 2456 ingratus?
1642 2386 1871 2442 intravit

275 2497 412 2551 ergo
463 2481 670 2535 homini
711 2480 925 2550 ingrato
976 2480 1132 2548 panis
1165 2477 1219 2534 in
1254 2488 1532 2546 ventrem,
1593 2481 1764 2536 hostis
1813 2481 1868 2535 in

277 2579 540 2626 mentem.
593 2570 659 2624 Et
705 2569 835 2624 dicit
864 2570 911 2624 ei
947 2568 1105 2624 Jesus
1135 2583 1148 2622 :
1183 2568 1338 2635 Quod
1371 2570 1504 2640 facis
1551 2571 1637 2640 fac
1689 2573 1864 2626 citius.

277 2659 398 2715 Non
439 2661 699 2732 praecepit
728 2660 969 2726 facinus,
1022 2659 1116 2714 sed
1163 2661 1410 2728 praedixit
1445 2657 1595 2716 Iudae
1641 2661 1865 2726 malum,

277 2751 440 2806 nobis
493 2751 714 2814 bonum,
766 2764 874 2804 non
925 2760 1034 2804 tam
1086 2749 1141 2803 in
1186 2750 1488 2820 perniciem‘
1518 2749 1710 2822 perﬁdi
1769 2767 1869 2806 sa:-

276 2842 498 2907 viendo,
549 2853 710 2910 quam
742 2841 810 2895 ad
849 2839 1079 2895 salutem
1123 2839 1362 2894 ﬁdelium
1415 2839 1738 2907 festinando,
1779 2839 1869 2896 ille

276 2936 475 2998 agebat
515 2934 789 3005 negotium
840 2947 952 2988 su:e
1000 2932 1343 2999 venditionis,
1392 2933 1495 2988 iste
1547 2941 1745 2989 nostrae
1782 2947 1869 2989 re-

273 3026 625 3097 demptionis.

1965 1837 2240 1892 esuriendi
2279 1852 2342 1892 ac
2387 1835 2604 1892 sitiendi
2647 1845 2967 1907 egestatem,
3012 1837 3108 1892 sed
3142 1852 3314 1907 usque
3351 1839 3420 1894 ad
3451 1839 3556 1894 ista

1966 1927 2150 1983 carnis
2195 1928 2479 1982 insinuans
2504 1927 2813 1993 veritatem,
2845 1941 2966 1997 quae
3000 1927 3218 1983 cibandi
3246 1943 3311 1984 ac
3327 1929 3556 1998 potandi

1961 2021 2076 2092 jam
2117 2035 2229 2075 non
2256 2020 2492 2075 habebat
2515 2019 2919 2087 necessitatem,
2946 2019 3043 2074 sed
3074 2027 3416 2089 potestatem.
3444 2020 3558 2078 Hos

1967 2127 2096 2184 ergo
2141 2110 2497 2183 quadraginta
2542 2109 2660 2165 dies
2707 2109 3034 2181 signiﬁcavit
3072 2109 3301 2166 dicendo
3327 2125 3342 2164 :
3370 2111 3559 2167 Adhuc

1966 2201 2231 2254 modicum
2282 2199 2544 2253 vobiscum
2574 2213 2714 2263 sum,
2762 2213 2832 2252 an
2887 2198 3034 2254 aliud
3075 2199 3316 2268 aliquid?
3366 2187 3553 2256 Potest

1965 2291 2113 2344 enim
2143 2297 2198 2345 et
2227 2290 2309 2344 sic
2337 2288 2584 2360 intelligi,
2613 2289 2791 2344 adhuc
2812 2290 3083 2344 modicum
3105 2290 3385 2346 vobiscum
3411 2305 3553 2346 sum.

1967 2381 2159 2437 Adhuc
2207 2382 2347 2436 sicut
2375 2395 2473 2436 vos
2519 2381 2576 2434 in
2623 2381 2729 2435 hac
2786 2377 3106 2435 inﬁrmitate
3153 2380 3339 2437 carnis
3390 2382 3559 2438 etiam

1968 2475 2086 2544 ipse
2106 2487 2244 2540 sum,
2261 2474 2433 2528 donec
2462 2473 2671 2529 scilicet
2695 2482 3007 2529 moreretur
3027 2482 3194 2544 atque
3222 2484 3554 2547 resurgeret,

1969 2566 2096 2635 quia
2143 2564 2863 2636 posteaquam'resurrexit,
2897 2577 3023 2620 eum
3065 2564 3173 2621 illis
3215 2566 3432 2637 quidem
3457 2565 3563 2622 fuit

1969 2658 2182 2724 diebus,
2210 2665 2270 2712 ut
2293 2657 2498 2713 dictum
2521 2664 2607 2712 est
2627 2697 2643 2722 ,
2673 2656 3036 2728 quadraginta
3072 2656 3416 2713 exhibitione
3443 2673 3563 2714 cer~

1967 2747 2171 2819 poralis
2205 2748 2531 2819 praesentiae,
2561 2747 2660 2802 sed
2703 2761 2809 2801 non
2838 2760 2964 2801 cum
3007 2745 3115 2801 illis
3141 2744 3246 2801 fuit
3283 2748 3562 2804 consortio

1968 2837 2306 2894 inﬁrmitatis
2327 2839 2598 2893 humanae.

2041 2929 2292 2997 Quart-itis
2313 2945 2414 2995 me,
2447 2933 2496 2983 et
2544 2929 2679 2983 sicut
2703 2928 2816 2984 dixi
2842 2927 3070 2993 ludatis,
3109 2943 3214 2998 quo
3252 2941 3346 3000 ego
3391 2930 3560 2997 vado,

1967 3039 2057 3077 vos
2096 3037 2202 3076 non
2225 3022 2438 3091 potestis
2469 3021 2658 3084 venire,
2685 3029 2736 3074 et
2782 3019 2925 3076 vobis
2951 3020 3071 3074 dico
3112 3018 3290 3075 modo.
3317 3019 3432 3078 lloc
3455 3030 3560 3090 est,

349 3083 485 3170 Haec
517 3127 690 3170 autem
737 3131 886 3170 nemo
931 3113 1082 3169 scivit
1132 3113 1588 3180 discumbentium,
1636 3115 1707 3169 ad
1734 3113 1862 3187 quid
1893 3083 1936 3146 δ
1970 3112 2130 3168 modo
2157 3083 2265 3168 non
2312 3111 2563 3182 potestis.
2597 3111 2690 3166 lsti
2718 3111 2904 3180 itaque
2951 3125 3058 3166 non
3088 3118 3344 3182 poterant
3377 3083 3566 3169 venire

275 3207 474 3261 dixerit
503 3206 570 3272 ei,
599 3206 814 3278 quidam
861 3206 999 3260 enim
1026 3204 1312 3275 putabant,
1341 3206 1482 3276 quod
1530 3204 1730 3261 loculos
1770 3206 1865 3260 Ita-

277 3297 462 3360 bebat,
500 3305 606 3352 etc.
632 3297 802 3352 Habet
823 3309 953 3368 ergo
971 3301 1028 3350 et
1059 3295 1319 3351 Dominus
1345 3294 1569 3361 loculos,
1593 3303 1648 3350 et
1676 3309 1708 3349 a
1735 3295 1868 3350 ﬁde-

278 3391 424 3446 libus
459 3389 636 3445 oblata
657 3403 1004 3455 conservans,
1027 3398 1082 3443 et
1109 3403 1331 3443 suorum
1354 3389 1786 3454 necessitatibus,
1813 3393 1868 3442 et

280 3483 402 3538 aliis
431 3482 798 3552 indigentibus
834 3481 1128 3536 tribuebat.
1173 3479 1329 3536 Tunc
1375 3481 1592 3556 quidem
1627 3482 1866 3552 primum

279 3577 676 3631 Ecclesiastica:
703 3576 945 3647 pecunia:
981 3573 1158 3630 forma
1203 3585 1287 3632 est
1338 3576 1603 3638 instituta,
1637 3576 1729 3630 ubi
1780 3576 1866 3629 in-

282 3668 672 3739 telligeremus,
705 3669 846 3736 quod
872 3668 1161 3737 praecepit,
1195 3684 1301 3722 non
1356 3666 1701 3738 cogitandum
1747 3678 1868 3721 esse

282 3759 346 3813 de
374 3758 640 3822 crastino,
672 3773 780 3811 non
810 3757 876 3811 ad
921 3757 1025 3810 hoc
1063 3757 1231 3812 fuisse
1257 3765 1610 3828 prmceptum,
1647 3762 1708 3810 ut
1736 3756 1868 3810 nihil

280 3853 528 3922 pecunias
582 3859 892 3906 servaretur
921 3865 951 3904 a
981 3851 1204 3916 sanctis,
1241 3850 1336 3904 sed
1381 3865 1450 3904 ne
1477 3849 1588 3904 Deo
1634 3862 1734 3918 pro
1763 3849 1867 3903 ista

279 3947 585 4010 serviatur,
627 3953 683 3999 et
727 3953 948 4015 propter
985 3944 1177 4014 inopiae
1228 3943 1479 3998 timorem
1516 3939 1731 4009 iustitia
1776 3941 1869 3996 de-

280 4046 517 4092 seratur.
548 4035 685 4090 Nam
734 4051 857 4090 cum
909 4035 1208 4105 accepisset
1247 4033 1334 4089 ille
1379 4032 1695 4098 buccellam,
1739 4032 1871 4089 exiit

277 4127 581 4191 continuo,
638 4133 758 4181 erat
811 4140 940 4180 nox.
980 4125 1114 4181 Cum
1163 4140 1295 4196 ergo
1342 4125 1555 4191 exiret,
1611 4140 1736 4180 mox
1792 4125 1871 4178 ait

283 4216 440 4274 Iesus
475 4236 490 4272 :

357 4306 516 4361 Nunc
544 4307 870 4377 clari/icatus
896 4306 1020 4362 estF
1019 4307 1138 4364 ilius
1165 4307 1409 4360 hominis.
1442 4305 1568 4360 Dies
1610 4319 1740 4375 ergo
1765 4305 1869 4360 diei

284 4397 809 4461 eructavitverbum,
827 4397 878 4450 id
901 4404 1002 4460 est,
1032 4394 1278 4450 Christus
1300 4395 1578 4466 discipulis
1600 4394 1868 4461 ﬁdelibus,

285 4493 343 4537 ut
372 4484 624 4541 audirent
653 4500 776 4540 eum
810 4493 864 4540 et
897 4492 1140 4538 amarent
1168 4485 1460 4555 sequendo.
1492 4484 1561 4539 Et
1589 4500 1698 4539 nox
1726 4485 1869 4540 noeti

287 4575 629 4628 annuntiavit
656 4575 960 4640 scientiam,
992 4575 1044 4631 id
1087 4585 1188 4641 est,
1226 4576 1393 4631 Judas
1421 4576 1620 4632 Judzeis
1645 4576 1874 4632 inﬁdeli-

285 4667 407 4729 bus,
445 4671 506 4719 ut
537 4665 787 4720 venirent
825 4664 892 4719 ad
922 4679 1046 4719 eum
1098 4673 1152 4719 et
1178 4666 1642 4736 apprehenderent
1692 4680 1876 4722 uerse-

286 4758 522 4828 quendo.

362 4848 540 4914 Nunc,
580 4848 776 4918 inquit,
805 4843 1124 4918 clariﬁcalus
1153 4845 1278 4902 estF
1279 4848 1394 4904 ilius
1427 4849 1675 4903 hominis.
1709 4849 1878 4904 Video

285 4944 375 4998 hic
395 4943 600 5013 aliquid
629 4943 772 5014 quod
793 4941 1102 5015 przeﬁguret
1123 4958 1400 5014 magnum.
1433 4942 1578 4996 Exiit
1602 4939 1630 4996 Ι
1637 4942 1790 5006 udas,
1816 4950 1872 4996 et

289 5033 617 5089 clariﬁcatus
645 5043 727 5090 est
751 5031 908 5089 Jesus
929 5049 944 5089 :
969 5034 1102 5088 exiit
1123 5031 1265 5088 ﬁlius
1286 5033 1626 5104 perditionis,
1642 5040 1697 5087 et
1709 5033 1869 5088 clari-

290 5125 481 5180 ﬁcatus
508 5133 594 5180 est
623 5117 765 5179 ﬁlius
783 5124 1035 5180 hominis.
1063 5123 1154 5179 Ille
1180 5124 1376 5193 quippe
1405 5123 1635 5188 exierat,
1652 5132 1873 5194 propter

290 5229 450 5284 quem
481 5215 685 5270 dictum
709 5215 790 5270 eis
836 5223 983 5280 erat,
1014 5220 1069 5270 et
1093 5229 1192 5269 vos
1221 5214 1401 5269 mundi
1448 5213 1602 5279 estis,
1643 5214 1737 5269 sed
1765 5221 1872 5269 non

291 5321 500 5361 omnes.
529 5304 775 5360 Exeunte
808 5307 992 5378 itaque
1020 5305 1319 5372 immundo,
1346 5321 1536 5361 omnes
1573 5307 1758 5362 mundi
1790 5321 1873 5360 re-
1923 5339 1928 5344 -

293 5406 627 5462 manserunt,
651 5402 707 5452 et
750 5411 874 5452 cum
898 5412 998 5452 suo
1027 5397 1348 5452 mundatore
1380 5404 1714 5451 manserunt.
1745 5394 1875 5451 Tale

294 5486 495 5556 aliquid
510 5486 635 5553 erit,
659 5501 783 5542 cum
805 5487 979 5542 victus
1010 5502 1041 5540 a
1068 5485 1286 5542 Christo
1311 5487 1588 5542 transierit
1608 5487 1698 5542 hic
1727 5502 1876 5541 mun-

295 5576 413 5642 dus,
437 5584 495 5632 et
515 5591 676 5631 nemo
717 5575 773 5630 in
819 5577 1018 5648 pepulo
1064 5573 1268 5631 Christi
1307 5577 1610 5632 remanebit
1651 5578 1879 5633 immun-

297 5668 410 5745 dus,
464 5667 561 5725 sed
599 5669 739 5724 sicut
772 5670 851 5726 sol
893 5669 1173 5741 fulgebunt
1220 5671 1276 5726 in
1332 5686 1494 5743 regno
1535 5671 1711 5729 Patris
1754 5673 1875 5728 sui:

1966 3209 2098 3258 tunc
2120 3217 2230 3273 quo
2273 3201 2363 3257 ille
2391 3201 2525 3267 ibat,
2555 3202 2654 3258 sed
2702 3209 2962 3272 poterant
3004 3211 3215 3272 postea.
3246 3201 3365 3258 Non
3395 3204 3564 3274 igitur

1967 3293 2144 3350 adhuc
2189 3295 2368 3350 minus
2404 3294 2584 3351 idonei
2631 3301 2791 3349 erant
2826 3293 2978 3364 sequi
3018 3293 3330 3363 Dominum,
3360 3312 3563 3368 eosque

1966 3384 2188 3452 docens,
2226 3385 2496 3456 quomodo
2527 3385 2706 3440 idonei
2747 3398 2870 3440 esse
2915 3393 3138 3454 possent
3166 3400 3424 3459 pergere,
3454 3405 3562 3459 quo

1968 3475 2058 3531 ille
2079 3474 2826 3541 antecedebatzblandatum,
2855 3475 3050 3545 inquit,
3086 3493 3276 3531 novum
3305 3479 3374 3532 do
3399 3480 3560 3546 vobis,

1967 3574 2024 3620 ut
2044 3565 2280 3637 diligatis
2307 3567 2548 3631 invicem,
2580 3567 2718 3619 sicut
2765 3564 2929 3619 dilexi
2955 3582 3064 3630 vos,
3091 3566 3148 3620 hi
3189 3577 3316 3622 sunt
3343 3583 3564 3639 gressus

1968 3658 2166 3727 quibus
2191 3659 2501 3727 sequendus
2523 3665 2610 3713 est
2637 3657 2907 3713 Christus.
2948 3658 3178 3714 Dilectio
3208 3660 3312 3714 ista
3353 3676 3453 3716 nos
3479 3661 3565 3716 in-

1968 3759 2154 3816 novat,
2187 3761 2248 3806 ut
2273 3752 2445 3808 simus
2481 3753 2728 3808 homines
2767 3752 2924 3820 novi,
2957 3753 3201 3810 bzeredes
3231 3755 3562 3820 testamenti,

1969 3843 2095 3896 novi
2123 3850 2430 3899 cantatores
2460 3845 2658 3900 cantici
2689 3845 2833 3900 novi.

2042 3935 2183 3988 Dicit
2206 3936 2254 3989 ei
2277 3934 2464 3992 Simon
2489 3934 2682 3992 Petrus
2707 3938 2986 4007 :Domine,
3015 3955 3116 4010 quo
3137 3939 3305 4007 vadis,
3330 3949 3437 3996 etc.
3473 3940 3566 3998 Sic

1967 4025 2157 4096 utique
2195 4029 2298 4082 hoc
2339 4029 2476 4083 dixit
2533 4030 2792 4100 magistro
2852 4028 3168 4102 discipulus,
3228 4041 3286 4089 et
3333 4033 3561 4090 Domino

1970 4134 2182 4186 servus,
2217 4130 2473 4190 tanquam
2527 4122 2679 4190 sequi
2729 4118 2973 4192 paratus,
3021 4136 3308 4194 propterea
3360 4125 3564 4196 quippe

1970 4211 2249 4278 Dominus,
2275 4214 2364 4284 qui
2402 4213 2518 4284 ejus
2544 4214 2784 4268 animum
2813 4214 2968 4280 vidit,
2997 4229 3168 4283 quare
3197 4215 3301 4271 hoc
3329 4216 3565 4272 interm-

1968 4305 2196 4375 gaverit,
2223 4305 2304 4360 sic
2327 4305 2376 4359 ei
2402 4305 2681 4374 responth
2715 4323 2726 4358 :
2756 4304 2873 4370 Quo
2899 4321 2992 4376 ego
3019 4307 3151 4360 vado
3182 4323 3286 4362 non
3307 4318 3453 4378 potes
3481 4325 3562 4365 me

1971 4396 2116 4466 sequi
2149 4394 2321 4448 modo.
2369 4395 2510 4461 Quid
2557 4393 3021 4462 festinas,Petre?
3070 4395 3318 4452 Nondum
3377 4406 3430 4455 te
3465 4415 3566 4458 suo

1979 4486 2171 4556 spiritu
2207 4485 2460 4541 solidavit
2487 4497 2664 4555 petra,
2691 4487 2800 4543 noli
2827 4487 3014 4542 extolli
3033 4489 3563 4558 prassumendomon

1978 4585 2134 4648 petes
2162 4579 2353 4642 modo,
2389 4577 2496 4631 noli
2545 4575 2703 4645 dejici
2733 4577 3094 4648 desperando,
3123 4580 3369 4650 sequeris
3415 4590 3567 4652 post-

1981 4683 2065 4724 ea.
2113 4669 2179 4724 Et
2223 4669 2416 4724 Petrus
2450 4687 2462 4722 :
2496 4668 2672 4734 Quare
2717 4680 2766 4725 te
2801 4687 2904 4724 non
2933 4686 3142 4740 possunt
3177 4671 3324 4743 sequi
3364 4672 3564 4726 modo?

1981 4761 2214 4814 animam
2261 4775 2431 4813 meam
2477 4775 2570 4828 pro
2597 4769 2645 4813 te
2687 4776 2899 4831 ponam.
2927 4761 2995 4815 Et
3019 4762 3280 4817 Dominus
3315 4780 3326 4815 :
3358 4761 3523 4818 Amen
3547 4798 3564 4828 ν

1984 4865 2137 4904 amen
2178 4850 2297 4903 dico
2343 4850 2469 4915 tibi,
2523 4865 2626 4904 non
2673 4851 2906 4905 cantabit
2947 4852 3119 4922 gallus
3172 4852 3338 4907 donec
3365 4863 3443 4908 ter
3482 4869 3565 4907 me

1977 4955 2145 5011 neges.
2189 4937 2331 4994 Ecce
2364 4940 2634 5010 quomodo
2671 4941 2770 4996 tibi
2802 4941 2908 4996 cito
2957 4941 3264 5012 apparebis,
3314 4943 3407 5012 qui
3446 4957 3563 4998 ma-

1976 5041 2080 5100 gna
2127 5029 2398 5100 loqueris,
2456 5039 2512 5084 et
2575 5037 2627 5085 te
2678 5031 2963 5101 parvulum
3013 5031 3230 5099 nescis,
3273 5035 3366 5104 qui
3427 5035 3564 5090 mihi

1976 5123 2246 5192 promittis
2297 5133 2526 5178 mortem
2573 5132 2740 5189 tuam,
2791 5133 2875 5178 ter
2909 5126 3133 5196 negabis
3169 5126 3337 5181 vitam
3387 5133 3558 5181 tuam.

2049 5213 2174 5268 Non
2206 5211 2445 5268 turbetur
2467 5230 2562 5267 cor
2592 5224 2835 5280 vestrum,
2868 5217 3061 5270 credite
3107 5217 3162 5270 in
3211 5216 3381 5272 Deum
3401 5259 3418 5284 ,
3451 5227 3562 5273 etc.

1978 5302 2056 5357 Ne
2083 5313 2316 5360 mortem
2340 5311 2597 5375 tanquam
2617 5305 2871 5362 homines
2907 5307 3184 5374 timerent,
3222 5317 3277 5364 et
3306 5310 3428 5366 ideo
3448 5317 3566 5363 tur-

1977 5397 2258 5464 barentur,
2284 5399 2595 5454 consolatur
2629 5413 2744 5465 eos,
2775 5401 2938 5457 etiam
2975 5401 3144 5458 Deum
3175 5417 3234 5458 se
3264 5417 3383 5458 esse
3433 5417 3565 5457 cono

1985 5497 2216 5547 testans.
2245 5487 2472 5548 Mortem
2499 5493 2770 5549 metuistis
2792 5495 2920 5550 huic
2944 5494 3129 5550 forma:
3153 5495 3312 5557 servi,
3329 5509 3437 5548 non
3455 5501 3560 5548 tur-

1981 5582 2144 5636 betur
2170 5595 2265 5638 cor
2286 5591 2551 5650 vestrum,
2581 5583 2866 5640 suscitabit
2895 5584 3041 5639 illam
3085 5585 3255 5638 forma
3286 5583 3402 5639 Dei.
3461 5579 3566 5640 Sed

1986 5674 2116 5743 quid
2141 5682 2224 5728 est
2251 5675 2392 5743 quod
2419 5676 2665 5746 sequitur
2698 5692 2713 5731 :
2742 5673 2807 5728 In
2833 5675 2986 5729 domo
3015 5673 3177 5748 patris
3205 5675 3306 5728 mei
3330 5677 3561 5731 mansio-
