3994 6206
393 223 491 278 207

1677 228 1822 285 -S.\IA
1834 232 1966 287 ΠΛΟ
1977 233 2038 287 Di
2073 232 2362 288 ABBATIS

3539 242 3645 303 238

387 356 476 394 nes
500 337 676 393 multis
707 337 866 394 sunt?
894 339 1138 411 nisiquia
1165 349 1220 396 et
1241 341 1341 398 sibi
1360 341 1695 410 metuebant,
1711 351 1965 415 tanquam
1994 350 2044 410 Α
2139 352 2324 413 Amen,
2351 363 2502 402 amen
2524 346 2642 403 dico
2665 347 2825 429 uobis,
2847 350 2937 420 qui
2959 352 3120 406 credit
3144 351 3199 407 in
3220 369 3325 420 me,
3345 371 3506 425 opera
3531 375 3648 429 quae

386 438 572 486 essent
597 429 667 483 ab
692 429 783 485 illo
808 431 1056 500 perituri,
1091 432 1284 487 merito
1307 433 1683 489 turbabantur.
1717 433 1824 491 Sed
1846 451 1969 491 cum

386 520 643 574 audiunt:
662 521 730 574 In
752 520 1088 576 domoPatris
1107 525 1209 578 mei
1228 524 1524 580 mansiones
1547 526 1727 581 multa:
1747 536 1904 592 sunt;
1925 527 1970 581 si

385 629 488 682 quo
504 613 676 666 minus
686 613 936 669 dixissem
950 615 1113 679 vobis,
1124 616 1250 686 quia
1263 615 1397 670 vado
1415 617 1555 672 vobis
1567 634 1760 688 parare
1772 618 1966 674 locum.

385 706 431 760 Α
462 708 865 775 perturbatione
891 716 1229 774 recreantur,
1252 709 1389 765 certi
1418 727 1483 766 ac
1510 710 1762 778 ﬁdentes,
1783 724 1837 768 et
1855 712 1969 782 jam

387 806 508 866 post
529 798 765 867 pericula
791 798 1149 853 tentationum
1175 815 1234 854 se
1265 799 1404 870 apud
1421 801 1588 856 Deum
1613 819 1736 858 cum
1751 803 1969 860 Christo

386 904 508 944 esse
538 903 844 954 mansuros,
875 890 1000 959 quia
1027 898 1083 944 et
1111 890 1154 944 si
1177 891 1316 946 alius
1358 900 1443 947 est
1502 892 1609 948 alio
1640 893 1970 960 fortior,aut

389 978 527 1033 alius
555 978 663 1032 alio
691 979 1007 1048 sapientior,
1036 992 1130 1034 aut
1153 979 1292 1034 alius
1330 979 1436 1035 alio
1463 979 1686 1049 justior,
1719 991 1813 1036 aut
1832 983 1970 1038 alius

387 1073 493 1127 alio
514 1072 770 1135 sanctior,
801 1072 854 1126 in
881 1073 1042 1127 domo
1077 1073 1252 1129 Patris
1297 1073 1402 1129 mei
1433 1074 1614 1130 multa
1660 1075 1971 1131 mansiones

387 1173 532 1218 sunt.
563 1163 663 1218 Ubi
701 1162 1040 1217 mansionem
1068 1178 1167 1232 pro
1217 1178 1316 1218 suo
1362 1164 1592 1234 quisque
1649 1173 1970 1235 accepturus

384 1263 470 1309 est
497 1253 710 1318 nierito,
737 1260 899 1322 atque
927 1254 996 1307 ita
1038 1254 1178 1308 Deus
1207 1255 1312 1309 erit
1358 1255 1540 1309 omnia
1589 1255 1646 1309 in
1694 1256 1966 1321 omnibus,

384 1353 446 1398 ut
466 1344 721 1414 quoniam
760 1344 904 1399 Deus
949 1345 1188 1399 clior-itas
1217 1352 1321 1408 est,
1362 1359 1468 1413 per
1501 1345 1828 1400 charitatem
1855 1345 1967 1411 flat,

386 1445 447 1489 ut
479 1435 625 1506 quod
651 1435 851 1490 habent
875 1435 1092 1505 singuli,
1134 1451 1418 1490 commune
1448 1437 1520 1491 sit
1568 1437 1837 1492 omnibus.
1879 1437 1972 1492 Sic

384 1529 528 1582 enim
551 1528 780 1597 quisque
807 1528 972 1584 etiam
1005 1529 1120 1598 ipse
1149 1528 1332 1592 habet,
1366 1544 1492 1583 cum
1519 1537 1666 1582 amat
1694 1529 1748 1582 in
1797 1529 1970 1584 altero

385 1619 530 1688 quod
561 1619 676 1686 ipse
704 1633 811 1672 non
836 1617 1018 1672 habet.
1042 1616 1160 1671 Non
1182 1618 1287 1672 erit
1320 1617 1503 1686 itaque
1539 1617 1718 1688 aliqua
1769 1618 1970 1672 invidia

2069 455 2162 509 ego
2193 439 2353 508 facio,
2390 447 2499 494 etc.
2525 437 2728 507 Majora
2765 455 2927 510 quam
2949 441 3063 511 ipse
3087 441 3218 498 facit
3241 444 3379 499 dixit
3408 460 3503 501 eos
3528 463 3650 504 esse

2069 530 2330 596 facturos,
2377 530 2473 586 sed
2495 531 2550 585 in
2581 531 2682 597 eis,
2725 533 2810 588 vel
2861 549 2959 604 per
3009 549 3184 592 cosse
3233 535 3542 599 facientem.
3593 541 3648 596 in

2069 621 2202 691 ipsis
2245 630 2502 692 tanquam
2550 637 2618 676 ex
2667 623 2990 692 semetipsis.
3051 624 3158 681 Sed
3199 642 3320 697 quae
3359 635 3487 682 sunt
3530 637 3652 684 tan-

2069 713 2191 770 dem
2218 713 2318 768 ista
2345 713 2584 784 majora?
2639 728 2706 766 an
2740 711 2878 768 forte
2917 714 3060 784 quod
3084 731 3280 786 κει-οε,
3321 716 3452 787 ipsis
3472 727 3652 775 trans-

2069 803 2340 869 euntibus,
2385 804 2548 860 etiam
2607 818 2793 859 eorum
2843 804 3034 859 umbra
3083 806 3330 860 sanabat.
3366 806 3538 878 Majas
3567 815 3655 863 est

2067 895 2214 949 enim
2250 903 2309 950 ut
2353 901 2510 950 sanet
2552 893 2742 949 umbra
2787 909 2949 962 quam
2981 894 3218 961 limbria,
3265 895 3394 951 illud
3438 912 3535 967 per
3568 913 3650 962 se,

2070 985 2176 1040 hoc
2213 1000 2310 1054 per
2349 985 2516 1054 ipsos,
2578 985 2673 1040 sed
2731 992 3025 1055 utrumque
3080 985 3218 1055 ipse,
3270 996 3651 1045 verumtamen

2069 1073 2287 1144 quando
2310 1073 2411 1128 ista
2439 1074 2673 1140 dicebat,
2724 1077 3012 1130 verborum
3044 1091 3265 1132 suorum
3311 1093 3477 1148 opera
3502 1096 3653 1135 com-

2070 1163 2380 1220 mendabat.
2431 1163 2736 1220 Audiebant
2763 1174 2819 1220 et
2873 1167 3172 1222 credebant
3223 1167 3321 1233 illi,
3364 1178 3421 1225 et
3443 1185 3652 1227 eorum-

2069 1255 2194 1310 dem
2234 1255 2520 1310 verborum
2560 1257 2769 1311 fructus
2819 1264 2938 1311 erat
2977 1257 3111 1314 ﬁdes
3136 1258 3372 1315 illorum.
3424 1264 3652 1319 Verum-

2072 1354 2252 1402 tamen
2296 1346 2788 1416 evangelizantibus
2814 1347 3090 1418 discipulis
3123 1358 3312 1421 gentes
3341 1353 3503 1406 etiam
3534 1370 3651 1409 cm-

2072 1437 2344 1492 diderunt.
2412 1436 2537 1492 llaec
2594 1445 2719 1492 sunt
2763 1438 2880 1493 sine
2899 1439 3236 1495 dubitatione
3262 1440 3486 1510 majora.
3539 1443 3652 1501 Nec

2073 1535 2255 1582 tamen
2287 1528 2366 1581 ait
2393 1545 2404 1580 ε
2434 1526 2646 1597 Majora
2670 1528 2858 1581 borum
2899 1528 3127 1598 facietis,
3172 1540 3231 1584 ut
3265 1531 3410 1587 solos
3437 1544 3650 1604 aposto-

2073 1619 2156 1673 los
2196 1632 2262 1672 ea
2300 1627 2613 1687 putaremus
2647 1632 2769 1674 esse
2815 1617 3071 1674 facturos.
3125 1619 3228 1674 Sed
3269 1623 3359 1693 qui
3399 1625 3559 1678 credit
3591 1625 3648 1678 in

385 1708 609 1778 imparis
633 1707 916 1773 claritatis,
945 1708 1201 1776 quoniam
1233 1707 1547 1776 regnabitin
1573 1707 1824 1763 omnibus
1853 1707 1973 1762 uni-
2001 1709 2048 1767 B
2077 1724 2178 1773 me,
2228 1707 2403 1777 inquit
2429 1727 2440 1761 :
2471 1708 2548 1762 Ita
2589 1724 2657 1762 ue
2695 1708 3004 1778 quicunque
3055 1711 3228 1765 credit
3267 1711 3320 1765 in
3369 1710 3648 1768 Christum

384 1812 468 1856 tas
492 1800 793 1856 charitatis.
822 1799 1102 1867 Quomodo
1130 1799 1279 1853 vadit
1303 1805 1358 1854 et
1386 1806 1547 1868 parat
1570 1798 1772 1864 locum,
1801 1800 1844 1854 si
1855 1796 1970 1866 jam

383 1892 565 1946 multm
591 1891 900 1946 mansiones
926 1889 1096 1945 sunt?
1125 1888 1206 1943 An
1230 1889 1348 1944 ista:
1387 1889 1700 1945 mansiones
1749 1899 1805 1944 et
1847 1895 1972 1944 sunt

380 1990 434 2036 et
458 1981 707 2052 parandae
723 1979 884 2034 sunt?
906 1979 1070 2033 Parat
1095 1985 1278 2033 autem
1297 1978 1457 2034 modo
1479 1979 1792 2034 mansiones
1813 1995 1969 2033 man-

381 2073 643 2137 sionibus,
686 2071 928 2140 parando
977 2083 1278 2135 mansores,
1319 2085 1456 2140 quas
1476 2070 1802 2140 preparavit
1830 2084 1969 2139 prte-

379 2160 722 2224 destinando,
747 2168 1017 2230 praeparat
1053 2160 1349 2229 operando,
1373 2173 1476 2215 nec
1512 2159 1670 2224 alias,
1713 2161 1808 2214 sed
1831 2175 1967 2230 quas

381 2250 726 2320 prmparavit,
785 2250 885 2303 has
907 2258 1196 2319 praeparat.
1236 2248 1344 2304 Sed
1381 2249 1508 2319 quia
1549 2250 1788 2304 nondum
1838 2259 1967 2305 sunt

364 2343 436 2395 iu
478 2340 818 2410 operatione,
846 2338 912 2394 Et
938 2340 984 2393 si
1009 2339 1207 2404 abiero,
1259 2339 1458 2408 inquit,
1511 2348 1560 2392 et
1601 2355 1964 2409 praepararem

377 2433 521 2488 nobis
564 2432 758 2496 locum,
799 2432 988 2486 iterum
1033 2431 1183 2485 uenio
1230 2439 1280 2485 et
1308 2431 1565 2501 accipiam
1610 2446 1698 2485 vos
1752 2429 1822 2484 ad
1857 2445 1965 2483 me-

372 2525 673 2595 suetipsum.
727 2521 868 2589 Quid
907 2522 1218 2592 putavimus
1255 2533 1380 2577 esse
1421 2522 1642 2576 domum
1689 2520 1807 2587 Dei,
1854 2522 1962 2577 nisi

372 2615 637 2685 templum
674 2613 814 2669 Dei?
858 2611 1131 2683 Templum
1158 2612 1298 2665 enim
1350 2609 1446 2664 Dei
1467 2620 1709 2665 sanctum
1748 2619 1849 2676 est,
1879 2610 1964 2664 in-

369 2705 494 2775 quit
529 2703 838 2776 Apostolus,
869 2701 1012 2773 quod
1045 2702 1169 2756 estis
1197 2717 1309 2755 vos.
1343 2700 1484 2768 Quid
1504 2709 1621 2755 est:
1645 2699 1765 2767 Quo
1783 2699 1958 2766 vadis,

375 2790 646 2850 Domine?
677 2793 815 2862 Quid
838 2799 923 2848 est
950 2811 962 2845 :
997 2791 1116 2858 Quo
1141 2790 1330 2846 venis?
1367 2789 1426 2846 Si
1464 2791 1604 2846 bene
1623 2797 1676 2845 te
1699 2789 1958 2864 intelligo,

374 2903 477 2942 nec
516 2885 660 2942 unde
687 2884 857 2950 vadis,
912 2898 1014 2938 nec
1054 2882 1199 2938 unde
1240 2882 1395 2938 venis
1417 2882 1651 2948 recedis,
1698 2882 1854 2938 vadls
1884 2881 1962 2936 la.

376 2980 558 3044 tendo,
617 2977 770 3032 venis
816 2977 1146 3046 apparendo,
1175 2975 1270 3030 sed
1319 2975 1399 3030 sic
1438 2988 1659 3030 maneas
1704 2975 1958 3046 regendo,

2068 1798 2198 1853 facit
2243 1814 2364 1868 quae
2404 1799 2673 1854 Christus.
2719 1798 2852 1852 Nam
2885 1799 3025 1853 inter
3050 1808 3245 1854 caetera
3290 1802 3456 1868 bona,
3479 1805 3642 1860 etiam

2070 1887 2173 1941 hoc
2217 1888 2297 1942 eis
2319 1887 2522 1942 donare
2561 1889 2811 1959 dignatus
2839 1897 2945 1953 est,
2986 1897 3045 1943 ut
3087 1889 3292 1960 majora
3323 1891 3529 1948 faceret
3548 1909 3652 1964 per

2065 1974 2186 2030 illos
2233 1991 2395 2045 quam
2439 1983 2636 2045 praeter
2680 1976 2820 2032 illos.
2877 1976 3065 2033 Nonne
3104 1978 3173 2034 ab
3217 1995 3313 2035 ore
3344 1982 3518 2050 ipsius
3556 1984 3644 2038 di-

2064 2079 2160 2119 ves
2193 2064 2282 2119 ille
2326 2066 2501 2120 tristis
2532 2067 2814 2131 abscessit,
2861 2069 3078 2136 quando
3116 2069 3242 2124 vitae
3277 2057 3493 2126 merum
3512 2087 3646 2126 con-

2065 2155 2246 2210 silium
2275 2158 2542 2226 quaesivit,
2589 2166 2643 2212 et
2678 2166 2860 2213 tamen
2902 2167 3112 2228 postea,
3152 2163 3296 2231 quod
3325 2164 3394 2217 ab
3421 2163 3510 2217 illo
3539 2179 3608 2217 au
3628 2192 3643 2202 -

2064 2247 2178 2302 ditu
2234 2264 2342 2303 non
2368 2248 2494 2303 fecit
2538 2264 2696 2313 unus,
2756 2249 3002 2305 fecerunt
3046 2250 3222 2318 multi,
3276 2267 3399 2308 cum
3453 2252 3647 2322 loque-

2062 2343 2212 2391 retur
2259 2352 2356 2408 per
2402 2337 2692 2408 discipulos
2733 2341 2991 2409 magister
3031 2339 3224 2397 bonus.
3269 2341 3408 2398 Ecce
3435 2342 3646 2412 majora

2062 2427 2211 2491 fecit,
2261 2428 2586 2497 praedicatus
2610 2445 2640 2482 a
2671 2431 3039 2498 credentibus,
3086 2448 3249 2504 quam
3289 2433 3501 2489 locutus
3543 2449 3642 2490 au-

2063 2517 2352 2572 dientibus.
2381 2517 2532 2573 Tunc
2573 2527 2754 2574 autem
2779 2521 2944 2575 verba
2972 2521 3088 2592 ejus
3119 2531 3281 2578 erant
3299 2539 3463 2594 opera
3499 2524 3640 2594 ejus.

2061 2607 2131 2662 Et
2183 2608 2372 2677 utique
2427 2608 2607 2664 minus
2668 2617 2754 2665 est
2807 2612 2971 2666 verba
3021 2611 3250 2681 iustitiae
3309 2616 3638 2685 praedicare,

2061 2698 2207 2768 quod
2246 2695 2374 2752 fecit
2420 2707 2642 2767 prepter
2695 2715 2816 2764 nos,
2860 2717 3022 2771 quam
3069 2702 3262 2774 impios
3313 2705 3643 2774 justiﬁeare,

2061 2786 2206 2855 quod
2260 2786 2338 2840 ita
2390 2785 2517 2841 fecit
2576 2787 2631 2842 in
2680 2789 2855 2855 nobis,
2889 2797 2948 2844 ut
2974 2790 3236 2856 faciamus
3256 2802 3312 2848 et
3339 2810 3458 2850 nos.

2132 2874 2203 2929 Et
2222 2876 2569 2948 quodcunque
2583 2880 2832 2948 petieritis
2853 2881 2908 2935 in
2931 2883 3138 2937 nomine
3163 2899 3276 2943 meo
3297 2884 3394 2940 hoc
3419 2885 3639 2955 faciam,

2062 2975 2120 3022 et
2165 2967 2396 3036 reliqua.
2453 2967 2698 3039 Magnam
2737 2985 2889 3040 spem
2928 2972 3187 3029 Dominus
3237 2977 3353 3030 suis
3392 2980 3645 3046 promisit

372 3077 434 3121 ut
471 3066 817 3137 proficiamus
870 3067 1008 3120 bene
1042 3066 1296 3120 vivendo.
1348 3063 1628 3130 Quomodo
1674 3065 1958 3134 parabitur
1984 3053 2030 3116 C
2060 3059 2365 3124 orantibus,
2398 3058 2624 3115 dicens:
2671 3060 3028 3134 Quodcunque
3066 3067 3316 3134 petieritis
3343 3068 3395 3122 in
3434 3072 3643 3123 nom‘ne

374 3162 523 3216 locus
563 3160 652 3214 ubi
683 3158 952 3228 possimus
973 3172 1198 3212 manere
1235 3154 1606 3226 perfruendo?
1651 3156 1788 3210 Nam
1815 3156 1960 3225 quod

373 3252 536 3306 dicit:
569 3249 686 3318 Quo
707 3263 809 3319 ego
827 3247 984 3312 vado,
999 3262 1097 3302 vos
1118 3247 1293 3311 scitis,
1311 3253 1366 3301 et
1386 3247 1530 3300 viam
1553 3247 1722 3310 scitis,
1748 3247 1803 3300 in
1825 3247 1957 3301 sub-

372 3342 724 3411 sequentibus
779 3339 1019 3410 apcritur
1065 3353 1189 3393 cum
1241 3337 1413 3392 dicit:
1448 3335 1561 3407 Ego
1585 3353 1701 3391 sum
1743 3337 1848 3402 via,
1870 3354 1955 3392 ve-

376 3435 505 3488 ritas
535 3443 584 3487 et
623 3435 748 3488 vita.

443 3523 612 3578 Nemo
650 3524 785 3578 venit
808 3521 1127 3589 adPatrem,
1153 3529 1257 3578 etc.
1291 3522 1423 3578 .lbat
1466 3537 1597 3593 ergo
1620 3523 1688 3577 ad
1716 3522 1957 3593 seipsum

357 3631 465 3685 per
489 3615 746 3683 seipsum,
772 3623 828 3668 et
851 3613 1116 3668 nosimus
1145 3613 1212 3667 ad
1235 3613 1411 3683 ipsum
1458 3628 1555 3682 per
1597 3613 1795 3682 ipsum,
1849 3612 1958 3668 imo

369 3720 499 3758 vero
535 3712 590 3759 et
625 3702 692 3757 ad
735 3703 974 3757 Patrem.
1007 3702 1162 3756 Aliud
1213 3702 1411 3771 quippe
1435 3701 1675 3757 Verbum
1718 3701 1813 3756 Dei
1847 3709 1954 3766 est,

371 3797 514 3852 aliud
559 3797 740 3861 homo,
783 3795 877 3849 sed
919 3794 1152 3850 Verbum
1197 3808 1326 3847 caro
1371 3793 1574 3846 factum
1615 3800 1722 3857 est,
1761 3793 1814 3846 id
1846 3802 1952 3859 est,

370 3890 548 3953 homo,
576 3901 682 3942 non
724 3886 904 3956 itaque
929 3884 1034 3938 alia
1078 3882 1262 3949 Verbi,
1304 3882 1412 3937 alia
1457 3883 1957 3952 esthominisper—

361 3995 519 4044 sana,
546 3976 806 4047 quoniam
834 3983 1121 4044 utrumque
1167 3981 1252 4030 est
1274 3972 1526 4029 Christus
1559 3989 1667 4028 una
1684 3988 1950 4042 persona.

365 4071 442 4125 Ac
460 4084 558 4139 per
577 4069 679 4124 hoc
694 4065 1144 4137 quemadmodum
1165 4081 1294 4121 caro
1330 4073 1542 4120 mortua
1561 4072 1667 4130 est,
1703 4064 1954 4119 Christus

365 4169 449 4216 est
489 4167 755 4223 mortuus,
793 4167 849 4212 et
879 4173 1004 4213 cum
1029 4173 1158 4212 caro
1202 4155 1410 4227 sepulta
1432 4166 1534 4221 est,
1573 4154 1823 4212 Christus
1868 4171 1953 4211 se-

351 4252 545 4320 .pultus
579 4258 682 4315 est,
715 4249 809 4304 .sic
858 4249 1003 4302 enim
1056 4248 1221 4303 corde
1246 4248 1518 4304 credimus
1553 4248 1622 4302 ad
1659 4248 1950 4319 justitiam,

352 4343 443 4397 .sic
494 4355 590 4396 ore
636 4339 954 4409 profitemur
976 4337 1314 4393 adsalutem.
1337 4337 1413 4393 ita
1445 4352 1571 4393 cum
1597 4352 1727 4392 caro
1745 4353 1777 4391 a
1807 4351 1953 4391 mor-

2063 3163 2197 3212 meo,
2237 3146 2334 3201 hoc
2394 3147 2608 3218 faciam.
2649 3147 2830 3218 ipsum
2878 3153 3023 3207 enim
3075 3157 3468 3227 quodcumque,
3529 3175 3640 3214 non

2062 3237 2138 3290 ait
2175 3237 2440 3306 petieritis
2479 3247 2768 3309 utcunque,
2816 3243 2911 3298 sed
2957 3243 3011 3297 in
3037 3247 3254 3300 nomine
3299 3263 3436 3314 meo,
3477 3247 3640 3306 Jesus

2060 3327 2204 3381 enim
2229 3328 2616 3398 interpretatur
2648 3328 2916 3397 Salvator,
2949 3345 3278 3404 quapropter
3315 3339 3529 3406 quando
3550 3355 3642 3393 vo-

2059 3420 2237 3476 lumus
2257 3433 2318 3476 ut
2338 3420 2503 3477 faciat
2541 3424 2903 3495 quodcunque
2927 3427 3179 3496 petimus,
3207 3444 3314 3484 non
3338 3438 3634 3502 utcunque,

2059 3514 2153 3568 sed
2195 3513 2251 3568 in
2287 3513 2817 3571 nomineSalvatoris
2839 3525 3106 3587 petamus.
3132 3517 3246 3574 Non
3290 3535 3420 3591 ergo
3444 3531 3636 3576 contra

2059 3605 2288 3659 salutem
2329 3611 2572 3658 nostram
2592 3614 2860 3674 petamus.
2907 3605 3001 3662 Sic
3039 3623 3169 3680 ergo
3185 3611 3428 3680 perrexit
3447 3612 3514 3666 ad
3539 3613 3638 3667 Pa-

2057 3703 2218 3759 trem,
2266 3703 2461 3749 utnon
2493 3693 2820 3766 relinqueret
2857 3697 3172 3770 indigentes,
3226 3700 3321 3755 sed
3355 3703 3639 3758 exaudiret

2054 3794 2324 3856 petentes.

2129 3875 2191 3932 Si
2235 3877 2454 3948 diligitis
2481 3896 2578 3942 me,
2604 3879 2855 3934 mandata
2879 3897 2992 3934 mea
3013 3889 3234 3947 servate,
3256 3891 3303 3934 et
3325 3898 3418 3952 ego
3443 3883 3636 3952 rogabo

2046 3966 2275 4034 Patrem,
2299 3979 2416 4022 etc.
2443 3969 2546 4023 Hic
2569 3978 2660 4024 est
2699 3970 2884 4040 utique
2901 3969 2955 4024 in
2985 3971 3229 4024 trinitate
3255 3969 3492 4040 Spiritus
3512 3987 3640 4025 san-

2055 4070 2196 4127 ctus,
2243 4076 2403 4131 quem
2437 4063 2584 4117 Patri
2613 4072 2668 4118 et
2699 4062 2832 4119 Filio
2873 4065 3392 4121 consubstantialem
3438 4074 3494 4119 et
3545 4081 3640 4120 co-

2053 4160 2319 4208 mteruum
2344 4154 2477 4209 [Ides
2488 4155 2758 4210 catholica
2777 4156 3088 4212 confitetur.
3111 4154 3229 4211 Jam
3257 4157 3441 4226 itaque
3466 4157 3635 4212 habe-

2046 4244 2187 4300 bant
2221 4245 2474 4315 spiritum
2499 4245 2772 4316 discipuli,
2828 4261 2988 4316 quem
3037 4247 3299 4302 Dominus
3348 4248 3636 4317 promitte-

2053 4336 2168 4400 bat,
2216 4352 2317 4390 nec
2365 4346 2548 4391 tamen
2587 4335 2762 4390 adhuc
2797 4350 2923 4390 eum
2976 4335 3270 4401 habebant,
3324 4338 3466 4392 sicut
3505 4351 3634 4390 eum

367 4443 416 4487 te
459 4434 604 4488 venit
648 4433 715 4486 ad
744 4433 930 4493 vitam,
955 4429 1206 4484 Christus
1232 4430 1381 4484 venit
1419 4430 1487 4484 ad
1511 4430 1701 4484 vitam.
1730 4429 1798 4484 Et
1821 4430 1947 4498 quia
1974 4410 2027 4468 Ῑ)
2053 4426 2312 4481 Dominus
2335 4427 2707 4496 promittebat,
2747 4425 2838 4495 qui
2886 4433 3148 4495 quantum
3187 4425 3469 4481 habendus
3515 4424 3638 4480 fue-

366 4525 588 4579 verbum
630 4523 725 4576 Dei
783 4522 1031 4576 Christus
1079 4531 1180 4585 est,
1241 4521 1492 4575 Christus
1545 4528 1629 4574 est
1679 4520 1810 4573 vita.
1866 4519 1944 4574 ita

347 4614 505 4668 enim
553 4611 785 4681 quodam
809 4619 864 4665 et
915 4607 1169 4664 ineffabili
1194 4609 1372 4673 modo,
1424 4610 1516 4679 qui
1566 4624 1844 4677 nunquam
1872 4609 1947 4665 di-

364 4702 513 4756 misit
536 4700 620 4756 vel
660 4700 842 4754 amisit
887 4698 1145 4767 seipsum,
1201 4698 1348 4751 venit
1377 4699 1445 4752 ad
1472 4697 1730 4766 seipsum,

413 4791 876 4862 .Sicognovissetis
925 4805 1026 4854 me,
1053 4797 1159 4844 etc.
1205 4787 1318 4842 Hoc
1353 4797 1437 4844 est
1493 4789 1638 4858 quod
1667 4789 1746 4844 ait
1778 4808 1791 4844 :
1828 4789 1941 4844 Ne-

363 4900 447 4936 mo
472 4881 605 4936 venit
645 4880 714 4935 ad
737 4877 952 4934 Patrem
980 4879 1080 4933 nisi
1110 4895 1202 4949 per
1238 4894 1339 4932 me.
1374 4879 1527 4934 Dicta
1549 4887 1632 4934 est
1659 4880 1803 4934 etaim
1832 4895 1944 4936 om-

359 4975 581 5029 .nimoda
600 4971 914 5036 similitudo,
949 4985 1072 5040 qum
1109 4969 1185 5024 illi
1221 4984 1345 5025 cum
1387 4969 1541 5025 Patre
1583 4978 1684 5034 est,
1736 4978 1797 5024 ut
1822 4971 1942 5026 ideo

354 5067 556 5133 gamodo
599 5065 908 5120 dicerentur
942 5078 1103 5118 nosse
1139 5062 1374 5126 Patrem,
1402 5063 1528 5133 quia
1556 5072 1822 5118 noverant
1867 5064 1942 5118 si-

365 5156 543 5210 milem
567 5152 774 5209 Filium.
823 5153 912 5208 Sic
942 5168 1070 5222 ergo
1101 5153 1300 5208 dictum
1337 5161 1423 5208 est
1469 5153 1539 5207 ad
1586 5152 1890 5222 Philippum
1923 5172 1936 5209 :

343 5246 469 5314 ,ριιί
506 5245 640 5302 videt
663 5260 767 5310 me,
789 5244 922 5298 ridet
945 5254 992 5296 et
1019 5247 1257 5308 Patrem,
1275 5256 1380 5298 non
1422 5250 1482 5296 ut
1521 5243 1635 5311 ipse
1662 5243 1735 5298 sit
1760 5245 1935 5310 Pater,

2052 4525 2158 4582 rat,
2211 4518 2447 4572 nondum
2504 4517 2794 4572 habebant.
2852 4515 3135 4572 Habebunt
3189 4517 3379 4587 itaque
3427 4517 3633 4582 minus,

2052 4610 2262 4664 dandus
2316 4618 2434 4664 erat
2458 4610 2536 4664 eis
2567 4609 3140 4680 amplius:habebant
3186 4611 3420 4675 occulte,
3478 4624 3636 4665 acce-

2048 4700 2192 4768 pturi
2241 4698 2454 4754 fuerant
2515 4698 2820 4757 manifeste.
2877 4699 3013 4768 Quia
3063 4709 3118 4755 et
3171 4701 3278 4756 hoc
3331 4702 3399 4756 ad
3451 4701 3634 4770 majus

2048 4789 2249 4844 donum
2270 4791 2447 4846 sancti
2479 4789 2715 4861 Spiritus
2735 4790 3060 4860 pertinebat,
3113 4801 3175 4845 ut
3217 4792 3296 4847 eis
3327 4792 3635 4849 innotesce-

2046 4888 2130 4934 ret
2161 4878 2305 4949 quod
2343 4879 2632 4935 habebant.
2663 4879 2818 4949 Quod
2857 4895 2987 4935 vero
3015 4879 3093 4934 ait
3122 4878 3374 4950 :Rogabo
3394 4876 3626 4946 Patrem,

2047 4983 2096 5028 et
2170 4973 2334 5027 alium
2368 4973 2703 5030 Paracletum
2756 4974 2903 5028 dabit
2947 4973 3109 5039 vobis,
3154 4972 3399 5029 ostendit
3446 4981 3502 5027 et
3536 4988 3629 5028 se-

2044 5064 2221 5133 ipsum
2269 5078 2389 5118 esse
2413 5062 2794 5130 Paracletum;
2843 5065 3168 5136 παράκλητος
3222 5063 3368 5118 enim
3415 5061 3627 5128 Graece,

2044 5156 2237 5212 Latine
2260 5155 2460 5212 dicitur
2483 5155 2797 5221 advocatus,
2839 5163 2895 5210 et
2930 5156 3131 5210 dictum
3159 5163 3246 5210 est
3270 5155 3336 5210 de
3358 5153 3579 5210 Christo
3610 5173 3626 5210 :

2044 5247 2364 5301 Advocatum
2401 5246 2649 5300 habemus
2689 5245 2828 5316 apud
2869 5256 3093 5316 patrem,
3131 5245 3327 5310 Jesum,
3355 5244 3626 5299 Christum

353 5341 454 5410 qui
481 5333 658 5402 Filius,
710 5335 804 5390 sed
840 5335 986 5403 quod
1015 5332 1236 5387 aPatris
1281 5333 1634 5387 similitudine
1671 5333 1724 5386 in
1789 5333 1938 5388 nullo
2035 5341 2244 5410 justum
2282 5337 2334 5410 (1
2367 5339 2527 5392 Joan.
2583 5337 2666 5409 ιι).
2705 5336 2804 5392 Vos
2842 5346 3037 5402 autem,
3065 5337 3261 5408 inquit,
3306 5337 3628 5406 cognoscetis

342 5447 584 5504 prorsus
612 5420 1068 5498 discrepetFilius.
1100 5425 1178 5479 Ac
1207 5426 1254 5480 si
1299 5425 1520 5491 diceret,
1547 5425 1701 5480 sime
1724 5425 1930 5490 vidisti,
2043 5445 2182 5492 eum,
2233 5428 2357 5499 quia
2393 5426 2535 5498 apud
2575 5444 2662 5481 vos
2713 5427 2962 5492 manebit,
3015 5435 3064 5480 et
3104 5427 3158 5480 in
3197 5425 3340 5480 vobis
3384 5424 3506 5489 erit,
3555 5440 3629 5480 ne

337 5525 452 5593 oqui
474 5517 783 5578 omnimodo
803 5519 853 5574 ei
873 5516 1064 5572 similis
1089 5532 1226 5583 sum,
1252 5514 1433 5573 vidisti
1457 5516 1604 5572 illum
1626 5518 1714 5573 cui
1737 5518 1931 5574 similis
2043 5528 2296 5590 putarent
2335 5519 2409 5574 ita
2439 5519 2580 5590 apud
2618 5533 2714 5574 eos
2767 5533 2890 5574 esse
2941 5523 3002 5571 ut
3033 5517 3323 5586 hospitem,
3372 5516 3630 5586 exposuit

353 5625 499 5680 sura.
533 5611 805 5682 Sequitur.
2044 5611 2173 5682 quid
2229 5609 2450 5677 dixerit,
2501 5610 2642 5680 apud
2689 5608 2794 5678 ros,
2835 5622 2960 5664 cum
2983 5605 3227 5678 adiunxit
3261 5616 3321 5662 et
3362 5605 3527 5668 dixit,
3567 5607 3629 5659 iis
