3954 6200
287 378 404 442 209

1124 380 1638 444 COLLECTIONES
1674 383 1738 439 lN
1782 378 2167 441 EPISTOLAS
2204 385 2294 442 ET
2335 385 2749 444 EVANGELIA.

3465 397 3578 456 ΞΙΟ

287 500 462 558 vobis.
486 498 659 553 Datur
701 495 901 568 quippe
943 503 1004 552 ut
1021 497 1091 552 sit
1110 506 1166 553 et
1186 498 1241 553 in
1263 499 1438 554 vobis.
1483 496 1590 553 Sed
1616 495 1789 552 videri
1829 504 1886 551 et
1909 499 1962 560 Α
1988 511 2020 550 a
2067 511 2174 566 quo
2201 496 2366 553 habet
2411 497 2514 553 hoc
2551 499 2749 570 ipsum,
2788 497 2932 570 quod
2953 499 3029 556 illi
3072 509 3158 559 est
3199 501 3572 568 indiﬂ‘ercnter

290 593 450 656 scin',
482 589 941 662 quemadmodum
979 591 1243 648 videndus
1267 599 1322 646 et
1339 592 1590 649 sciendus
1627 599 1732 658 est,
1775 606 1884 648 non

291 689 479 756 potest
505 698 539 737 a
559 680 738 745 nobis,
763 681 809 736 si
839 696 949 736 non
971 681 1042 737 sit
1065 682 1120 736 in
1135 682 1311 738 nobis.

358 775 485 832 Non
524 774 815 845 relinquam
845 791 932 829 vos
962 775 1244 846 orpltanos,
1268 783 1373 830 etc.
1415 774 1547 830 Post
1570 773 1887 846 promissio-

292 882 421 922 nem
446 864 687 935 Spiritus
710 861 887 919 sancti
931 878 1000 919 ne
1037 865 1160 935 quis
1205 874 1443 936 putaret,
1491 867 1634 938 quod
1656 867 1729 921 ita
1757 881 1883 922 eum

292 959 558 1013 Dominus
598 957 826 1012 daturus
864 956 1066 1024 fuerat,
1111 957 1260 1013 velut
1290 974 1396 1030 pro
1427 961 1626 1032 seipse,
1667 968 1728 1015 ut
1773 975 1884 1014 non

290 1060 350 1105 ut
376 1053 492 1120 ipse
539 1063 662 1104 cum
683 1049 766 1104 eis
813 1056 961 1104 esset
997 1047 1235 1114 futurus,
1281 1049 1524 1120 adjecit:
1562 1049 1686 1106 Non
1726 1049 1885 1104 relin-

247 1195 250 1198 .
287 1159 452 1214 quam
491 1161 582 1198 vos
634 1141 916 1212 orphanos.
966 1140 1228 1209 Quamvis
1265 1157 1394 1214 ergo
1432 1157 1533 1198 nos
1554 1139 1724 1197 Filius
1786 1140 1882 1196 Dei

290 1250 393 1290 suo
416 1234 569 1294 Patri
603 1232 945 1303 ad0ptaverit
982 1230 1142 1298 ﬁlios,
1179 1240 1236 1288 et
1253 1233 1502 1288 eumdem
1523 1233 1748 1289 Patrem
1779 1247 1881 1289 nos

289 1324 527 1379 voluerit
575 1323 778 1378 habere
826 1335 924 1394 per
967 1323 1223 1393 gratiam,
1287 1323 1379 1394 qui
1426 1323 1544 1394 ejus
1572 1323 1738 1378 Pater
1775 1332 1877 1391 est,

288 1429 392 1483 per
417 1421 669 1467 naturam
700 1420 881 1467 tamen
923 1412 1088 1466 etiam
1121 1413 1238 1484 ipse
1259 1427 1389 1484 erga
1433 1427 1535 1469 nos
1588 1422 1876 1484 paternum

289 1504 693 1575 quodammodo
715 1504 1057 1560 demonstrat
1079 1502 1352 1571 allectum,
1399 1520 1524 1561 cum
1547 1505 1681 1560 dicit
1706 1524 1719 1560 :
1754 1504 1878 1560 Non

288 1595 588 1667 relinquam
642 1611 730 1649 vos
767 1595 1051 1666 orphanos.
1092 1595 1299 1652 Deinde
1342 1596 1592 1666 sequitur
1635 1613 1648 1650 :
1694 1595 1880 1651 A‘dlt'uc

286 1686 558 1740 modicum
587 1695 636 1740 et
665 1684 895 1740 mundus
935 1702 1016 1739 me
1045 1685 1165 1756 jam
1214 1703 1319 1743 non
1360 1686 1522 1752 videt,
1573 1703 1661 1742 vos
1703 1696 1879 1741 autem

286 1777 478 1831 videtis
516 1793 622 1843 me,
661 1778 786 1848 quia
813 1793 904 1848 ego
935 1778 1046 1832 vivo
1076 1787 1124 1833 et
1151 1795 1239 1834 vos
1260 1779 1458 1834 vivetis.
1500 1777 1640 1846 Quid
1672 1779 1881 1835 esthoc

1984 588 2230 658 aequalis.
2264 589 2383 646 Non
2426 591 2710 658 miremur,
2735 608 2843 647 non
2868 607 3184 664 paveamus,
3231 613 3338 653 non
3361 609 3446 656 est
3471 605 3574 660 mi-

1983 694 2089 737 nor
2130 684 2314 751 Patre,
2358 683 2454 738 sed
2508 691 2744 752 nonest,
2795 684 2902 740 nisi
2941 687 3172 753 aPatre,
3219 704 3326 744 non
3383 694 3574 764 utique

1984 785 2174 839 suum,
2225 773 2321 828 sed
2361 771 2538 829 Patris
2579 781 2664 829 est
2709 775 2968 842 verbum,
3008 780 3278 847 quomodo
3320 796 3423 838 nec
3474 786 3572 840 sua

1985 861 2182 933 imago,
2208 862 2305 919 sed
2344 858 2560 932 Patris,
2617 877 2722 921 nec
2764 878 2895 922 suus
2912 865 3078 925 Filius
3117 869 3260 924 idem
3291 871 3425 941 ipse,
3475 875 3572 930 sed

1982 955 2174 1024 patris.

2057 1043 2188 1100 ch
2208 1043 2414 1099 locutus
2438 1062 2554 1101 sum
2579 1047 2722 1104 vobis
2741 1049 2884 1121 apud
2904 1066 2992 1105 vos
3015 1068 3253 1120 manens,
3268 1055 3568 1128 etreliqua.

1981 1133 2137 1206 Apud
2166 1151 2264 1191 vos
2315 1151 2566 1204 manens,
2593 1139 2794 1208 utique
2818 1143 3111 1210 praesentia
3140 1145 3429 1215 corporali,
3463 1163 3572 1218 qua

1980 1240 2106 1280 cum
2158 1225 2266 1280 illis
2314 1225 2547 1282 visibilis
2604 1227 2962 1298 loquebatur:
2994 1229 3306 1288 Paracletus
3366 1245 3567 1302 autem,

1980 1315 2174 1386 inquit,
2194 1313 2428 1386 Spiritus
2456 1328 2692 1385 sanctus,
2734 1336 2890 1391 quem
2910 1322 3077 1376 mittet
3102 1325 3263 1380 Pater
3281 1325 3338 1378 in
3363 1330 3572 1382 nomine

1978 1421 2113 1470 meo,
2148 1404 2238 1459 ille
2273 1421 2363 1460 vos
2401 1407 2602 1462 docebit
2631 1411 2828 1464 omnia.
2858 1409 2995 1465 Nam
3028 1413 3264 1480 quando,
3297 1415 3381 1469 vel
3408 1430 3572 1484 quem

1970 1493 2206 1566 Spiritus
2236 1501 2463 1552 sanctus
2483 1496 2665 1564 docet,
2693 1498 2914 1554 trinitas
2953 1499 3072 1570 ipsa
3100 1501 3279 1568 docet,
3318 1503 3414 1559 sed
3435 1519 3572 1576 quoa

1979 1586 2126 1642 niam
2148 1587 2370 1644 trinitas
2412 1595 2520 1655 est,
2551 1589 2841 1659 oportebat
2865 1589 2983 1660 ejus
3011 1592 3252 1665 singulas
3291 1595 3575 1655 insinuare

1979 1693 2266 1749 personas,
2295 1695 2487 1737 omnes
2513 1680 2678 1754 igitur
2697 1689 2754 1737 et
2781 1682 2913 1738 dicit
2932 1691 2988 1739 et
3009 1683 3169 1740 docet
3186 1687 3422 1755 trinitas,
3475 1689 3572 1748 scd

1980 1769 2086 1825 nisi
2137 1770 2305 1826 etiam
2365 1771 2681 1842 singillatim
2722 1776 3221 1844 commendaretur,
3271 1783 3406 1835 eam'
3451 1781 3573 1835 nul-

287 1869 438 1938 quod
487 1869 556 1923 de
589 1868 842 1939 praesenti
885 1883 945 1923 se
991 1867 1132 1924 dixit
1179 1870 1384 1936 viVere,
1423 1869 1544 1925 illos
1591 1877 1772 1925 autem
1812 1869 1879 1925 de
1905 1853 1954 1914 Β
1981 1861 2034 1946 l0
2085 1863 2244 1918 mOdO
2297 1863 2535 1918 humana
2594 1879 2792 1935 capere
2857 1875 3132 1938 utcunque
3178 1879 3362 1940 P0556!
3411 1871 3566 1926 inﬁr-

288 1960 478 2015 futuro
505 1973 629 2013 esse
670 1959 954 2015 victuros?
989 1958 1105 2014 Nisi
1147 1959 1275 2031 quia
1325 1959 1436 2015 vita
1479 1960 1646 2014 etiam
1699 1959 1881 2016 carnis

291 2052 485 2121 utique
537 2051 899 2119 resurgentis,
942 2049 1118 2120 qualis
1161 2050 1216 2105 in
1255 2051 1374 2122 ipso
1421 2051 1783 2122 praecedebat,
1826 2058 1882 2106 ct

285 2142 404 2196 illis
464 2150 549 2197 est
601 2139 874 2212 pollicitus
916 2147 1252 2197 secuturam.
1312 2141 1458 2198 Duas
1506 2157 1639 2214 ergo
1693 2157 1880 2197 resur-

289 2231 586 2297 rectiones,
633 2245 789 2285 suam
825 2230 1034 2286 scilicet
1065 2245 1189 2285 mox
1220 2227 1458 2285 futuram
1481 2272 1495 2298 ,
1543 2240 1601 2286 et
1635 2240 1879 2286 nostram

289 2321 348 2376 in
396 2319 505 2375 ﬁne
531 2320 715 2376 saeculi
763 2327 1072 2388 venturam,
1121 2321 1332 2376 duobus
1370 2321 1554 2377 verbis
1593 2321 1881 2392 praesentis

290 2413 558 2484 temporis
574 2421 630 2468 et
661 2413 852 2480 futuri,
880 2413 1156 2485 ewganter
1198 2411 1546 2484 breviterque
1581 2413 1832 2485 promisit
1864 2431 1877 2468 :

293 2501 411 2558 Sed
455 2503 710 2572 quoniam
753 2513 878 2575 post
923 2502 1420 2570 resurrectiOnem,
1473 2504 1640 2559 etiam
1705 2504 1881 2575 ipsam

289 2610 519 2650 carnem
577 2611 750 2662 suam,
807 2611 971 2667 quam
1025 2611 1134 2650 non
1195 2595 1371 2652 solum
1419 2596 1730 2663 videndam,
1789 2611 1883 2652 ve-

291 2701 417 2740 rum
439 2686 606 2741 etiam
628 2685 1070 2742 contrectandam
1097 2685 1520 2752 demonstravit,
1561 2686 1676 2742 suis
1713 2686 1884 2742 voluit

287 2777 685 2845 demonstrare,
706 2793 814 2834 non
833 2779 948 2834 suis
967 2779 1310 2846 subtrahere,
1324 2787 1380 2834 et
1397 2779 1502 2835 hoc
1522 2788 1610 2836 est
1627 2778 1877 2844 fortasse,

286 2871 467 2927 adhuc
484 2871 756 2927 modicum
775 2880 832 2928 et
850 2872 1084 2929 mundus
1105 2888 1194 2930 me
1207 2873 1322 2946 jam
1345 2888 1456 2930 non
1472 2872 1646 2941 videt,
1666 2889 1765 2929 vos
1784 2888 1882 2928 au-

289 2972 400 3018 tem
420 2963 619 3018 videtis
636 2977 745 3018 me.

357 3052 429 3107 In
468 3052 564 3107 illo
609 3053 718 3119 die,
745 3052 942 3125 inquit,
977 3070 1066 3110 vos
1099 3055 1442 3126 cognoscetis,
1481 3055 1608 3127 quia
1648 3072 1744 3129 ego
1764 3073 1883 3112 sum

285 3145 341 3198 in
373 3143 534 3199 Patre
572 3161 710 3212 meo,
754 3153 860 3201 etc.
913 3145 973 3200 l'n
1022 3161 1130 3217 quo
1181 3145 1314 3202 die?
1366 3146 1473 3203 nisi
1496 3147 1562 3203 de
1610 3162 1720 3219 quo
1759 3149 1877 3203 ait:

285 3234 355 3290 Et
394 3252 486 3290 vos
518 3237 719 3303 vivetis,
759 3243 890 3292 tunc
927 3237 1075 3292 enim
1116 3237 1224 3293 erit
1259 3244 1320 3292 ut
1369 3237 1642 3309 possimus
1689 3238 1877 3296 videre

285 3327 433 3400 quod
468 3327 767 3394 credimus,
811 3343 939 3383 nam
984 3335 1041 3384 et
1088 3343 1232 3384 nunc
1256 3334 1342 3384 est
1369 3327 1425 3382 in
1447 3328 1627 3395 nobis,
1676 3336 1734 3384 et
1775 3343 1876 3385 nos

285 3422 346 3476 in
367 3421 480 3477 illo.
518 3419 797 3487 Qui‘liabet
819 3421 1070 3475 mandata
1106 3437 1244 3487 mea,
1274 3430 1324 3475 et
1362 3430 1536 3476 servat
1557 3438 1642 3488 ea,
1667 3420 1765 3477 ille
1803 3430 1878 3476 est

285 3515 386 3584 qui"
414 3512 593 3584 diligit
636 3529 740 3579 me,
793 3514 888 3583 qui
914 3513 1080 3568 habet
1115 3513 1172 3568 in
1201 3513 1466 3569 memoria
1509 3521 1566 3569 et
1610 3520 1796 3570 servat
1822 3513 1876 3568 in

286 3606 436 3672 vita;
490 3606 585 3676 qui
608 3605 776 3660 habet
813 3606 868 3660 in
907 3606 1275 3672 sermonibus,
1333 3613 1388 3661 et
1417 3614 1601 3662 servat
1636 3605 1691 3660 in
1713 3606 1881 3660 mori-

285 3697 420 3762 bus;
463 3695 561 3764 qui
605 3695 772 3750 habet
819 3695 1112 3761 audiendo,
1161 3703 1217 3750 et
1239 3703 1425 3751 servat
1461 3693 1736 3760 faciendo,
1763 3695 1880 3766 ipse

287 3799 389 3850 est,
415 3787 617 3857 inquit,
666 3786 758 3858 qui
788 3785 967 3858 diligit
1013 3800 1131 3849 me;
1182 3795 1231 3838 et
1252 3801 1345 3855 ego
1384 3782 1604 3856 diligam
1654 3801 1796 3851 eum,
1829 3793 1879 3840 et

287 3863 638 3952 ntanifestabo
688 3882 735 3935 ei
765 3873 1040 3951 meipsum.
1097 3878 1332 3949 Diligam
1383 3886 1439 3934 et
1493 3876 1876 3944 manifestabo,

287 3973 342 4029 id
393 3980 505 4039 est,
551 3971 621 4026 ad
663 3972 766 4026 hoc
805 3970 1026 4041 diligam
1069 3977 1133 4024 ut
1184 3968 1560 4024 manilestem.
1609 3965 1750 4034 Quid
1796 3975 1882 4023 cst

289 4061 555 4133 diligam?
599 4067 859 4130 tanquam
889 4067 1022 4114 tunc
1047 4058 1344 4114 dilecturus
1361 4057 1452 4124 sit,
1506 4065 1563 4113 et
1587 4071 1736 4112 nunc
1760 4071 1877 4112 non

289 4152 524 4225 diligat?
551 4152 716 4208 absit.
778 4150 931 4224 Nunc
966 4151 1112 4206 enim
1155 4150 1225 4206 ad
1261 4149 1368 4205 hoc
1411 4150 1612 4222 diligit,
1658 4157 1720 4205 ut
1760 4165 1881 4206 cre-

290 4243 484 4298 damus
531 4250 590 4297 et
641 4241 961 4296 mandatum
1021 4241 1146 4297 ﬁdei
1177 4249 1482 4308 teneamus,
1531 4249 1662 4297 tunc
1686 4241 1754 4296 ad
1776 4241 1880 4296 hoc

289 4334 495 4406 diliget,
523 4342 585 4388 ut
623 4334 928 4401 videamus,
962 4342 1018 4390 et
1053 4334 1227 4406 ipsam
1243 4334 1535 4392 'visionem
1572 4332 1902 4390 mercedem-

291 4424 412 4479 lidei
459 4425 763 4495 capiamus.

359 4513 647 4585 Respondit
685 4512 844 4570 Iesus
883 4524 933 4569 et
980 4514 1226 4612 dixit-eis
1254 4513 1358 4571 :Si
1395 4514 1735 4612 quiis-“diligit
1774 4529 1876 4580 me,
1903 4552 1957 4612 Ι)

290 4620 584 4658 sermonem
607 4620 778 4659 meum
791 4605 1038 4671 servabit,
1054 4614 1104 4660 et
1118 4603 1282 4660 Pater
1299 4621 1445 4660 meus
1461 4604 1643 4677 diliget
1671 4620 1810 4670 eum,
1829 4611 1879 4658 et

290 4694 359 4746 ad
379 4709 504 4747 eum
542 4695 830 4760 veniemus,
853 4703 960 4750 etc.
999 4695 1090 4752 Sic
1118 4693 1554 4766 inseparabiliter
1583 4702 1880 4766 operantur

286 4785 444 4840 Patet
473 4780 722 4849 eIFilius,
754 4785 838 4842 sic
869 4795 926 4842 et
959 4786 1397 4858 inseparabiliter
1437 4785 1688 4858 diligunt.
1738 4784 1880 4840 Ecce

293 4872 423 4928 facit
449 4875 506 4928 in
537 4874 766 4941 sanctis,
813 4891 938 4931 cum
963 4877 1124 4935 Patre
1161 4885 1219 4934 et
1242 4873 1402 4944 Filio,
1449 4885 1676 4934 sanctus
1705 4877 1875 4932 etiam

283 4964 519 5034 Spiritus
559 4965 901 5021 mansionem
933 4967 1078 5024 intus
1132 4967 1322 5037 utique
1366 4974 1625 5036 tanquam
1657 4967 1802 5023 Deus
1822 4967 1879 5021 in

294 5051 498 5122 templo
547 5067 663 5107 suo.
714 5053 862 5109 Deus
903 5055 1138 5123 trinitas,
1183 5056 1342 5112 Pater
1370 5063 1425 5111 et
1444 5050 1879 5128 FiliusetSpiri-

296 5150 381 5198 tus
423 5152 651 5200 sanctus
695 5145 923 5200 veniunt
969 5147 1038 5202 ad
1065 5163 1187 5214 nos,
1233 5147 1360 5201 dum
1387 5147 1635 5202 venimus
1657 5148 1726 5203 ad
1759 5161 1874 5203 eos.

296 5231 534 5289 Veniunt
574 5235 966 5304 subveniendo,
1014 5239 1269 5294 venimus
1288 5237 1589 5294 obediendo
1615 5257 1627 5292 :
1651 5238 1880 5294 veniunt

298 5323 672 5391 illuminando,
718 5327 968 5383 venimus
994 5328 1278 5396 intuendo;
1333 5328 1560 5384 veniunt
1581 5327 1875 5399 implendo,

297 5415 546 5470 venimus
570 5417 855 5486 capiendo,
895 5426 958 5474 ut
986 5419 1059 5474 sit
1109 5419 1268 5474 nobis
1313 5433 1502 5476 eorum
1532 5433 1642 5474 non
1689 5425 1877 5474 extra-

302 5507 375 5560 ria
433 5507 599 5570 visio,
661 5509 759 5565 sed
810 5510 1048 5578 interna,
1095 5520 1152 5567 et
1199 5512 1254 5566 in
1309 5513 1469 5568 nobis
1525 5526 1714 5568 eorum
1767 5527 1877 5567 non

301 5596 613 5653 transitoria
657 5599 890 5664 mansio,
942 5600 1037 5656 sed
1071 5609 1296 5657 aeterna.
1335 5599 1594 5672 Sequitur
1623 5620 1636 5656 :
1663 5601 1732 5656 Et
1773 5618 1881 5656 ser-

301 5704 502 5742 monem
558 5705 713 5759 quem
749 5691 993 5757 audistis,
1035 5710 1140 5748 non
1163 5703 1239 5749 est
1263 5710 1432 5761 meus,
1471 5694 1561 5748 sed
1599 5704 1650 5749 et
1679 5694 1874 5750 Patris.

305 5777 464 5836 Recte
502 5780 667 5853 igitur
712 5785 920 5841 auctori
951 5786 1157 5852 tribuit,
1197 5785 1456 5857 quidquid
1481 5786 1609 5843 facit
1632 5786 1877 5858 aequalis,

1982 1951 2164 2008 initas.

2053 2043 2249 2099 Pacem
2270 2045 2506 2117 relinquo
2532 2046 2692 2114 vobis,
2748 2064 2929 2118 pacem
2957 2066 3126 2106 meam
3155 2053 3223 2108 do
3258 2054 3423 2109 vobis.
3454 2054 3572 2111 Hoc

1981 2141 2064 2188 est
2079 2133 2220 2203 quod
2233 2132 2460 2206 legimus
2477 2138 2618 2207 apud
2630 2137 2952 2208 pr0plretam
2967 2158 2979 2194 :
2993 2137 3185 2196 Pacem
3197 2158 3354 2213 super
3364 2159 3568 2214 paceni.

1981 2221 2180 2279 Pacem
2227 2224 2386 2279 nobis
2432 2227 2692 2298 relinquit
2718 2229 2914 2297 iturus,
2969 2246 3155 2301 pacem
3212 2248 3367 2288 suam
3413 2235 3572 2292 nobis

1981 2316 2131 2371 dabit
2176 2316 2231 2371 in
2253 2317 2361 2372 line
2381 2326 2662 2386 venturus,
2709 2335 2898 2391 pacem
2927 2323 3083 2379 nobis
3105 2324 3361 2396 relinquit
3387 2326 3442 2380 in
3468 2327 3572 2383 hoc

1982 2408 2202 2474 saeculo,
2244 2425 2436 2488 pacem
2465 2426 2618 2466 suam
2651 2413 2810 2468 nobis
2839 2415 2990 2471 dabit
3029 2416 3083 2470 in
3115 2415 3300 2473 futuro
3345 2419 3566 2476 saeculo.

1981 2499 2179 2556 Pacem
2233 2502 2391 2558 nobis
2430 2503 2712 2574 relinquit,
2762 2505 2819 2560 in
2861 2521 2968 2576 qua
3022 2518 3308 2564 manentes
3355 2511 3572 2566 hostem

1982 2591 2270 2657 vincitnus,
2324 2608 2518 2664 pacem
2564 2611 2719 2650 suam
2765 2596 2922 2652 nobis
2968 2597 3139 2664 dabit,
3191 2601 3406 2670 quando
3454 2601 3575 2658 sine

1982 2683 2140 2739 hoste
2187 2685 2554 2754 regnabimus.
2609 2685 2804 2742 Pacem
2833 2687 3054 2758 reliquit
3099 2691 3277 2756 nobis,
3328 2693 3573 2748 utetiam

1981 2772 2073 2828 hic
2098 2772 2329 2828 invicem
2360 2772 2668 2844 diligamus,
2721 2776 2775 2830 in
2805 2775 2898 2832 illo
2924 2785 3128 2844 tamen,
3181 2788 3347 2851 atque
3371 2781 3440 2836 ab
3479 2781 3574 2836 illo

1981 2870 2068 2920 est
2097 2863 2256 2919 nobis
2283 2878 2389 2933 pax
2413 2880 2450 2930 ;,
2490 2865 2602 2936 ipse
2629 2875 2704 2919 est
2727 2882 2834 2937 pax
2859 2876 3060 2933 nostra,
3090 2871 3180 2939 qui
3201 2869 3323 2940 fecit
3352 2881 3576 2944 utraque

1982 2971 2147 3010 unum
2173 2954 2388 3027 (Ephes.
2413 2952 2498 3028 ιι),
2521 2971 2626 3028 pax
2647 2972 2778 3029 ergo
2801 2957 2916 3028 ipse
2935 2959 3093 3016 nobis
3111 2970 3215 3028 est,
3233 2970 3289 3017 et
3311 2977 3432 3019 cum
3454 2979 3576 3020 cre-

1982 3047 2162 3104 dimus
2189 3048 2317 3118 quia
2357 3055 2460 3115 est,
2497 3056 2554 3105 et
2603 3064 2726 3104 cum
2756 3050 3060 3108 videbimus
3104 3069 3229 3108 eum
3273 3055 3435 3110 sicuti
3464 3065 3570 3112 est.

1983 3138 2139 3208 Quod
2163 3153 2306 3196 vero.
2337 3139 2606 3209 adjunxit,
2639 3139 2764 3194 Non
2792 3141 3054 3212 quomodo
3080 3143 3309 3199 mundus
3343 3143 3458 3212 dat,
3479 3164 3575 3218 ego

1983 3233 2051 3287 do
2084 3232 2241 3297 vobis,
2269 3232 2399 3302 quid
2424 3241 2506 3288 est
2529 3231 2694 3296 aliud,
2725 3231 2831 3287 nisi
2868 3247 2974 3287 non
3007 3235 3279 3305 quomodo
3325 3236 3575 3294 homines

1978 3325 2132 3391 dant,
2187 3325 2280 3396 qui
2321 3333 2544 3396 propter
2570 3341 2633 3381 ea
2663 3325 2768 3380 sibi
2793 3325 2923 3381 dant
2951 3342 3164 3396 pacem,
3211 3337 3272 3384 ut
3300 3331 3418 3386 sine
3455 3346 3573 3386 mo-

1978 3415 2134 3472 lestia
2179 3432 2287 3472 non
2336 3415 2484 3482 Deo,
2541 3416 2636 3472 sed
2685 3417 2861 3473 amico
2904 3432 3003 3473 suo
3033 3421 3233 3476 mundo
3281 3421 3573 3491 perfruan-

1981 3516 2088 3562 tur.

2053 3597 2177 3654 Non
2205 3599 2446 3653 turbetur
2467 3615 2559 3654 cor
2587 3607 2832 3662 vestrum,
2858 3617 3024 3673 neque
3046 3601 3324 3672 formidet;
3345 3596 3570 3662 audistis

1977 3689 2102 3761 quia
2122 3705 2215 3760 ego
2243 3688 2358 3743 dixi
2409 3689 2574 3755 vobis,
2619 3697 2723 3745 etc.
2766 3689 2905 3748 Hine
2951 3706 3082 3764 ergo
3121 3695 3329 3751 turbari
3373 3705 3429 3753 et
3465 3699 3592 3760 [οι-ο,

1980 3779 2194 3835 midare
2253 3787 2472 3849 poterat
2528 3795 2627 3837 cor
2683 3780 2927 3850 illorum,
2991 3785 3135 3855 quod
3191 3785 3304 3841 ibat
3346 3788 3415 3844 ab
3467 3788 3594 3854 eis”

1979 3870 2228 3941 quamvis
2268 3879 2534 3927 venturus
2574 3872 2643 3928 ad
2685 3887 2804 3939 eos,
2861 3890 2930 3930 ne
2965 3874 3195 3931 forsitan
3246 3894 3464 3950 gregem
3491 3879 3572 3934 lu-

1978 3975 2080 4031 pus
2120 3961 2174 4015 in
2229 3960 2334 4016 hoc
2364 3961 2648 4016 intervallo
2688 3962 2969 4020 invaderet
3018 3966 3254 4034 pastoris
3303 3969 3570 4022 absentia.

1980 4051 2089 4107 Sed
2135 4066 2167 4105 a
2210 4052 2408 4121 quibus
2458 4052 2621 4108 homo
2645 4051 2991 4121 abscedebat,
3044 4057 3188 4111 Deus
3235 4073 3342 4111 non
3399 4059 3591 4113 relinw

1977 4143 2201 4213 quebat,
2227 4151 2282 4196 et
2305 4141 2447 4197 idem
2474 4142 2588 4211 ipse
2629 4142 2881 4200 Christus
2924 4146 3087 4200 homo
3140 4155 3195 4201 et
3224 4147 3388 4204 Deus.
3417 4150 3588 4222 Ergo.

1979 4244 2034 4292 et
2061 4236 2176 4290 ibat
2215 4249 2312 4304 per
2343 4234 2396 4289 id
2428 4235 2574 4303 quod
2613 4235 2776 4289 homo
2806 4244 2944 4298 erat,
2995 4245 3048 4292 ct
3080 4238 3356 4304 manebat,
3387 4255 3486 4310 per
3515 4241 3568 4296 id

1979 4325 2124 4395 quod
2153 4325 2297 4380 Deus
2326 4333 2446 4380 erat
2477 4343 2490 4380 :
2523 4326 2637 4382 ibat
2675 4342 2774 4398 per
2803 4328 2857 4382 td
2885 4329 3030 4399 quod
3061 4330 3115 4384 in
3144 4346 3254 4386 uno
3281 4331 3400 4388 loco
3427 4343 3576 4400 erat,

1978 4415 2238 4470 manebat
2269 4429 2369 4486 per
2396 4415 2451 4470 id
2480 4415 2624 4486 quod
2659 4416 2859 4487 ubique
2880 4425 3018 4473 erat.
3052 4417 3114 4474 Si
3148 4421 3434 4494 diligentis
3463 4440 3594 4489 me,

1980 4505 2278 4577 gaudentis
2317 4507 2498 4578 utique
2525 4507 2651 4579 quia
2687 4509 2820 4565 vado
2865 4510 2936 4564 ad
2963 4509 3199 4580 Patrem,
3228 4515 3354 4587 quia
3407 4513 3573 4572 Pater

1981 4596 2158 4668 major
2197 4614 2278 4652 me
2319 4607 2416 4653 est.
2457 4596 2564 4653 Per
2587 4597 2731 4669 quod
2755 4600 3055 4671 ergoFilius
3080 4619 3188 4658 non
3219 4612 3310 4661 est
3347 4605 3571 4676 aequalis

1975 4686 2144 4750 Patri,
2175 4702 2274 4758 per
2300 4687 2406 4743 hoc
2434 4697 2553 4743 erat
2588 4689 2767 4745 iturus
2787 4691 2856 4746 ad
2894 4689 3134 4758 Patrem,
3179 4709 3278 4764 per
3304 4694 3433 4751 illud
3463 4711 3591 4750 ευ·-

1981 4785 2093 4832 tem
2137 4780 2190 4834 in
2227 4793 2336 4850 quo
2387 4790 2474 4836 est
2515 4781 2743 4851 aequalis
2789 4781 3029 4854 gignenti
3053 4782 3392 4855 Unigenitus,
3433 4803 3572 4843 nun-

1983 4888 2146 4944 quam
2170 4875 2377 4930 recedit
2412 4891 2443 4929 a
2485 4875 2665 4930 Patre.
2691 4875 2889 4932 Forma
2915 4878 3114 4949 quippe
3146 4879 3290 4934 servi
3313 4881 3575 4945 accessit,

1982 4979 2089 5019 non
2119 4962 2294 5019 forma
2339 4965 2432 5020 Dei
2462 4966 2706 5032 recessit,
2741 4967 2858 5021 haec
2884 4975 2970 5022 est
2996 4977 3293 5037 assumpta,
3343 4983 3451 5024 non
3479 4969 3588 5042 illa.

1981 5064 2319 5124 consumpta.
2342 5055 2572 5124 Propter
2595 5055 2735 5110 hanc
2764 5057 2929 5123 dicit,
2951 5054 3115 5112 Pater
3133 5057 3308 5129 major
3353 5076 3434 5113 me
3470 5071 3569 5126 est,

1981 5155 2202 5218 propter
2230 5147 2378 5202 illam
2404 5162 2556 5212 vero,
2586 5163 2679 5218 ego
2702 5157 2753 5204 et
2775 5145 2942 5202 Pater
2966 5165 3128 5203 unum
3155 5167 3361 5205 sumus.
3389 5150 3569 5224 Agno—

1982 5255 2198 5296 scamus
2248 5240 2517 5312 geminam
2545 5240 2907 5296 substantiam
2941 5240 3169 5310 Christi,
3200 5244 3438 5300 divinam
3468 5244 3574 5300 sci-.

1982 5330 2112 5386 licet
2146 5346 2251 5401 qua
2279 5330 2505 5401 aequalis
2549 5338 2635 5386 est
2668 5332 2842 5398 Patri,
2871 5334 3183 5400 humanam,
3231 5351 3335 5406 qua
3393 5333 3567 5402 major

1983 5429 2068 5477 est
2096 5416 2276 5475 Pater.
2336 5420 2641 5491 Utrumque
2694 5429 2875 5477 autem
2923 5423 3106 5479 simul"
3138 5439 3245 5479 non
3296 5424 3420 5486 duo,
3467 5421 3590 5476 sed

1984 5526 2126 5567 unus
2189 5509 2475 5578 Christus,
2525 5526 2595 5567 ne
2652 5512 2724 5567 sit
2767 5515 3124 5582 quaternitas,
3176 5529 3284 5568 non
3338 5507 3558 5568 trinitas

1985 5602 2149 5656 Deus.
2195 5599 2350 5655 Sicut
2371 5599 2515 5655 enim
2555 5617 2696 5658 unus
2716 5610 2800 5658 est
2849 5603 3014 5658 homo
3065 5602 3246 5655 anima
3279 5599 3568 5659 rationalis

1985 5701 2040 5748 et
2082 5706 2233 5758 caro,
2263 5691 2343 5747 sic
2385 5707 2524 5746 unus
2558 5702 2641 5746 est
2689 5691 2940 5748 Christus
2980 5692 3123 5746 Deus
3166 5700 3222 5746 et
3267 5691 3451 5762 homo,
3499 5710 3564 5751 ac-

1984 5801 2080 5857 per
2121 5787 2224 5842 hoc
2273 5784 2526 5842 Christus
2587 5793 2679 5841 est
2718 5785 2879 5849 Deus,
2939 5784 3116 5838 anima
3174 5787 3457 5845 rationalis
3508 5798 3564 5844 et
