3954 6200
394 383 498 450 Si!

1721 349 2078 430 sanatam
2111 365 2404 424 ΑΒΜ-[ιε

3575 365 3680 422 ω

395 509 548 554 οπο,
590 491 869 551 Christum
916 493 970 548 in
1002 493 1091 548 his
1137 458 1412 556 omnibus,
1463 489 1742 545 Christum
1789 487 1842 540 in
1867 485 1980 541 sin-
2009 485 2061 548 Α
2087 479 2319 536 facimus
2369 493 2490 550 qua:
2527 477 2805 550 przecepit,
2845 485 2903 532 et
2927 476 3204 548 diligimus
3251 490 3371 548 quae
3405 481 3679 547 promisit.

396 585 538 660 gulis
563 581 902 640 conﬁtemur.
933 582 1066 650 Quis
1091 591 1176 640 est
1211 597 1363 654 ergo,
1393 595 1490 654 per
1513 595 1674 654 quem
1700 577 1874 632 factus
1895 584 1982 633 est

396 662 665 734 mundus?
683 674 932 736 Christus
953 673 1133 741 Iesus,
1165 675 1260 735 sed
1288 674 1342 729 in
1367 673 1542 732 forma
1569 672 1686 727 Dei.
1728 668 1862 742 Quis
1897 674 1983 728 est

397 776 499 836 sub
515 774 710 834 Pontio
729 771 904 832 Pilato
933 767 1262 826 cruciﬁxus?
1303 765 1554 826 Christus
1581 761 1760 829 Iesus,
1803 759 1900 820 sed
1925 759 1982 818 in

397 863 576 920 forma
600 863 770 925 servi.

467 956 536 1011 Et
580 973 720 1011 nunc
750 955 864 1010 dixi
909 952 1048 1008 vobis
1070 951 1376 1023 priusquam
1405 949 1609 1019 βαίνω
1655 961 1776 1000 cum
1818 940 1982 1014 fuerit

398 1046 597 1115 factum
646 1045 895 1110 credatis,
948 1051 1002 1102 et
1058 1043 1285 1113 reliqua.
1337 1039 1478 1113 Quid
1538 1037 1642 1098 sibi
1685 1035 1800 1093 vult
1842 1029 1982 1091 hoc?

398 1138 590 1194 Nonne
641 1139 823 1210 potius
872 1135 1162 1194 dicendum
1189 1132 1326 1190 fuit:
1356 1133 1424 1190 Et
1450 1145 1596 1188 nunc
1638 1128 1748 1186 dixi
1801 1127 1980 1195 vobis,

396 1233 714 1304 priusquam
760 1229 856 1288 ﬁat
894 1237 954 1284 ut
1003 1227 1259 1290 credatis,
1283 1232 1343 1284 ut
1383 1238 1506 1278 cum
1546 1219 1751 1276 factum
1791 1218 1976 1284 fuerit,

396 1321 643 1378 videatis.
701 1319 838 1379 [llud
861 1319 1008 1376 enim
1036 1318 1167 1373 dicit
1191 1331 1204 1370 :
1233 1314 1366 1370 Cum
1387 1321 1587 1385 factum
1611 1310 1792 1381 fuerit,
1835 1308 1980 1378 quod

396 1429 522 1472 eum
562 1421 687 1486 post
711 1420 942 1466 mortem
965 1409 1137 1469 visuri
1164 1415 1321 1464 erant
1361 1406 1657 1469 viventem,
1693 1412 1747 1458 et
1789 1401 1856 1456 ad
1882 1401 1982 1457 Pa—

395 1512 535 1565 trem
563 1503 968 1566 ascendentem,
1019 1515 1130 1571 quo
1149 1502 1264 1554 viso
1287 1498 1422 1554 illud
1449 1496 1667 1552 fuerant
1693 1491 1979 1558 credituri,

395 1591 542 1664 quod
566 1591 682 1664 ipse
721 1589 1036 1652 essetFilius
1057 1589 1173 1654 Dei,
1197 1587 1290 1662 qui
1327 1586 1504 1662 potuit
1524 1586 1630 1640 hoc
1653 1583 1833 1639 facere
1857 1598 1982 1639 cum

394 1684 754 1760 praedixisset,
779 1691 836 1746 et.
862 1682 1172 1755 praedicare,
1191 1689 1485 1755 antequam
1511 1677 1734 1736 faceret.
1778 1677 1982 1736 Deinde

393 1775 532 1845 quid
580 1775 713 1836 dicit
743 1793 756 1827 :
781 1773 906 1829 1am
954 1789 1057 1828 non
1099 1770 1264 1834 multa
1307 1770 1495 1842 loquor
1521 1769 1805 1836 vobiscum,
1838 1769 1978 1822 venit

2154 572 2224 627 In
2266 573 2364 626 hoc
2390 570 2713 641 clari/icatus
2732 580 2808 626 est
2827 571 2986 626 Pater
3013 585 3185 634 meus,
3217 577 3273 621 ut
3303 569 3537 638 fructum
3565 574 3684 641 plu-

2082 664 2275 719 rimum
2296 662 2553 733 a/feratis,
2571 670 2627 717 et
2647 661 2804 730 reliq.
2843 659 2961 716 Non
3007 662 3111 716 hoc
3133 667 3334 714 nostra:
3362 654 3684 734 gloriaéJriv

2080 755 2336 823 buamus,
2387 764 2647 828 tanquam
2700 756 2807 812 hoc
2855 770 2923 810 ex
2975 755 3132 810 nobis
3181 753 3313 828 ipsis
3364 755 3678 825 habeamus,

2083 845 2201 918 ejus
2237 853 2324 902 est
2364 845 2510 902 enim
2551 845 2669 903 haec
2718 845 2916 918 gratia,
2957 853 3013 904 et
3037 845 3156 900 ideo
3189 846 3243 902 in
3274 846 3379 904 hoc
3431 863 3538 902 non
3576 865 3680 906 no-

2082 945 2221 1005 stra,
2281 937 2376 992 sed
2401 935 2518 1006 ejus
2555 945 2640 992 est
2679 936 2871 1011 gloria,
2929 945 2992 991 ut
3020 935 3329 994 efﬁciamur
3363 937 3568 993 Christi
3602 940 3682 994 di-

2082 1027 2293 1100 scipuli,
2348 1028 2473 1099 quia
2494 1029 2612 1100 ejus
2656 1028 3030 1084 misericordia
3055 1030 3319 1100 praevenit
3372 1046 3490 1088 nos.
3526 1031 3680 1100 Quod

2083 1127 2264 1174 autem
2295 1119 2372 1174 ait
2405 1137 2416 1172 :
2448 1117 2595 1173 Sicut
2617 1118 2801 1176 dilexit
2841 1136 2923 1174 me
2953 1117 3136 1186 Pater,
3161 1129 3210 1173 et
3243 1136 3336 1192 ego
3364 1118 3527 1175 dilexi
3569 1140 3675 1190 vos,

2084 1225 2192 1264 non
2239 1209 2606 1280 aequalitatem
2645 1217 2852 1266 natura:
2889 1210 3133 1267 ostendit
3193 1219 3395 1266 nostrm
3436 1223 3493 1267 et
3544 1229 3676 1281 sum,

2085 1306 2226 1364 sicut
2258 1315 2342 1361 est
2390 1307 2567 1366 Patris
2612 1302 2885 1378 et’ipsius,
2938 1307 3032 1366 sed
3055 1306 3290 1378 gratiam
3319 1323 3425 1376 qua
3465 1310 3674 1366 media-

2083 1405 2170 1452 tor
2195 1406 2280 1454 est
2305 1397 2402 1453 Dei
2421 1406 2477 1453 et
2496 1398 2808 1464 hominum,-
2826 1397 2987 1454 homo
3019 1396 3270 1456 Christus
3303 1395 3484 1452 Jesus.
3536 1398 3675 1466 Quid

2083 1496 2168 1545 est
2206 1503 2336 1560 ergo
2370 1507 2381 1542 :
2417 1488 2629 1542 Manete
2649 1489 2705 1544 in
2739 1488 3017 1546 dilectione
3044 1505 3182 1554 mea,
3227 1489 3338 1544 nisi
3373 1499 3589 1548 manete
3618 1492 3690 1559 in,

2084 1583 2259 1652 gratia
2303 1581 2458 1636 mea?
2503 1579 2644 1647 Quid
2683 1588 2767 1635 est
2795 1581 2941 1654 quod
2989 1578 3158 1637 dicit:
3187 1578 3337 1635 Sicut
3365 1579 3550 1634 dilexit
3593 1599 3674 1637 me

2086 1668 2271 1736 Pater,
2295 1678 2344 1724 et
2363 1686 2456 1740 ego
2477 1668 2640 1726 dilexi
2664 1670 2791 1725 vos?
2830 1669 3083 1741 Nunquid
3111 1680 3167 1728 ct
3205 1668 3294 1726 hic
3320 1670 3494 1740 gratia
3524 1670 3676 1728 intel-

2084 1760 2300 1832 iigenda
2352 1768 2456 1826 est,
2504 1775 2611 1829 qua
2652 1758 2815 1815 Pater
2867 1760 3044 1832 diligit
3065 1758 3300 1815 Filium?
3346 1758 3502 1816 Sicut
3551 1776 3675 1832 grav

393 1844 536 1919 enim
560 1863 803 1935 princeps
831 1861 1036 1927 mundi.
1069 1859 1202 1928 Quis
1247 1860 1353 1916 nisi
1395 1859 1676 1916 diabolus?
1707 1869 1755 1912 et
1796 1857 1851 1910 in
1896 1872 1979 1912 me
2006 1844 2054 1905 Β
2085 1852 2158 1907 tia
2205 1861 2306 1916 est,
2357 1867 2465 1922 qua
2511 1866 2610 1906 nos
2636 1848 3003 1922 diligitFilius,
3044 1865 3168 1906 cum
3203 1850 3374 1905 simus
3421 1865 3520 1906 nos
3567 1851 3662 1908 lilii

393 1968 499 2006 non
541 1952 734 2006 invenit
781 1951 1081 2023 quicquam.
1115 1947 1330 2004 Nullum
1369 1947 1579 2003 scilicet
1614 1946 1838 2002 omnino
1857 1957 1984 2015 pec~

394 2054 620 2112 catum;
648 2045 730 2106 sic
787 2044 934 2100 enim
982 2041 1222 2101 ostendit
1271 2053 1378 2098 non
1433 2046 1830 2102 creaturarum,
1888 2036 1984 2091 sed

393 2144 741 2208 peccatorum
761 2133 1067 2206 principem
1117 2133 1415 2190 diabolum.
1453 2130 1594 2199 Quid
1638 2138 1824 2186 autem
1850 2128 1982 2185 dicit

395 2225 906 2284 discumbentibus?
969 2223 1202 2295 Surgite,
1265 2240 1447 2278 eamus
1491 2223 1634 2288 hinc,
1675 2235 1826 2293 quo,
1875 2220 1982 2280 nisi

394 2319 465 2374 ad
514 2316 671 2378 illum
717 2315 896 2378 locum
934 2315 1078 2376 unde
1130 2313 1312 2375 fuerat
1376 2313 1673 2372 tradendus
1716 2311 1785 2367 ad
1835 2325 1984 2371 [ηομ

399 2407 558 2468 tem?

462 2494 578 2566 Ego
614 2511 732 2551 sum
756 2495 876 2551 vitis
901 2511 1047 2561 vera,
1074 2503 1124 2549 et
1138 2493 1299 2551 Pater
1329 2509 1474 2550 meus
1495 2490 1752 2564 agricola,
1778 2498 1836 2548 et
1861 2491 1984 2546 reli-

391 2600 520 2658 qua.
559 2585 664 2644 Iste
718 2586 872 2642 locus
921 2585 1288 2656 evangelicus,
1333 2582 1554 2650 fratres,
1604 2584 1696 2642 ubi
1739 2598 1799 2640 se
1849 2583 1984 2638 dicit

391 2674 656 2732 Dominus
706 2676 894 2743 vitem,
937 2683 994 2736 et
1045 2674 1342 2745 discipulos
1390 2689 1520 2732 suos
1565 2673 1842 2744 palmites,
1896 2688 1982 2729 sc—

393 2755 627 2822 eundum
666 2767 771 2826 hoc
791 2766 942 2832 dicit,
979 2767 1122 2837 quod
1171 2774 1256 2822 est
1280 2775 1443 2838 caput
1487 2765 1742 2825 Ecclesiae
1771 2780 1977 2834 nosque

391 2858 639 2913 membra
677 2855 816 2926 ejus.
869 2854 1043 2912 Unius
1089 2857 1291 2933 quippe
1339 2864 1549 2914 naturae
1589 2864 1717 2914 sunt
1762 2856 1889 2911 vitis
1926 2863 1982 2910 et

389 2947 664 3022 palmites.
715 2948 984 3004 mediator
1029 2947 1126 3010 Dci
1173 2956 1228 3004 et
1267 2948 1568 3014 hominum,
1615 2947 1779 3006 homo
1823 2945 1980 3004 Chri-

390 3048 508 3096 stus
547 3037 730 3104 Jesus,
784 3054 908 3095 cum
947 3046 1094 3094 esset
1121 3039 1286 3104 Deus,
1309 3037 1466 3106 cujus
1493 3045 1702 3094 naturas
1753 3054 1863 3095 non
1888 3054 1980 3097 su.-

388 3145 531 3194 nuis,
567 3128 746 3185 factus
779 3136 863 3183 est
909 3129 1095 3194 homo,
1146 3137 1204 3182 ut
1260 3128 1316 3186 in
1358 3129 1448 3184 illo
1483 3137 1629 3184 esset
1669 3128 1821 3195 vitis,
1866 3145 1974 3186 una

2085 1943 2280 2016 gratia,
2330 1958 2438 2003 non
2463 1949 2680 2007 natura,
2730 1942 3040 2012 unigenitus
3086 1948 3271 1998 autem
3310 1948 3520 2005 natura,
3566 1957 3675 1998 non

2084 2035 2278 2106 gratia.
2329 2033 2410 2088 An
2438 2033 2544 2088 hoc
2571 2033 2734 2088 etiam
2781 2032 3114 2106 inipsoFilio
3148 2031 3216 2088 ad
3261 2033 3542 2090 hominem
3586 2049 3678 2088 re-

2084 2125 2367 2181 ferendum
2403 2123 2523 2178 est?
2571 2123 2648 2177 ita
2691 2136 2846 2190 sane,
2885 2139 3013 2178 nam
3048 2123 3318 2182 dicendo:
3350 2123 3499 2179 Sicut
3541 2123 3675 2177 dile-

2082 2217 2161 2270 xit
2197 2232 2279 2270 me
2307 2214 2490 2281 Pater,
2528 2223 2578 2269 et
2609 2230 2701 2285 ego
2727 2213 2891 2268 dilexi
2923 2231 3033 2280 vos,
3086 2216 3322 2286 gratiam
3357 2216 3674 2272 mediatoris

2083 2307 2340 2373 ostendit,
2386 2303 2659 2361 mediator
2710 2313 2896 2358 autem
2945 2304 3041 2361 Dei
3071 2313 3128 2362 et
3149 2306 3451 2372 hominum,
3483 2305 3670 2358 nonin

2083 2405 2346 2466 quantum
2405 2396 2548 2450 Deus
2612 2401 2717 2462 est,
2773 2398 2870 2454 sed
2917 2396 2972 2456 in
3035 2405 3299 2470 quantum
3351 2396 3511 2452 homo
3566 2403 3670 2461 est,

2083 2488 2334 2547 Christus
2360 2490 2536 2551 Jesus.
2569 2493 2712 2550 Deus
2753 2493 2899 2548 enim
2929 2499 3047 2548 erat
3069 2489 3319 2556 Verbum,
3359 2490 3673 2561 unigenitus

2083 2579 2327 2655 gignenti
2360 2591 2685 2648 coaeternus,
2741 2581 2837 2654 sed
2861 2588 2922 2636 ut
2947 2579 3212 2638 mediator
3249 2581 3472 2637 daretur
3519 2581 3674 2636 nobis

2081 2683 2181 2740 per
2205 2668 2532 2730 ineffabilem
2559 2673 2825 2746 gratiam:
2864 2669 3084 2738 Verbum
3104 2685 3228 2728 caro
3265 2670 3469 2740 factum
3493 2681 3593 2738 est,
3621 2681 3670 2728 et

2080 2760 2332 2818 habitavit
2355 2764 2412 2819 in
2432 2765 2600 2822 nobis.

2154 2853 2284 2909 Hcce
2311 2854 2515 2914 locatus
2537 2873 2652 2912 sum
2699 2857 2863 2924 vobis,
2895 2865 2952 2912 ut
3005 2856 3266 2928 gaudium
3301 2873 3474 2910 meum
3510 2857 3564 2910 in
3589 2873 3674 2912 vo-

2082 2945 2158 2999 bis
2185 2947 2274 3012 sit,
2309 2954 2365 3001 et
2392 2947 2550 3018 reliq.
2583 2948 2736 3015 Quod
2758 2957 2842 3004 est
2869 2948 3120 3019 gaudium
3171 2946 3371 3004 Christi
3403 2948 3456 3002 in
3493 2949 3671 3013 nobis,

2082 3037 2185 3093 nisi
2216 3039 2358 3108 quod
2405 3039 2660 3110 dignatur
2695 3054 2931 3110 gauuere
2975 3039 3043 3098 de
3075 3038 3267 3102 nobis?
3309 3038 3378 3094 Et
3409 3039 3553 3108 quod
3588 3047 3674 3094 est

2081 3127 2338 3197 gaudium
2377 3135 2624 3186 nostrum
2672 3128 2816 3198 quod
2852 3129 2984 3184 dicit
3036 3128 3351 3199 impletum,
3401 3130 3506 3186 nisi
3555 3129 3673 3202 ejus

390 3227 608 3284 natura,
649 3213 808 3286 cujus
842 3226 898 3274 et
949 3233 1049 3274 nos
1079 3219 1326 3280 homines
1385 3217 1639 3288 palmites
1676 3205 1810 3276 'esse
1853 3234 1980 3291 pos-
2006 3193 2050 3257 (ἶ
2082 3221 2286 3276 habere
2332 3221 2703 3278 consortium?
2745 3222 3041 3296 Diligamus
3073 3237 3203 3292 ergo
3250 3221 3482 3280 invicem
3529 3223 3674 3280 sicut

393 3323 584 3374 sumus
612 3326 626 3363 :
651 3307 720 3364 Et
754 3312 916 3372 Pater
943 3326 1110 3377 meus,
1161 3309 1354 3380 inquit,
1386 3308 1618 3380 agricola
1644 3319 1739 3372 est.
1769 3310 1976 3369 Secun-

391 3398 521 3453 dum
554 3398 655 3454 hoc
707 3414 838 3472 ergo
885 3401 1012 3457 vitis
1049 3398 1320 3465 Christus,
1347 3399 1645 3457 secundum
1695 3402 1839 3470 quod
1862 3401 1972 3457 ait:

356 3556 359 3557 ν
391 3488 558 3547 Pater
592 3491 768 3566 major
811 3509 892 3547 me
945 3503 1062 3558 est;
1095 3493 1393 3549 secundum
1443 3493 1498 3547 id
1518 3494 1660 3564 quod
1693 3493 1771 3547 ait
1815 3511 1828 3546 :
1862 3492 1976 3564 Ego

391 3593 440 3636 et
481 3580 644 3638 Pater
683 3601 845 3644 unum
892 3602 1096 3651 sumus,
1127 3593 1184 3641 et
1211 3585 1327 3657 ipse
1355 3585 1591 3656 agricola
1611 3594 1714 3646 est.
1738 3587 1862 3642 lam
1887 3602 1976 3640 vos

390 3672 586 3744 inquit,
638 3673 821 3733 mundi
843 3674 988 3742 estis,
1019 3675 1206 3732 mundi
1235 3675 1442 3730 scilicet
1473 3682 1636 3745 atque
1658 3674 1972 3730 mundandi.

389 3761 578 3833 Neque
633 3765 800 3832 enim,
853 3766 956 3820 nisi
1023 3767 1207 3824 mundi
1253 3775 1458 3833 essent,
1495 3767 1732 3825 fructum
1782 3767 1976 3839 afferre

388 3856 721 3923 potuissent,
747 3863 803 3910 et
822 3865 1003 3913 tamen
1032 3872 1249 3912 omnem
1285 3858 1377 3928 qui
1408 3857 1515 3912 fert
1542 3857 1803 3924 fructum,
1848 3875 1976 3934 pur—

394 3957 488 4020 gat
536 3951 807 4026 agricola,
858 3961 916 4010 ut
959 3951 1197 4008 fructum
1250 3952 1372 4026 plus
1401 3951 1612 4008 afferat.
1654 3953 1788 4021 Quis
1825 3954 1974 4009 enim

389 4050 474 4097 est
523 4041 580 4102 in
608 4041 713 4097 bac
764 4043 898 4109 vita,
935 4051 996 4098 ut
1018 4059 1124 4099 non
1149 4044 1222 4099 sit
1257 4044 1430 4113 magis
1482 4043 1764 4116 magisque
1817 4060 1976 4099 mun-

389 4130 634 4191 dandus?
659 4131 837 4205 Quare
859 4148 967 4188 non
990 4133 1102 4189 ait:
1132 4133 1314 4191 Mundi
1339 4135 1472 4190 estis
1498 4149 1597 4205 per
1622 4134 1970 4204 baptismum,

388 4238 498 4296 quo
535 4223 703 4287 abluti
730 4227 881 4292 estis,
913 4227 1007 4282 sed
1053 4227 1151 4294 ait,
1193 4235 1414 4299 propter
1453 4230 1674 4285 verbum
1717 4229 1860 4300 quod
1902 4229 1976 4286 lo-

388 4323 548 4371 cutus
574 4332 694 4371 sum
718 4318 906 4373 vobis?
936 4318 1040 4374 nisi
1071 4319 1197 4392 quia
1227 4328 1282 4376 et
1309 4320 1367 4377 in
1397 4335 1537 4392 aqua
1573 4320 1799 4377 verbum
1819 4337 1975 4378 mun-

387 4405 501 4472 dat,
555 4406 779 4463 detrahe
803 4409 1052 4472 verbum,
1090 4417 1145 4464 et
1200 4410 1328 4480 quid
1353 4418 1437 4467 est
1459 4426 1620 4480 aqua,
1671 4411 1776 4468 nisi
1802 4411 1976 4481 aqua?

386 4495 614 4552 Accedit
664 4498 892 4553 verbum
919 4497 986 4554 ad
1006 4497 1357 4563 elementum,
1400 4499 1534 4554 ctlit
1572 4509 2004 4558 sacramentum.

388 4585 554 4642 etiam
608 4586 784 4656 ipsum
842 4595 1100 4655 tanquam
1167 4587 1377 4647 visibile
1425 4587 1679 4653 verbum,
1736 4589 1839 4646 hoc
1867 4599 1968 4654 est,

387 4673 615 4731 verbum
669 4673 793 4733 lidei
835 4676 1214 4745 praedicamus,
1268 4677 1412 4746 quod
1463 4677 1595 4734 dicit
1633 4678 1972 4748 Apostolus:

392 4763 533 4831 Quia
559 4765 606 4819 si
637 4766 908 4837 confessus
931 4766 1094 4836 {ueris
1125 4767 1180 4825 in
1208 4783 1296 4821 ore
1327 4778 1440 4833 tuo,
1465 4776 1571 4824 etc.
1615 4769 1729 4826 Iloc
1749 4771 1974 4830 verbum

389 4857 515 4916 ﬁdei
571 4866 777 4915 tantum
827 4860 972 4917 valet
1017 4861 1071 4915 in
1114 4859 1358 4918 Ecclesia
1402 4860 1517 4925 Dei,
1570 4870 1633 4919 ut
1667 4877 1765 4931 per
1799 4861 1974 4933 ipsum

389 4951 724 5017 credentem,
777 4952 1111 5021 oderentem,
1178 4953 1610 5021 benedicentem,
1656 4955 1972 5027 tingentem,

389 5043 557 5098 etiam
578 5043 850 5105 tantillum
889 5045 1112 5102 mundet
1153 5043 1438 5110 infantem,
1464 5045 1714 5117 quamvis
1735 5046 1975 5102 nondum

387 5135 663 5194 valentem
687 5137 851 5194 corde
896 5139 1121 5194 credere
1151 5139 1218 5195 ad
1242 5137 1534 5209 justitiam,
1570 5145 1626 5197 et
1671 5152 1766 5194 ore
1811 5138 1976 5193 conti—

388 5227 492 5283 teri
522 5228 590 5282 ad
628 5228 877 5287 salutem.
909 5230 1104 5286 Totum
1130 5232 1232 5286 hoc
1281 5231 1344 5287 lit
1380 5247 1479 5303 per
1516 5232 1742 5288 verbum
1769 5231 1837 5287 de
1863 5247 1972 5302 quo

387 5319 649 5379 Dominus
685 5321 764 5381 ait
789 5331 808 5376 ε
837 5323 960 5378 lam
988 5341 1075 5380 vos
1126 5325 1312 5382 mundi
1349 5326 1473 5382 estis
1515 5334 1725 5397 propter
1762 5325 1973 5382 verbum

385 5409 527 5481 quod
550 5409 756 5467 locutus
793 5429 910 5471 sum
956 5413 1096 5468 vobis
1126 5429 1145 5474 ;
1175 5412 1386 5470 Μαηειε
1431 5416 1488 5470 in
1529 5433 1632 5481 me,
1689 5416 1892 5488 inquit,
1920 5427 1970 5473 et

386 5519 479 5572 ego
523 5503 582 5558 in
605 5503 768 5562 vobis.
830 5503 1008 5561 Unum
1042 5505 1297 5561 eduobus
1340 5506 1544 5579 palmiti
1581 5508 1845 5579 congruit,
1877 5516 1973 5563 aut

385 5591 514 5648 vitis
551 5603 646 5650 aut
688 5595 845 5667 ignis,
886 5595 932 5654 si
966 5595 1022 5651 in
1069 5596 1182 5651 vite
1230 5612 1337 5652 non
1372 5605 1476 5662 est,
1523 5597 1579 5652 in
1599 5597 1721 5668 igne
1746 5598 1870 5664 erit,
1909 5605 1972 5652 ut

389 5697 520 5755 ergo
565 5685 618 5740 in
669 5685 793 5760 igne
831 5704 936 5744 non
979 5690 1074 5755 sit,
1113 5688 1166 5744 in
1218 5690 1325 5744 vite
1365 5691 1454 5746 sit.
1512 5689 1665 5746 Tunc
1711 5706 1841 5764 ergo
1887 5693 1970 5748 di-

393 5771 560 5834 tendit
614 5785 736 5836 sunt
779 5780 943 5838 vcrba
985 5781 1102 5854 cjus
1163 5781 1216 5837 in
1264 5779 1418 5836 nobis
1466 5795 1709 5848 manere,
1753 5781 1968 5856 quando

1997 4541 2052 4602 D

2081 3308 2272 3368 dilexit
2311 3326 2432 3380 nos,
2475 3320 2532 3369 et
2558 3313 2779 3370 tradidit
2806 3313 3153 3385 semetipsum
3179 3328 3279 3383 pro
3314 3313 3491 3367 nobis.
3544 3311 3670 3366 Ma-

2071 3405 2245 3476 jorem
2266 3407 2454 3477 quippe
2474 3406 2573 3465 hac
2595 3405 2924 3460 dilectionem
2964 3422 3113 3460 nemo
3137 3405 3310 3472 habet,
3341 3414 3398 3458 ut
3435 3405 3671 3458 animum

2079 3508 2229 3550 suam
2272 3504 2432 3565 ponat
2461 3495 2577 3566 quis
2600 3511 2696 3565 pro
2731 3495 2916 3549 amicis
2957 3495 3089 3548 suis.
3127 3493 3266 3548 Eum
3310 3494 3508 3564 quippe
3550 3493 3672 3548 imi—

2079 3592 2259 3639 temur
2296 3584 2382 3657 pia
2429 3586 2758 3652 obedientia,
2807 3594 2864 3640 ut
2903 3585 2953 3641 ei
3000 3601 3100 3642 nos
3145 3600 3462 3656 comparare
3520 3584 3667 3649 nulla

2078 3689 2470 3744 praesumamus
2491 3669 2724 3736 'audacia
2758 3694 2770 3730 :
2803 3675 2928 3742 Vos,
2959 3676 3152 3747 inquit,
3196 3677 3356 3731 amici
3381 3677 3482 3730 mei
3521 3676 3668 3739 estis,

2079 3780 2274 3834 magna
2299 3765 2560 3836 dignatio,
2611 3767 2756 3822 servi
2789 3781 2909 3822 esse
2937 3781 3044 3823 non
3075 3781 3367 3832 meremur,
3403 3775 3458 3821 et
3506 3767 3669 3820 amici

2078 3871 2369 3912 vocamur:
2400 3855 2528 3911 Iam
2570 3875 2674 3913 non
2721 3859 2897 3913 dicam
2927 3875 3013 3912 vos
3057 3875 3253 3922 servos,
3311 3859 3436 3929 quia
3488 3865 3692 3912 servat

2079 3948 2242 4002 nescit
2289 3948 2418 4019 quid
2475 3950 2640 4020 faciat
2687 3951 2931 4010 dominus
2979 3951 3117 4024 ejus.
3162 3951 3430 4017 Quoniam
3485 3953 3670 4024 itaque

2077 4036 2224 4091 dedit
2273 4038 2429 4092 nobis
2465 4046 2789 4108 potestatem
2834 4040 2977 4096 ﬁlios
3040 4041 3134 4096 Dei
3176 4040 3295 4102 fieri
3353 4040 3536 4113 (Joan.
3590 4044 3666 4113 ι),

2076 4142 2183 4181 non
2229 4127 2392 4195 servi,
2432 4128 2530 4186 sed
2569 4127 2663 4184 ﬁlii
2687 4145 2890 4184 sumus.
2936 4131 3037 4199 Qui
3079 4141 3259 4187 autem
3303 4131 3506 4203 aliquid
3541 4133 3669 4188 boni

2076 4219 2189 4292 agit
2231 4228 2287 4276 et
2317 4220 2617 4288 extollitur,
2657 4224 2811 4294 quasi
2848 4224 2952 4282 hoc
2975 4225 3091 4296 ipse
3123 4225 3308 4292 faciat,
3334 4241 3442 4284 non
3493 4228 3670 4283 domi-

2076 4329 2178 4390 nus
2224 4311 2363 4383 ejus,
2419 4314 2522 4370 iste
2568 4330 2759 4374 servus
2811 4318 2985 4379 nescit
3030 4318 3158 4387 quid
3212 4318 3378 4375 faciat
3416 4320 3671 4376 dominus

2076 4403 2212 4474 ejus.
2251 4404 2360 4460 Nos
2403 4415 2584 4460 autem
2615 4423 2824 4473 omnes,
2865 4416 2926 4464 ut
2960 4409 3120 4467 amici
3154 4409 3368 4468 Domini
3399 4425 3518 4466 esse
3547 4426 3672 4479 pos-

2078 4497 2270 4563 simus,
2319 4498 2577 4568 quicquid
2631 4499 2892 4559 Dominus
2953 4509 3138 4557 noster
3180 4499 3348 4556 faciat
3399 4501 3664 4562 sciamus.

2077 4585 2194 4644 Non
2225 4587 2399 4647 solum
2429 4587 2592 4645 etiam
2629 4589 2900 4656 homines,
2924 4606 3113 4652 verum
3136 4591 3299 4647 etiam
3342 4591 3519 4660 justos
3549 4593 3669 4664 ipse

2077 4678 2206 4735 facit
2245 4695 2364 4746 nos,
2395 4688 2450 4738 et
2475 4697 2581 4736 non
2611 4680 2712 4753 ipsi
2736 4697 2854 4738 nos.
2890 4682 2972 4736 Ab
3000 4683 3117 4752 ipso
3140 4683 3400 4754 quidquid
3423 4684 3550 4738 boni
3581 4692 3670 4740 est

2076 4769 2329 4837 donatur,
2356 4780 2417 4830 ut
2429 4773 2651 4832 omnino
2673 4775 2739 4830 de
2757 4775 3010 4834 omnibus
3023 4775 3210 4842 bonis,
3250 4776 3346 4850 qui
3365 4777 3662 4849 gloriatur,

2077 4859 2132 4917 in
2166 4861 2393 4921 Domino
2420 4863 2702 4932 glorietur.

2164 4948 2262 5006 Vos
2295 4962 2469 5008 autem
2518 4953 2630 5010 dixi
2671 4951 2888 5021 amicos,
2928 4957 3054 5028 quia
3105 4956 3282 5010 omnia
3339 4968 3666 5028 quacunque

2081 5043 2259 5100 audiri
2281 5062 2313 5098 α
2337 5041 2520 5112 Patre,
2544 5055 2650 5102 etc.
2680 5047 2800 5114 Quo
2823 5048 2983 5118 igitur
3024 5056 3181 5118 pacto
3230 5049 3338 5122 hoc
3358 5049 3667 5119 intelligen-

2081 5139 2210 5198 dum
2238 5139 2354 5194 est?
2393 5137 2525 5206 Quis
2557 5141 2703 5195 enim
2747 5141 2944 5196 audeat
2972 5141 3272 5207 afﬁrmare,
3324 5141 3410 5196 vel
3438 5143 3670 5196 credere

2079 5229 2248 5286 ullum
2293 5229 2567 5290 hominem
2611 5232 2757 5287 scire
2819 5233 2999 5288 omnia
3038 5249 3372 5304 quaecunque
3417 5248 3449 5286 a
3500 5235 3668 5294 Patre

2079 5323 2288 5379 audivit
2341 5322 2654 5392 unigenitus
2674 5317 2882 5380 Filius?
2931 5323 3069 5379 Nam
3115 5326 3256 5380 sicut
3285 5322 3667 5379 immortalita-

2077 5423 2187 5471 tem
2230 5415 2433 5481 carnis,
2459 5422 2515 5469 et
2548 5414 2777 5471 salutem
2803 5416 3108 5472 animarum
3148 5417 3385 5476 futuram
3409 5423 3668 5485 expecta-

2076 5521 2220 5572 mus,
2241 5505 2486 5574 quamvis
2517 5502 2634 5576 jam
2674 5505 2900 5576 pignore
2919 5513 3162 5578 accepto,
3221 5506 3354 5566 salvi
3388 5503 3515 5561 facti
3538 5518 3668 5559 esse

2077 5597 2343 5662 dicamur,
2376 5597 2449 5652 ita
2471 5598 2715 5652 omnium
2746 5597 3014 5660 notitiam,
3057 5611 3395 5666 quazcunque
3413 5594 3668 5664 Unigeni.

2072 5697 2163 5746 tus
2190 5690 2396 5746 audivit
2415 5705 2445 5746 a
2470 5686 2648 5756 Patre,
2670 5688 2910 5746 futuram
2930 5704 3150 5759 sperare
3162 5690 3436 5746 debemus.
3453 5688 3662 5755 Quam~

2075 5782 2156 5840 vis
2199 5783 2310 5856 jam
2353 5795 2410 5838 se
2455 5781 2556 5838 hoc
2607 5781 2798 5839 fecisse
2851 5783 3049 5839 dixerit
3076 5779 3533 5852 Christusrquod
3575 5779 3664 5836 la-
