3954 6200
382 367 486 424 2‘33

1203 354 1722 417 COLLECTIO‘NES
1764 353 1829 410 lN
1873 348 2255 409 EPlS'l'OLAS
2292 349 2380 404 ΕΤ
2423 347 2838 404 EVANCELIA.

3563 348 3665 404 ελι

377 499 570 546 cturus
600 490 707 544 est.
741 477 940 537 fecisse
977 477 1130 545 dicit,
1183 477 1309 550 quia
1353 491 1416 532 ea
1473 489 1594 546 quas
1637 475 1818 531 futura
1842 480 1968 531 sunt
1996 473 2048 534 Α
2072 469 2212 524 ciam
2237 465 2606 520 testimonium
2634 461 2953 534 perhibendi
2977 463 3220 519 charitas
3241 462 3432 519 diffusa
3463 465 3517 520 in
3545 481 3668 520 cor-

381 581 581 728 re‘iivton
601 687 690 726 vos
715 685 797 722 me
822 665 1072 736 elegistis,
1115 664 1311 734 inquit,
1332 663 1423 719 sed
1444 678 1536 732 ego
1559 660 1690 732 elegi
1714 675 1820 714 vos.
1844 655 1973 712 llaec

378 776 463 825 est
508 765 598 820 illa
625 759 914 818 inelfabilis
962 759 1160 830 gratia,
1195 759 1310 812 haec
1358 755 1556 826 quippe
1596 752 1790 809 electio
1842 765 1969 822 gra-

378 861 470 914 tias
499 867 586 914 est
607 855 730 920 Dei,
785 854 852 909 de
899 867 1005 922 qua
1041 851 1172 906 dicit
1199 849 1488 921 Apostolus
1517 865 1531 901 :
1565 845 1653 903 Sic
1680 855 1731 900 et
1777 847 1832 900 in
1871 844 1970 898 hoc

376 961 607 1020 tempore
655 943 890 1015 reliquid:
924 959 1016 1013 per
1060 940 1360 995 electionem
1400 938 1584 1010 gratim
1609 935 1768 991 salva:
1815 936 1970 1006 facta:

375 1050 518 1095 sunt.
567 1037 708 1106 Quid
751 1051 882 1105 ergo
905 1033 1104 1088 dicturi
1137 1047 1324 1087 sumus
1375 1028 1643 1084 audiendo
1675 1046 1690 1082 :
1720 1026 1844 1082 Non
1883 1041 1969 1079 vos

377 1149 461 1185 me
498 1130 745 1201 elegistis,
797 1127 902 1182 nisi
950 1126 1078 1196 quia
1134 1123 1262 1178 mali
1309 1137 1530 1178 eramus
1573 1129 1628 1174 et
1659 1118 1820 1174 electi
1870 1132 1964 1172 su-

378 1238 528 1285 mus,
570 1228 630 1274 ut
668 1219 798 1275 boui
838 1233 938 1288 per
983 1215 1214 1288 gratiam
1262 1229 1364 1269 nos
1405 1212 1657 1283 eligentis
1692 1207 1971 1266 essemus?

378 1313 445 1368 Et
474 1313 652 1366 videte
680 1309 1136 1381 quemadmodum
1179 1320 1288 1360 non
1311 1303 1472 1376 eligat
1494 1305 1684 1368 bonos,
1711 1302 1804 1357 sed
1835 1317 1971 1370 quos

377 1407 543 1476 elegit
571 1403 706 1461 facit
747 1405 920 1458 bonos
953 1420 965 1455 :
1003 1399 1134 1472 Ego,
1163 1397 1360 1468 inquit,
1407 1396 1536 1468 elegi
1585 1413 1698 1462 vos,
1723 1405 1772 1449 et
1815 1393 1970 1465 posui

379 1514 468 1551 eos
513 1504 570 1548 ut
593 1495 724 1550 eatis
763 1502 810 1548 et
832 1493 1064 1563 fructum
1086 1490 1324 1562 a/feratis
1352 1498 1402 1542 et
1442 1485 1646 1558 fructus
1672 1494 1836 1541 vester
1857 1503 1972 1540 ma-

380 1596 524 1640 neat.
548 1584 765 1639 Nullum
792 1583 976 1651 itaque
1019 1579 1256 1636 fructum
1303 1579 1447 1634 unde
1472 1593 1572 1633 nos
1622 1575 1847 1647 eligeret
1876 1575 1972 1630 ha-

382 1678 647 1734 bebamus
678 1693 692 1728 :
727 1671 795 1728 Ut
834 1673 988 1737 eatis,
1022 1670 1227 1740 inquit,
1279 1669 1421 1724 imus
1474 1675 1535 1723 ut
1573 1665 1885 1732 all'eramus,
1915 1672 1969 1719 et

380 1771 498 1840 ipse
543 1776 627 1824 est
657 1767 743 1821 via
772 1780 879 1835 qua
911 1764 1073 1828 imus,
1113 1762 1167 1817 in
1193 1777 1299 1831 qua
1325 1776 1423 1816 nos
1452 1761 1632 1831 posuit
1662 1769 1723 1816 ut
1753 1773 1962 1815 eamus.

2074 559 2232 617 dibus
2259 559 2478 624 vestris,
2507 571 2604 629 per
2629 557 2893 627 Spiritum
2941 565 3212 624 sanctum,
3252 559 3344 628 qui
3373 559 3587 615 dabitur
3613 560 3668 615 in

2073 650 2246 705 vobis.
2283 647 2378 703 Ille
2423 648 2620 718 quippe
2647 647 3014 703 testimonium
3059 647 3376 718 perhibetis,
3422 656 3475 703 et
3504 656 3670 706 testes

2071 739 2400 796 fortissimos
2449 739 2656 795 faciens
2680 779 2696 806 ,
2744 738 2900 794 vobis
2951 738 3174 793 abstulit
3221 737 3425 795 Christi
3477 741 3668 819 amicis

2071 834 2344 898 timorem,
2373 839 2430 889 et
2449 833 2790 889 inimicorum
2812 832 2995 888 odium
3016 834 3285 889 convertit
3319 834 3372 889 ln
3401 825 3664 891 amorem.

2073 923 2223 991 ch,
2263 925 2455 996 inquit,
2489 924 2693 980 locutus
2736 942 2853 980 sum
2886 925 3052 992 vobis,
3083 936 3142 980 ut
3187 941 3292 982 non
3330 928 3662 983 scandalize-

2069 1017 2220 1072 mini.
2247 1016 2383 1073 Cum
2421 1017 2565 1071 enim
2601 1017 2841 1072 charitas
2863 1015 3178 1072 dill'unditur
3203 1017 3259 1072 in
3291 1019 3546 1074 cordibus
3573 1035 3666 1074 no-

2070 1111 2198 1167 stris
2217 1125 2317 1181 per
2337 1110 2599 1182 Spiritum
2621 1119 2892 1177 sanctum,
2911 1110 2967 1166 lit
2999 1128 3111 1183 'paa:
3131 1111 3297 1168 multa
3324 1114 3662 1184 diligentibus

2070 1200 2233 1271 legem
2262 1200 2358 1254 Dei
2403 1198 2576 1272 (Psal.
2618 1200 2830 1275 cxvm),
2861 1209 2921 1256 ut
2959 1215 3068 1256 non
3102 1203 3173 1258 sit
3213 1204 3527 1259 scandalum
3558 1206 3664 1261 eis.

2073 1293 2276 1348 Deinde
2303 1309 2422 1364 qua:
2461 1293 2673 1365 passuri
2701 1293 3019 1365 essentiam
3048 1295 3360 1366 exprimens
3397 1297 3514 1352 ait:
3553 1295 3670 1352 Ex-

2071 1391 2154 1437 tra
2177 1400 2472 1454 synagogas
2494 1385 2688 1454 facient
2717 1401 2824 1439 vos.
2859 1384 3000 1452 Quid
3030 1394 3209 1440 autem
3241 1387 3369 1442 mali
3395 1395 3513 1443 erat
3537 1405 3667 1459 apo-

2073 1472 2228 1527 stolis
2252 1473 2447 1543 expelli
2482 1473 2549 1528 de
2585 1471 2825 1530 Judaicis
2854 1475 3166 1545 synagogis,
3209 1477 3364 1547 quasi
3395 1493 3501 1532 non
3534 1479 3659 1535 inde

2071 1578 2130 1618 sc
2156 1563 2369 1620 fuerant
2397 1566 2718 1634 separaturi,
2756 1565 2969 1620 etiamsi
2998 1565 3176 1622 nullus
3207 1582 3302 1624 eos
3330 1569 3665 1639 expelleret?

2073 1656 2179 1712 Sed
2204 1658 2460 1714 nimirum
2487 1660 2590 1715 hoc
2616 1658 2786 1714 voluit
2805 1658 3143 1727 denuntiare,
3165 1661 3290 1730 quia
3316 1661 3484 1716 Judaei
3507 1660 3662 1718 Chri-

2071 1756 2215 1803 stum
2243 1764 2352 1805 non
2396 1748 2612 1806 fuerant
2645 1751 2934 1820 recepturi,
2967 1765 3000 1804 a
3035 1765 3142 1822 quo
3186 1751 3278 1808 isti
3314 1767 3422 1808 non
3448 1751 3666 1808 fuerant

378 1830 615 1916 Droinde
636 1856 690 1911 in
716 1830 969 1912 omnibus
991 1830 1364 1908 misericordia
1393 1830 1510 1924 ejus
1529 1852 1793 1923 praevenit
1821 1867 1922 1906 nos
1953 1869 1965 1905 :
1999 1830 2045 1891 Β
2074 1843 2365 1908 recessuri.
2395 1850 2450 1898 εἴ
2473 1844 2594 1900 ideo
2616 1842 2856 1898 futurum
2882 1851 3002 1898 erat
3027 1852 3087 1897 ιιι
3115 1842 3264 1899 foras
3292 1845 3660 1912 mitterentur,

379 1949 450 2003 Et
469 1949 696 2020 fructus,
721 1946 918 2017 inquit,
942 1955 1106 2000 vester
1126 1953 1356 1999 maneat.
1380 1942 1593 1999 Maneat
1613 1959 1745 2015 ergo
1757 1942 1973 1999 dilectio

375 2042 492 2113 ipse
520 2039 730 2095 fructus
754 2049 960 2093 noster.

448 2153 760 2207 Mementote
791 2150 1046 2207 sermonis
1087 2151 1211 2216 mei,
1246 2165 1398 2220 quem
1436 2165 1530 2220 ego
1555 2148 1670 2204 dixi
1719 2149 1887 2212 vobis,
1918 2155 1974 2202 et

377 2247 610 2317 reliqua.
659 2244 967 2301 Eshortans
1003 2243 1266 2298 Dominus
1290 2257 1418 2298 suos
1446 2255 1632 2296 servos
1675 2241 1745 2296 ad
1785 2240 1974 2296 mundi

375 2339 503 2393 odia
542 2326 863 2408 perferenda
890 2333 1185 2405 patienter,
1218 2332 1424 2386 nullum
1468 2332 1644 2402 magis
1673 2331 1754 2386 eis
1775 2339 1832 2384 et
1856 2344 1972 2384 me-

375 2431 502 2496 lius,
560 2444 724 2499 quam
784 2427 853 2482 de
903 2426 1085 2497 seipse
1130 2425 1386 2496 proponit
1451 2423 1782 2494 exemplum.
1832 2420 1971 2476 Nam

375 2523 512 2594 quid
539 2530 625 2578 est
660 2521 840 2576 aliud:
874 2517 1002 2574 Non
1021 2528 1098 2574 est
1117 2535 1296 2573 servus
1346 2517 1520 2587 major
1575 2509 1796 2569 Domino
1848 2530 1965 2577 suo,

374 2620 422 2674 si
459 2633 543 2672 me
568 2618 825 2687 persecuti
843 2623 988 2681 sunt,
1013 2622 1063 2668 et
1097 2627 1184 2669 vos
1221 2609 1634 2684 persequentur?
1685 2606 1789 2663 Sed
1830 2608 1968 2670 hac,

377 2710 580 2780 inquit,
646 2709 823 2763 omnia
880 2707 1078 2776 facient
1126 2703 1272 2760 vobis
1295 2711 1508 2772 propter
1542 2715 1731 2754 nomen
1772 2713 1966 2752 meum.

376 2802 514 2868 Quae
563 2799 770 2865 omnia,
796 2798 901 2854 nisi
934 2811 1055 2868 quas.
1095 2795 1252 2861 dixit,
1297 2791 1436 2848 Odio
1480 2789 1780 2852 habebunt,
1823 2787 1970 2843 scili-

377 2900 467 2948 cet
499 2899 556 2946 et
592 2898 987 2961 persequentur
1015 2901 1325 2943 sermonem
1363 2897 1526 2953 quem
1574 2878 1969 2936 contemnent?

377 2981 440 3039 Si
479 2999 586 3037 non
613 2983 890 3048 venissem,
933 2979 1126 3050 inquit,
1157 2987 1206 3033 et
1229 2977 1435 3032 locutus
1457 2975 1532 3030 eis
1557 2972 1796 3043 fuissem,
1848 2986 1970 3040 pec-

375 3077 555 3123 catum
595 3085 703 3122 non
739 3068 1006 3123 haberent.
1060 3065 1138 3120 De
1183 3063 1273 3119 his
1293 3062 1442 3120 enim
1471 3060 1627 3126 dicit,
1653 3059 1722 3114 de
1768 3057 1970 3129 quibus

376 3161 596 3217 dicebat
626 3180 640 3215 :
671 3159 734 3217 Si
774 3177 855 3216 me
875 3159 1132 3232 persecuti
1151 3166 1296 3226 sunt,
1347 3166 1398 3212 et
1447 3171 1535 3210 vos
1575 3159 1964 3225 persequentur.
1998 3177 2044 3240 ρ

375 3250 550 3308 Judazi
570 3267 703 3323 ergo
727 3253 998 3322 persecuti
1041 3257 1169 3308 sunt
1206 3247 1505 3304 Christum.
1556 3241 1814 3313 Nunquid
1843 3240 1964 3296 sine

375 3351 607 3414 peccato
655 3351 816 3398 erant
864 3337 1060 3407 Iudaei,
1118 3348 1411 3409 antequam
1472 3335 1724 3392 Christus
1759 3331 1829 3389 ad
1876 3345 1973 3388 eos

379 3435 437 3488 in
475 3448 644 3489 carne
689 3433 966 3488 venisset?
1011 3432 1137 3502 quis
1169 3432 1272 3486 hoc
1302 3429 1384 3484 vel
1419 3426 1782 3483 stultissimus
1808 3423 1966 3478 dixe-

382 3528 490 3582 rit?
530 3525 638 3583 Sed
677 3541 930 3599 magnum
979 3525 1251 3595 quoddam
1299 3528 1608 3593 peccatum,
1651 3532 1760 3572 non
1811 3529 1974 3571 omne

382 3627 695 3690 peccatum,
745 3618 890 3688 quod
927 3617 1028 3672 sub
1055 3613 1294 3685 generali
1322 3611 1540 3702 nomin.e
1578 3607 1694 3664 vult
1722 3605 1969 3676 intelligi,

380 3711 490 3766 hoc
527 3718 613 3765 est
649 3709 795 3764 enim
839 3714 1124 3778 peccatum
1157 3718 1266 3774 quo
1310 3707 1564 3757 tenentur
1610 3703 1808 3753 cuncta
1842 3708 1973 3766 pec—

382 3810 525 3862 cata,
578 3797 723 3866 quod
769 3795 1140 3864 unusquisque
1192 3791 1242 3847 si
1272 3805 1380 3846 non
1409 3789 1629 3852 habeat,
1689 3784 1975 3840 dimittun-

383 3900 475 3944 tur
500 3888 554 3943 ei
578 3895 778 3943 cuncta
808 3893 1054 3956 peccata.
1085 3882 1199 3937 Hoc
1219 3889 1304 3936 est
1328 3887 1532 3958 autem,
1565 3875 1692 3948 quia
1726 3888 1834 3928 non
1861 3887 1975 3927 cre-

380 3980 639 4034 diderunt
670 3978 724 4032 in
780 3975 1083 4039 Christum,
1123 3973 1217 4044 qui
1257 3978 1546 4044 propterea
1592 3967 1738 4022 venit
1763 3973 1824 4020 ut
1852 3979 1973 4019 crc-
2046 4014 2055 4022 .

383 4070 632 4126 daturin
680 4084 824 4133 eum,
877 4069 981 4124 hoc
1016 4073 1303 4136 peccatum
1350 4061 1532 4139 sinon
1560 4059 1816 4121 venisset,
1865 4070 1974 4111 non

379 4165 579 4233 utique
623 4163 890 4218 haberent
918 4177 932 4216 :
961 4158 1063 4224 Qui
1106 4173 1187 4212 me
1229 4155 1358 4220 odit,
1421 4152 1624 4223 inquit,
1665 4159 1714 4205 et
1764 4158 1968 4221 patrem

379 4271 561 4309 meum
604 4253 734 4308 odit.
787 4252 1066 4320 Quomodo
1114 4248 1261 4306 enim
1312 4245 1603 4316 diligerent
1636 4244 1851 4301 Patrem
1884 4254 1976 4294 ve»

379 4345 586 4409 vitatis,
629 4345 722 4413 qui
751 4342 1025 4399 habebant
1052 4341 1179 4397 odio
1212 4334 1541 4394 veritatem?
1589 4333 1650 4389 Si
1680 4349 1838 4404 opera
1870 4346 1974 4385 non

383 4433 625 4503 fecissem
667 4433 721 4486 in
764 4433 865 4497 eis,
886 4447 1004 4502 qua:
1049 4445 1199 4483 nemo
1231 4426 1370 4481 alius
1412 4425 1558 4495 fecit,
1597 4430 1652 4478 et
1683 4421 1781 4476 rel.
1805 4419 1976 4475 Nimi-

2074 1948 2198 1989 cum
2221 1933 2313 1988 illo
2339 1933 2408 1988 ab
2427 1934 2526 2002 eis,
2559 1935 2650 2004 qui
2674 1948 2794 1990 esse
2822 1931 3026 1989 nollent
3058 1933 3114 1988 in
3145 1931 3255 1999 illo,
3281 1933 3358 2002 hi,
3385 1934 3511 2004 quia
3540 1949 3664 1991 esse

2073 2037 2181 2078 non
2212 2031 2433 2095 possent
2459 2024 2575 2079 sine
2602 2023 2712 2079 illo.

2145 2113 2253 2170 Sed
2282 2115 2418 2169 venit
2445 2115 2578 2169 hora
2624 2123 2681 2169 ut
2716 2113 2885 2169 omnis
2925 2114 3014 2184 qui
3046 2113 3295 2184 interﬁcit
3323 2129 3412 2169 vos
3440 2113 3667 2170 arbitre-

2074 2211 2162 2258 tur
2189 2204 2511 2276 obsequium,
2543 2213 2650 2260 etc.
2691 2203 2804 2261 Hoc
2825 2212 2933 2271 est,
2963 2220 3071 2260 non
3095 2213 3469 2276 cognoverunt
3493 2207 3664 2263 Deum

2073 2291 2446 2367 nequeFilium
2470 2297 2604 2366 ejus.
2626 2296 2765 2365 Quid
2787 2297 2888 2352 sibi
2915 2297 3029 2351 vult
3050 2312 3180 2369 ergo
3205 2315 3218 2352 :
3248 2297 3417 2353 Extra
3443 2315 3667 2370 synago-

2070 2404 2164 2459 gas
2194 2389 2389 2460 facient
2416 2392 2547 2446 vos.’
2564 2390 2670 2447 Sed
2700 2391 2848 2447 venit
2879 2392 3033 2446 hora.
3051 2389 3331 2462 Tanquam
3361 2391 3465 2447 hoc
3493 2393 3665 2448 dictu-

2073 2492 2167 2534 rus
2197 2477 2422 2534 fuisset:
2447 2481 2776 2553 separabth
2815 2479 2890 2535 illi
2923 2480 3141 2550 quidem
3165 2495 3288 2548 vos,
3317 2481 3412 2536 sed
3441 2495 3540 2553 ego
3569 2497 3666 2540 vos

2070 2571 2337 2642 colligam,
2367 2582 2462 2629 aut
2481 2575 2811 2644 separabunt
2847 2589 2967 2641 vos,
2995 2575 3090 2630 sed
3114 2574 3262 2630 venit
3300 2573 3434 2629 hora
3466 2582 3666 2629 nostrai

2069 2663 2291 2720 lzetitise.
2332 2663 2643 2721 Iudaeorum
2671 2676 2852 2723 autem
2888 2667 3084 2734 omnis,
3116 2667 3206 2738 qui
3245 2667 3444 2723 occidit
3471 2667 3665 2738 praedi-

2071 2762 2284 2813 catores
2304 2756 2529 2824 Christi,
2569 2759 2682 2814 Deo
2707 2774 2766 2815 se
2798 2769 3059 2830 praestare
3086 2760 3292 2830 putavit
3320 2759 3663 2830 obsequium,

2070 2847 2298 2902 credens
2348 2849 2492 2918 quod
2538 2849 2853 2905 desererent
2902 2851 3070 2906 Deum
3122 2850 3310 2916 Israel,
3357 2851 3669 2922 quicunque

2070 2944 2517 2993 converterentur
2541 2939 2608 2994 ad
2634 2938 2910 2996 Christum
2941 2960 2952 2995 :
2988 2940 3032 2998 Ο
3064 2941 3386 2997 execrabilis
3413 2942 3666 2997 caecitas!

2067 3027 2388 3098 obsequium
2436 3044 2495 3086 se
2529 3038 2788 3100 praestare
2829 3031 3090 3101 putabant
3133 3030 3244 3086 Deo
3291 3029 3666 3096 interﬁciendo

2074 3113 2307 3173 famulos
2329 3116 2447 3174 Dei.

2145 3209 2277 3267 Herc
2292 3221 2484 3278 autem,
2504 3211 2696 3283 inquit,
2711 3213 2853 3268 vobis
2874 3213 3076 3268 locutus
3098 3230 3236 3282 sum,
3253 3222 3308 3268 ut
3334 3229 3452 3268 cum
3472 3215 3669 3269 venerit

2073 3299 2206 3356 liora
2233 3317 2434 3368 eorum,
2461 3310 2565 3358 etc.
2605 3302 2732 3359 Hazc
2780 3304 3008 3368 scilicet,
3059 3304 3274 3361 locutus
3321 3321 3443 3361 sum
3489 3306 3666 3375 vobis,

2073 3407 2181 3446 non
2213 3400 2422 3448 tantum
2449 3395 2577 3464 quia
2615 3397 2827 3466 passuri
2857 3398 2989 3453 estis
3015 3398 3138 3465 ista,
3172 3399 3266 3454 sed
3293 3415 3416 3455 cum
3457 3399 3670 3456 venerit

2072 3479 2408 3549 Paracletus,
2450 3483 2538 3540 ille
2576 3487 2941 3542 testimonium
2983 3488 3287 3558 perhibebit
3335 3491 3401 3545 de
3449 3505 3556 3555 me,
3600 3505 3670 3544 ne

2074 3571 2178 3625 ista
2206 3571 2445 3628 timendo
2471 3575 2716 3630 taceatis.
2747 3574 2878 3630 llwc
2913 3586 3087 3630 autent
3108 3577 3252 3631 vobis
3279 3580 3342 3631 ab
3383 3578 3534 3632 initio
3563 3595 3668 3632 non

2073 3661 2207 3726 dixi,
2236 3663 2362 3733 quia
2387 3663 2648 3718 vobiscum
2672 3681 2837 3732 eram,
2869 3674 2923 3721 et
2945 3680 3045 3738 ego
3075 3681 3171 3722 vos
3198 3667 3519 3724 consolabar
3544 3685 3667 3724 mea

2073 3744 2361 3824 praesentia
2384 3757 2670 3827 corporali.
2703 3757 2862 3812 Nunc
2888 3768 3064 3813 autem
3085 3758 3219 3814 vado
3244 3760 3314 3814 ad
3339 3777 3458 3814 eum
3477 3760 3566 3833 qui
3586 3778 3668 3816 me

2073 3847 2236 3913 misit,
2285 3855 2335 3902 et
2376 3863 2526 3902 nemo
2567 3864 2633 3904 ex
2678 3849 2819 3904 vobis
2867 3851 3154 3922 interrogat
3182 3865 3304 3906 me:
3337 3851 3452 3917 Quo
3482 3849 3671 3907 vadis?

2074 3935 2256 3993 Nubes
2275 3938 2419 3993 enim
2448 3939 2687 4010 suscepit
2715 3955 2838 3996 eum
2861 3949 3079 3996 euntem
3115 3940 3166 3994 in
3203 3941 3400 4002 coelum
3431 3941 3570 4015 (Act.
3600 3941 3664 4016 ι),

2075 4039 2132 4085 et
2153 4031 2330 4087 verbis
2349 4047 2456 4088 non
2480 4033 2971 4104 interrogaverunt,
2993 4035 3087 4089 sed
3109 4034 3279 4090 oculis
3301 4035 3661 4093 deduxerunt.

2075 4121 2181 4177 Sed
2212 4124 2337 4194 quia
2359 4123 2471 4178 hac
2505 4123 2710 4179 locutus
2736 4142 2851 4179 sum
2886 4125 3046 4190 vobis,
3077 4125 3292 4180 tristitia
3322 4125 3550 4197 implevit
3576 4143 3668 4182 cor

2075 4221 2320 4267 vestrum.
2349 4213 2790 4268 Contristabatur
2817 4214 3087 4270 humanus
3116 4214 3360 4280 allectus,
3397 4216 3523 4284 quia
3547 4233 3666 4270 car-

2075 4303 2213 4358 nalis
2242 4295 2586 4359 desblabatur
2608 4313 2876 4376 aspectus.

2149 4417 2257 4475 Sed
2281 4435 2374 4490 ego
2405 4420 2674 4475 veritatem
2717 4422 2834 4476 dico
2873 4423 3034 4490 vobis,
3079 4425 3286 4496 expedit
3324 4426 3465 4481 vobis
3492 4437 3547 4481 ut
3572 4443 3666 4498 ego

385 4542 511 4580 rum
559 4539 689 4596 ergo
717 4523 805 4579 illa
848 4530 976 4578 sunt
1011 4535 1199 4592 opera,
1254 4532 1375 4588 quae
1427 4517 1483 4571 in
1531 4529 1721 4571 eorum
1767 4512 1972 4566 valetu-
1998 4514 2300 4593 Dvadam;
2341 4515 2386 4569 si
2415 4515 2554 4569 enim
2592 4531 2698 4570 non
2740 4515 2939 4582 abiero,
2981 4513 3292 4572 Paracletus
3339 4533 3444 4572 non
3479 4519 3664 4583 veniet,

383 4617 626 4681 diuibus,
657 4624 804 4672 tanta
828 4613 1090 4670 miracula
1115 4611 1307 4667 salutis
1353 4606 1611 4671 ostendit,
1634 4614 1837 4675 quanta
1862 4601 1970 4658 illis

386 4719 551 4766 antea
588 4725 747 4765 nemo
789 4708 1032 4766 donavit.
1073 4706 1209 4773 Quia
1260 4705 1328 4760 de
1383 4703 1501 4773 ipso
1539 4701 1802 4771 scriptum
1847 4705 1969 4754 est:

388 4802 710 4860 Benedictus
755 4801 1014 4858 Dominus
1039 4799 1181 4855 Deus
1205 4796 1398 4864 Israel,
1438 4796 1530 4869 qui
1553 4795 1680 4865 facit
1708 4792 1975 4847 mirabilia

388 4894 540 4950 solus
591 4893 762 4964 (Psal.
812 4893 983 4965 uxr).
1040 4891 1209 4948 Nemo
1249 4904 1382 4960 ergo
1439 4887 1580 4944 alius
1632 4886 1764 4942 fecit
1827 4901 1975 4955 qua:-

387 5001 608 5054 cuuque
629 4987 688 5042 in
714 4987 795 5042 eis
819 5000 982 5056 opera
1007 4983 1154 5040 fecit.
1206 4981 1472 5050 Quoniam
1517 4979 1765 5050 quisquis
1810 4977 1978 5034 homo

311 5131 322 5139 ,
389 5074 598 5144 aliquid
624 5089 813 5130 eorum
843 5073 992 5138 fecit,
1033 5074 1150 5144 ipso
1185 5069 1420 5128 faciente
1450 5068 1598 5134 fecit,
1627 5069 1744 5125 haec
1796 5076 1980 5124 autem

393 5167 517 5236 ipse
541 5180 650 5220 non
668 5166 773 5221 illis
792 5164 1117 5221 facientibus
1138 5162 1288 5219 fecit.

464 5253 599 5310 Cum
623 5265 798 5310 autem
814 5264 1009 5312 venerit
1031 5253 1363 5318 Paracletus,
1385 5251 1474 5307 ille
1494 5251 1846 5306 testimonium
1865 5265 1982 5322 per-

391 5346 612 5412 hibebit,
633 5355 739 5403 etc.
767 5345 1049 5418 Tanquam
1074 5345 1322 5400 diceret:
1362 5342 1500 5400 Odio
1545 5357 1631 5396 me
1677 5342 1982 5397 habuerunt

394 5446 452 5492 et
500 5437 816 5493 occiderunt
841 5437 1106 5494 videntes.
1153 5435 1264 5491 Sed-
1293 5435 1397 5491 tale
1443 5438 1510 5490 de
1549 5450 1634 5490 me
1675 5433 1986 5490 Paracletus

396 5525 766 5583 testimonium
795 5525 1122 5596 perhibebit,
1146 5533 1208 5579 ut
1239 5539 1333 5580 eos
1376 5522 1541 5578 faciat
1567 5523 1623 5578 in
1648 5537 1735 5577 me
1763 5523 1986 5578 credere

395 5635 508 5677 non
537 5619 778 5675 videntes
805 5637 819 5674 ε
851 5617 924 5672 Et
955 5634 1066 5683 tros,
1099 5617 1298 5688 inquit,
1325 5616 1675 5671 testimonium
1699 5613 1987 5685 perlaibebi-

397 5709 490 5772 tis,
529 5709 653 5779 quia
682 5707 747 5761 ab
772 5707 922 5762 initio
966 5723 1168 5762 niveum
1207 5706 1365 5769 estis;
1409 5703 1713 5775 perhibehit
1750 5702 1986 5771 Spiritus

401 5807 643 5866 sanctus,
675 5799 1026 5870 perhibebitis
1067 5807 1120 5854 et
1149 5813 1268 5861 vos;
1310 5795 1457 5852 dabit
1493 5795 1636 5850 enim
1669 5794 1817 5849 vobis
1845 5793 1982 5849 fidu-

2073 4613 2179 4660 etc.
2212 4606 2492 4677 Tanquam
2537 4607 2777 4662 diceret:
2810 4606 3040 4678 Expedit
3078 4609 3232 4664 vobis
3256 4618 3316 4664 ut
3351 4609 3467 4665 llth
3494 4608 3668 4664 forma

2077 4697 2219 4752 servi
2268 4696 2545 4754 auferatur
2589 4714 2620 4755 a
2667 4697 2839 4754 vobis.
2870 4698 3009 4755 Caro
3041 4699 3260 4771 quidem
3306 4696 3509 4754 factum
3537 4699 3670 4753 Ver-

2076 4787 2206 4842 bum
2245 4787 2430 4844 habito
2477 4787 2532 4842 in
2564 4788 2737 4856 vobis,
2769 4787 2863 4844 sed
2900 4788 3026 4845 nolo
3051 4789 3227 4844 adhuc
3258 4804 3346 4845 me
3373 4789 3668 4850 carnaliter

2080 4877 2335 4948 diligatis.
2372 4879 2522 4935 Unde
2557 4887 2614 4934 et
2644 4880 2932 4936 subditur:
2959 4879 3022 4936 Si
3048 4898 3152 4936 non
3182 4880 3384 4949 abiero,
3421 4879 3670 4938 Paraeto-

2083 4978 2167 5024 tus
2189 4987 2292 5024 non
2321 4972 2483 5025 veniet
2506 4971 2576 5026 ad
2602 4989 2718 5038 vos,
2747 4988 2811 5027 ac
2843 4974 2890 5028 si
2913 4973 3152 5029 diceret:
3182 4973 3298 5029 Non
3326 4975 3556 5045 potestis
3574 4989 3669 5030 ca-

2081 5078 2210 5136 pere
2245 5063 2526 5134 Spiritum,
2575 5064 2833 5134 quamdiu
2881 5064 3178 5119 secundum
3227 5079 3449 5121 carnem
3509 5080 3669 5121 nosse

2083 5153 2409 5223 persistitis;
2440 5153 2502 5209 Si
2526 5163 2700 5208 autent
2738 5154 2935 5218 abiero,
2978 5153 3173 5224 inquit,
3200 5155 3406 5209 mittam
3441 5171 3562 5210 eum
3597 5155 3674 5211 ad.

2085 5259 2192 5298 vos.
2233 5243 2450 5302 Christo
2479 5251 2660 5304 autem
2693 5243 3006 5302 discedente
3044 5241 3420 5318 corporaliter,
3449 5261 3555 5300 non
3586 5260 3670 5300 su-

2087 5334 2199 5389 lum
2224 5334 2460 5406 Spiritus
2494 5342 2734 5401 sanctus,
2767 5336 2861 5393 sed
2889 5344 2945 5392 et
2967 5335 3132 5394 Pater
3155 5345 3209 5392 et
3236 5336 3405 5394 Filius
3439 5337 3546 5393 illis
3569 5335 3667 5389 ad-

2086 5425 2188 5481 fuit
2220 5427 2556 5496 spiritaliter.
2589 5425 2722 5482 Nam
2753 5441 2876 5481 cum
2904 5441 2974 5487 ex
2997 5427 3306 5487 carnalibus
3339 5433 3520 5481 essent
3558 5425 3670 5494 ερίη

2085 5519 2309 5577 rituales
2335 5519 2524 5586 futuri,
2561 5518 2808 5592 profecto
2827 5527 2884 5575 et
2906 5515 3121 5574 Patrem
3147 5526 3203 5574 et
3231 5517 3424 5573 Filium
3453 5523 3509 5571 et
3547 5513 3668 5585 Spi-

2086 5613 2250 5668 ritum
2273 5622 2520 5674 sanctum
2545 5613 2798 5683 capacius
2819 5611 3036 5668 fuerant
3058 5609 3311 5668 habituri.

2157 5703 2225 5758 Et
2253 5720 2372 5758 cum
2411 5705 2603 5758 venerit
2630 5702 2739 5768 ille,
2771 5711 2953 5772 arguet
2979 5699 3230 5755 mundum
3266 5699 3332 5753 de
3358 5711 3590 5771 peccato,
3622 5711 3668 5756 et

2087 5798 2152 5848 de
2167 5795 2401 5866 justitia,
2425 5803 2471 5848 et
2499 5793 2562 5848 de
2579 5792 2784 5863 judicio
2799 5807 2816 5856 ,'
2844 5791 2908 5844 de
2935 5798 3142 5860 peccato
3163 5789 3390 5860 quidem,
3417 5793 3540 5850 quia
3566 5810 3666 5850 non
