3954 6200
315 319 422 376 2T5

1604 323 1954 380 SMABAGDI
1994 318 2288 377 ABBATIS

3482 314 3592 368 Ξιϋ

315 436 645 492 crediderunt
677 439 731 492 in
769 453 872 504 me,
900 437 966 492 de
994 437 1199 506 iustitia
1236 453 1378 502 vero,
1417 438 1545 509 quia
1582 438 1650 492 ad
1684 435 1898 491 Patrem
1929 437 1974 496 Α
2002 432 2276 504 gaudebit,
2308 429 2512 486 malitia
2543 429 2726 484 mundi
2750 406 2909 500 hujus
2959 427 3181 500 intelligi
3233 435 3436 498 potest,
3474 444 3597 499 qum

317 528 467 591 uado,
489 534 539 579 et
549 525 674 597 jam
701 544 806 582 non
835 526 1070 582 uidebitis
1106 543 1206 581 me.
1246 526 1506 599 Arguitur
1530 528 1712 598 itaque
1751 543 1905 581 mun-

317 619 417 672 dus
439 617 506 672 de
531 626 760 690 peccato
785 617 1196 682 incredulitatis,
1241 618 1488 689 arguitur
1511 625 1566 673 et
1600 619 1666 673 de
1691 615 1904 685 iustitia

317 723 505 764 eorum
527 710 618 780 qui
641 710 886 765 credunt.
911 707 1030 779 Ipsa
1058 709 1255 780 quippe
1286 710 1522 765 ﬁdelium
1549 709 1904 780 comparatio,

319 799 614 857 inﬁdelium
663 810 749 858 est
784 802 1153 870 vituperatio;
1206 809 1538 872 quaprOpter
1561 802 1793 856 mundus
1841 801 1908 854 de

318 901 543 960 peccato
566 893 785 964 quidem
813 905 932 958 suo,
964 892 1030 948 de
1050 890 1260 961 iustitia
1284 908 1414 948 vero
1437 893 1684 962 arguitur
1709 890 1908 955 aliena,

319 985 461 1046 sicut
511 993 812 1058 arguuntur
861 985 930 1042 de
987 985 1193 1041 lumine
1251 987 1504 1041 tenebrae.
1569 985 1909 1042 Incrednlum

323 1079 583 1134 mundum
603 1086 791 1149 arguet
813 1079 977 1134 etiam
997 1080 1062 1134 de
1081 1075 1304 1145 judicio,
1327 1078 1455 1148 quia
1479 1079 1730 1149 princeps
1748 1076 1911 1146 hujus

323 1169 508 1224 mundi
530 1169 804 1237 judicatus
830 1175 936 1235 est,
969 1168 1023 1223 id
1042 1176 1145 1234 est,
1169 1167 1374 1237 judicio
1404 1169 1543 1237 ignis
1565 1168 1751 1223 :eterni
1777 1168 1912 1222 irre-

323 1260 637 1315 vocabiliter
671 1260 971 1316 destinatus
1014 1268 1118 1325 est,
1145 1268 1202 1314 et
1229 1261 1294 1315 de
1320 1260 1424 1315 hoc
1464 1260 1646 1329 itaque
1679 1257 1910 1327 judicio,

322 1365 430 1421 quo
457 1349 708 1419 princeps
725 1349 997 1420 judicatus
1025 1358 1110 1405 est
1133 1350 1341 1416 mundi,
1389 1349 1638 1420 arguitur
1663 1365 1694 1403 a
1721 1357 1912 1403 sancto

325 1441 534 1512 Spiritu
565 1441 819 1504 mundus,
851 1441 1106 1510 quoniam
1152 1457 1274 1496 cum
1304 1457 1402 1496 suo
1429 1441 1675 1510 principe
1701 1441 1912 1512 judica-

325 1542 432 1595 tur,
463 1545 626 1601 quem
653 1531 918 1601 superbus
946 1538 1109 1600 atque
1141 1531 1337 1600 impius
1372 1532 1635 1585 imitatur.
1669 1528 1806 1596 Quid
1829 1536 1916 1584 est

328 1639 460 1695 ergo
494 1623 638 1693 quod
693 1623 862 1678 dicit:
894 1622 1073 1678 Etiam
1113 1640 1218 1676 non
1257 1623 1494 1678 uidebitis
1518 1640 1622 1690 me,
1652 1623 1755 1678 nisi
1782 1637 1917 1692 quo-

326 1715 489 1790 modo
521 1730 670 1782 sum,
698 1730 822 1770 cum
873 1715 1151 1772 vobiscum
1185 1717 1342 1770 sum?
1376 1716 1528 1770 Tunc
1565 1715 1711 1771 enim
1740 1715 1917 1770 adhuc

2006 523 2187 578 laetata
2234 529 2321 577 est
2359 521 2541 576 occiso
2602 519 2837 574 Christo.
2901 518 3053 586 Quod
3112 533 3244 574 vero
3297 518 3418 573 ait:
3453 515 3599 573 Gau-

2005 613 2150 667 dium
2204 623 2424 667 vestrum
2470 626 2616 665 nemo
2662 609 2863 679 auferet
2911 627 2945 663 a
2990 608 3305 678 vobis,quia
3339 608 3599 680 gaudium

2007 703 2245 772 ipsorum
2267 710 2353 757 est
2376 702 2491 771 ipse
2513 697 2694 766 Jesus,
2723 699 3056 770 signiﬁcatus
3078 707 3161 754 est
3183 701 3326 770 quod
3357 701 3434 754 ait
3454 702 3601 770 Apo-

2008 793 2181 850 stolus
2214 810 2227 846 :
2256 790 2496 848 Christus
2520 807 2794 862 resurgens
2820 809 2852 845 α
2879 792 3101 845 mortuis
3141 791 3258 861 jam
3304 809 3408 845 non
3437 793 3601 846 mori-

2007 893 2113 948 tur,
2139 889 2228 937 etc
2249 880 2432 955 (Rom.
2460 883 2560 958 vi).
2679 879 2817 948 Quid
2845 889 2929 934 est
2954 881 3098 935 enim
3130 882 3273 949 quod
3305 882 3418 936 ait:
3450 881 3518 934 Et
3545 883 3599 934 in

1965 1016 1969 1021 ι
2008 975 2099 1029 illo
2129 974 2213 1029 die
2261 991 2364 1027 non
2399 973 2646 1044 rogabitis
2676 973 3002 1045 quidquam’
3039 970 3152 1026 Hoc
3191 973 3416 1027 verbum
3455 971 3600 1042 quod

2009 1061 2125 1115 est?
2152 1059 2364 1130 Rogare
2392 1073 2498 1112 non
2528 1057 2699 1112 solum
2733 1065 2937 1126 petere,
2978 1055 3335 1111 verumetiam
3363 1055 3600 1110 interro-

2009 1167 2139 1224 gare
2177 1149 2462 1222 signiﬁcat.
2505 1148 2659 1215 Quod
2684 1164 2814 1203 vero
2860 1148 2988 1203 dicit
3031 1166 3044 1202 :
3094 1146 3247 1202 Venit
3301 1147 3432 1200 hora
3482 1163 3601 1200 cum

2001 1243 2121 1314 jam
2151 1258 2256 1295 non
2285 1241 2338 1294 in
2368 1239 2653 1312 proverbiis
2696 1238 2884 1310 loquar
2917 1239 3077 1304 vobis,
3114 1239 3206 1293 sed
3232 1237 3434 1310 palam,
3463 1237 3606 1292 futu-

2011 1349 2132 1389 rum
2158 1341 2411 1403 oportere
2461 1329 2682 1401 intelligi
2719 1330 3036 1395 secundum,
3065 1329 3156 1384 ubi
3185 1330 3486 1385 videbimus
3525 1328 3606 1382 fa-

2013 1425 2095 1481 cie
2115 1424 2181 1479 ad
2206 1423 2419 1478 faciem.
2443 1420 2789 1476 Annuntiabo
2815 1428 2994 1476 autem
3037 1420 3212 1486 vobis,
3240 1420 3364 1490 quia
3393 1435 3490 1490 per
3516 1419 3608 1473 Fi-

2013 1518 2146 1573 lium
2187 1517 2349 1572 Pater
2385 1514 2622 1571 videtur.
2674 1514 2806 1582 Quis
2852 1514 2995 1569 enim
3047 1514 3325 1586 cognoscit
3359 1513 3604 1580 Patrem,

2014 1607 2122 1663 nisi
2147 1608 2233 1662 cui
2262 1605 2494 1661 voluerit
2524 1605 2696 1661 Filius
2725 1603 3004 1659 revelare?
3507 1673 3510 1675 Α

2087 1697 2156 1752 Et
2186 1714 2290 1752 non
2317 1697 2432 1751 dico
2461 1697 2620 1761 vobis,
2646 1697 2773 1764 quia
2802 1712 2897 1766 ego
2927 1694 3118 1766 rogabo
3144 1693 3381 1759 Patrem,
3405 1688 3514 1747 etc.
3547 1693 3606 1747 ln

328 1783 447 1864 erat
471 1806 714 1862 mortalis
741 1807 798 1861 in
833 1805 1182 1862 similitudine
1212 1806 1393 1862 carnis
1418 1806 1643 1876 peccati,
1673 1805 1765 1876 qui
1793 1820 1918 1860 esu-
1945 1783 1993 1842 Β
2020 1797 2284 1860 quantum
2320 1787 2484 1842 homo
2509 1794 2594 1841 θεῖ
2618 1783 2926 1855 interpellat
2957 1799 3056 1855 Ι)Γο
3092 1784 3250 1876 ηοβῖε
3277 1781 3518 1876 Ρθίτξῐην
3549 1783 3607 1836 in

328 1897 439 1952 rire
470 1903 684 1966 poterat
709 1911 775 1951 ac
802 1895 974 1960 sitire,
1017 1893 1234 1966 fatigari
1264 1903 1426 1964 atque
1471 1894 1728 1949 dormire.
1762 1892 1917 1948 Hune

327 2002 458 2057 ergo
493 1985 792 2052 Christum,
835 1986 890 2041 id
923 1994 1026 2052 est,
1070 1985 1232 2040 talem
1262 1983 1559 2050 Christum,
1585 1999 1710 2040 cum
1743 1991 1918 2040 trans-

328 2075 461 2132 isset
503 2076 570 2131 de
613 2077 717 2132 hoc
755 2076 956 2130 mundo
1000 2075 1067 2131 ad
1107 2074 1344 2142 Patrem,
1376 2089 1484 2130 non
1515 2081 1670 2129 erant
1698 2070 1813 2142 jam
1836 2072 1920 2127 vi-

327 2167 445 2224 suri
473 2185 488 2221 :
517 2165 642 2221 Non
673 2165 906 2221 videbitis
936 2183 1038 2231 me,
1075 2181 1138 2222 ac
1167 2167 1214 2222 si
1247 2167 1474 2233 diceret,
1515 2165 1794 2233 humilem,
1823 2164 1920 2221 sed

327 2256 624 2322 excelsum,
651 2270 752 2312 nec
773 2256 1076 2322 mortalem,
1099 2257 1193 2312 sed
1222 2256 1631 2326 sempiternum,
1654 2271 1754 2311 nec
1774 2255 1918 2326 judi-

328 2350 581 2413 candum,
628 2350 723 2406 sed
739 2347 1130 2418 iudicaturum.
1160 2348 1219 2404 Si
1259 2348 1349 2402 ille
1385 2348 1645 2418 magister
1671 2347 1916 2414 interior,

327 2441 570 2514 quicum
603 2441 882 2512 discipulis
909 2442 1152 2498 exterius
1189 2442 1532 2512 loquebatur,
1568 2441 1730 2496 vellet
1763 2441 1920 2497 nobis

328 2531 396 2586 de
427 2531 743 2602 incorporea
769 2532 862 2588 Dei
893 2539 1086 2588 natura
1120 2531 1445 2588 intrinsecus
1485 2529 1688 2598 aliquid
1715 2530 1917 2596 dicere,

327 2623 470 2678 sicut
495 2622 697 2678 sanctis
725 2623 932 2695 angelis
959 2623 1110 2690 dicit,
1142 2623 1233 2693 qui
1265 2637 1479 2694 semper
1503 2621 1689 2680 vident
1723 2622 1922 2678 faciem

331 2714 534 2780 Patris,
566 2715 801 2770 nondum
837 2730 900 2770 ea
931 2723 1149 2785 portare
1177 2729 1481 2785 possumus,
1521 2713 1750 2784 proinde
1775 2713 1922 2783 quod

299 2795 308 2802 ’
331 2808 408 2862 ait
434 2825 446 2861 :
484 2805 699 2862 Dacebit
727 2823 813 2862 vos
837 2823 1040 2861 omnem
1069 2806 1362 2871 veritatem,
1386 2819 1490 2859 non
1516 2804 1753 2860 arbitror
1779 2818 1924 2870 nunc

329 2897 386 2953 in
417 2897 732 2967 cujusquam
767 2905 949 2952 mente
976 2912 1133 2968 posse
1166 2894 1444 2967 compleri,
1489 2895 1582 2951 sed
1619 2901 1768 2962 tunc,
1799 2911 1922 2951 cum

331 2987 472 3044 facie
494 2987 562 3044 ad
587 2986 779 3043 faciem
797 2987 1110 3042 viderimus.
1136 2985 1271 3055 Quia
1291 3000 1421 3056 ergo
1442 3001 1550 3040 non
1569 2993 1654 3040 est
1671 2999 1701 3038 a
1725 2992 1924 3040 semet-

332 3079 473 3148 ipso,
505 3078 598 3133 sed
628 3079 696 3133 ab
730 3077 822 3133 illo
849 3093 880 3132 a
907 3093 1015 3147 quo
1037 3077 1302 3147 procedit,
1356 3075 1478 3129 Non
1525 3090 1654 3145 ergo
1693 3073 1924 3145 loquitur

328 3187 361 3225 a
390 3169 683 3240 semetipso,
713 3169 802 3222 sed
840 3183 1164 3239 quire-anque
1194 3167 1370 3222 audiet
1411 3165 1669 3238 loquetur.
1718 3164 1797 3221 Ab
1826 3165 1918 3221 illo

329 3261 514 3318 audiet
541 3275 572 3314 a
599 3275 706 3331 quo
735 3259 1002 3332 procedit,
1045 3275 1076 3315 a
1123 3274 1230 3332 quo
1262 3268 1364 3324 est,
1410 3259 1479 3312 ab
1507 3257 1597 3312 illo
1624 3266 1730 3324 est,
1759 3273 1789 3312 a
1812 3273 1919 3328 quo

327 3353 592 3425 procedit.
630 3351 783 3421 Quod
822 3369 952 3409 vero
984 3354 1228 3422 sequitur
1271 3367 1286 3406 :
1343 3351 1445 3406 Ille
1474 3368 1556 3406 me
1585 3350 1917 3421 clariﬁcabit,

327 3450 505 3514 potest
529 3441 778 3513 intelligi,
807 3441 934 3512 quia
962 3440 1308 3498 diﬁ‘undcndo
1336 3441 1392 3496 in
1435 3441 1771 3497 credentium
1798 3455 1920 3496 cor-

327 3532 488 3589 dibus
529 3532 873 3600 charitatem,
917 3531 1212 3587 declaravit
1240 3532 1320 3588 eis
1358 3532 1628 3602 quomodo
1656 3531 1802 3587 Patri
1831 3530 1920 3586 Fi-

327 3625 432 3680 lius
454 3635 598 3681 esset
621 3623 928 3694 coaequalis.
960 3622 1057 3678 Vel
1075 3631 1246 3689 certe,
1275 3624 1401 3694 quia
1422 3637 1520 3693 per
1541 3623 1716 3694 ipsam
1741 3622 1922 3678 chari-

329 3721 496 3768 tatem
529 3711 724 3768 ﬁducia
754 3711 964 3783 repleti,
1004 3720 1058 3768 et
1095 3712 1288 3768 timore
1331 3713 1576 3782 depulso,
1630 3712 1919 3767 annuntia-

330 3815 455 3864 rent
499 3805 812 3862 hominibus
852 3805 1151 3864 Christum.
1182 3806 1262 3862 Ac
1290 3807 1370 3863 sic
1393 3806 1510 3876 ejus
1551 3806 1695 3862 fama
1726 3806 1918 3863 diﬁ‘usa

327 3905 415 3954 est
447 3905 562 3952 toto
590 3896 722 3952 orbe
755 3905 1046 3965 terrarum,
1087 3905 1148 3953 ut
1175 3897 1256 3954 sic
1297 3898 1497 3953 dixerit
1523 3916 1537 3954 :
1567 3897 1663 3953 Ille
1699 3912 1785 3954 me
1811 3898 1921 3954 cla-

329 3984 586 4056 riﬁcavit,
636 3996 896 4060 tanquam
922 3989 1128 4044 diceret
1157 4008 1170 4045 :
1197 3989 1286 4046 ille
1326 3990 1480 4047 vobis
1509 3989 1719 4046 auferet
1760 3990 1919 4046 timo.

328 4099 475 4148 rem,
499 4090 554 4139 et
579 4082 728 4139 dabit
753 4097 1018 4148 amorem,
1047 4097 1155 4153 quo
1187 4097 1275 4138 me
1318 4082 1596 4139 ardentius
1623 4082 1919 4154 praedican-

329 4183 413 4231 tes
462 4173 644 4245 gloriae.
672 4187 806 4228 mea:
833 4187 932 4244 per
956 4179 1125 4228 totum
1156 4173 1416 4228 mundum
1443 4171 1639 4228 dabitis
1674 4173 1918 4235 odorem,

329 4263 776 4320 commendabitis
804 4264 1086 4318 honorem.
1108 4262 1262 4330 Quod
1288 4263 1432 4320 enim
1472 4261 1666 4318 facturi
1706 4259 1924 4318 fuerant

333 4356 387 4410 in
416 4354 620 4424 Spiritu
655 4361 864 4418 sancto,
897 4355 1002 4408 hoc
1039 4354 1289 4410 eumdem
1333 4353 1594 4424 Spiritum
1637 4352 1773 4408 dixit
1799 4365 1920 4407 esse

331 4444 602 4500 facturum
652 4462 666 4498 :

2021 1888 2280 1951 quantum
2320 1887 2500 1932 autem
2538 1877 2682 1933 Deus
2711 1884 2812 1944 est,
2859 1891 2960 1932 nos
3005 1874 3226 1930 exaudit
3250 1888 3372 1929 cum
3402 1873 3606 1927 Patre:

2019 1973 2140 2044 Ipse
2160 1973 2281 2026 enin
2323 1967 2506 2036 Pater,
2542 1971 2742 2041 inquit,
2771 1979 2913 2024 amat
2941 1985 3051 2034 vos,
3081 1969 3204 2040 quia
3237 1983 3326 2020 vos
3357 1983 3436 2019 me
3459 1982 3614 2018 ama-

2015 2065 2131 2128 stis,
2164 2063 2294 2118 hinc
2322 2077 2452 2132 ergo
2489 2059 2690 2116 factum
2717 2067 2799 2116 est
2833 2067 2890 2115 ut
2924 2059 3286 2130 diligeremur,
3315 2055 3440 2125 quia
3477 2054 3613 2109 dile-

2017 2159 2091 2214 cti
2121 2172 2331 2214 sumus.
2368 2156 2598 2211 Prorsus
2625 2155 2835 2210 donum
2871 2153 2968 2208 Dei
3020 2159 3106 2208 est
3155 2150 3376 2221 diligere
3415 2149 3609 2213 Deum,

2017 2248 2134 2319 ipse
2163 2255 2222 2302 ut
2252 2247 2568 2316 diligeretur
2598 2245 2769 2311 dedit,
2819 2244 2910 2314 qui
2957 2259 3064 2298 non
3115 2241 3343 2297 dilectus
3393 2239 3608 2294 dilexit.

2021 2339 2317 2409 Sequitur:
2347 2337 2504 2392 Exivi
2527 2355 2560 2390 α
2591 2335 2754 2390 Patre
2793 2345 2842 2389 et
2887 2334 3002 2389 veni
3048 2334 3102 2387 in
3147 2334 3287 2386 hunc
3329 2330 3607 2397 mundum,

2019 2431 2154 2488 exiit
2180 2430 2328 2486 enim
2365 2445 2396 2484 a
2422 2428 2604 2493 Patre,
2648 2427 2774 2497 quia
2820 2426 2888 2481 de
2922 2423 3082 2478 Patre
3109 2431 3193 2478 est
3221 2441 3234 2476 :
3264 2422 3318 2476 in
3348 2421 3611 2475 mundum

2021 2521 2192 2586 venit,
2237 2519 2366 2591 quia
2396 2517 2599 2572 mundo
2627 2531 2784 2570 suum
2827 2529 3026 2584 corpus
3071 2512 3328 2574 ostendit,
3360 2509 3506 2580 quod
3541 2509 3614 2564 de

2019 2612 2230 2683 virgine
2260 2608 2554 2680 assumpsit
2587 2625 2600 2661 :
2641 2605 2862 2676 reliquit
2903 2603 3161 2659 mundum
3206 2601 3472 2672 corporali
3501 2601 3614 2655 dis-

2022 2707 2270 2762 cessione
2301 2721 2316 2759 :
2346 2703 2589 2774 perrexit
2619 2701 2688 2756 ad
2732 2699 2948 2754 Patrem
2990 2695 3226 2752 hominis
3252 2695 3609 2749 ascensione:

2021 2811 2124 2853 nec
2150 2794 2413 2850 mundum
2441 2791 2681 2848 deseruit
2710 2788 3014 2861 praesentiae
3033 2784 3442 2858 gubernatione.

2095 2885 2228 2941 Hau:
2253 2883 2458 2939 locutus
2487 2899 2606 2937 sum
2632 2881 2793 2941 vobis,
2833 2887 2892 2932 ut
2936 2879 2990 2931 in
3017 2893 3100 2931 me
3136 2891 3316 2946 pacem
3351 2873 3610 2937 habeatis,

2024 2986 2128 3033 etc.
2171 2975 2533 3044 Posteaquam
2561 2973 2629 3028 de
2674 2969 2918 3026 convivio
2963 2977 3155 3024 sancto
3199 2967 3309 3032 illo,
3353 2965 3445 3035 qui
3484 2979 3614 3019 eum

2025 3065 2325 3121 traditurus
2377 3077 2629 3134 egressus
2667 3067 2777 3126 est,
2826 3060 2965 3115 hanc
3007 3057 3153 3113 enim
3197 3069 3418 3111 causam
3463 3069 3615 3109 com-

1947 3138 1992 3201 Ο
2025 3161 2300 3217 mandavit
2336 3157 2605 3214 sermonis
2643 3157 2748 3220 sui,
2779 3163 2837 3209 ut
2865 3154 2918 3208 in
2954 3153 3044 3208 illo
3091 3167 3283 3223 pacem
3324 3150 3610 3214 haberent,

2020 3259 2241 3326 propter
2270 3250 2414 3320 quod
2453 3255 2626 3302 totum
2671 3247 2851 3318 agitur
2889 3243 3033 3314 quod
3062 3240 3360 3298 Christiani
3401 3253 3612 3303 sumus,

2021 3344 2138 3400 haec
2165 3341 2311 3399 enim
2335 3355 2443 3410 pax
2475 3337 2636 3392 ﬁnem
2663 3335 2923 3407 temporis
2960 3349 3066 3388 non
3087 3331 3333 3396 habebit,
3359 3336 3414 3384 et
3437 3328 3617 3383 omnis

2020 3437 2124 3508 piae
2167 3442 2370 3491 nostrae
2409 3429 2725 3487 intentionis
2772 3427 2935 3492 actio,
2988 3440 3108 3496 qua;
3156 3423 3281 3478 ﬁnis
3312 3421 3429 3492 ipsa
3470 3427 3612 3485 erat,

2019 3533 2244 3597 propter
2284 3524 2428 3578 hanc
2473 3517 2829 3576 sacramentis
2880 3517 2998 3587 ejus
3025 3514 3337 3569 imbuimur.
3385 3509 3618 3578 Propter

2020 3619 2162 3676 hanc
2191 3614 2532 3682 mirabilibus
2562 3610 2679 3682 ejus
2721 3611 2977 3681 operibus
3013 3615 3070 3663 et
3112 3603 3451 3660 sermonibus
3490 3617 3619 3656 eru-

2021 3711 2202 3767 dimur
2227 3726 2239 3765 :
2263 3714 2485 3778 propter
2504 3704 2647 3758 hanc
2667 3701 2892 3772 spiritus
2913 3697 3030 3767 ejus
3048 3698 3246 3767 pignus
3272 3692 3612 3761 accepimus:

2019 3807 2244 3871 propter
2269 3799 2413 3853 hanc
2449 3794 2504 3849 in
2543 3807 2668 3848 eum
2697 3789 2968 3846 credimus
3002 3795 3058 3842 et
3082 3798 3388 3856 speramus,
3416 3791 3469 3837 et
3498 3781 3618 3851 ejus

2021 3903 2207 3944 amore
2255 3893 2518 3958 quantum
2566 3882 2732 3937 donat
2784 3878 3182 3949 accendimur:
3226 3876 3329 3930 hac
3376 3887 3510 3941 pace
3558 3872 3616 3926 in

2020 3983 2293 4056 pressuris
2355 3979 2608 4036 omnibus
2668 3971 3012 4032 consolamur
3059 3986 3075 4022 τ
3129 3967 3234 4021 hac
3274 3980 3303 4018 a
3345 3962 3620 4056 pressuris

2021 4051 2271 4128 omnibus
2316 4067 2634 4129 liberamur,
2680 4069 2902 4134 propter
2937 4059 3078 4114 hanc
3118 4069 3335 4110 omnem
3389 4051 3622 4106 tribula-

2023 4163 2228 4219 tionem
2257 4159 2472 4215 fortiter
2509 4155 2861 4218 sustinemus,
2890 4158 2950 4206 ut
2979 4150 3034 4204 in
3079 4149 3184 4204 hac
3224 4146 3456 4201 feliciter
3498 4144 3619 4199 sine

2022 4255 2131 4311 ulla
2156 4251 2503 4308 tribulatione
2531 4260 2842 4320 regnemus.

2094 4347 2246 4422 (Cap.
2295 4344 2455 4417 xvn.)
2504 4341 2636 4396 Hwe
2683 4340 2888 4395 locutus
2933 4345 3010 4391 est
3047 4335 3225 4399 Iesus,
3259 4343 3306 4387 et
3337 4329 3616 4387 sublevati:

719 4443 934 4509 Omnia,
961 4443 1156 4512 inquit,
1197 4422 1518 4516 quaecunque
1560 4443 1712 4497 habet
1757 4441 1922 4496 Pater
1947 4512 1983 4516 ῃ
2022 4438 2189 4494 oculis
2230 4439 2287 4491 in
2321 4434 2524 4498 caelum,
2561 4440 2669 4488 etc.
2707 4429 3075 4487 Clariﬁcatum
3131 4442 3162 4481 a
3211 4425 3374 4480 Patre
3420 4422 3618 4476 Filium

331 4551 449 4589 mea
485 4541 606 4586 sunt
629 4545 648 4584 :
671 4542 942 4604 propterea
972 4531 1084 4585 dixi
1112 4512 1252 4586 vobis
1285 4534 1409 4604 quia
1432 4512 1515 4585 ide
1540 4548 1651 4586 meo
1682 4531 1918 4600 accipiet,
1947 4512 2002 4571 D
2026 4532 2268 4590 nonnulli
2295 4531 2568 4602 accipiunt
2593 4528 2649 4583 in
2679 4527 2802 4592 hoc,
2831 4525 2974 4597 quod
3003 4525 3051 4580 ei
3083 4539 3191 4579 non
3217 4519 3479 4594 pepercit,
3521 4518 3620 4573 sed

331 4633 388 4680 et
427 4623 684 4679 continuo
723 4623 826 4677 hoc
858 4621 1160 4691 explanat:
1199 4621 1340 4693 Ergo
1391 4623 1458 4675 de
1520 4623 1682 4678 Patre
1727 4621 1924 4690 accipit

335 4715 570 4785 Spiritus
616 4719 859 4776 sanctus,
913 4712 1056 4766 unde
1104 4711 1300 4781 accipit
1339 4710 1531 4774 Filius,
1573 4710 1701 4779 quia
1731 4709 1786 4763 in
1823 4709 1926 4763 hac

333 4807 602 4862 Trinitate
630 4805 697 4860 de
725 4803 886 4859 Patre
924 4810 1082 4859 natus
1119 4812 1204 4859 est
1232 4803 1421 4868 Filius,
1455 4803 1520 4857 de
1544 4802 1705 4857 Patre
1737 4815 1926 4871 procc-

334 4898 414 4953 dit
447 4895 682 4967 Spiritus
719 4903 961 4960 sanctus,
984 4895 1078 4966 qui
1121 4902 1300 4950 antem
1352 4895 1418 4950 de
1463 4895 1608 4949 nullo
1638 4901 1796 4948 natus
1829 4892 1922 4958 sit,

335 4989 402 5044 de
436 4986 583 5042 nullo
612 4987 891 5058 procedat,
922 4985 1084 5041 Pater
1111 4993 1195 5041 est
1232 4985 1396 5040 solus.

409 5078 678 5133 Modicum
700 5087 748 5132 et
769 5078 887 5148 jam
918 5094 1021 5131 non
1066 5077 1303 5132 videbitis
1349 5092 1453 5141 me,
1500 5083 1606 5130 etc.
1640 5073 1768 5129 Post
1793 5089 1926 5144 pau-

336 5170 502 5224 lulum
532 5169 676 5224 enim
705 5184 900 5240 passus
926 5177 1028 5234 est,
1055 5176 1110 5222 et
1133 5183 1240 5223 non
1263 5168 1515 5222 viderunt
1537 5181 1679 5221 eum.
1715 5165 1924 5221 Rursus

335 5267 459 5332 post
484 5258 759 5330 paululum
801 5258 1105 5313 resurrexit
1147 5267 1201 5312 et
1226 5257 1480 5312 viderunt
1503 5269 1646 5309 eum.
1683 5254 1836 5311 Unde
1869 5263 1925 5311 et

338 5349 645 5407 contristati
681 5357 808 5404 sunt
835 5349 901 5404 de
929 5358 1103 5403 morte
1130 5348 1344 5403 Domini
1380 5345 1646 5417 discipuli,
1697 5353 1752 5400 et
1790 5361 1921 5401 con-

340 5444 518 5499 festim
549 5445 616 5498 de
643 5440 1038 5498 resurrectione
1067 5439 1183 5510 ejus
1221 5438 1350 5503 laeti,
1382 5439 1526 5494 unde
1554 5449 1609 5494 et
1635 5437 1880 5507 sequitur
1907 5454 1922 5490 :

343 5531 577 5589 Tristitia
619 5545 786 5591 vestra
817 5541 1144 5604 convertetur
1168 5531 1222 5584 in
1266 5530 1542 5602 gaudium,
1583 5545 1706 5584 nam
1751 5538 1804 5585 et
1835 5529 1929 5583 tri-

342 5623 490 5680 stitia
519 5632 648 5680 tunc
672 5630 1016 5678 convertetur
1060 5620 1115 5676 in
1154 5619 1426 5688 gaudium,
1451 5617 1667 5687 quando
1693 5616 1924 5672 manife-

348 5715 569 5771 staverit
609 5729 665 5770 se
693 5716 803 5771 suis
833 5714 990 5770 sicuti
1019 5719 1118 5769 est.
1153 5710 1306 5780 Quod
1336 5724 1461 5766 vero
1491 5709 1620 5766 dicit
1650 5724 1664 5760 :
1695 5709 1926 5764 Mundus

2021 4640 2121 4695 pro
2150 4624 2307 4680 nobis
2339 4623 2591 4678 omnibus
2639 4618 2860 4674 tradidit
2894 4631 3036 4672 eum.
3075 4614 3134 4670 Si
3170 4612 3420 4684 passione
3457 4608 3623 4664 clari-

2023 4716 2213 4771 ﬁcatus
2233 4715 2452 4780 dicitur,
2467 4719 2670 4782 quanto
2695 4709 2867 4778 magis
2883 4706 3309 4764 resurrectione!
3329 4701 3620 4758 liumilitas

2022 4816 2150 4878 ergo
2170 4805 2286 4875 ejus
2310 4805 2504 4875 incipit
2535 4803 2590 4858 in
2617 4813 2868 4857 sermone
2894 4797 3154 4868 Apostoli,
3187 4795 3257 4849 ab
3281 4809 3346 4850 eo
3375 4792 3494 4847 loco
3521 4791 3619 4844 ubi

2023 4900 2101 4954 ait
2134 4917 2146 4953 :
2182 4898 2531 4966 Semetipsum
2560 4892 2847 4948 exinanivit
2895 4906 3058 4958 usque
3088 4889 3157 4943 ad
3195 4895 3415 4940 mortem
3445 4883 3622 4936 crucis

2027 4987 2250 5061 (Philip.
2281 4986 2365 5060 ιι).
2394 4985 2626 5041 Claritas
2651 4998 2779 5038 vero
2807 4980 2924 5050 ejus
2961 4980 3153 5050 incipit
3176 4979 3244 5034 ab
3271 4992 3338 5032 eo
3371 4976 3493 5032 loco
3523 4975 3619 5030 ubi

2025 5082 2103 5136 ait
2128 5098 2140 5134 :
2173 5078 2397 5150 Progter
2420 5076 2560 5148 quod
2597 5085 2646 5140 et
2689 5074 2832 5129 Deus
2861 5071 3013 5126 illum
3043 5068 3312 5134 exaltabit,
3343 5075 3399 5122 et
3427 5079 3624 5138 perve-

2026 5171 2108 5224 nit
2126 5167 2265 5242 quod
2287 5168 2341 5221 in
2368 5165 2539 5238 gloria
2568 5172 2643 5218 est
2673 5162 2772 5217 Dei
2798 5161 2998 5215 Patris.
3036 5159 3324 5214 Humilitas
3348 5155 3622 5212 claritatis

2024 5269 2109 5316 est
2141 5258 2419 5322 meritum,
2450 5253 2670 5310 claritas
2697 5251 3017 5307 humilitatis
3051 5257 3136 5306 est
3177 5248 3477 5318 praemium.
3510 5243 3622 5300 Sed

2026 5353 2131 5408 hoc
2171 5349 2372 5406 factum
2417 5355 2504 5402 est
2543 5347 2598 5400 in
2645 5343 2820 5399 forma
2861 5343 3022 5399 servi.
3059 5341 3114 5397 In
3154 5341 3326 5396 forma
3355 5353 3483 5393 vero
3523 5336 3621 5391 Dei

2027 5457 2241 5504 semper
2267 5447 2352 5494 est
2389 5437 2630 5494 claritas.
2663 5434 2770 5489 Sed
2799 5433 2928 5504 quid
2975 5433 3079 5488 sibi
3105 5431 3237 5495 vult,
3275 5428 3417 5499 quod
3445 5426 3626 5497 sequi-

2030 5539 2148 5593 tur,
2197 5528 2269 5585 Ut
2295 5527 2467 5582 Filius
2517 5534 2642 5580 tuus
2691 5521 2951 5580 clariﬁcet
2987 5531 3062 5586 te,
3105 5537 3230 5576 cum
3286 5519 3619 5587 sempiterna

2027 5617 2250 5672 claritas
2269 5617 2464 5679 Patris,
2489 5629 2590 5670 nec
2617 5613 2879 5669 diminuta
2905 5610 3067 5666 fuerit
3087 5611 3142 5665 in
3166 5609 3335 5664 forma
3357 5608 3616 5669 humana,

2031 5721 2128 5761 nec
2149 5705 2332 5777 augeri
2353 5704 2552 5776 poterit
2575 5704 2628 5761 in
2647 5718 2743 5760 sua
2761 5699 3090 5774 perfectione
3109 5698 3490 5770 divina?Apud
3514 5699 3618 5755 ho-
