3954 6200
303 371 413 429 217
1127 379 1640 439 COLLECTIONES
1677 383 1745 439 IN
1791 385 2176 445 EPISTOLAS
2218 389 2306 444 ET
2345 392 2762 450 EVANGELIA.

3479 408 3583 464 ⁸218

299 495 479 550 mines
517 498 700 548 autem
743 493 931 585 procul
976 496 1138 551 dubio
1182 499 1357 554 minor
1400 509 1543 568 erat,
1579 504 1797 572 quando
1841 505 1893 558 in
1922 512 1972 567 Α
2000 521 2029 559 a
2061 509 2260 562 mundo
2288 525 2650 578 recessurum,
2685 514 2804 568 illos
2831 523 3006 570 autem
3035 518 3264 585 tardius,
3305 521 3427 578 ideo
3455 525 3592 584 dixit

295 585 486 642 Judma
512 585 888 640 tantummodo
918 584 1059 641 Deus
1085 597 1243 642 notus
1272 598 1410 656 erat,
1453 593 1687 647 nondum
1715 609 1745 647 a
1769 595 1898 650 solis
1999 614 2058 654 se
2076 598 2190 668 jam
2219 617 2325 656 non
2356 603 2484 658 hinc
2509 619 2628 660 esse
2679 605 2800 660 illos
2823 614 3002 661 autem
3029 608 3118 663 hic
3144 584 3283 666 esse.
3307 610 3590 670 Commen-

298 685 425 767 ortu
454 689 627 743 usque
653 675 721 728 ad
750 689 1004 730 occasum
1042 675 1333 734 laudabant
1365 681 1520 750 pueri
1563 697 1761 738 nomen
1791 684 1897 739 Do-
1981 687 2092 765 _dat
2119 704 2252 760 ergo
2277 691 2423 747 Patri
2459 709 2554 748 eos
2606 710 2744 764 quos
2785 698 3055 767 corporali
3095 700 3340 757 absentia
3373 704 3592 760 relictu-

297 766 455 832 mini,
500 767 605 820 hoc
631 774 830 827 autem,
883 767 1006 836 quia
1035 783 1133 838 per
1172 770 1520 842 Evangelium
1565 771 1766 830 Christi
1817 774 1896 830 fa-

296 867 449 912 ctum
475 867 580 923 est,
609 867 668 910 ut
697 872 796 928 per
816 857 1010 912 Filium
1039 859 1201 915 Pater
1237 862 1596 920 innotesceret
1622 867 1891 937 gentibus,

294 947 546 1017 profecto
572 946 789 1001 Patrem
817 946 1134 1003 clariﬁcavit
1161 958 1216 1004 et
1245 950 1429 1006 Filius.
1460 951 1517 1007 Si
1554 965 1733 1010 autem
1770 966 1892 1011 tan-

295 1038 578 1094 tummodo
617 1047 865 1094 mortuus
890 1038 1082 1096 fuisset
1111 1041 1299 1107 Filius,
1336 1059 1439 1099 nec
1481 1049 1890 1118 resurrexisset,

292 1131 485 1200 procul
505 1130 668 1186 dubio
688 1146 788 1186 nec
809 1147 840 1185 a
860 1131 1022 1188 Patre
1034 1133 1358 1191 clariﬁcatus
1381 1147 1544 1204 esset,
1562 1156 1661 1196 nec
1677 1142 1892 1200 Patrem

292 1220 672 1278 clariﬁcasset.
705 1222 861 1278 Nunc
893 1232 1074 1279 autem
1117 1230 1518 1285 resurrectione
1567 1231 1890 1290 :lariﬁcatus

293 1327 322 1364 a
362 1311 548 1379 Patre,
586 1315 1001 1370 resurrectionis
1044 1332 1156 1372 sua:
1201 1319 1586 1387 praedicatione
1627 1323 1890 1380 clariﬁcat

295 1401 535 1462 Patrem.
578 1402 904 1478 llorquippe
976 1409 1153 1480 aperit
1194 1409 1328 1464 ordo
1389 1411 1504 1481 ipse
1546 1415 1833 1470 verborum
1869 1435 1881 1470 :

285 1503 564 1569 Clariltca,
598 1501 792 1570 inquit,
823 1498 1023 1554 Filium
1057 1509 1227 1566 tuum,
1254 1511 1312 1556 ut
1336 1499 1510 1556 Filius
1537 1513 1656 1559 tuus
1681 1505 1884 1576 clariﬁ-

283 1602 364 1647 cet
389 1602 461 1658 te,
482 1601 739 1661 tanquam
765 1591 993 1657 diceret,
1021 1593 1284 1647 resuscita
1319 1607 1427 1664 me,
1477 1602 1537 1648 ut
1576 1594 1886 1653 innotescas

283 1691 405 1737 toto
427 1683 566 1738 orbi.
597 1682 715 1752 ipse
743 1682 940 1751 quippe
969 1681 1185 1737 Patrem
1221 1683 1545 1740 clariﬁcavit
1573 1701 1736 1756 super
1777 1695 1882 1742 tero

283 1792 428 1840 ram,
456 1790 578 1830 cum
618 1773 868 1846 gentibus
896 1774 1240 1845 praedicando
1271 1793 1285 1828 :
1318 1775 1482 1832 Pater
1510 1793 1643 1833 vero
1681 1779 1878 1848 ipsum,

1995 796 2090 836 rus
2113 791 2214 847 est,
2261 783 2486 839 dicens:
2529 783 2690 840 Pater
2717 799 2914 854 sancte,
2958 806 3107 844 serva
3144 807 3230 846 eos
3277 795 3332 848 in
3381 799 3590 853 nomine

1995 880 2108 938 tuo,
2133 891 2262 944 quos
2291 875 2482 930 dedisti
2506 878 2654 942 milii,
2685 888 2741 932 ut
2765 880 2869 938 sint
2896 897 3058 935 unum
3083 883 3216 936 sicut
3255 894 3303 937 et
3333 902 3446 952 nos,
3475 905 3581 943 non

1994 964 2070 1019 ait
2101 982 2112 1018 :
2148 965 2218 1021 Ut
2261 967 2540 1022 nobiscum
2585 970 2696 1024 sint
2738 987 2926 1037 unum,
2957 981 3016 1027 ut
3053 972 3222 1029 simus
3256 993 3421 1032 unum
3460 981 3581 1050 ipsi,

1992 1063 2046 1109 et
2069 1071 2175 1111 non
2206 1058 2347 1112 sicut
2374 1074 2537 1112 unum
2567 1076 2752 1116 sumus
2776 1077 2898 1127 nos,
2922 1065 3015 1118 sed
3045 1065 3153 1120 ait:
3173 1064 3243 1121 Ut
3267 1069 3372 1123 sint
3399 1089 3580 1138 unum,

1991 1145 2128 1198 sicut
2151 1155 2202 1199 et
2232 1164 2346 1201 nos.
2378 1148 2482 1218 ipsi
2513 1150 2698 1220 utique
2742 1151 2796 1205 in
2844 1161 3038 1208 natura
3087 1169 3184 1210 sua
3231 1157 3344 1212 sint
3388 1176 3576 1228 unum,

1991 1236 2131 1290 sicut
2159 1246 2215 1292 et
2250 1253 2347 1294 nos
2371 1241 2424 1294 in
2465 1251 2652 1296 nostra
2678 1257 2842 1297 unum
2879 1260 3083 1301 sumus.

2061 1325 2226 1382 Pater
2250 1340 2448 1398 sancte,
2489 1333 2762 1402 sancti/ica
2789 1352 2875 1390 eos
2922 1337 2975 1390 in
3004 1339 3233 1395 veritate.
3269 1339 3408 1408 Quid
3445 1359 3576 1415 ergo

1989 1419 2133 1475 aliud
2162 1429 2287 1475 est:
2321 1420 2608 1493 Sancti/ica
2655 1444 2741 1481 eos
2777 1430 2830 1483 in
2874 1433 3103 1496 veritate,
3129 1435 3252 1500 nisi,
3295 1439 3574 1495 sanctiﬁca
3619 1415 3628 1425 .

1986 1525 2082 1565 eos
2109 1510 2164 1566 in
2192 1527 2298 1567 me.
2322 1513 2440 1582 Ipse
2461 1515 2672 1585 inquit:
2704 1517 2818 1588 Ego
2836 1535 2953 1573 sum
2977 1521 3059 1575 via
3080 1532 3129 1576 et
3155 1527 3344 1580 veritas
3371 1537 3418 1582 et
3448 1531 3574 1584 vita.

1987 1598 2306 1656 Sanctiﬁcat
2331 1603 2513 1674 itaque
2550 1604 2713 1662 Pater
2741 1608 2794 1662 in
2825 1610 3075 1677 veritate,
3106 1613 3159 1668 id
3184 1624 3288 1683 est,
3313 1618 3368 1672 in
3401 1620 3574 1676 Verbo

1985 1703 2106 1754 suo,
2139 1689 2192 1744 in
2223 1692 2503 1762 unigenito
2534 1709 2652 1748 suo.
2681 1695 2820 1762 Quid
2846 1707 2930 1753 est
2957 1702 3098 1769 quod
3124 1704 3202 1757 ait
3230 1723 3243 1758 :
3286 1705 3355 1760 Et
3381 1725 3478 1778 pro
3499 1713 3575 1766 eis

1984 1796 2076 1850 ego
2104 1782 2375 1851 sancti/ica
2399 1787 2672 1855 meipsum,
2697 1789 2800 1844 nisi
2829 1805 2924 1846 eos
2953 1792 3006 1846 in
3034 1795 3242 1864 meipso
3267 1800 3569 1867 sanctiﬁco,

281 1867 426 1936 apud
486 1867 837 1937 semetipsum
876 1868 944 1922 ad
994 1870 1144 1922 suam
1195 1868 1472 1923 dexteram
1537 1869 1871 1926 collocando.
1904 1865 1950 1923 B
1978 1887 2102 1926 cum
2143 1879 2201 1926 et
2239 1873 2341 1943 ipsi
2385 1875 2495 1930 sint
2539 1891 2659 1946 ego,
2689 1881 2942 1948 quoniam
2990 1882 3058 1936 de
3101 1885 3296 1953 quibus
3331 1888 3434 1944 hoc
3471 1865 3571 1956 ait,

281 1957 512 2013 Omnem
557 1973 775 2013 carnem
826 1957 1043 2026 quidem
1086 1958 1238 2022 dixit,
1304 1975 1520 2016 omnem
1578 1961 1872 2029 hominem,

278 2047 508 2118 intelligi
541 2046 654 2102 vult
685 2063 716 2102 a
744 2057 898 2118 parte
928 2056 1100 2102 totum
1137 2049 1493 2119 signiﬁcasse.

349 2139 421 2192 Et
449 2156 590 2194 nunc
630 2138 870 2209 clari/ica
896 2156 1000 2205 me,
1049 2149 1106 2193 ut
1154 2139 1318 2194 Pater
1357 2141 1499 2211 apud
1545 2151 1872 2214 temetipsum

279 2232 600 2298 claritatem,
655 2243 760 2288 etc.
807 2233 906 2288 llic
944 2232 1304 2304 intelligamus
1343 2235 1870 2303 praedestinationem

277 2328 547 2383 claritatis
577 2327 829 2382 humanm
854 2342 973 2396 qua:
1002 2327 1057 2380 in
1084 2326 1176 2380 illo
1209 2334 1295 2381 est
1329 2335 1536 2381 natura:
1559 2343 1626 2382 ex
1655 2327 1869 2382 mortali

275 2419 603 2474 immortalis
631 2419 768 2489 apud
817 2418 1035 2474 Patrem
1082 2417 1297 2473 futurae.
1341 2417 1408 2472 Et
1451 2418 1556 2472 hoc
1578 2417 1691 2489 jam
1726 2433 1872 2490 prae-

275 2512 598 2568 destinando
639 2510 837 2566 factum
880 2509 1044 2566 fuisse
1083 2518 1376 2581 antequam
1424 2509 1654 2566 mundus
1697 2519 1867 2577 esset,

273 2605 420 2675 quod
446 2604 503 2658 in
530 2603 727 2659 mundo
755 2604 920 2662 etiam
963 2619 1060 2659 suo
1102 2613 1346 2674 tempore
1391 2603 1582 2660 ﬁeret:
1616 2604 1690 2659 Et
1729 2621 1868 2660 nunc

273 2695 514 2763 clari/ica
537 2711 637 2759 me,
668 2696 774 2750 hoc
807 2702 914 2762 est,
944 2695 1086 2750 sicut
1113 2703 1241 2752 tunc
1263 2696 1756 2768 praedestinatione,
1789 2697 1867 2752 ita

271 2793 328 2840 et
363 2801 513 2840 nunc
554 2785 907 2855 perfectione,
961 2786 1047 2842 fac
1093 2788 1148 2842 iu
1180 2789 1404 2854 mundo,
1434 2790 1579 2860 quod
1623 2791 1766 2860 apud
1812 2797 1866 2848 te

264 2875 382 2944 jam
411 2875 584 2931 fuerat
607 2886 732 2933 ante
768 2877 1028 2932 mundum
1055 2896 1067 2932 :
1096 2877 1184 2933 lac
1211 2879 1264 2933 in
1305 2890 1405 2934 suo
1433 2887 1697 2950 tempore,
1721 2882 1865 2951 quod

267 2977 398 3022 ante
422 2969 602 3023 omnia
629 2975 872 3040 tempora
913 2968 1173 3034 statuisti,
1217 2969 1540 3035 claritatem,
1573 2985 1735 3040 quam
1766 2972 1864 3028 ha-

266 3059 360 3113 bui
403 3059 718 3129 priusquam
743 3059 977 3115 mundus
1019 3067 1168 3115 esset
1206 3060 1348 3130 apud
1393 3068 1462 3127 te,
1496 3061 1549 3115 id
1573 3068 1676 3126 εει,
1715 3061 1861 3117 illan.

264 3150 577 3207 claritatem
622 3167 784 3221 quam
829 3151 994 3206 habui
1031 3151 1174 3221 apud
1212 3158 1265 3206 te
1307 3151 1361 3206 in
1389 3151 1863 3222 praedestinstionc

263 3249 382 3295 tua.
416 3232 653 3309 Tempus
678 3248 763 3294 est
787 3247 846 3292 ut
868 3239 1008 3309 apud
1046 3247 1100 3294 te
1126 3239 1357 3296 habeam
1401 3241 1564 3296 etiam
1591 3241 1778 3296 vivens
1805 3242 1862 3296 in

265 3333 496 3387 dextera
519 3341 629 3385 tua.
657 3330 994 3399 Manifestum
1016 3347 1202 3386 nomen
1222 3340 1372 3386 tuum
1391 3331 1708 3398 hominibus,
1734 3349 1862 3404 quos

262 3424 460 3476 dedisti
485 3423 614 3476 milii
639 3422 703 3476 de
728 3421 946 3475 mundo.
987 3421 1194 3478 Nomen
1225 3429 1374 3477 tuum
1403 3423 1507 3478 hoc
1531 3431 1635 3489 est,
1663 3439 1773 3480 non
1801 3423 1864 3478 ii-

260 3511 354 3565 lud
391 3527 591 3566 nomen
617 3526 723 3580 quo
749 3511 960 3566 vocaris
999 3510 1162 3578 Deus,
1206 3513 1349 3582 quod
1377 3513 1432 3568 in
1461 3511 1644 3569 Judaia
1673 3522 1861 3569 notum

260 3614 366 3671 est,
393 3617 450 3659 et
476 3605 531 3658 in
560 3603 725 3659 lsrael
751 3619 1027 3673 magnum,
1060 3612 1115 3660 et
1153 3605 1420 3660 universas
1457 3614 1722 3662 creatura:
1758 3622 1856 3662 no-

261 3695 533 3749 tissimum
559 3734 574 3758 ,
625 3695 717 3749 sed
767 3694 896 3749 illud
936 3709 1043 3764 quo
1077 3695 1288 3756 vocaris
1319 3705 1476 3764 pater
1513 3711 1686 3763 meus,
1715 3697 1861 3767 quod

260 3787 483 3841 omnino
526 3786 863 3841 manifestari
911 3787 1028 3842 sine
1082 3788 1250 3858 ipsius
1292 3787 1387 3842 ﬁlii
1422 3788 1860 3846 manifestatione

259 3892 364 3930 non
397 3885 604 3947 posset.
627 3875 762 3930 Nam
791 3876 909 3932 ideo
937 3876 1128 3933 fecisse
1157 3893 1215 3932 se
1239 3878 1390 3943 dicit,
1419 3879 1564 3949 quod
1591 3888 1712 3934 erat
1738 3880 1857 3935 sine

260 3969 598 4025 dubitatione
621 3968 883 4033 facturus,
909 3971 1005 4025 sed
1045 3971 1111 4025 de
1136 3971 1221 4025 his
1242 3972 1334 4040 qui
1365 3971 1478 4042 jam
1509 3979 1667 4026 erant
1695 3971 1857 4027 disci-

257 4060 366 4128 puli
391 4059 514 4128 ejus
536 4075 645 4114 non
674 4060 740 4115 de
773 4061 1024 4116 omnibus
1056 4063 1150 4130 qui
1179 4063 1234 4116 in
1259 4063 1351 4119 illo
1387 4073 1544 4134 erant
1570 4066 1850 4132 credituri,

259 4151 458 4206 dixisse
485 4151 888 4217 manifestatur,
913 4153 966 4207 in
990 4154 1094 4207 hoc
1118 4153 1262 4223 quod
1283 4155 1531 4210 subditur
1564 4173 1580 4209 :
1609 4154 1742 4211 Cum
1767 4175 1851 4211 es-

255 4259 356 4296 sem
381 4259 501 4296 cum
532 4244 628 4307 eis,
658 4261 750 4314 ego
779 4245 1050 4299 servabam
1073 4262 1160 4299 eos
1186 4246 1242 4300 in
1268 4247 1474 4301 nomine
1495 4256 1605 4313 tuo,
1630 4258 1680 4301 et
1703 4264 1851 4302 nemo

251 4353 316 4389 ea:
335 4338 409 4390 eis
439 4337 621 4407 periit,
649 4337 752 4390 nisi
775 4336 916 4405 ﬁlius
941 4337 1268 4407 perditionis,
1301 4336 1490 4394 Iudam
1517 4338 1848 4409 signiﬁcans,

253 4430 344 4498 qui
375 4429 599 4484 tradidit
622 4445 766 4487 eum.
790 4431 867 4486 Ex
901 4432 1003 4487 isto
1029 4433 1225 4504 quippe
1249 4433 1584 4490 duodenario
1619 4450 1848 4492 numero

1979 1965 2220 2020 membra
2264 1975 2390 2021 sunt
2425 1967 2543 2036 ejus
2589 1977 2646 2024 ct
2677 1987 2816 2027 unus
2861 1981 2946 2028 est
2986 1973 3254 2043 Christus,
3305 1991 3467 2050 caput
3512 1991 3569 2038 et

1975 2055 2206 2123 corpus?
2236 2054 2491 2125 Sequitur
2518 2077 2530 2110 :
2571 2056 2636 2111 Ut
2659 2061 2762 2113 sint
2797 2070 2846 2114 et
2884 2063 2986 2132 ipsi
3012 2067 3327 2136 sanctificati
3352 2071 3407 2123 in
3432 2073 3567 2126 veri-

1975 2155 2104 2211 tate,
2133 2148 2276 2218 quod
2314 2149 2442 2217 quid
2488 2151 2631 2204 aliud
2661 2167 2824 2221 quam
2851 2156 3009 2210 estin
3039 2173 3145 2223 me,
3185 2161 3480 2217 secundum
3511 2163 3568 2218 id

1972 2236 2118 2305 quod
2160 2238 2361 2292 veritas
2388 2240 2515 2294 est?
2561 2241 2711 2297 Tunc
2749 2258 2879 2314 ergo
2922 2247 3278 2303 sanctiﬁcavit
3308 2267 3367 2306 se
3396 2252 3452 2306 in
3482 2269 3562 2318 se,

1971 2324 2076 2380 hoc
2095 2334 2200 2387 est,
2238 2327 2514 2383 hominem
2543 2344 2601 2384 se
2635 2331 2689 2385 in
2715 2332 2894 2388 Verbo
2939 2349 3018 2400 se,
3058 2337 3184 2405 quia
3230 2355 3370 2395 unus
3403 2340 3565 2398 Chri-

1969 2421 2108 2480 stus,
2162 2417 2402 2474 Verbum
2447 2428 2504 2474 et
2551 2421 2733 2486 homo,
2777 2425 3125 2483 sanctiﬁcans
3180 2429 3455 2486 hominem
3507 2435 3561 2489 in

1968 2506 2172 2574 Verbo,
2200 2517 2422 2580 propter
2445 2526 2575 2566 vero
2601 2527 2694 2566 sua
2747 2515 3007 2581 membra,
3039 2527 3088 2571 et
3116 2536 3210 2588 pro
3239 2521 3332 2585 eis,
3365 2522 3560 2592 inquit,

1966 2613 2084 2664 ego,
2117 2600 2169 2654 id
2195 2609 2297 2663 est,
2321 2602 2464 2669 quod
2495 2602 2672 2670 prosit
2697 2605 2860 2658 etiam
2890 2606 3042 2675 ipsis,
3066 2609 3193 2677 quia
3225 2619 3279 2665 et
3305 2612 3407 2680 ipsi
3434 2622 3564 2668 sunt

1965 2703 2088 2760 ego,
2125 2690 2266 2744 sicut
2287 2691 2418 2745 mihi
2452 2690 2676 2760 profuit,
2720 2696 2846 2763 quia
2888 2697 3050 2752 homo
3076 2715 3194 2754 sum
3240 2703 3358 2757 sine
3403 2704 3558 2772 ipsis,

1964 2788 2012 2832 et
2043 2795 2136 2849 ego
2161 2780 2432 2848 sanctiﬁco
2457 2781 2731 2852 meipsum,
2769 2785 2872 2840 hoc
2909 2795 3010 2852 est,
3040 2789 3185 2858 ipsos
3225 2791 3280 2846 in
3315 2808 3400 2848 me
3435 2803 3559 2848 tau-

1965 2885 2126 2940 quam
2165 2872 2434 2942 meipsum
2461 2874 2742 2930 sanctiﬁco
2765 2891 2884 2946 ego,
2909 2879 3165 2946 quoniam
3195 2881 3247 2935 in
3277 2898 3363 2937 me
3387 2885 3556 2942 etiam

1964 2961 2067 3032 ipsi
2098 2971 2227 3018 sunt
2253 2978 2374 3034 ego,
2407 2971 2467 3019 ut
2495 2965 2606 3020 sint
2632 2974 2681 3019 et
2732 2967 2832 3036 ipsi
2873 2969 3188 3038 sanctiﬁcati
3223 2972 3276 3026 in
3324 2976 3556 3031 veritate.

1964 3051 2105 3120 Quid
2131 3060 2238 3118 est,
2267 3063 2314 3108 et
2338 3054 2478 3125 ipsi?
2495 3055 2600 3110 nisi
2623 3057 3077 3126 quemadmodum
3103 3061 3157 3114 in
3179 3063 3408 3118 veritate
3432 3081 3555 3136 ego,

1965 3142 2109 3214 quod
2131 3159 2251 3199 sum
2272 3158 2391 3214 ego.
2413 3143 2669 3215 Sequitur
2693 3164 2706 3200 :
2730 3147 2854 3201 Non
2874 3165 2968 3219 pro
2988 3150 3069 3203 liis
3089 3160 3264 3206 autem
3295 3169 3419 3222 rogo
3439 3165 3558 3209 tan-

1965 3233 2230 3300 tum,‘hoc
2266 3243 2368 3299 est,
2401 3250 2500 3306 pro
2527 3235 2805 3306 discipulis
2834 3238 2926 3306 qui
2954 3253 3076 3294 cum
3101 3239 3192 3296 illo
3220 3250 3349 3298 tunc
3376 3255 3553 3310 erant,

1961 3324 2053 3378 sed
2073 3333 2121 3379 et
2139 3341 2238 3394 pro
2259 3325 2359 3392 eis,
2380 3324 2577 3395 inquit,
2598 3328 2688 3394 qui
2710 3327 2962 3382 credituri
2981 3339 3103 3384 sunt
3124 3348 3218 3400 per
3248 3330 3469 3388 Verbum
3501 3335 3556 3389 in

1961 3432 2063 3469 me.
2097 3415 2202 3472 Ubi
2229 3431 2419 3472 omnes
2459 3431 2586 3472 suos
2612 3417 2838 3489 intelligi
2881 3419 3074 3484 voluit,
3111 3435 3219 3476 non
3255 3423 3428 3477 solum
3460 3427 3555 3495 qui

1964 3514 2094 3562 tunc
2117 3507 2359 3561 erantin
2383 3521 2572 3572 carne,
2598 3507 2694 3562 sed
2736 3507 2901 3562 etiam
2935 3508 3030 3577 qui
3072 3507 3237 3564 futuri
3263 3520 3418 3566 erant
3457 3529 3556 3582 per

1959 3595 2186 3649 verbum
2216 3594 2583 3664 apostolorum
2625 3595 2681 3649 in
2703 3610 2827 3650 eum
2854 3597 2972 3651 sine
3013 3598 3178 3653 dubio
3203 3599 3371 3665 credi,
3397 3611 3556 3672 quot-

1960 3693 2092 3756 quot
2119 3694 2308 3755 postea
2358 3683 2725 3750 crediderunt,
2756 3693 2811 3741 et
2852 3687 3024 3742 donec
3064 3689 3246 3744 veniat
3291 3693 3553 3749 credituri

1957 3785 2104 3833 sunt.
2134 3777 2288 3845 Quod
2307 3792 2439 3832 vero
2467 3776 2636 3832 dicit:
2673 3776 2744 3830 Et
2768 3795 2862 3849 ego
2895 3779 3190 3836 claritatem
3213 3799 3372 3853 quam
3400 3784 3551 3839 dedi-

1955 3868 2024 3922 sti
2043 3868 2172 3922 mihi
2199 3867 2321 3922 dedi
2347 3870 2454 3934 eis;
2479 3883 2646 3939 quam
2672 3867 3016 3924 claritatem?
3040 3871 3144 3926 nisi
3175 3872 3553 3930 immortalita-

1956 3968 2067 4016 tem
2095 3976 2260 4031 quam
2305 3969 2498 4016 natura
2529 3961 2768 4016 humana
2812 3961 2865 4016 in
2915 3962 3004 4016 illo
3032 3962 3211 4019 fuerat
3237 3977 3547 4035 acceptura,

1953 4066 2081 4106 nam
2112 4067 2213 4105 nec
2248 4051 2362 4120 ipse
2397 4051 2576 4107 adhuc
2603 4059 2891 4122 acceperat
2935 4067 3078 4117 eam,
3122 4055 3217 4109 sed
3245 4071 3397 4110 more
3444 4070 3544 4110 suo

1953 4153 2176 4214 propter
2223 4143 2683 4198 immortalitatem
2735 4144 3224 4212 praedestinationis
3279 4147 3544 4216 praeteriti

1952 4235 2211 4304 temporis
2233 4235 2400 4288 verbo
2427 4232 2610 4288 futura
2634 4234 2924 4303 signiﬁcat.

2021 4345 2090 4399 Et
2111 4344 2341 4399 dilexisti
2366 4360 2453 4398 eos
2487 4344 2622 4397 sicut
2666 4352 2714 4396 et
2753 4360 2834 4397 me
2861 4342 3114 4408 dilexisti,
3159 4351 3264 4398 etc.
3305 4343 3363 4399 In
3405 4344 3546 4400 Filio

1949 4437 2145 4508 quippe
2197 4450 2299 4490 nos
2345 4433 2508 4488 Pater
2544 4432 2738 4504 diligit,
2787 4432 2912 4501 quia
2949 4433 3004 4485 in
3063 4432 3179 4502 ipso
3237 4448 3337 4488 nos
3381 4433 3546 4503 elegit

250 4522 624 4591 apnstolorum
653 4522 799 4579 solus
826 4524 1006 4594 periit.
1037 4525 1190 4592 Quod
1230 4539 1362 4581 vero
1404 4527 1655 4597 sequitur
1689 4541 1703 4582 :
1747 4527 1846 4582 Tui
1871 4540 1924 4599 ι)
1949 4536 2074 4581 ante
2105 4525 2291 4580 mundi
2321 4524 2784 4580 constitutionem.
2829 4523 2930 4590 Qui
2974 4524 3120 4577 enim
3155 4523 3328 4592 diligit
3355 4524 3542 4593 unige-

247 4624 421 4678 erant,
454 4623 503 4667 et
528 4615 655 4667 mihi
674 4631 760 4668 eos
783 4614 998 4680 dedisti,
1026 4616 1299 4672 hominem
1328 4633 1388 4675 se
1410 4619 1684 4688 accepisse
1703 4620 1844 4674 hanc

247 4715 600 4776 potestatem,
632 4714 692 4760 ut
733 4721 828 4761 eos
871 4709 1096 4763 haberet
1136 4709 1393 4775 ostendit,
1448 4712 1704 4780 quoniam
1750 4713 1843 4783 qui

246 4811 468 4867 semper
511 4797 854 4866 omnipotens
897 4797 1018 4861 fuit,
1071 4814 1178 4854 non
1236 4815 1453 4870 semper
1497 4802 1659 4856 homo
1717 4799 1839 4856 fuit.

245 4883 613 4951 Quamobrem
682 4886 831 4942 Patri
888 4889 1069 4957 potius
1140 4889 1304 4946 tribui
1345 4891 1592 4956 videtur,
1653 4900 1714 4947 ut
1773 4893 1842 4949 ab

247 4977 342 5032 illo
405 4992 504 5032 eos
561 4978 848 5048 acciperet,
885 4981 1141 5050 quoniam
1171 4996 1236 5036 ex
1291 4981 1408 5052 ipso
1445 4991 1547 5047 est,
1584 4983 1844 5054 quidquid

245 5079 353 5135 est,
382 5073 454 5126 de
493 5086 603 5141 quo
629 5079 713 5126 est
748 5073 914 5127 etiam
942 5073 1058 5142 ipse
1085 5091 1099 5141 ;
1133 5074 1236 5131 sibi
1283 5089 1378 5130 eos
1405 5075 1570 5141 dedit,
1603 5076 1707 5131 hoc
1735 5085 1840 5142 est,

244 5178 370 5217 cum
413 5162 580 5217 Patre
624 5162 768 5218 Deus
810 5163 1061 5220 Christus
1108 5165 1316 5220 homini
1362 5164 1600 5221 Christo.
1664 5166 1838 5222 Verba

243 5273 367 5327 quae
397 5258 593 5314 dedisti
622 5258 756 5312 mihi
791 5259 913 5314 dedi
955 5259 1056 5322 eis,
1100 5265 1156 5313 ει
1195 5258 1298 5329 ipsi
1339 5265 1686 5327 acceperunt,
1735 5259 1840 5314 hoc

241 5357 355 5411 est,
382 5349 772 5404 intellexerunt
818 5358 982 5419 atque
1031 5356 1319 5405 tenuerunt
1368 5356 1424 5404 et
1467 5357 1838 5419 cognoverunt

240 5453 396 5502 vere,
425 5439 478 5493 id
503 5445 609 5504 est,
638 5437 874 5503 fortiter,
905 5437 1188 5503 stabiliter,
1219 5439 1538 5493 inconcusse
1562 5451 1577 5490 :
1609 5452 1715 5492 non
1737 5451 1836 5507 pro

244 5529 452 5583 mundo
473 5543 625 5597 rogo,
650 5529 794 5598 quod
827 5528 981 5593 dicit,
1019 5529 1275 5583 mundum
1315 5528 1428 5581 vult
1464 5527 1710 5598 intelligi,
1745 5527 1838 5598 qui

244 5618 443 5673 vivunt
494 5619 793 5674 secundum
835 5619 1329 5690 concupiscentiam
1377 5617 1581 5680 mundi,
1630 5626 1686 5672 et
1733 5632 1840 5672 non

245 5716 387 5764 sunt
409 5709 461 5764 in
483 5725 547 5764 ea
582 5718 731 5765 sorte
769 5711 977 5781 gratiae.
1014 5711 1166 5778 Quod
1208 5725 1336 5766 vero
1379 5707 1549 5764 dicit:
1579 5707 1700 5763 Non
1726 5725 1842 5764 sum

247 5805 310 5854 in
350 5801 554 5871 mundo,
579 5801 870 5859 ostendens
896 5818 953 5859 se
978 5802 1267 5876 praesentia
1303 5801 1568 5873 corporali
1592 5798 1707 5870 jam
1735 5802 1842 5857 cito

1949 4618 2120 4672 nitum
2149 4614 2394 4686 profecto
2415 4614 2591 4684 diligit
2626 4621 2681 4669 et
2711 4613 2952 4668 membra
2973 4614 3091 4682 ejus
3125 4628 3244 4683 qua:
3265 4615 3541 4682 adoptavit

1948 4709 2001 4762 in
2045 4723 2166 4763 cum
2194 4721 2292 4778 per
2319 4721 2462 4761 eum.
2491 4705 2606 4760 Non
2657 4704 2778 4760 ideo
2823 4718 2984 4773 pares
3026 4719 3212 4759 sumus
3264 4706 3542 4773 unigenito

1951 4800 2108 4866 Filio,
2139 4814 2238 4870 per
2264 4813 2424 4868 quem
2454 4798 2624 4854 creati
2671 4805 2728 4853 et
2755 4796 2982 4852 recreati
3031 4811 3239 4861 sumus,
3283 4797 3409 4865 quia
3453 4796 3538 4852 di-

1947 4899 2095 4946 ctum
2121 4898 2204 4946 est
2233 4908 2246 4943 :
2279 4888 2523 4944 Dilexisti
2548 4905 2634 4942 eos
2661 4889 2794 4941 sicut
2819 4895 2868 4941 et
2897 4903 2996 4950 me,
3026 4901 3200 4955 neque
3225 4886 3370 4942 enim
3395 4901 3540 4941 sem-

1947 4996 2045 5052 per
2071 4979 2436 5050 azqualitatem
2480 4977 2750 5049 signiﬁcat
2779 4977 2871 5046 qui
2899 4975 3050 5040 dicit,
3099 4976 3237 5030 sicut
3281 4975 3434 5040 illud,
3462 4975 3538 5033 ita

1944 5081 2000 5129 et
2029 5073 2178 5137 illud,
2211 5072 2308 5127 sed
2332 5070 2620 5141 aliquando
2649 5075 2879 5133 tantum,
2917 5066 3043 5136 quia
3069 5073 3154 5121 est
3188 5065 3341 5131 illud,
3371 5071 3538 5120 estet

1940 5162 2090 5228 illud,
2122 5169 2218 5215 aut
2237 5160 2363 5230 quia
2392 5170 2477 5215 est
2501 5157 2652 5223 illud,
2684 5164 2742 5211 ut
2769 5157 2842 5212 sit
2865 5165 2921 5212 et
2946 5157 3094 5212 illud.
3126 5153 3306 5220 Pater,
3334 5155 3533 5225 inquit,

1938 5273 2068 5328 quos
2087 5255 2278 5309 dedisti
2301 5254 2450 5317 mihi,
2487 5250 2602 5306 volo
2645 5261 2699 5304 ut
2725 5249 2814 5303 ubi
2853 5266 2946 5320 ego
2974 5265 3090 5302 sum
3117 5255 3164 5301 et
3188 5246 3270 5300 illi
3300 5247 3405 5300 sint
3427 5261 3535 5298 me-

1937 5363 2089 5410 cum;
2118 5345 2209 5416 qui
2239 5352 2364 5400 sunt
2389 5342 2480 5398 isti
2505 5355 2642 5410 quos
2671 5340 2744 5394 ait
2771 5355 2801 5394 a
2826 5337 2988 5393 Patre
3013 5338 3168 5392 datos
3193 5335 3333 5392 sibi?
3355 5347 3534 5387 nonne

1935 5437 2011 5492 illi
2041 5437 2108 5490 de
2137 5433 2332 5503 quibus
2360 5432 2466 5486 alio
2494 5431 2615 5486 loco
2642 5429 2775 5486 dicit
2802 5447 2816 5483 :
2849 5428 3018 5483 Nemo
3055 5435 3188 5482 venit
3219 5435 3286 5479 ad
3315 5440 3396 5477 me
3421 5421 3532 5476 nisi

1940 5526 2104 5581 Pater
2126 5525 2217 5596 qui
2247 5523 2383 5578 misit
2411 5539 2493 5577 me
2514 5521 2735 5596 traxerit
2773 5521 2929 5574 eum?
2968 5518 3087 5587 ipse
3115 5515 3329 5584 quidem
3371 5511 3436 5565 de
3469 5525 3529 5564 se

1939 5616 2096 5680 dixit,
2135 5593 2278 5684 quod
2316 5613 2390 5668 ibi
2414 5611 2526 5680 jam
2555 5593 2741 5678 esset:
2761 5611 2828 5665 de
2873 5609 3031 5663 nobis
3061 5616 3241 5660 autem
3283 5600 3420 5656 velle
3468 5614 3527 5655 se

1941 5707 2092 5769 dixit,
2126 5713 2446 5768 utessemus
2471 5702 2543 5758 ibi
2563 5717 2688 5756 cum
2711 5701 2832 5765 illo;
2859 5713 2966 5757 non
2996 5694 3248 5760 inaniter,
3279 5692 3375 5748 sed
3399 5691 3529 5747 lide-

1944 5795 2196 5866 litcrjam
2220 5796 2437 5867 deputat
2466 5791 2689 5856 factum,
2720 5790 2862 5861 quod
2892 5787 3132 5842 futurum
3159 5797 3281 5840 esse
3303 5799 3411 5840 non
3433 5782 3527 5838 du-
