3954 6200
359 350 468 408 ξω

1647 324 1998 384 SMARAGDI
2039 321 2334 382 ABBATIS

3533 320 3640 378 220

359 467 518 523 bitat.
549 457 667 516 Non
693 455 744 512 ei
771 453 905 510 satis
929 450 1030 506 fuit
1057 449 1240 506 dicere
1269 464 1284 502 :
1330 443 1456 505 Volo
1483 453 1539 501 ut
1580 444 1668 499 ubi
1710 459 1803 513 ego
1829 457 1944 496 sum
1972 441 2024 501 Α
2047 437 2164 508 ejus
2196 433 2494 491 Eeclesiam
2523 447 2622 504 per
2648 437 2881 502 quatuor
2913 427 3315 523 partesmundi
3343 426 3594 523 dilfusam
3620 449 3636 498 ;

363 576 410 614 st
434 557 535 628 ipsi
555 555 682 616 sint,
721 549 815 606 sed
845 544 1074 610 addidit,
1100 556 1304 597 mecum
1327 553 1346 594 :
1369 552 1489 596 esse
1525 537 1672 594 enim
1706 550 1830 628 cum
1856 533 1951 588 illo

365 626 618 720 magnum
652 655 854 699 nonum
877 645 984 700 est,
1010 643 1067 690 et
1092 633 1280 689 miseri
1307 638 1550 720 possunt,
1569 643 1710 720 esse,
1740 626 1830 682 ubi
1866 631 1952 680 est

364 718 477 803 ille,
519 735 774 807 quoniam
816 729 1124 799 quicunque
1167 725 1478 792 ubicunque
1528 718 1730 774 fuerint
1773 725 1858 773 est
1895 723 1952 770 et

364 829 474 883 ille.
509 824 616 880 Sed
641 819 788 876 beati
809 817 908 872 soli
933 824 1058 870 sunt
1085 827 1207 868 cum
1233 811 1342 875 illo,
1375 809 1500 880 quia
1521 807 1667 864 beati
1697 821 1818 862 esse.
1841 820 1950 860 non

364 922 618 989 poterunt
643 911 749 967 nisi
769 924 836 964 ex
871 907 980 962 illo.
1021 903 1173 972 Quod
1203 915 1331 956 vero
1361 898 1632 989 adiunxit,
1657 906 1712 989 ut
1742 895 1951 989 uideant

329 1023 334 1028 ε
364 986 656 1063 claritatem
687 1015 854 1055 meam
879 1011 1034 1068 quam
1061 992 1252 1048 dedisti
1272 990 1421 1055 mihi,
1451 990 1575 1059 quia
1601 986 1833 1041 dilexisti
1869 1001 1952 1041 me

365 1110 484 1154 ante
521 1094 942 1152 constitutionem
987 1087 1191 1151 mundi,
1219 1093 1280 1140 ut
1325 1083 1545 1138 videant
1573 1079 1728 1145 dixit,
1756 1094 1864 1134 non
1892 1085 1953 1133 ut

363 1193 606 1254 credant,
642 1187 763 1242 ﬁdei
800 1198 1010 1239 merces
1035 1189 1120 1235 est
1150 1181 1272 1242 ista,
1316 1192 1424 1231 non
1455 1175 1602 1237 ﬁdes,
1643 1186 1805 1242 quam
1835 1169 1951 1228 ela-

365 1288 581 1341 ritatem
609 1279 844 1344 Domini,
873 1277 976 1332 nisi
1003 1275 1148 1330 illam
1177 1287 1282 1342 qua
1308 1270 1450 1324 Deus
1497 1266 1612 1322 est?
1647 1264 1798 1319 Beati
1815 1263 1952 1317 enim

321 1347 326 1353 ⁴
367 1373 560 1429 mundo
585 1370 763 1434 corde,
787 1367 1036 1439 quoniam
1058 1363 1156 1432 ipsi
1175 1361 1344 1415 Deum
1371 1356 1612 1412 videbunt
1635 1353 1851 1425 (Matth.
1875 1351 1950 1422 v).

367 1462 784 1537 Cognoscendus
808 1465 896 1513 est
922 1472 952 1510 a
982 1453 1200 1510 mundis
1241 1453 1426 1516 corde,
1454 1447 1600 1504 solus
1623 1460 1786 1537 verus
1811 1443 1956 1499 Deus

363 1535 487 1611 cum
508 1554 670 1608 Patre
694 1559 752 1607 et
774 1555 964 1604 sancto
992 1544 1198 1615 Spiritu
1223 1541 1408 1603 Filius,
1442 1539 1568 1608 quia
1606 1535 1848 1594 Trinitas
1873 1543 1956 1590 est

363 1647 512 1703 solus
547 1658 712 1700 verus
744 1641 891 1698 Deus
919 1657 934 1693 :
965 1638 1035 1692 Et
1061 1646 1240 1691 notum
1284 1633 1384 1702 feci
1412 1632 1512 1696 eis,
1540 1630 1735 1699 inquit,
1768 1644 1958 1682 nomen

361 1755 532 1806 tuum,
559 1749 606 1793 et
637 1747 812 1793 notum
841 1733 1054 1805 faciam,
1099 1731 1203 1786 hoc
1241 1736 1344 1793 est,
1377 1734 1565 1781 notum
1609 1723 1710 1778 feci
1762 1737 1859 1792 per
1892 1720 1956 1776 ﬁ~

2052 530 2230 584 tunica
2268 542 2397 582 vero
2425 526 2516 581 illa
2543 525 2732 581 sortita
2767 530 2824 578 et
2866 536 2974 576 non
3005 520 3200 585 divisa,
3229 520 3474 575 omnium
3503 522 3640 578 ista-

2050 637 2172 677 rum
2201 619 2436 691 partium
2485 616 2823 688 signiﬁcabat
2864 613 3149 676 unitatem,
3192 627 3314 681 quae
3354 612 3642 670 cbaritatis

2050 711 2266 767 vinculo
2310 710 2637 766 continetur.
2685 707 2743 762 ln
2789 714 2935 760 sorte
2980 712 3161 759 autem
3210 703 3339 773 quid
3392 705 3496 759 nisr
3542 706 3642 762 Dei

2051 802 2224 875 gratia
2250 800 2624 879 commendata
2660 797 2776 852 est?
2801 795 2939 863 Quid
2968 795 3112 852 enim
3140 795 3208 851 de
3232 797 3344 866 ipsa
3375 811 3537 852 cruce
3559 797 3643 852 di-

2051 896 2192 951 cturi
2217 894 2442 952 sumus?
2470 893 2638 947 Recte
2668 891 2718 944 in
2755 904 2820 944 ea
2856 888 3192 960 intelligitur,
3223 889 3367 959 quod
3392 889 3472 944 ait
3498 889 3644 959 Apo-

2052 987 2261 1044 stolus:
2297 985 2429 1052 Quae
2461 987 2530 1039 sit
2566 982 2812 1047 latitudo,
2856 991 2904 1035 et
2929 981 3222 1051 longitudo,
3250 990 3298 1036 et
3320 981 3568 1046 altitudo,
3593 988 3644 1033 et

2050 1077 2393 1149 profundum.
2418 1077 2548 1130 Lata
2578 1085 2660 1131 est
2684 1076 2878 1145 quippe
2917 1073 2970 1128 in
3001 1081 3313 1128 transverso
3336 1073 3504 1145 ligno,
3534 1088 3645 1145 quo

2053 1168 2416 1225 extenduntur
2429 1166 2712 1236 pendentis
2732 1180 2946 1229 manus,
2961 1171 3017 1220 et
3036 1162 3304 1234 signiﬁcat
3316 1179 3478 1235 opera
3497 1164 3644 1220 bona

2053 1261 2109 1316 in
2133 1260 2418 1315 latitudine
2441 1259 2744 1315 charitatis.
2775 1257 2961 1326 Longa
2982 1264 3066 1313 est
3094 1273 3124 1311 a
3157 1265 3468 1312 transverso
3495 1258 3644 1328 ligno

2053 1370 2226 1423 usque
2251 1353 2318 1407 ad
2356 1361 2578 1418 terram,
2622 1351 2714 1406 ubi
2754 1350 2972 1416 dorsum
3000 1350 3274 1419 pedesque
3305 1348 3561 1419 ﬁguntur,
3587 1356 3648 1405 et

2054 1443 2321 1516 signiﬁcat
2364 1441 2826 1512 perseverantiam
2847 1483 2861 1507 ,
2909 1440 2964 1496 in
3006 1439 3343 1510 longitudine
3385 1439 3649 1508 temporis

2053 1549 2225 1603 usque
2250 1533 2305 1587 in
2335 1532 2519 1587 ﬁnem.
2551 1531 2674 1586 Alta
2699 1539 2783 1586 est
2813 1531 2868 1584 in
2898 1529 3198 1593 cacumine,
3231 1543 3338 1599 quo
3367 1536 3645 1583 transver—

2054 1641 2174 1684 sum
2208 1623 2413 1693 lignum
2451 1638 2665 1680 sursum
2689 1637 2878 1678 versus
2907 1619 3142 1686 excedit,
3175 1627 3230 1675 et
3259 1619 3527 1690 signiﬁcat
3549 1636 3642 1675 su-

2053 1730 2279 1786 pernum
2302 1713 2486 1781 ﬁnem,
2510 1729 2618 1786 quo
2635 1722 2831 1777 cuncta
2850 1727 3012 1783 opera
3038 1711 3366 1777 referuntur,
3385 1711 3646 1782 quoniam

361 1802 724 1896 dem,'notum
767 1802 961 1880 faciam
1008 1837 1106 1893 per
1147 1819 1403 1889 speciem,
1454 1824 1642 1872 notum
1682 1812 1786 1870 feci
1827 1829 1950 1868 eum
1980 1802 2028 1860 Β
2055 1818 2248 1863 cuncta
2269 1822 2389 1877 quae
2409 1807 2690 1862 latitudine
2716 1805 3125 1896 etlongitudine
3149 1804 3286 1896 bene
3309 1819 3374 1860 ac
3393 1819 3648 1896 perseve-

362 1926 466 1981 ﬁde
492 1919 983 1994 peregrinantibus,
1011 1926 1202 1971 notum
1221 1914 1414 1969 faciant
1444 1913 1562 1967 sine
1591 1910 1698 1965 ﬁne
1725 1924 1956 1980 regnan-

361 2017 509 2071 tibus
541 2033 554 2067 :
589 2011 657 2066 Ut
683 2010 915 2074 dilectio,
945 2007 1137 2076 inquit,
1173 2021 1278 2076 qua
1321 2002 1554 2058 dilexisti
1600 2017 1702 2062 me,
1734 2000 1788 2053 in
1826 1999 1956 2068 ipsis

361 2106 453 2170 sit,
481 2113 527 2158 et
558 2119 650 2172 ego
674 2103 730 2154 in
759 2100 907 2170 ipsis.
952 2095 1234 2164 Quomodo
1266 2108 1398 2164 ergo
1440 2091 1680 2156 dilectio,
1725 2104 1833 2159 qua
1875 2088 1958 2143 di-

363 2197 498 2253 lexit
523 2197 686 2250 Pater
711 2193 924 2256 Filium,
953 2201 1037 2246 est
1057 2201 1113 2246 et
1134 2192 1186 2244 in
1219 2189 1395 2254 nobis,
1423 2188 1527 2244 nisi
1556 2186 1681 2256 quia
1711 2186 1957 2240 membra

363 2290 482 2359 eius
507 2285 730 2342 sumus?
771 2293 826 2339 et
855 2284 909 2338 in
938 2283 1028 2337 illo
1069 2281 1360 2353 diligimur,
1403 2295 1526 2334 eum
1571 2279 1686 2347 ipse
1715 2277 1959 2348 diligitur

366 2387 528 2440 totus,
573 2375 626 2428 id
655 2382 756 2438 est,
801 2381 964 2442 caput
1017 2381 1071 2427 et
1113 2386 1329 2440 corpus.
1377 2369 1503 2424 Ideo
1533 2367 1853 2437 subiunxit:
1885 2367 1957 2422 Et

363 2483 458 2536 ego
499 2466 556 2519 in
592 2464 740 2534 ipsis,
771 2471 1025 2531 tanquam
1070 2461 1294 2525 diceret,
1344 2459 1598 2530 quoniam
1627 2473 1730 2526 ego
1757 2474 1878 2513 sum
1903 2465 1958 2513 et

363 2557 486 2626 ipsi.
515 2555 686 2609 Aliter
704 2553 848 2608 enim
871 2561 954 2607 est
976 2554 1027 2606 in
1059 2551 1214 2606 nobis
1244 2557 1500 2619 tanquam
1524 2549 1580 2603 in
1607 2549 1810 2618 templo
1834 2563 1952 2604 suo.

362 2646 535 2702 Aliter
559 2643 890 2712 autem'quia
916 2649 972 2695 et
997 2657 1096 2695 nos
1134 2641 1248 2710 ipse
1277 2654 1483 2703 sumus,
1514 2653 1634 2692 cum
1661 2637 1960 2692 secundum

367 2737 421 2790 id
448 2735 613 2804 quod,
661 2741 722 2788 ut
757 2740 922 2802 caput
951 2738 1194 2785 nostrum
1243 2735 1409 2793 esset,
1441 2727 1603 2782 homo
1641 2725 1818 2782 tactus
1847 2734 1953 2792 est,

363 2843 565 2897 corpus
589 2824 706 2894 eius
729 2837 937 2878 sumus.

435 2916 543 2972 Sed
573 2917 684 2970 Iure
719 2931 838 2968 cum
873 2913 1090 2968 dixisset
1132 2911 1314 2978 Iesus,
1354 2927 1591 2982 egressus
1626 2919 1701 2966 est
1731 2926 1851 2965 um
1875 2909 1960 2964 di-

360 3006 575 3077 scipulis
601 3016 746 3060 trans
775 3013 1057 3058 torrentem
1082 3002 1310 3067 Cedron,
1351 3017 1524 3072 usque
1565 3002 1633 3056 ad
1662 3001 1796 3056 illud
1823 3019 1836 3054 :
1869 3000 1960 3056 Si-

363 3113 488 3150 mon
524 3113 645 3166 ergo
686 3093 877 3148 Petrus
908 3094 1105 3147 habens
1131 3093 1388 3164 gladium,
1424 3092 1607 3146 eduxit
1635 3108 1754 3146 eum
1774 3101 1822 3146 et
1840 3108 1958 3162 per-

366 3188 526 3243 cussit
569 3186 822 3257 principis
860 3201 1094 3250 seruum,
1144 3194 1191 3238 et
1234 3185 1456 3240 abscidit
1499 3180 1798 3240 auriculam
1837 3186 1958 3256 ejus

363 3281 622 3335 dextram.
669 3278 800 3333 Erat
823 3287 998 3333 autem
1028 3295 1214 3332 nomen
1239 3281 1375 3334 servi
1401 3279 1665 3334 Male/ms.
1712 3279 1956 3338 Malchtts

366 3379 548 3426 autem
575 3371 959 3439 interpretatur
989 3375 1326 3440 regnaturus.
1354 3368 1492 3435 Quid
1530 3384 1661 3440 ergo
1689 3371 1835 3425 auris
1855 3385 1960 3441 pro

365 3462 593 3516 Domino
642 3467 917 3530 amputata
969 3468 1023 3515 et
1067 3476 1098 3515 a
1141 3460 1369 3515 Domino
1425 3471 1617 3516 sanata
1661 3462 1953 3532 signiﬁcat,

365 3547 469 3607 nisi
493 3553 734 3607 auditum
766 3559 1043 3621 amputata
1082 3559 1352 3607 vetustate
1392 3553 1754 3607 renovatum?
1784 3561 1844 3608 ut
1887 3554 1958 3609 sit

366 3643 420 3696 in
450 3642 688 3697 novitate
707 3641 950 3711 spiritus,
981 3648 1036 3696 et
1063 3657 1170 3696 non
1196 3643 1251 3696 in
1275 3649 1546 3697 vetustate
1567 3642 1778 3698 littera.
1803 3643 1958 3710 Quod

365 3731 453 3786 cui
483 3731 783 3800 prastitnm
809 3729 974 3785 fuerit
999 3747 1028 3784 a
1057 3730 1294 3798 Christo,
1324 3734 1445 3802 quis
1471 3734 1680 3789 dubitet
1706 3743 1960 3804 regnatu-

364 3835 486 3876 rum
520 3835 646 3874 esse
663 3835 788 3874 cum
814 3819 1068 3874 Christo?
1097 3820 1248 3886 Quod
1279 3830 1460 3876 autem
1492 3838 1681 3879 servus
1710 3825 1958 3881 inventus

367 3918 470 3975 est,
495 3918 551 3964 et
580 3911 682 3964 hoc
708 3909 776 3962 ad
805 3909 949 3962 illam
973 3911 1208 3980 pertinet
1231 3919 1582 3976 vetustatem,
1607 3929 1728 3983 quae
1762 3915 1815 3969 in
1844 3930 1959 3970 ser-

369 4002 592 4054 vitutem
622 4007 868 4070 generat,
895 4015 1015 4070 qua:
1043 4010 1126 4055 est
1159 4001 1305 4067 Agar
1323 4042 1338 4066 ,
1382 4003 1474 4057 sed
1501 4018 1625 4058 cum
1665 4007 1962 4061 accesserit

367 4091 569 4144 sanitas
607 4090 834 4160 ﬁgurata
859 4098 940 4145 est
969 4099 1023 4145 et
1046 4091 1290 4147 libertas.

437 4183 574 4250 Quid
605 4192 686 4238 est
715 4183 860 4253 quod
903 4183 980 4238 ait
1018 4182 1214 4240 Jesus:
1251 4184 1484 4256 Regnum
1523 4203 1696 4241 meum
1738 4203 1846 4242 non
1883 4197 1960 4243 est

365 4275 430 4328 de
462 4275 562 4329 hoc
599 4275 838 4329 mundo?
868 4274 964 4330 llic
1009 4283 1092 4331 est
1119 4276 1265 4332 enim
1295 4293 1520 4349 regnum
1547 4279 1666 4349 eius
1697 4294 1869 4350 usque
1904 4280 1960 4335 in

368 4371 528 4420 tinem
547 4367 749 4430 saeculi,
772 4367 865 4420 sed
887 4375 1067 4421 tamen
1091 4383 1195 4422 non
1226 4377 1308 4423 est
1332 4370 1478 4434 hinc,
1497 4371 1623 4439 quia
1646 4371 1962 4442 peregrina-

367 4464 456 4521 tur
476 4455 765 4512 inmundo.
793 4455 980 4525 Βεεηο
1007 4472 1104 4511 suo
1131 4459 1328 4528 quippe
1353 4459 1515 4514 dixit:
1541 4461 1608 4515 de
1635 4461 1835 4516 mundo
1847 4477 1954 4517 non

364 4547 521 4611 estis,
563 4547 657 4600 sed
687 4561 788 4616 ego
827 4546 895 4599 de
935 4548 1134 4600 mundo
1172 4563 1268 4602 vos
1294 4547 1452 4618 elegi.
1502 4549 1672 4604 Erant
1713 4565 1842 4620 ergo
1890 4552 1958 4606 de

364 4639 600 4702 mundo,
647 4637 862 4706 quando
922 4651 1145 4706 regnum
1187 4636 1305 4705 ejus
1354 4653 1462 4694 non
1512 4648 1692 4706 erant,
1742 4643 1836 4699 sed
1888 4642 1958 4697 ad

367 4727 554 4781 mundi
585 4725 882 4796 principem
930 4726 1288 4794 pertinebant.
1338 4725 1444 4783 Sed
1488 4728 1632 4784 Deus
1679 4745 1777 4786 nos
1819 4731 1963 4787 eruit

366 4819 435 4872 de
478 4824 743 4884 potestate
791 4817 1155 4881 tenebrarum,
1203 4824 1258 4871 et
1304 4817 1581 4873 transtulit
1625 4818 1680 4874 in
1729 4836 1956 4892 regnum

368 4911 489 4974 Filii
519 4909 780 4964 claritatis
797 4924 928 4974 sum,
945 4909 1010 4964 de
1022 4923 1129 4979 quo
1149 4910 1488 4980 regnodieit:
1520 4909 1756 4981 Regnum
1784 4928 1957 4968 meum

330 4989 332 4991 ﬁ
369 5018 475 5058 non
499 5001 660 5053 estde
688 4999 786 5053 hoc
812 4999 1030 5054 mundo.

440 5091 578 5157 Quid
606 5099 691 5144 est
716 5105 846 5160 ergo
874 5091 1017 5162 quod
1044 5089 1254 5147 Marcus
1281 5093 1610 5164 evangelista
1650 5095 1780 5150 dicit
1808 5113 1820 5149 :
1850 5095 1955 5168 Dc-

369 5183 568 5246 minum
595 5181 908 5250 cruciﬁxum
945 5182 1074 5234 liora
1113 5184 1287 5248 tertia,
1331 5183 1566 5240 Joannes
1605 5196 1779 5241 autem
1803 5189 1955 5258 quasi

368 5275 499 5335 liora
521 5281 690 5336 seua,
719 5271 823 5326 nisi
851 5271 975 5341 quia
993 5272 1126 5327 liora
1157 5274 1315 5330 tertia
1340 5276 1632 5332 cruciﬁxus
1659 5287 1744 5333 est
1766 5277 1951 5333 Denti-

369 5378 472 5427 nus
516 5361 712 5432 linguis
749 5359 1076 5434 Judzeorum,
1126 5364 1258 5419 hora
1313 5375 1465 5423 sexta
1519 5383 1646 5423 vero
1704 5369 1954 5426 manibus

371 5454 602 5534 militum
620 5453 644 5506 ?

438 5544 502 5602 In
527 5560 592 5600 eo
617 5559 748 5600 vero
776 5545 919 5615 quod
945 5545 1075 5600 dicit
1112 5563 1124 5600 :
1166 5547 1484 5618 Acceperunt
1513 5551 1809 5607 uestimenta
1841 5552 1954 5621 ejus

369 5642 422 5697 et
466 5634 698 5702 fecerunt
744 5646 971 5706 quatuor
1014 5646 1208 5706 partes.
1236 5637 1637 5708 Quadripaitita
1662 5643 1828 5698 vestis
1851 5643 1956 5696 Do-

373 5723 504 5782 mini
551 5728 720 5781 nostri
762 5727 887 5784 Jesu
936 5728 1131 5785 Christi
1191 5731 1638 5801 quadripartitatn
1689 5732 1952 5801 ﬁgurabat

1979 4503 2033 4562 D

2055 1904 2241 1952 ranter
2267 1897 2422 1961 ﬁunt,
2453 1905 2676 1966 propter
2697 1895 3036 1949 altitudinem
3060 1893 3366 1948 divinorum
3393 1890 3647 1947 facienda

2055 2003 2180 2041 sunt
2205 1988 2572 2056 praemiorum.
2602 1983 2873 2041 Profunda
2919 1992 3005 2040 est
3045 1984 3102 2038 in
3137 1998 3202 2038 ea
3229 1991 3385 2054 parte
3425 1997 3545 2053 qua:
3587 1983 3646 2037 in

2055 2089 2203 2135 terra
2231 2079 2436 2150 ﬁgitur,
2482 2078 2557 2133 ibi
2595 2077 2792 2148 quippe
2829 2085 2886 2132 et
2913 2075 3127 2132 occulta
3172 2082 3288 2140 est,
3331 2089 3431 2130 nec
3470 2074 3648 2130 videri

2054 2177 2251 2241 potest,
2279 2169 2373 2225 sed
2397 2180 2594 2224 cuncta
2622 2167 2740 2238 ejus
2760 2167 3074 2238 apparentia
3108 2172 3163 2220 et
3205 2165 3496 2222 eminentia
3521 2165 3648 2220 inde

2055 2269 2411 2331 consurgunt,
2444 2262 2524 2317 sic
2551 2269 2607 2316 et
2633 2263 2772 2316 bona
2816 2268 3000 2316 nostra
3034 2260 3100 2316 de
3134 2258 3502 2330 profunditate
3524 2274 3647 2330 gra-

2058 2353 2145 2408 tiae
2172 2352 2286 2417 Dei,
2314 2368 2437 2423 quae
2463 2349 2847 2422 comprehendi
2870 2366 2935 2406 ac
2959 2349 3243 2421 diiudicari
3263 2364 3371 2404 non
3396 2357 3645 2420 possunt,

2057 2443 2312 2500 universa
2340 2443 2656 2514 procedunt.

2129 2576 2259 2632 Cum
2281 2575 2494 2632 uidisset
2511 2592 2632 2648 ergo
2661 2575 2820 2633 Iesus
2846 2585 3064 2630 matrem
3089 2584 3138 2630 et
3159 2574 3478 2645 discipulum
3499 2583 3648 2630 stan-

2057 2678 2181 2736 tem,
2206 2678 2310 2726 etc.
2345 2669 2473 2724 Haee
2519 2669 2775 2724 nimirum
2819 2679 2904 2725 est
2950 2669 3038 2724 illa
3067 2670 3198 2724 hora
3238 2668 3306 2725 de
3346 2685 3455 2740 qua
3487 2669 3645 2724 Jesus

2057 2779 2255 2836 aquam
2277 2779 2640 2820 conversurus
2661 2765 2716 2820 in
2748 2764 2954 2830 vinum,
2981 2767 3189 2822 dixerat
3232 2767 3393 2820 matri
3442 2784 3454 2819 :
3505 2765 3644 2833 Quid

2057 2855 2191 2910 mihi
2225 2863 2280 2911 et
2309 2855 2406 2911 tibi
2438 2864 2542 2922 est,
2590 2855 2824 2910 mulier?
2861 2856 3100 2911 nondum
3144 2856 3292 2911 venit
3335 2857 3466 2910 hora
3497 2871 3640 2910 mea.

2060 2945 2152 3002 Sic
2179 2958 2308 3018 ergo
2335 2954 2562 3001 matrem
2609 2946 2852 3017 magistri
2891 2955 2947 3002 et
2990 2946 3200 3001 Domini
3233 2947 3314 3001 sui
3351 2946 3647 3017 discipulus

2059 3045 2116 3093 et
2139 3037 2374 3093 famulus
2399 3039 2609 3108 accepit
2645 3039 2700 3092 in
2729 3054 2845 3103 sua,
2878 3047 2936 3093 ut
2962 3039 3178 3108 quando
3221 3039 3650 3094 distribuebatur
3695 3036 3700 3040 ”

1983 3151 2029 3213 C
2059 3129 2351 3200 unicuique
2375 3139 2536 3200 prout
2562 3131 2853 3201 unicuique
2880 3147 3017 3203 opus
3057 3140 3194 3187 erat.
3239 3131 3649 3202 Intelligendum

2057 3220 2245 3275 estsic
2269 3219 2614 3275 distributum
2654 3219 2824 3276 fuisse
2867 3221 2995 3276 huic
3038 3220 3299 3291 discipulo
3329 3221 3471 3291 quod
3510 3237 3652 3292 opus

2055 3319 2194 3377 erat,
2243 3319 2305 3366 ut
2352 3311 2462 3367 illic
2503 3312 2667 3368 etiam
2713 3313 2886 3368 beata:
2929 3312 3113 3368 Maria:
3149 3320 3408 3383 tanquam
3455 3315 3652 3369 matris

2055 3402 2172 3472 eius
2206 3404 2385 3475 portio
2406 3413 2722 3475 poneretur,
2745 3412 2800 3460 et
2829 3405 2895 3460 ad
2923 3403 3039 3473 ejus
3068 3419 3274 3469 curam,
3305 3404 3568 3469 quidquid
3596 3405 3650 3458 ei

2056 3503 2201 3551 esset
2229 3496 2596 3552 necessarium
2620 3496 2936 3567 pertineret.

2126 3627 2268 3696 Quid
2311 3628 2415 3686 sibi
2453 3629 2574 3684 vult
2613 3629 2750 3696 hoc,
2795 3628 2942 3700 quod
2992 3637 3228 3696 acetum,
3270 3638 3412 3686 etc.t'
3473 3629 3651 3686 ,ιιιᾶωί

2056 3721 2254 3791 quippe
2293 3720 2396 3792 ipsi
2433 3730 2590 3776 erant
2611 3729 2847 3789 acetum,
2893 3721 3283 3793 degenerantes
3320 3737 3352 3776 a
3381 3722 3504 3777 vino
3551 3739 3649 3794 pa-

2058 3812 2423 3867 triarcharum
2449 3821 2505 3869 et
2531 3815 2938 3884 prophetarum,
2987 3824 3043 3870 et
3082 3823 3336 3886 tanquam
3379 3815 3446 3871 de
3485 3817 3651 3887 pleno

2056 3919 2187 3960 vase
2213 3905 2279 3960 de
2311 3905 2600 3974 iniquitate
2629 3907 2814 3961 mundi
2843 3905 3003 3976 huius
3026 3906 3305 3978 impletum
3330 3923 3425 3964 cor
3447 3909 3651 3964 haben-

2058 4001 2161 4060 tes,
2203 3996 2357 4065 quasi
2401 3999 2623 4068 spongia
2673 3999 2988 4054 cavernosis
3023 4000 3438 4070 quodammodo,
3484 4013 3652 4072 atque

2061 4090 2319 4146 tortuosis
2344 4079 2585 4147 latibulis
2611 4090 3030 4148 fraudulentum.
3047 4093 3323 4164 liyssopus
3349 4105 3530 4149 autem
3562 4098 3650 4150 cui

2057 4182 2562 4252 circumposuerunt
2606 4186 2884 4256 spongiam
2915 4196 3072 4241 aceto
3113 4187 3350 4256 plenam,
3389 4191 3650 4257 quoniam

2058 4274 2225 4330 herba
2255 4282 2338 4329 est
2368 4275 2608 4342 humilis,
2639 4278 2734 4331 sed
2761 4287 2950 4345 pectus
2992 4286 3205 4349 purgat,
3239 4279 3407 4350 ipsius
3445 4280 3650 4335 Christi

2059 4364 2421 4420 humilitatem
2461 4365 2756 4436 signiﬁcat,
2786 4382 2946 4436 quam
2982 4368 3464 4424 circumdederunt
3492 4379 3549 4424 et
3591 4387 3652 4424 se

2059 4453 2477 4510 circumvenisse
2522 4462 2864 4525 putaverunt.
2897 4455 3050 4512 Unde
3095 4459 3352 4528 scriptum
3381 4469 3465 4522 est
3497 4478 3511 4513 :
3547 4463 3649 4527 ᾼε-

2058 4559 2236 4615 perges
2259 4561 2340 4599 me
2359 4545 2602 4617 hyssopo,
2631 4556 2680 4600 et
2701 4547 3015 4614 nmndabor,
3055 4546 3256 4605 Christi
3285 4565 3520 4620 namque
3552 4553 3648 4607 hu-

2061 4635 2287 4692 militate
2328 4639 2670 4694 mundamur.
2713 4639 2816 4696 Per
2853 4640 3171 4696 arundinem
3194 4657 3325 4697 vero
3353 4641 3652 4713 Scriptura:

2061 4725 2506 4798 signiﬁcabantur
2559 4747 2679 4800 qua:
2731 4731 3091 4802 implebantur
3151 4733 3256 4786 hoc
3306 4732 3469 4788 facto.
3514 4734 3648 4789 Cum

2061 4831 2189 4888 ergo
2213 4821 2510 4888 accepisset
2553 4819 2712 4877 Jesus
2751 4830 2986 4887 acetum,
3017 4822 3188 4876 dixit:
3214 4821 3649 4876 Consummatum

2061 4917 2156 4961 est.
2182 4907 2322 4974 Quid
2357 4910 2459 4964 nisi
2505 4912 2648 4981 quod
2683 4911 2965 4981 prophetia
3014 4919 3163 4966 tanto
3207 4921 3448 4981 tempore
3489 4921 3650 4966 antea

2055 5000 2410 5068 praedixerat?
2431 5018 2556 5057 nam
2581 5012 2740 5059 antea
2781 5003 2870 5059 ille
2900 5004 3110 5060 dixerat
3137 5021 3151 5057 :
3179 5001 3334 5058 Sitio.
3366 5003 3651 5074 Tanquam

2054 5089 2260 5147 diceret
2287 5111 2298 5147 :
2327 5091 2440 5149 Hoc
2462 5095 2640 5151 minus
2671 5094 2895 5160 fecistis,
2928 5096 3052 5152 date
3091 5097 3238 5167 quod
3276 5097 3428 5161 estis,
3464 5107 3522 5150 et
3548 5097 3651 5151 im-

2055 5183 2261 5254 pletum
2284 5194 2369 5240 est
2393 5204 2406 5240 :
2432 5185 2500 5240 In
2539 5187 2627 5240 siti
2664 5203 2778 5242 mea
2813 5195 3118 5258 putaverunt
3160 5203 3243 5242 me
3273 5197 3417 5242 aceto
3466 5185 3645 5256 (Psal.

2056 5273 2269 5345 Limn).
2313 5273 2453 5341 Quid
2495 5274 2778 5346 signiﬁcat,
2830 5276 2974 5346 quod
3013 5292 3152 5331 unus
3194 5276 3424 5331 militum
3456 5275 3648 5330 lancea

2057 5365 2202 5422 latus
2232 5367 2445 5422 Domini
2471 5368 2720 5436 aperuit?
2750 5366 2820 5424 Ut
2848 5367 2959 5424 illic
2977 5367 3374 5436 quodammodo
3398 5367 3524 5422 vita:
3558 5382 3652 5422 os-

2060 5457 2193 5510 tium
2225 5457 2552 5527 panderetur
2572 5497 2587 5523 ,
2627 5457 2771 5512 unde
2812 5464 3150 5512 sacramenta
3178 5455 3435 5511 Ecclesia:
3458 5471 3650 5509 mana-

2057 5554 2270 5600 verunt.
2294 5545 2427 5600 Nam
2449 5555 2500 5602 et
2524 5547 2579 5601 in
2601 5555 2950 5605 monumento
2971 5561 3109 5601 novo
3131 5545 3336 5615 positus
3359 5555 3442 5600 est
3462 5539 3647 5610 Iesus,

2059 5638 2114 5692 in
2150 5653 2256 5707 quo
2287 5640 2524 5696 nondum
2551 5639 2797 5710 quisquis
2821 5639 3032 5710 positus
3068 5646 3204 5694 erat.
3257 5637 3412 5694 Sicut
3442 5639 3496 5693 in
3537 5639 3646 5694 Ma.

2064 5731 2155 5786 ritu
2178 5730 2396 5800 virginis
2421 5739 2594 5796 utero,
2623 5744 2779 5785 nemo
2806 5737 2929 5784 ante
2957 5728 3125 5796 illum,
3151 5745 3309 5786 nemo
3336 5736 3456 5798 post
3496 5727 3648 5785 illum
