3954 6200
318 390 417 446 22!

1139 388 1664 446 COLLECTIONES
1702 387 1767 443 IN
1810 388 2193 447 EPlSTOLAS
2230 392 2318 449 ET
2356 393 2766 450 EVANGELIA.

3495 402 3604 442 ea.)

3501 443 3604 458 --4

319 509 619 577 conceptus
647 509 754 569 est,
786 501 864 556 ita
906 507 961 556 et
1003 501 1057 556 in
1083 501 1185 558 hoc
1229 511 1577 558 monumento
1606 517 1765 558 nemo
1794 511 1920 558 ante
1946 505 1996 566 Α
2024 503 2225 575 itaque,
2262 516 2323 562 ut
2355 508 2490 563 nihil
2529 510 2594 565 de
2633 510 2887 566 sordibus
2920 511 3122 566 veteris
3159 513 3394 570 hominis
3437 532 3606 587 agno-

319 597 492 663 iilum,
516 609 679 652 nemo
714 603 835 668 post
860 593 1010 648 illum
1038 594 1279 665 sepultus
1305 602 1406 649 est.

795 727 1111 786 SABBATO
1149 727 1436 785 SANCTO.

313 862 577 905 EPISTULA
636 861 797 902 BEATI
860 860 1016 901 PAULI
1091 857 1346 900 APOSTOL!
1396 857 1463 900 AD
1523 857 1906 908 COLOSSENSES,

1001 930 1120 970 CAP.
1163 929 1243 968 Ill.

391 1076 410 1108 ι
451 1057 508 1112 Si
559 1055 992 1113 consurrexistis
1039 1069 1160 1109 cum
1217 1053 1456 1119 Christo,
1513 1070 1636 1127 quae
1689 1071 1910 1110 sursum

319 1167 338 1202 ι
367 1157 498 1205 sunt
520 1149 769 1218 (faterite,
798 1147 892 1202 ubi
930 1147 1185 1202 Christus
1211 1153 1299 1201 est
1336 1146 1390 1200 in
1420 1146 1644 1201 dextera
1672 1144 1768 1200 Dei
1815 1161 1906 1200 sc—

319 1257 339 1290 ‹
379 1239 534 1293 dens.
595 1236 727 1305 Quae
761 1252 980 1291 sursum
1037 1245 1166 1291 sunt
1184 1236 1375 1306 sapite,
1431 1252 1540 1292 non
1592 1251 1714 1307 qua:
1741 1252 1909 1306 super

319 1352 338 1384 ι
375 1341 604 1388 terram.
658 1329 853 1385 Μοτῐυί
904 1331 1048 1385 enim
1083 1331 1238 1395 estis,
1287 1339 1344 1385 et
1386 1330 1500 1385 vita
1552 1338 1736 1387 vestra
1783 1332 1909 1386 abs-

317 1441 336 1472 ι
376 1422 600 1478 condita
639 1431 724 1477 est
759 1436 881 1476 cum
914 1419 1132 1476 Christo
1161 1421 1215 1474 in
1248 1421 1382 1474 Deo.
1410 1420 1546 1476 Cum
1572 1421 1720 1476 enim
1749 1421 1907 1476 Chri-

317 1530 337 1557 ι
383 1519 505 1567 stus
524 1511 836 1582 apparuerit
855 1512 969 1566 vita
999 1519 1202 1577 vestra,
1226 1520 1355 1568 tunc
1377 1521 1435 1568 et
1453 1527 1551 1570 vos
1570 1514 1905 1583 apparebitis

315 1622 334 1654 ι
379 1618 508 1657 cum
537 1601 754 1659 Christo
779 1603 834 1658 in
859 1604 1050 1674 gloria.
1098 1623 1118 1657 ι

379 1692 736 1749 Colossenses
767 1702 821 1748 et
850 1695 926 1758 hi,
954 1694 1097 1750 sicut
1119 1693 1498 1760 Laodicenses,
1536 1707 1664 1755 sunt
1695 1698 1901 1764 Asiani,

307 1792 364 1837 et
399 1783 500 1852 ipsi
518 1783 776 1853 praeventi
806 1791 966 1838 erant
999 1800 1029 1838 a
1071 1785 1558 1856 pseudoapostolis,
1608 1805 1709 1844 nec
1741 1791 1808 1844 ad
1839 1789 1891 1844 il-

308 1874 392 1931 los
444 1875 678 1929 accessit
716 1875 832 1945 ipse
870 1873 1184 1944 Apostolus,
1234 1877 1331 1932 sed
1359 1885 1415 1931 et
1454 1878 1554 1933 hos
1578 1895 1676 1949 per
1701 1880 1899 1950 episto—
1927 1863 2008 1922 B'

307 1964 416 2020 lam
441 1966 747 2036 recorrigit.
805 1966 1104 2021 Audierant
1128 1967 1274 2022 enim
1323 1971 1548 2042 verbum
1578 1970 1647 2024 ab
1677 1971 1904 2042 Archip-

306 2073 398 2127 po,
453 2058 544 2126 qni
592 2057 953 2111 ministerium
985 2058 1038 2112 in
1080 2073 1174 2113 eos
1216 2061 1444 2129 accepit.
1487 2061 1628 2132 Ergo
1672 2061 1903 2130 Aposto-

307 2149 394 2203 lus
443 2147 561 2216 jam
606 2148 824 2218 ligatus,
853 2148 1045 2206 scribit
1078 2148 1158 2203 eis
1197 2150 1266 2203 ab
1315 2150 1528 2218 Epheso
1576 2166 1677 2220 per
1715 2150 1902 2206 Tichi-

306 2260 433 2300 eum
460 2243 770 2308 diaconum,
827 2251 883 2298 et
910 2242 1226 2300 Onesimum
1255 2244 1548 2316 acolytum,
1582 2245 1788 2316 scripta
1831 2259 1899 2300 ex

309 2338 447 2393 urbe
495 2336 686 2390 Roma.

375 2426 440 2481 Si
497 2426 898 2480 eonsurrexistis
959 2443 1078 2480 cum
1136 2423 1365 2479 Christo.
1433 2424 1700 2496 Superius
1751 2429 1898 2484 enim

307 2516 546 2580 dixerat,
598 2517 642 2570 si
682 2516 882 2570 mortui
931 2517 1065 2571 estis
1114 2531 1239 2570 cum
1265 2515 1484 2570 Christo
1520 2519 1590 2572 ab
1615 2517 1900 2576 elementis

305 2607 524 2662 mundi.
563 2606 744 2661 Mundi
771 2607 916 2661 enim
946 2607 1212 2662 elementa
1254 2606 1479 2679 intelligi
1528 2609 1715 2674 voluit,
1771 2627 1900 2667 ava-

308 2698 494 2752 ritiam
514 2706 570 2753 et
600 2697 869 2752 luxuriam
922 2707 979 2752 et
998 2706 1196 2752 caetera
1224 2698 1444 2763 similia,
1471 2707 1528 2754 et
1558 2716 1898 2772 consequen-

306 2798 396 2844 ter
421 2798 545 2858 post
569 2789 826 2843 vitiorum
860 2789 1332 2844 mortiﬁcationern
1363 2791 1440 2843 ait
1475 2809 1488 2844 :
1521 2791 1584 2846 Si
1610 2808 1894 2847 consurre-

304 2882 464 2936 zistis
504 2897 621 2934 cum
647 2877 876 2944 Christo,
907 2896 1028 2950 quas
1077 2897 1286 2934 sursum
1345 2890 1466 2934 sunt
1515 2879 1897 2952 quierite,'hoc

303 2980 426 3039 est,
488 2987 594 3027 non
656 2972 831 3028 solum
890 2973 1126 3027 terrenis
1181 2972 1492 3027 moriemini
1537 2973 1730 3039 vitiis,
1797 2975 1896 3030 sed

301 3062 472 3118 etiam
522 3061 661 3117 caelo
707 3062 890 3128 vivite,
938 3062 1076 3119 nihil
1133 3070 1407 3117 terrenum
1455 3062 1729 3129 ambiatis,
1760 3064 1896 3120 nihil

301 3154 539 3211 mortale
566 3155 842 3224 quaeratis,
864 3155 1144 3210 caelestem
1185 3155 1464 3210 sectamini
1493 3156 1750 3226 patriam,
1780 3165 1888 3213 etc.

377 3246 481 3301 Ubi
534 3245 775 3301 Christus
794 3257 870 3300 est
892 3248 960 3300 ad
981 3247 1250 3302 dexteram
1298 3247 1396 3303 Dei
1421 3249 1627 3304 sedens.
1685 3247 1889 3305 Victori

276 3339 421 3394 Filio
468 3348 526 3394 et
579 3354 680 3410 per
718 3346 961 3394 sanctam
1012 3339 1442 3396 incarnationem
1495 3341 1660 3396 totius
1706 3324 1892 3397 mundi

306 3431 695 3500 triumphaturi
723 3439 846 3500 post
883 3431 1300 3486 resurrectionis
1353 3431 1600 3503 gloriam,
1651 3433 1892 3488 honora-

302 3524 431 3579 bilis
488 3538 776 3578 consessus
824 3523 981 3576 datus
1027 3528 1128 3586 est,
1185 3522 1237 3575 in
1289 3523 1510 3577 dextera
1545 3521 1640 3576 Dei
1690 3521 1889 3577 Patris.

303 3613 608 3668 Consessus
653 3612 797 3668 enim
828 3611 933 3666 iste
965 3611 1101 3670 nihil
1147 3612 1484 3667 demonstrat
1541 3613 1724 3676 aliud,
1786 3613 1892 3668 nisi

303 3705 531 3760 honoris
570 3703 956 3770 aequalitatem.
998 3702 1132 3758 Nam
1176 3705 1401 3759 verbum
1438 3705 1539 3759 hoc
1563 3704 1694 3758 illud
1722 3704 1893 3775 signi-

303 3796 454 3860 ﬁcat,
511 3803 572 3849 ut
640 3804 803 3864 caput
859 3803 1106 3849 nostrum
1149 3795 1202 3849 in
1242 3793 1422 3850 Patris
1473 3803 1894 3864 cognosceretur

300 3885 529 3938 dextera
561 3883 904 3948 collocatum,
938 3885 993 3937 in
1023 3899 1128 3954 qua
1158 3892 1314 3952 parte
1342 3884 1575 3952 ponendi
1609 3891 1757 3948 sunt,
1799 3883 1892 3953 qui

300 3992 402 4047 per
454 3975 617 4032 ﬁdem
653 3991 686 4030 a
735 3975 1036 4030 divinitatis
1079 3990 1460 4031 munere.non
1515 3985 1892 4047 segregantur,

301 4077 524 4137 propter
556 4065 686 4122 illud
713 4081 728 4121 :
756 4065 938 4131 Pater,
964 4066 1080 4120 volo
1128 4076 1183 4120 ut
1215 4066 1302 4120 ubi
1325 4084 1441 4121 sum
1459 4084 1573 4138 ego,
1620 4068 1690 4120 ibi
1718 4069 1824 4122 sint
1845 4077 1894 4122 et

301 4159 358 4213 hi
424 4174 649 4212 mecum.
717 4156 852 4213 Nam
919 4158 966 4212 si
1020 4165 1272 4212 naturam
1330 4159 1549 4213 deitatis
1599 4160 1891 4230 excogites,

301 4265 464 4320 quem
517 4249 695 4304 locum
741 4257 894 4318 potes
943 4249 1144 4304 habere
1166 4248 1344 4306 Patris
1369 4249 1606 4304 sinistras
1630 4250 1716 4304 vel
1764 4251 1894 4305 dex-

302 4320 464 4396 tm?’
496 4341 756 4410 quoniam
799 4341 1002 4411 ubique
1053 4340 1368 4411 plenissima
1419 4339 1702 4410 maiestate
1736 4357 1890 4397 com-

303 4433 576 4504 plectitur.

375 4522 580 4578 Μογιαὲ
607 4524 743 4577 enim
767 4524 909 4588 estis,
925 4533 976 4578 et
996 4525 1100 4578 vita
1139 4533 1309 4579 vestra
1326 4524 1630 4580 abscondita
1653 4533 1751 4588 est,
1779 4532 1885 4580 etc.

303 4612 486 4679 Qureri
538 4620 716 4681 potest
771 4613 1039 4682 quomodo
1100 4613 1405 4668 viventibus
1468 4621 1524 4667 et
1593 4613 1771 4668 adhuc
1832 4613 1887 4668 in

301 4704 412 4758 vita
471 4703 665 4773 positis
715 4703 934 4767 dicitur,
992 4705 1188 4757 mortui
1213 4705 1338 4758 estis
1363 4721 1481 4757 cum
1514 4703 1741 4758 Christo.
1783 4703 1890 4759 Sed

303 4795 430 4864 quia
459 4794 514 4848 in
537 4793 646 4849 alio
692 4793 813 4851 loco
850 4777 980 4849 dicit
1010 4809 1025 4848 :
1055 4793 1362 4866 Quicunque
1395 4795 1646 4862 baptizati
1683 4797 1809 4850 estis
1833 4797 1889 4851 in

304 4888 515 4942 Christo
553 4887 705 4953 Jesu,
734 4889 789 4941 in
837 4897 1002 4942 morte
1029 4889 1194 4957 ipsius
1219 4888 1471 4958 baptizati
1495 4892 1638 4943 estis.
1672 4889 1738 4943 Et
1761 4891 1888 4958 quia

305 4991 460 5036 vetus
503 4981 668 5035 homo
721 4989 909 5035 noster
953 4979 1115 5034 simul
1167 4979 1458 5036 cruciﬁxus
1511 4991 1596 5036 est
1645 4997 1768 5036 cum
1799 4996 1884 5048 eo,

305 5067 517 5130 constat
559 5081 634 5136 ut,
679 5073 821 5130 sicut
845 5083 1066 5145 propter
1121 5089 1222 5130 nos
1269 5073 1517 5132 Christus
1569 5077 1886 5144 crucifixus,

304 5175 555 5220 mortuus
608 5174 665 5221 et
689 5165 930 5235 sepultus
958 5177 1063 5233 est,
1095 5175 1151 5221 et
1179 5168 1497 5233 resurrexit,
1541 5184 1641 5224 nos
1670 5185 1886 5240 quoque

304 5257 366 5312 ad
408 5257 683 5328 passionis
741 5273 854 5314 sua:
886 5258 1316 5324 similitudinem,
1367 5259 1672 5329 voluptates
1711 5269 1767 5316 et
1795 5278 1891 5317 cu-

305 5343 559 5414 piditates
616 5352 832 5399 nostras
889 5342 1293 5414 cruciﬁgamus,
1346 5351 1402 5400 et
1453 5345 1507 5399 in
1555 5345 1885 5416 baptismate

307 5436 623 5507 mysterium
669 5436 864 5492 mortis
920 5437 1211 5506 sepulturae
1265 5445 1322 5492 et
1369 5437 1596 5507 gloriam
1645 5454 1887 5495 resurre-

307 5525 498 5580 ctionis
529 5523 647 5594 ejus
694 5525 991 5591 imitemur,
1030 5533 1088 5580 ut
1127 5527 1172 5581 si
1207 5527 1522 5596 passionum
1578 5527 1696 5596 ejus
1753 5530 1885 5584 socii

308 5612 589 5681 fuerimus,
620 5616 782 5674 simul
810 5627 866 5672 et
890 5617 1077 5689 gloriae
1114 5617 1533 5674 resurrectionis
1577 5619 1798 5674 erimus.
1829 5618 1887 5675 Si

311 5706 450 5761 enim
504 5708 708 5764 mortui
734 5723 920 5764 sumus
978 5724 1101 5766 cum
1147 5709 1385 5774 Christo,
1435 5708 1706 5766 credimus
1761 5713 1887 5783 quia

313 5798 464 5861 simul
510 5808 567 5858 et
618 5797 729 5871 jam
763 5800 1008 5859 vivemus
1063 5819 1184 5861 cum
1227 5818 1310 5859 eo.
1353 5801 1750 5862 Elaborandum
1805 5813 1889 5860 est

2012 605 2198 651 scatur
2223 596 2281 653 in
2321 600 2501 654 nobis.
2548 600 2799 656 Christus
2838 609 3020 655 autem
3051 619 3159 658 non
3204 619 3272 660 ex
3296 615 3477 675 parte,
3506 610 3604 663 sel

2013 688 2224 760 integer
2271 699 2357 748 est
2411 693 2726 759 cruciﬁxus,
2777 702 2836 749 ut
2885 710 2984 750 nos
3024 711 3093 750 ex
3139 704 3252 752 toto
3305 715 3604 756 moriamur

2011 792 2234 850 peccato
2287 792 2344 839 et
2391 785 2635 843 vivamus
2673 786 2803 841 Deo.
2840 785 2932 842 [lle
2967 795 3146 841 autem
3175 789 3308 844 vivit
3335 791 3468 857 Deo,
3507 795 3601 863 qui

2009 873 2212 928 Christi
2238 875 2490 946 vestigia,
2536 876 2846 933 humilitate
2941 877 3377 936 sanctiﬁcatione
3405 890 3457 938 et
3482 884 3600 953 pie-

2013 970 2063 1016 ta
2071 971 2122 1018 te
2151 973 2409 1018 sectatur.

2081 1053 2211 1108 Cum
2232 1057 2368 1112 enim
2391 1055 2632 1113 Christus
2663 1063 2988 1130 apparuerit,
3026 1063 3130 1116 vita
3159 1072 3348 1127 vestra,
3400 1073 3526 1119 tunc
3550 1076 3598 1119 et

2009 1161 2097 1198 vos
2143 1148 2479 1217 apparebitis,
2523 1157 2629 1205 etc.
2690 1151 2810 1206 Vita
2855 1160 3043 1206 nostra
3092 1151 3294 1206 dicitur
3322 1152 3598 1220 Christus,

2013 1235 2154 1291 sicut
2183 1237 2300 1305 ipse
2329 1239 2468 1295 dixit
2499 1260 2511 1295 :
2546 1242 2659 1312 Ego
2697 1260 2817 1298 sum
2844 1243 2950 1308 via,
2977 1244 3172 1298 veritas
3194 1254 3245 1298 et
3276 1245 3380 1298 vita
3414 1245 3596 1316 (Joau.

2008 1326 2142 1398 xiv).
2188 1328 2254 1382 Et
2281 1330 2408 1400 quia
2440 1331 2534 1386 ﬁlii
2587 1333 2682 1387 Dei
2705 1348 2826 1387 cum
2857 1333 3046 1399 simus,
3079 1335 3320 1389 nondum
3349 1337 3603 1403 apparuit

2007 1419 2134 1485 quid
2185 1420 2408 1475 erimus.
2463 1421 2678 1477 Scimus
2728 1439 2852 1479 cum
2893 1425 3224 1493 apparuerit,
3279 1425 3486 1480 similes
3543 1428 3591 1480 ei

2005 1507 2229 1572 erimus,
2271 1526 2379 1564 non
2426 1513 2573 1565 enim
2620 1513 2710 1566 hic
2751 1513 3012 1568 debemus
3070 1520 3318 1568 nostram
3367 1513 3599 1582 gloriam

2003 1612 2264 1666 quaerere,
2295 1615 2364 1655 ne
2390 1600 2456 1656 de
2484 1599 2646 1656 nobis
2673 1601 2885 1656 dicatur
2909 1619 2920 1655 :
2947 1600 3268 1672 Receperunt
3308 1603 3598 1658 mercedem

2004 1707 2157 1746 suam
2183 1691 2398 1762 (Matth.
2419 1691 2516 1763 vr).

2293 1798 2625 1840 EVANGELIUM
2660 1801 2943 1850 ΜΔΤΤΠᾹΞῘ,
2982 1801 3101 1840 CAP.
3143 1803 3334 1841 XXVIII.

2080 1892 2100 1927 ‹
2146 1872 2382 1945 Vespere
2405 1885 2588 1930 autem
2635 1877 2844 1930 sabbati
2893 1891 3015 1945 quae
3062 1876 3291 1930 lucescit
3325 1877 3381 1930 in
3415 1876 3592 1946 prima

2010 1983 2028 2016 ι
2057 1965 2289 2026 sabbati,
2310 1968 2460 2022 venit
2485 1967 2653 2021 Maria
2677 1967 2992 2034 Magdalene
3011 1977 3067 2022 et
3085 1967 3191 2020 alia
3219 1967 3388 2021 Maria
3409 1968 3598 2024 videre

2009 2075 2026 2109 α
2059 2059 2386 2128 sepulcrum.
2422 2059 2490 2112 Et
2533 2074 2659 2114 ecce
2712 2068 2871 2114 terra:
2913 2069 3094 2114 motus
3139 2059 3311 2115 factus
3345 2069 3430 2118 est
3478 2078 3596 2115 ma-

2008 2168 2026 2200 ‹
2066 2165 2226 2221 gnus.
2267 2150 2505 2221 Angelus
2542 2151 2686 2206 enim
2728 2153 2940 2206 Domini
2969 2153 3252 2208 descendit
3278 2154 3345 2208 de
3374 2154 3513 2209 coelo
3540 2164 3598 2209 ct

2009 2260 2027 2291 ‹
2066 2241 2331 2296 accedens
2377 2241 2606 2296 revolvit
2631 2241 2888 2310 lapidem,
2929 2251 2984 2296 et
3011 2242 3232 2297 sedebat
3258 2259 3422 2312 super
3445 2261 3592 2298 cum.

2006 2351 2024 2382 ι
2061 2333 2193 2387 Erat
2246 2341 2428 2388 autem
2480 2342 2733 2403 aspectans
2776 2332 2894 2402 ejus
2926 2335 3071 2388 sicut
3104 2333 3308 2404 fulgur,
3351 2342 3405 2390 et
3433 2335 3597 2390 vesti-

2006 2444 2024 2476 ι
2065 2433 2246 2480 menta
2277 2423 2396 2493 ejus
2421 2425 2563 2480 sicut
2590 2426 2706 2481 nix.
2738 2425 2856 2481 Pne
2899 2427 3098 2481 timore
3118 2435 3298 2481 autem
3355 2425 3474 2496 ejus
3501 2442 3598 2480 ex-

2005 2536 2022 2568 ι
2057 2517 2234 2572 territi
2284 2525 2416 2572 sunt
2448 2518 2724 2582 custodes,
2772 2525 2829 2572 et
2863 2517 2992 2574 facti
3034 2527 3161 2574 sunt
3193 2517 3341 2573 velut
3371 2518 3592 2571 mortui.

2003 2627 2021 2657 ε
2071 2608 2423 2678 Respondens
2451 2616 2632 2663 autem
2661 2609 2885 2679 angelus
2919 2611 3063 2665 dixit
3095 2611 3454 2666 mulieribus:
3484 2609 3592 2664 No-

2004 2715 2022 2746 «
2074 2697 2169 2753 lite
2221 2683 2414 2754 timei'e
2465 2713 2604 2754 vos:
2638 2697 2765 2754 Scio
2825 2701 2973 2756 enim
3025 2701 3169 2769 quod
3216 2699 3432 2764 Jesum,
3492 2701 3586 2771 qui

2003 2807 2020 2840 ι
2059 2789 2350 2845 cruciﬁxus
2393 2798 2499 2854 est,
2549 2789 2814 2858 quaeritis.
2860 2789 2977 2844 Non
3038 2799 3124 2846 est
3168 2793 3278 2846 hic.
3344 2791 3595 2846 Surrexit

2003 2899 2020 2931 ι
2058 2881 2203 2935 enim
2231 2880 2374 2936 sicut
2421 2880 2581 2935 dixit.
2633 2881 2824 2936 Venite
2844 2889 2899 2935 et
2939 2882 3119 2937 videte
3147 2883 3347 2947 locum,
3377 2885 3469 2938 ubi
3498 2900 3594 2953 po-

2001 2989 2020 3022 (
2065 2971 2202 3026 situs
2243 2978 2362 3026 erat
2417 2971 2700 3029 Dominus.
2755 2972 2824 3028 Et
2889 2973 3018 3028 cit0'
3051 2982 3245 3028 euntes
3287 2974 3452 3028 dicite
3504 2975 3588 3028 di-

2003 3081 2020 3114 ι
2067 3062 2293 3134 scipulis
2326 3060 2467 3131 ejus,
2490 3063 2619 3133 quia
2648 3064 2913 3131 surrexit,
2952 3072 3007 3119 et
3035 3079 3163 3119 ecce
3183 3063 3452 3132 princedet
3495 3080 3593 3118 vos

2002 3171 2020 3204 ι
2071 3153 2126 3208 in
2187 3152 2484 3210 Galilaiam.
2539 3155 2619 3210 lbi
2671 3170 2794 3211 eum
2839 3155 3113 3221 videbitis,
3155 3155 3299 3210 sicut
3341 3155 3596 3223 puedixit

2002 3265 2019 3298 ι
2064 3247 2237 3302 vobis.
2253 3266 2272 3300 ι

2074 3334 2294 3408 Vespere
2317 3346 2496 3392 autem
2523 3337 2750 3402 sabbati,
2791 3353 2909 3408 qua:
2940 3336 3153 3394 lucescit
3193 3337 3439 3407 inprima
3473 3337 3595 3391 sab-

1995 3429 2138 3494 bati,
2188 3431 2326 3484 venit
2376 3429 2556 3483 Maria
2599 3427 2934 3499 Hogdaleue,
2987 3438 3037 3482 et
3085 3431 3256 3482 altera
3305 3427 3486 3481 Maria
3515 3429 3591 3481 vi-

1995 3519 2118 3574 dere
2151 3518 2472 3589 sepulcrum.
2526 3518 2644 3590 (Ex
2689 3519 2960 3590 August.)
3005 3517 3225 3589 Vespere
3271 3528 3446 3572 autem
3472 3519 3593 3572 sab-

1996 3608 2124 3675 bati,
2177 3609 2321 3680 quod
2350 3610 2563 3665 diversa
2597 3611 2886 3665 mulierum
2942 3619 3187 3679 tempora
3233 3609 3288 3662 in
3342 3609 3590 3676 Evange-

1997 3701 2086 3756 liis
2127 3701 2530 3765 describuntur,
2583 3716 2690 3755 non
2746 3701 3013 3756 mendacii
3067 3708 3153 3755 est
3191 3699 3427 3770 signum,
3489 3698 3584 3753 sed

1995 3789 2194 3844 sedulae
2245 3789 2576 3846 visitationis
2621 3790 2882 3846 ofﬁcium.
2925 3789 3292 3855 Quetucescit
3332 3790 3389 3844 in
3415 3789 3589 3860 prima

1993 3882 2218 3948 sabbati,
2260 3898 2293 3936 a
2358 3890 2511 3953 parte
2557 3883 2733 3953 prima
2788 3884 2986 3947 noctis,
3035 3883 3180 3952 quod
3240 3891 3326 3937 est
3371 3896 3586 3950 vesper,

1996 3974 2171 4043 ipsam
2197 3983 2414 4030 noctem
2465 3974 2637 4030 voluit
2685 3976 3012 4046 signiﬁcare,
3069 3976 3225 4045 cujus
3284 3975 3460 4029 noctis
3481 3973 3589 4026 ﬁne

1993 4075 2260 4136 venerunt
2290 4067 2566 4122 mulieres.
2593 4066 2702 4122 Cur
2737 4075 2919 4121 autem
2956 4075 3173 4120 noctem
3221 4065 3455 4135 appellat
3496 4078 3588 4116 ve—

1993 4173 2207 4228 speram
2230 4159 2242 4211 !
2273 4158 2400 4227 quia
2428 4173 2652 4228 vespere
2675 4159 2870 4211 licebat
2897 4155 3094 4211 aﬁ‘erre
3115 4165 3382 4220 aromata,
3409 4165 3584 4208 trans-

1993 4260 2116 4301 acto
2165 4247 2351 4320 utique
2392 4247 2641 4302 sabbato.
2674 4246 2788 4300 Hoc
2839 4262 2968 4316 ergo
3014 4247 3191 4300 dicit:
3222 4261 3428 4311 vespere
3465 4244 3584 4298 sab-

1993 4339 2119 4404 bati,
2150 4353 2215 4392 ac
2259 4340 2306 4394 si
2352 4340 2560 4394 diceret
2601 4357 2614 4392 :
2648 4339 2816 4394 Nocte
2845 4354 2966 4408 qua:
2993 4341 3240 4408 sequitur
3284 4340 3575 4393 sabbatum

1991 4440 2280 4498 venerunt,
2327 4447 2434 4502 quo
2462 4439 2707 4500 tempore
2753 4431 3056 4496 voluerant,
3111 4431 3296 4486 venire
3349 4431 3584 4485 liberum

1993 4525 2287 4589 habentes;
2323 4525 2438 4580 sive
2485 4541 2690 4594 vespere
2730 4523 2956 4587 sabbati,
3010 4539 3116 4578 non
3168 4530 3589 4594 vesperascente

1993 4617 2100 4682 die,
2152 4617 2249 4672 sed
2298 4623 2716 4687 vesperascente
2770 4623 2954 4680 nocte,
2997 4616 3052 4670 id
3089 4623 3192 4679 est,
3241 4615 3297 4668 in
3349 4614 3454 4669 ﬁne
3483 4631 3586 4669 no-.

1991 4709 2094 4764 etis
2151 4717 2436 4764 venerunt.
2478 4707 2561 4762 Ab
2589 4707 2813 4763 exordio
2834 4707 3020 4761 mundi
3074 4708 3191 4762 dies
3235 4707 3583 4777 praecedebat

1991 4810 2207 4857 noctem
2248 4816 2420 4870 usque
2442 4801 2511 4855 ad
2537 4801 2738 4856 Christi
2773 4801 3104 4870 passionem.
3143 4800 3188 4853 A
3211 4799 3415 4855 Christi
3445 4815 3585 4854 vero

1992 4894 2410 4959 resurrectione,
2459 4909 2566 4949 nox
2607 4895 2864 4964 praecedit
2886 4894 3049 4949 diem.
3112 4892 3237 4948 Sive
3278 4894 3351 4948 ita
3395 4894 3580 4962 legen-

1991 4986 2141 5052 dum,
2197 5002 2404 5056 vespere
2453 4985 2678 5051 sabbati,
2733 4985 2787 5040 id
2835 4993 2940 5050 est,
2991 4999 3187 5038 aurora
3242 4999 3362 5053 qum
3403 4985 3579 5040 noctis

1993 5075 2148 5130 initio
2196 5075 2358 5140 lucet,
2409 5076 2524 5145 ipsa
2574 5090 2671 5145 per
2722 5082 2890 5130 totam
2919 5082 3134 5128 noctem
3165 5082 3418 5130 manente
3464 5089 3577 5127 ma-

1993 5181 2061 5221 ne
2094 5165 2370 5231 clucescit,
2397 5173 2454 5220 et
2477 5166 2594 5220 ideo
2620 5165 2868 5231 forsitan,
2927 5166 3011 5220 hae
3053 5165 3310 5222 mulieres
3341 5183 3370 5219 a
3402 5166 3576 5219 noctis

1991 5258 2144 5314 initio
2191 5274 2361 5328 usque
2403 5275 2561 5313 mane
2615 5259 2689 5313 ibi
2731 5268 3067 5317 manserunt.
3121 5261 3228 5314 Sed
3253 5259 3463 5314 Marcus
3494 5259 3550 5320 di,

1990 5347 2197 5402 citzﬂ't
2231 5349 2382 5404 valde
2432 5367 2586 5405 mane
2627 5350 2825 5424 (Marc.
2881 5352 3029 5424 ult.),
3082 5361 3137 5408 et
3193 5353 3418 5420 reliqua.
3469 5350 3572 5416 Aps

1989 5450 2145 5510 paret
2187 5449 2368 5496 autem
2414 5458 2522 5512 qua
2561 5443 2696 5500 hora
2743 5446 3041 5501 resurrexit
3080 5445 3357 5507 Dominus,
3411 5441 3462 5493 id
3488 5447 3574 5504 est

1989 5549 2168 5599 mane,
2206 5549 2328 5589 cum
2357 5536 2771 5606 quadragesima
2799 5538 2967 5602 horis,
3009 5536 3164 5606 juxta
3187 5531 3574 5603 Augustinum,

1987 5625 2042 5680 in
2081 5625 2330 5695 sepulcro
2375 5624 2541 5681 fuisse
2586 5627 2930 5694 describitur,
2985 5628 3039 5684 id
3067 5633 3171 5690 est,
3210 5630 3443 5695 quatuor
3470 5622 3575 5678 hO-s

1988 5730 2098 5782 ras,
2143 5730 2246 5786 qua
2299 5715 2384 5771 die
2427 5716 2719 5772 cruciﬁxus
2758 5725 2866 5782 est,
2912 5723 3254 5772 remanentes
3275 5715 3567 5780 duodecim

1990 5806 2135 5866 hora:
2175 5807 2350 5863 noctis
2390 5807 2619 5870 sabbati,
2665 5805 2944 5866 duodecim
2994 5805 3098 5861 dici
3151 5805 3384 5872 sabbati,
3431 5805 3580 5868 duo“.
