3954 6200
332 397 442 454 “2‘25

1629 401 1988 458 SMARAGDI
2027 401 2322 458 ABBATIS

3513 410 3620 465 29.1

331 516 506 571 decim
523 512 697 568 noctis
713 513 818 568 diei
847 511 1152 577 dominicae,
1171 512 1444 567 tricesima
1469 522 1714 572 autemet
1737 514 1918 568 tresin
1947 517 2000 576 Α
2025 512 2212 568 fecerit
2237 531 2250 566 ε
2298 511 2474 568 Venite
2511 521 2559 569 et
2582 514 2746 569 uidete
2765 515 2854 568 ubi
2890 515 3091 586 positus
3119 524 3232 571 erat
3255 515 3536 589 Dominus,
3564 534 3622 580 ut

337 608 606 678 sepulcro.
636 605 743 659 Pro
791 606 894 659 hac
934 619 1097 659 causa
1132 604 1549 676 quadragesima
1590 605 1781 662 diebus
1810 613 1930 675 post

339 698 802 754 resurrectionem
841 695 1102 764 apostolis
1123 695 1238 750 suis
1280 710 1422 765 stupe
1442 711 1502 751 se
1542 695 1927 751 manifestavit.

333 791 390 845 lu
419 789 638 844 nomine
667 795 872 851 autem,
903 787 1048 855 quod
1097 795 1198 840 est-
1217 801 1479 855 vesperae,
1525 786 1683 841 multi
1714 787 1929 842 diversa

334 889 542 952 putant.
601 880 658 934 ln
719 878 1015 950 Evangelio
1075 878 1222 932 enim
1292 877 1485 933 Graeco
1541 878 1617 933 ita
1673 879 1928 945 habetur,

340 973 432 1046 est
463 973 516 1030 δὲ
548 974 827 1029 σαϐϐάτων
849 981 910 1046 τῇ
932 975 1289 1046 ἐπιφωσκούσῃ
1334 972 1407 1031 εἰς
1456 972 1571 1041 μίαν
1625 971 1926 1036 σαϐϐάτων,

336 1067 390 1119 ἰοί
413 1073 515 1128 est,
549 1081 772 1135 vespera:
792 1063 1020 1123 sabbati.
1057 1080 1175 1135 qua:
1200 1062 1414 1117 lucescit
1442 1064 1497 1117 in
1538 1065 1710 1134 prima
1739 1063 1929 1119 sabba-

336 1167 528 1219 torum,
560 1156 742 1224 inquo
774 1162 1020 1224 apparet,
1047 1154 1165 1225 ὀψὲ,
1195 1155 1340 1224 quod
1370 1151 1692 1208 femininum
1724 1167 1927 1209 nomen

335 1253 438 1310 est,
466 1255 530 1317 τῇ
558 1244 874 1300 femininum
903 1260 1202 1314 pronomen
1241 1254 1342 1308 est,
1389 1245 1534 1300 unde
1573 1245 1792 1314 quidam
1839 1262 1930 1301 vo—

339 1335 476 1401 lunt,
521 1335 666 1405 quod
716 1350 941 1404 chpere
978 1335 1298 1400 communis,
1349 1335 1454 1390 hoc
1500 1342 1603 1400 est,
1646 1335 1929 1390 masculini

335 1435 390 1480 et
431 1425 676 1480 feminini
723 1426 795 1480 sit
829 1427 1042 1498 generis
1077 1440 1298 1492 nomen,
1336 1425 1491 1494 cujus
1519 1425 1788 1481 ablativus
1833 1441 1929 1480 ve-

296 1497 298 1499 l
337 1530 514 1584 sperc,
563 1515 784 1583 quidam
836 1497 1022 1569 volunt
1063 1530 1312 1587 vespera,
1360 1531 1467 1572 non
1531 1530 1754 1586 vespere
1801 1516 1927 1583 dici,

337 1609 656 1664 femininum
708 1607 985 1664 facientes.
1030 1609 1259 1678 Quidam
1306 1608 1558 1663 subtilius
1599 1607 1670 1661 ita
1723 1607 1926 1680 legunt.

341 1699 504 1754 Venit
555 1700 722 1755 Maria
768 1702 946 1771 prima
1003 1702 1236 1767 sabbati,
1276 1716 1397 1771 qua:
1440 1700 1668 1756 lucescit
1705 1717 1931 1772 vespere

251 1795 258 1798 ’
338 1791 572 1846 sabbati.
628 1791 732 1846 Alii
778 1791 851 1845 ita
879 1792 1208 1862 intelligunt,
1261 1802 1320 1846 ut
1379 1791 1666 1846 sabbatum
1715 1795 1930 1864 requies

341 1883 748 1952 interpretetur.
777 1882 1013 1952 Vespere
1059 1892 1239 1938 autem
1271 1885 1471 1953 quietis
1493 1925 1507 1948 ,
1540 1900 1660 1955 qua
1707 1883 1933 1939 lucescit
1959 1870 2006 1928 Β

338 1974 390 2026 in
439 1974 631 2042 prima,
674 1981 730 2028 et
787 1974 1012 2042 reliqua.
1068 1974 1124 2027 lu
1175 1975 1349 2044 prima
1386 1993 1398 2029 :
1434 1975 1616 2031 Prima
1661 1977 1778 2030 dies
1842 1975 1925 2029 di-

337 2065 480 2119 citur
521 2065 824 2129 dominica,
869 2080 990 2134 que
1035 2067 1236 2120 meruit
1287 2067 1473 2122 videre
1521 2069 1812 2124 Dominum
1843 2081 1930 2122 re-

339 2170 590 2224 surgere,
647 2162 703 2209 ct
750 2156 1010 2210 mundum
1063 2158 1249 2224 nasci,
1310 2168 1474 2229 atque
1529 2161 1772 2231 reparari
1831 2174 1932 2230 per

343 2247 640 2300 Christum.

418 2333 526 2405 (Ea:
559 2335 808 2407 August.)
836 2335 952 2390 Non
981 2346 1158 2407 potest
1196 2338 1322 2404 dici,
1349 2354 1543 2409 vesper
1575 2339 1854 2396 lucescens
1875 2340 1932 2395 in

344 2426 516 2495 prima
534 2425 767 2491 sabbati,
785 2427 887 2481 nisi
903 2428 1118 2482 nomine
1132 2429 1339 2498 vesperi
1356 2445 1458 2484 nox
1475 2431 1589 2500 ipsa
1604 2431 1936 2502 intelligatur

345 2533 508 2585 quam
533 2517 623 2571 lux
643 2519 915 2581 terminat,
933 2528 987 2574 et
1008 2520 1241 2575 usitatus
1267 2519 1520 2591 loquendi
1540 2524 1730 2577 modus
1753 2530 1838 2577 est
1861 2522 1937 2576 di-

345 2609 484 2664 vina:
506 2607 803 2678 Scriptura:
824 2625 854 2663 a
875 2619 1030 2680 parte
1055 2618 1244 2665 totum.
1261 2611 1306 2666 A
1322 2627 1549 2682 vespere
1570 2629 1699 2683 ergo
1719 2619 1935 2668 noctem

342 2699 687 2769 significavit,
711 2699 867 2768 cujus
895 2711 1198 2756 extremum
1228 2710 1313 2756 est
1339 2691 1657 2758 diluculum.
1689 2704 1935 2760 Diluculo

345 2790 492 2844 enim
531 2799 800 2844 venerunt
823 2791 928 2846 illa:
985 2791 1242 2846 mulieres
1279 2793 1347 2848 ad
1385 2802 1821 2858 monumentum,
1871 2810 1936 2850 ac

342 2893 442 2948 per
470 2879 572 2934 hoc
590 2895 655 2936 ea
695 2888 854 2935 nocte
905 2891 1190 2945 venerunt,
1235 2895 1356 2953 qua:
1377 2882 1681 2953 significata
1729 2893 1814 2938 est
1839 2899 1937 2939 no-

345 2972 490 3026 mine
517 2973 751 3042 vesperi.
796 2972 930 3027 Tota
973 2974 1119 3028 enim
1146 2973 1451 3045 signiﬁcata
1477 2982 1564 3029 est
1598 2989 1664 3030 eo
1692 2975 1933 3042 nomine,

343 3069 405 3114 ut
445 3060 579 3126 dixi,
614 3071 670 3115 et
703 3063 825 3118 ideo
871 3077 1213 3132 quacumque
1246 3064 1364 3134 ejus
1411 3065 1592 3118 noctis
1629 3073 1787 3135 parte
1841 3079 1936 3121 ve-

345 3149 676 3217 nissent,,ea
733 3151 920 3219 utique
964 3160 1124 3205 nocte
1177 3153 1470 3208 venissent.
1516 3151 1651 3209 Cum
1687 3169 1816 3224 ergo
1845 3171 1940 3211 ve-

346 3248 546 3294 nerunt
569 3248 725 3310 parte
763 3241 882 3311 ejus
928 3242 1104 3296 noctis
1137 3251 1400 3308 extrema,
1453 3258 1518 3298 ea
1552 3245 1739 3315 procul
1771 3245 1937 3302 dubio

347 3341 508 3388 nocte
559 3342 850 3388 venerunt.
923 3333 1166 3404 Vespere
1214 3343 1397 3390 autem
1438 3351 1562 3406 qua:
1609 3336 1837 3392 lucescit
1882 3337 1939 3393 in

347 3423 522 3492 prima
551 3423 782 3488 sabbati,
803 3438 911 3478 non
934 3432 1114 3494 potest
1135 3424 1239 3479 nisi
1265 3432 1377 3480 tota
1400 3424 1518 3496 ipsa
1547 3442 1655 3482 nox
1682 3427 1934 3501 intelligi.

349 3515 475 3570 l-leo
514 3515 679 3587 igitur
705 3531 931 3588 vespere
958 3527 1244 3584 venerunt,
1297 3534 1418 3590 qua:
1439 3519 1554 3588 ipsa
1583 3535 1742 3578 noete
1771 3512 1933 3580 vene-

347 3615 492 3661 runt.
533 3607 651 3678 lpsa
674 3617 854 3664 autem
875 3618 1036 3666 nocte
1054 3620 1338 3678 venerunt,
1403 3627 1524 3682 quae
1553 3615 1731 3680 noctis
1758 3615 1931 3686 ipsius

348 3699 597 3768 quamvis
620 3707 865 3754 extrema
887 3709 1044 3768 parte
1064 3711 1351 3757 venerunt.

423 3789 531 3858 (Ex
562 3789 743 3860 Vulg.)
782 3789 898 3846 Non
923 3799 1008 3846 est
1035 3792 1227 3848 relatio
1245 3792 1470 3850 Joannis
1494 3799 1792 3863 contraria,
1816 3815 1937 3869 qua:

350 3879 520 3935 refert
561 3880 796 3936 diluculo
850 3881 917 3936 ad
969 3891 1382 3939 monumentum
1426 3887 1640 3942 venisse
1709 3887 1936 3942 Mariam.

352 3971 696 4042 Maglalene,
765 3971 1019 4030 Matthteo
1044 3974 1287 4042 dicente;
1341 3993 1547 4048 vespere
1585 3979 1789 4032 sabbati
1828 3979 1938 4034 Ma-

352 4063 490 4116 riam
533 4059 846 4132 Magdalene
898 4078 1022 4117 cum
1070 4064 1237 4119 altera
1289 4065 1457 4121 Maria
1506 4068 1720 4123 venisse
1761 4070 1828 4124 ad
1854 4085 1941 4125 se-

351 4159 598 4228 pulcrum
649 4159 884 4225 Domini,
928 4160 1058 4216 dum
1097 4177 1323 4233 vespere
1361 4181 1392 4219 a
1424 4164 1676 4223 Matthaao
1703 4169 1938 4239 positmn

351 4250 424 4304 sit
463 4265 561 4318 pro
585 4265 708 4307 sero
736 4260 790 4306 et
843 4253 1118 4319 tarditate,
1167 4263 1420 4326 tauquam
1452 4258 1496 4313 si
1527 4259 1752 4326 diceret,
1784 4260 1938 4316 tarda

352 4341 484 4396 hora
523 4344 717 4400 noctis.
751 4344 928 4400 Tarde
943 4346 1088 4401 enim
1120 4348 1352 4405 dicimus
1378 4348 1582 4420 aliquid
1612 4351 1752 4418 fieri,
1803 4368 1941 4423 quo-

354 4433 456 4486 ties
501 4434 684 4488 multa:
738 4434 886 4490 hora:
941 4446 1274 4506 praetereunt
1325 4442 1586 4512 temporis
1633 4444 1935 4500 constituti.

2031 603 2077 659 si
2117 604 2256 661 meis
2307 606 2492 661 verbis
2537 622 2644 660 non
2683 607 2927 672 creditis,
2966 623 3138 664 vacuo
3165 609 3402 669 credatis
3445 617 3624 686 sepul-

2029 709 2142 749 cro.
2180 695 2248 749 Et
2284 694 2457 766 gradu
2501 710 2625 754 cum
2642 696 2751 754 cito
2790 697 3019 767 pergite,
3071 698 3320 756 nuntiate
3343 700 3625 773 discipulis

2029 783 2166 853 ejus,
2201 785 2326 856 quia
2373 786 2632 852 surrexit,
2665 795 2721 842 et
2766 787 3037 857 prmcedet
3077 804 3175 844 vos
3219 791 3275 845 in
3319 791 3621 864 Galilaeam,

2029 878 2134 932 hoc
2148 885 2232 933 est
2249 876 2653 932 involutabrum
2676 878 2978 948 gentilium,
2995 880 3086 934 ubi
3101 888 3227 935 ante
3242 897 3420 949 error,
3438 894 3557 940 erat
3571 896 3625 942 et

2028 968 2318 1034 lubricum,
2347 976 2402 1023 et
2432 967 2589 1023 ﬁrmo
2613 982 2678 1023 ac
2704 965 2886 1023 stabili
2910 969 3048 1040 pede
3073 971 3364 1042 vestigium
3386 989 3494 1030 non
3521 991 3623 1046 po-

2031 1059 2253 1113 nebant.

2099 1147 2169 1202 Et
2190 1147 2427 1204 exierunt
2449 1149 2550 1203 cito
2571 1149 2635 1204 de
2646 1161 2998 1216 monumento,
3025 1167 3145 1206 cum
3159 1153 3346 1208 timore
3357 1163 3406 1208 et
3427 1156 3621 1225 gaudio

2029 1256 2240 1311 magno,
2257 1249 2522 1295 currentes
2547 1241 2794 1296 nuntiare
2804 1241 3076 1315 discipulis
3092 1244 3228 1314 ejus.
3247 1243 3454 1315 Duplex
3474 1261 3622 1301 men-

2030 1337 2114 1384 tes
2130 1329 2419 1384 mulierum
2441 1329 2662 1384 tenebat
2676 1329 2922 1398 allectus,
2941 1331 3155 1388 timoris
3177 1341 3234 1388 et
3250 1333 3456 1406 gaudii.
3472 1334 3624 1391 Alter

2030 1419 2096 1473 de
2154 1419 2404 1474 miraculi
2459 1419 2848 1490 magnitudine,
2907 1419 3045 1476 alter
3082 1437 3152 1477 ex
3211 1423 3480 1479 desiderio
3536 1441 3624 1480 te

2031 1509 2326 1582 surgentis,
2367 1517 2424 1565 et
2483 1518 2667 1565 tamen
2705 1518 2936 1581 uterque
2968 1509 3262 1568 femineum
3313 1514 3626 1570 concitabat

2033 1604 2280 1676 gradum,
2300 1605 2598 1676 pergebant
2611 1605 2680 1660 ad
2693 1605 2988 1677 apostolos,
3005 1615 3066 1660 ut
3077 1623 3175 1679 per
3189 1607 3308 1664 illos
3329 1607 3452 1664 fidei
3469 1609 3626 1664 semi-

2032 1693 2246 1748 narium
2268 1702 2636 1763 spargeretur.

2301 1828 2632 1886 DOMINICA
2663 1829 2936 1888 SANCTA
2971 1829 3041 1887 ΙΝ
3078 1830 3370 1889 PASCHA.

2031 1957 2289 1998 EPISTOLA
2355 1957 2514 2030 BENE!
2577 1959 2735 2000 PAULI
2808 1959 3062 2001 LPOSTOLI
3136 1960 3205 2000 ΔΙ)
3277 1959 3624 2013 εοιιιατιιιοε,

2712 2029 2833 2069 CAP.
2861 2030 2916 2069 ν.

2110 2143 2128 2177 ι
2173 2125 2485 2197 Expurgate
2516 2135 2674 2182 vetus
2716 2126 3047 2182 fermentum
3088 2136 3151 2182 ut
3175 2127 3298 2184 sitis
3328 2143 3468 2183 nova
3493 2143 3627 2185 con-

2038 2236 2058 2269 i
2091 2218 2318 2288 sparsio,
2350 2217 2491 2273 sicut
2511 2218 2645 2274 estis
2666 2220 2862 2290 azymi.
2892 2219 3109 2275 Etenim
3133 2219 3345 2276 Pascha
3376 2229 3625 2277 nostrum

2039 2329 2057 2363 ‹
2105 2309 2415 2365 immolatus
2439 2318 2528 2366 est
2567 2310 2841 2378 Christus,
2867 2312 3052 2382 itaque
3077 2309 3358 2384 epulemur
3384 2353 3399 2378 ,
3432 2328 3540 2367 non
3569 2313 3626 2368 in

2040 2419 2058 2452 ι
2104 2399 2373 2456 fermento
2415 2401 2608 2465 veteri,
2650 2416 2831 2471 neque
2881 2401 2938 2457 in
2986 2400 3256 2458 fermento
3302 2402 3524 2456 malitia:
3570 2409 3630 2456 et

2041 2511 2059 2544 ‹
2107 2491 2399 2561 nequitiae,
2453 2492 2552 2547 sed
2597 2491 2654 2547 in
2708 2493 2922 2565 azymis
2972 2494 3305 2550 sinceritatis
3366 2503 3425 2550 et
3477 2493 3630 2550 veri-

2041 2602 2060 2634 (
2107 2583 2254 2638 tatis.
2303 2601 2323 2636 ι

2111 2673 2414 2744 Expurgate
2434 2683 2578 2729 vetus
2618 2672 2954 2743 fermentum,
2971 2683 3029 2728 ut
3079 2675 3193 2730 sitis
3219 2691 3350 2729 noua
3376 2691 3630 2744 consper-

2035 2764 2134 2819 sio.
2195 2764 2253 2818 ω
2289 2772 2397 2831 est,
2421 2764 2557 2819 nihil
2581 2765 2635 2820 in
2659 2765 2814 2821 vobis
2837 2773 3139 2832 remaneat,
3187 2766 3255 2821 de
3283 2767 3486 2821 veteris
3506 2781 3630 2822 cor-

2038 2855 2530 2925 ruptionenaturze,
2547 2854 2644 2910 sed
2684 2853 2886 2910 sinceri
2936 2862 3134 2922 estote,
3158 2854 3400 2910 candore
3415 2845 3627 2925 gratiae,

2038 2947 2216 3001 nitore
2236 2944 2480 3014 iustitiae.
2545 3007 2548 3010 ,

2110 3034 2258 3091 Sicut
2279 3035 2402 3091 estis
2423 3035 2617 3107 azymi.
2649 3034 2765 3091 Hoc
2789 3043 2896 3102 est,
2939 3035 3116 3108 azymi
3147 3034 3276 3091 facti
3296 3050 3397 3106 per
3421 3034 3631 3106 baptis-

2041 3142 2212 3191 mum,
2253 3126 2398 3196 quod
2443 3127 2602 3182 nobis
2647 3125 2901 3182 Christus
2945 3141 3046 3182 sua
3102 3127 3356 3196 passione
3397 3125 3630 3197 largitus

1963 3213 2009 3276 C
2039 3225 2144 3281 est,
2193 3231 2299 3271 non
2318 3214 2432 3286 jam
2468 3217 2525 3271 in
2553 3217 2676 3288 agni
2695 3218 2896 3288 specie,
2940 3217 3038 3274 sed
3084 3217 3140 3272 in
3175 3217 3408 3273 veritate
3435 3230 3630 3286 corpo-

2040 3309 2118 3364 ris
2159 3308 2488 3365 immolatus.
2519 3308 2664 3365 Nihil
2723 3312 2908 3380 itaque
2930 3309 2984 3365 in
3010 3311 3164 3366 vobis
3193 3310 3635 3366 conversationis

2037 3402 2286 3474 pristinae
2305 3403 2653 3474 relinquatis,
2669 3405 2816 3476 quod
2837 3405 3210 3461 sinceritatem
3231 3406 3397 3478 possit
3420 3413 3631 3462 natura:

2039 3506 2407 3562 corrumpere.

2110 3581 2324 3638 Etenim
2366 3582 2576 3640 Pascha
2616 3596 2853 3642 nostrum
2892 3587 3196 3644 immolatus
3238 3598 3312 3644 est
3362 3588 3627 3644 Christus.

2038 3679 2118 3735 Ac
2165 3679 2211 3736 si
2255 3679 2482 3746 diceret,
2529 3695 2639 3736 non
2667 3681 2880 3737 anobis
2920 3682 2977 3736 in
3019 3681 3191 3754 figura
3237 3697 3429 3754 agnus,
3485 3683 3631 3738 sicut

2038 3769 2262 3838 Judazis,
2323 3773 2418 3828 sed
2477 3772 2532 3827 in
2576 3773 2808 3830 veritate
2856 3775 3015 3830 nobis
3060 3775 3302 3845 quotidie
3360 3775 3632 3831 occiditur

2039 3861 2312 3930 Christus,
2359 3872 2418 3919 et
2458 3863 2666 3920 Pascha
2717 3866 2961 3936 quotidie
3014 3866 3376 3933 celebramus,
3429 3868 3474 3922 si
3520 3867 3628 3923 fer-

2039 3964 2282 4013 mentum
2321 3958 2541 4012 malitiae
2585 3968 2642 4014 et
2687 3961 2944 4030 nequitia:
2987 3975 3094 4016 non
3114 3961 3398 4017 habemus.
3443 3961 3512 4017 Et
3535 3959 3633 4016 Ju-

2040 4047 2141 4102 daai
2193 4047 2411 4116 quidem
2471 4058 2678 4118 septem
2740 4052 2932 4107 diebus
3003 4067 3193 4123 azyma
3244 4053 3627 4119 comedebant,

2040 4146 2096 4193 et
2139 4138 2266 4210 quia
2289 4137 2342 4193 in
2385 4148 2591 4209 septem
2637 4141 2829 4196 diebus
2875 4143 3109 4198 mundus
3153 4151 3239 4199 est
3289 4143 3484 4207 factus,
3532 4143 3630 4214 qui

2040 4243 2256 4299 semper
2284 4228 2340 4283 in
2363 4244 2463 4285 suo
2491 4230 2684 4286 ordine
2706 4231 3023 4288 revolvitur.
3047 4233 3156 4288 Nos
3176 4232 3500 4304 simpliciter
3518 4232 3626 4287 Pa-

2040 4321 2171 4376 scha
2193 4319 2532 4376 celebramus
2559 4321 2606 4376 si
2631 4322 2687 4378 in
2736 4323 2823 4380 his
2853 4323 3046 4380 diebus
3076 4339 3210 4394 pure
3252 4333 3310 4379 et
3333 4324 3626 4380 sinceriter

2041 4427 2344 4468 versamur.
2401 4411 2555 4480 Quod
2577 4422 2664 4470 est
2715 4417 2860 4470 enim
2911 4415 3057 4472 aliud
3102 4417 3459 4482 fermentum,
3518 4417 3632 4472 nisi

354 4524 422 4578 Et
464 4526 718 4594 quoniam
757 4504 958 4594 magna
999 4542 1128 4595 pars
1151 4530 1265 4598 jam
1317 4504 1497 4586 fuerat
1523 4533 1697 4588 noctis
1743 4529 1933 4590 exacta

2050 4504 2320 4573 corruptio
2364 4511 2604 4570 naturae,
2649 4507 2796 4576 quod
2848 4516 2904 4562 et
2951 4509 3127 4578 ipsum
3164 4510 3319 4580 prius
3379 4525 3411 4564 a
3453 4517 3624 4564 natu-

355 4616 586 4671 Domino
608 4625 945 4687 resurgente.
986 4615 1224 4686 Vespere,
1257 4621 1360 4675 hoc
1389 4631 1491 4682 est,
1517 4637 1639 4676 sero
1668 4639 1762 4678 seu
1789 4625 1942 4682 tarde

354 4707 556 4761 dicitur
600 4723 630 4762 a
680 4707 954 4771 Matthaeo,
990 4708 1135 4778 quod
1187 4718 1242 4765 et
1287 4711 1524 4766 Joannes
1567 4713 1839 4782 signiﬁcat
1864 4717 1942 4770 di-

355 4797 555 4852 luculo.
634 4798 825 4855 Adhuc
877 4809 1057 4856 tamen
1122 4803 1361 4857 tenebrae
1421 4811 1618 4870 erant,
1673 4813 1737 4860 ut
1781 4805 1938 4875 juxta

356 4891 678 4945 nitatutinum
727 4899 939 4964 tempus
1003 4893 1089 4947 illa
1143 4894 1277 4948 hora
1330 4896 1506 4964 possit
1528 4895 1774 4968 intelligi.
1870 4904 1872 4906 '

429 4978 552 5034 Prae
593 4982 777 5036 timore
817 4993 993 5038 autem
1033 5001 1060 5038 e
1085 5001 1147 5037 us
1178 4987 1412 5040 exterriti
1435 4996 1557 5041 sunt
1583 4988 1842 5055 custodes,
1888 4999 1937 5043 et

357 5072 484 5142 facti
524 5083 646 5128 sunt
686 5075 822 5129 velut
847 5079 1061 5131 mortui.
1090 5077 1530 5152 Respondensque
1553 5080 1769 5152 angelus
1807 5082 1941 5137 dixit

358 5167 688 5234 mulieribus,
729 5169 889 5225 nolite
912 5173 1092 5226 timere
1130 5189 1238 5238 vos,
1285 5174 1392 5228 scio
1411 5174 1549 5228 enim
1591 5175 1730 5246 quod
1751 5173 1937 5230 Iesum

357 5257 448 5327 qui
472 5259 757 5327 cruciﬁxus
799 5269 876 5314 est
913 5262 1166 5331 quaeritis.
1207 5261 1306 5332 (Ex
1337 5262 1546 5333 Hiero.)
1578 5263 1843 5320 Custodes
1867 5265 1938 5320 ti-

363 5365 511 5406 more
555 5351 851 5421 perterriti,
907 5353 1081 5407 iustar
1127 5363 1464 5410 mortuorum
1526 5356 1815 5426 stupefacti
1856 5356 1941 5425 ja-

360 5448 501 5504 cent,
555 5441 649 5496 sed
689 5449 868 5498 tamen
901 5442 1145 5514 angelus,
1199 5461 1305 5500 non
1345 5446 1482 5513 illos,
1536 5447 1630 5503 sed
1685 5448 1939 5504 mulieres

362 5535 706 5592 consolatur:
730 5536 908 5592 Nolite
926 5539 1109 5592 timere
1134 5553 1254 5602 vos;
1279 5540 1375 5605 illi,
1395 5542 1591 5611 inquit,
1613 5541 1858 5607 timeant,
1884 5541 1938 5596 in

363 5624 450 5678 his
485 5636 799 5693 perseveret
848 5644 1036 5699 pavor,
1088 5629 1144 5685 in
1199 5631 1396 5700 quibus
1440 5640 1725 5703 permanet
1766 5633 1942 5688 incre-

361 5712 579 5770 dulitas.
613 5718 877 5774 Cteterum
916 5736 1033 5786 vos,
1066 5723 1193 5793 quia
1236 5721 1420 5778 Jesum
1463 5723 1705 5792 quaeritis
1755 5723 1937 5780 cruci-

367 5807 550 5870 lixum,
601 5810 782 5865 audite
830 5814 974 5882 quod
1021 5815 1383 5875 resurrcxcrit
1426 5822 1476 5870 et
1527 5815 1939 5886 promiSsaperv

2046 4592 2146 4646 rali
2193 4593 2476 4650 dulcedine
2529 4595 2810 4664 recedens,
2871 4597 3177 4654 adulterino
3241 4613 3403 4656 aeore
3442 4615 3635 4654 corru-

2046 4691 2203 4754 ptum
2231 4693 2334 4740 est.

2117 4775 2305 4847 Itaque
2323 4776 2612 4847 epulemur.
2649 4776 2707 4834 ld
2731 4786 2834 4845 est,
2864 4793 2964 4835 nos
3001 4780 3096 4851 qui
3143 4793 3174 4834 a
3223 4777 3491 4836 fermento
3513 4795 3632 4836 ma-

2044 4867 2176 4924 litiae
2213 4877 2269 4924 et
2306 4870 2560 4939 nequitia:
2604 4871 2941 4927 abstinemus
2972 4872 3176 4944 iugiter
3203 4872 3460 4927 salutaris
3504 4880 3632 4927 actu

2044 4959 2234 5015 salutis
2282 4960 2542 5016 solemnia
2585 4961 2942 5027 celebremus,
2993 4973 3048 5019 et
3112 4963 3358 5018 interiori
3409 4963 3634 5018 homine

2043 5049 2406 5121 simplicitatis
2453 5059 2510 5106 et
2549 5053 2799 5108 veritatis
2826 5053 3033 5124 azymis
3082 5053 3408 5123 repleamur.

2348 5177 2686 5218 EVANGELIUI
2726 5179 2913 5228 HAEC],
2953 5179 3071 5218 CAP.
3114 5179 3337 5219 UL'I'lIlO.

2120 5279 2140 5312 ι
2187 5261 2353 5316 Maria
2397 5261 2710 5332 Magdalene
2761 5271 2816 5317 et
2856 5261 3024 5317 Maria
3073 5261 3262 5319 Jacobi
3312 5270 3367 5318 et
3411 5261 3636 5318 Salome

2050 5375 2069 5408 ‹
2115 5363 2366 5410 emerunt
2395 5362 2661 5418 aromata,
2719 5363 2781 5408 ut
2819 5355 3101 5412 venientes
3126 5364 3395 5425 ungerent
3417 5353 3628 5409 Jesum.

2053 5466 2072 5499 ‹
2118 5448 2184 5502 Et
2222 5447 2378 5501 valde
2405 5461 2562 5500 mane
2590 5463 2696 5501 una
2738 5447 3098 5503 Sabbatorum
3146 5447 3369 5504 veniunt
3405 5449 3476 5503 ad
3513 5462 3634 5502 mo—

2053 5558 2071 5593 ‹
2119 5547 2459 5604 nomentum,
2491 5545 2612 5592 orto
2625 5537 2737 5607 jam
2761 5537 2894 5593 sole.
2923 5538 2992 5594 Et
3010 5539 3262 5594 dicebant
3281 5538 3349 5592 ad
3369 5537 3630 5603 invicem,

2053 5650 2072 5683 ι
2117 5630 2250 5698 Quis
2275 5629 2514 5686 revolvet
2543 5632 2696 5688 nobis
2727 5631 2958 5701 lapidem
2994 5631 3063 5687 ab
3090 5632 3229 5688 ostio
3250 5625 3638 5687 monumenti?

2053 5740 2071 5773 ι
2120 5721 2186 5774 Et
2213 5721 2570 5790 respicientes
2591 5721 2844 5776 viderunt
2870 5721 3171 5777 revolutum
3196 5720 3451 5791 lapidem.
3496 5717 3638 5772 Erat

2056 5833 2072 5864 ‹
2100 5813 2296 5884 quipr
2314 5827 2541 5885 magnus
2576 5813 2748 5869 valde.
2779 5813 2845 5868 Et
2877 5813 3208 5870 introcuntcs
3234 5812 3288 5869 in
3309 5824 3633 5868 monumen-
