3994 6206
347 252 460 308 29.3

357 475 380 509 ι
413 459 668 525 opertum
705 449 844 504 stola
886 447 1134 513 candida,
1159 454 1216 502 et
1256 446 1672 513 obstupuerunt.
1721 442 1824 510 Qui
1855 442 1937 496 di-

355 563 378 596 ι
423 545 499 598 cit
527 539 635 594 illis
665 557 679 592 :
715 536 892 591 Nolite
911 548 1291 605 expavescere,
1343 529 1529 587 Iesum
1566 531 1810 602 qumritis
1832 530 1938 585 Na-

357 653 378 687 ι
427 643 708 693 zareuum,
748 626 1069 682 crucifixum
1094 641 1109 691 ;
1135 623 1396 690 surrexit,
1428 640 1535 680 non
1556 630 1639 678 est
1662 621 1770 688 hic,
1813 635 1940 676 cccc

356 745 379 778 ι
425 725 578 780 locus
632 721 725 776 ubi
769 727 1067 790 posuerunt
1129 733 1294 783 eum;
1340 715 1438 772 sed
1487 717 1583 782 ite,
1639 715 1804 772 dicite
1858 715 1931 769 di-

359 838 378 870 ι
432 815 660 885 scipulis
689 813 843 884 \ejus
896 820 952 867 et
995 811 1197 877 Petro,
1242 811 1369 880 quia
1433 807 1688 879 praecedit
1738 823 1838 863 vos
1884 809 1940 864 in

356 931 377 963 ς
423 908 741 972 Galil-mam,
790 905 864 960 ibi
906 918 1030 959 eum
1059 903 1310 958 videbitis
1355 901 1496 956 sicut
1541 901 1679 956 dixit
1703 899 1875 955 vobis.
1917 919 1936 952 ι

427 1041 605 1096 Maria
633 1037 948 1108 Magdalenc
967 1046 1015 1090 et
1042 1034 1220 1090 Maria
1269 1033 1458 1088 Jacobi
1481 1043 1528 1090 et
1552 1031 1763 1089 Salome
1798 1049 1938 1087 eme-

351 1142 476 1186 runt
498 1139 759 1190 aromata,
787 1137 844 1182 ut
871 1126 1124 1182 venientes
1164 1132 1416 1194 ungerent
1432 1123 1637 1179 Iesum.
1680 1123 1738 1178 lu
1761 1123 1941 1177 Evan-

351 1222 494 1292 gelio
529 1221 692 1274 Lucae
737 1217 999 1287 scriptum
1026 1222 1128 1277 est,
1156 1215 1300 1285 quod
1323 1221 1659 1268 revertentes
1696 1227 1727 1268 a
1750 1227 1942 1266 monu-

352 1319 557 1374 mento,
589 1314 917 1380 paraverunt
939 1311 1184 1359 aromata
1230 1319 1288 1358 et
1310 1312 1608 1374 unguenta,
1632 1313 1688 1356 et
1714 1301 1941 1357 sabbato

349 1401 572 1471 quidem
618 1399 885 1454 siluerunt
935 1403 1158 1466 prepter
1205 1395 1519 1450 mandatum
1577 1393 1729 1466 (Luc.
1763 1396 1939 1466 xxiii).

351 1491 662 1546 Mandatum
695 1502 824 1558 ergo
861 1486 995 1557 legis
1035 1493 1175 1551 erat,
1214 1493 1277 1540 ut
1315 1485 1528 1541 sabbati
1568 1485 1866 1548 silentium,
1907 1499 1938 1538 a

347 1597 578 1650 vespera
625 1595 799 1657 usque
860 1579 926 1633 ad
977 1593 1258 1648 vesperam
1313 1586 1647 1633 servaretur.
1705 1577 1940 1647 Ideoque

349 1671 606 1742 religiose
649 1669 906 1726 mulieres
969 1675 1177 1739 sepulto
1231 1667 1462 1722 Domino
1489 1707 1506 1731 ,
1564 1666 1821 1736 quamdiu
1874 1666 1939 1719 li-

350 1763 513 1818 cebat
539 1761 776 1832 operari,
838 1759 893 1814 id
924 1767 1028 1818 est,
1082 1773 1255 1827 usque
1301 1758 1368 1813 ad
1396 1757 1527 1814 solis
1560 1771 1840 1821 occasum,
1884 1757 1940 1811 in

350 1851 647 1924 unguentis
698 1849 1264 1920 praeparandis‘erant
1297 1853 1602 1918 'occupatze,
1653 1855 1715 1902 ut
1767 1847 1943 1902 Lucas

350 1943 565 1998 scribit.
625 1940 692 1995 Et
729 1940 872 2009 quod
903 1949 1032 1994 tunc
1079 1953 1192 2009 prae
1219 1938 1468 2009 angustia
1513 1937 1776 2008 temporis
1808 1951 1945 2006 opus

350 2033 573 2103 explere
631 2031 948 2100 nequibant,
1012 2029 1405 2085 festinaverunt
1454 2041 1601 2094 mox,
1659 2035 1718 2082 ut
1762 2035 1945 2082 trans-

353 2131 476 2178 acto
517 2119 730 2176 sabbati
778 2160 793 2184 ,
819 2120 998 2185 idest,
1058 2119 1343 2174 occidente
1369 2117 1505 2183 sole,
1557 2117 1650 2171 ubi
1685 2116 1944 2187 operandi

353 2213 572 2267 licentia
621 2217 964 2266 remeaverat
1011 2223 1196 2264 emere
1246 2216 1494 2264 aromata
1522 2248 1537 2274 ,
1600 2208 1743 2262 sicut
1804 2205 1947 2260 Mar-

354 2317 450 2356 cus
483 2299 690 2365 refert,
744 2299 1022 2354 venientes
1070 2313 1231 2354 mane
1271 2306 1540 2370 ungerent
1565 2312 1763 2367 corpus
1804 2296 1943 2367 ejus.

357 2389 544 2460 Neque
613 2389 758 2443 enim
829 2403 1054 2458 vespere
1103 2387 1317 2443 sabbati
1366 2397 1780 2458 prazoccupante
1829 2383 1946 2454 jam

357 2480 535 2535 noctis
584 2476 839 2542 articulo,
891 2483 1301 2532 monumentum
1349 2475 1503 2531 adire
1528 2474 1839 2531 voluerunt.

430 2610 500 2664 Et
554 2608 705 2663 valde
751 2625 906 2663 mane
954 2625 1062 2664 una
1100 2608 1439 2664 sabbatorum
1476 2608 1684 2663 veniunt
1728 2606 1798 2661 ad
1835 2622 1947 2661 mo-

365 2710 677 2755 numentum
729 2710 843 2755 orto
879 2701 1000 2771 jam
1023 2700 1150 2757 sole.
1191 2701 1375 2756 Prima
1425 2700 1794 2762 sabbatorum,
1839 2697 1954 2768 pri-

359 2808 450 2847 ma
505 2791 622 2846 dies
673 2797 772 2856 est,
821 2806 851 2844 a
902 2790 990 2846 die
1020 2791 1391 2857 sabbatorum,
1445 2790 1620 2854 idest,
1656 2788 1951 2860 requietio-

358 2901 513 2948 num,
566 2897 726 2952 quam
755 2899 898 2939 nunc
923 2885 1067 2940 diem
1113 2885 1462 2949 dominicam,
1515 2891 1737 2954 propter
1759 2897 1947 2938 resur-

363 2976 662 3032 rectionem
685 2973 910 3031 Domini
932 2976 1239 3042 salvatoris,
1285 2991 1404 3030 mos
1428 2974 1832 3029 ecclesiasticus
1853 2989 1949 3044 ap-

1161 217 1674 299 COLLECTIONES
1710 241 1777 294 IN
1817 239 2192 295 EPISTOLAS
2235 241 2318 294 ΕΤ
2359 238 2765 294 EVANGELIA.

353 385 376 418 ι
424 376 564 428 tum,
618 358 871 413 viderunt
901 356 1155 425 juvenem
1203 356 1480 409 sedentem
1528 369 1558 406 a
1586 352 1816 420 dextris,
1847 367 1938 407 co-
1966 358 2013 417 Α
2044 366 2107 406 ac
2155 348 2263 403 vita
2318 347 2583 418 speranda
2643 355 2902 418 perpetua
2949 349 3112 419 carpit
3154 360 3266 406 toto
3304 355 3435 410 orbe
3471 372 3616 428 prae-
3715 387 3717 392 ε

3523 249 3624 305 226

2041 441 2211 494 dicati

2112 528 2178 583 Et
2202 532 2520 584 introeuntes
2564 529 2616 583 in
2656 538 3069 595 monumentum,
3112 530 3351 586 viderunt
3376 534 3622 604 juvenem

2037 622 2298 678 sedentem
2337 623 2392 676 in
2432 623 2650 684 dextris,
2720 631 3018 692 coopertum
3079 622 3214 676 stola
3271 624 3526 693 candida,
3571 641 3619 682 et

2037 713 2434 785 obstupuerunt.
2464 712 2807 766 lntroeuntes
2853 711 2922 765 ab
2961 711 3171 765 oriente
3196 712 3251 766 in
3294 714 3511 770 domum
3553 717 3621 770 il-

2039 803 2148 858 lam
2193 803 2503 868 rotundam,
2547 818 2667 872 qua:
2713 801 2767 855 in
2808 809 2963 872 petra
3001 809 3085 856 est
3133 802 3340 870 excisa,
3380 806 3630 861 viderunt

2041 894 2294 966 angelum
2329 893 2608 950 sedentem
2643 892 2712 946 ad
2750 890 3109 945 meridianam
3147 899 3358 962 partem
3412 895 3515 949 loci
3573 895 3632 948 il-

2041 986 2168 1052 lius,
2221 987 2312 1042 ubi
2365 986 2600 1056 positum
2641 983 2823 1038 fuerat
2875 998 3073 1052 corpus
3113 982 3261 1038 Jesu.
3317 983 3433 1039 Hoc
3481 987 3627 1040 enim

2041 1085 2160 1131 erat
2204 1077 2258 1131 in
2299 1076 2504 1130 dextris
2535 1093 2546 1127 :
2574 1072 2711 1141 Quia
2760 1072 3016 1126 nimirum
3066 1087 3292 1142 corpus,
3337 1075 3479 1143 quod
3537 1090 3628 1130 su-

2040 1167 2224 1236 pinum
2255 1167 2467 1236 jacens,
2511 1173 2673 1235 caput
2700 1163 2933 1230 habebat
2955 1165 3022 1217 ad
3051 1180 3328 1230 occasum,
3379 1168 3628 1223 dextram

2041 1271 2265 1312 necesse
2307 1265 2389 1311 est
2417 1255 2643 1311 haberet
2684 1255 2752 1309 ad
2780 1263 3049 1320 austrum,
3091 1257 3280 1310 scribit
3318 1259 3461 1311 enim
3493 1257 3629 1312 Mat-

2041 1350 2238 1415 thmus,
2278 1350 2420 1419 quod
2441 1347 2710 1419 angelum,
2738 1346 2830 1416 qui
2867 1346 3094 1401 revolvit
3129 1347 3361 1415 lapidem
3391 1350 3458 1403 ab
3487 1349 3628 1405 ostio

2043 1440 2400 1504 monumenti,
2457 1438 2635 1508 primo
2678 1437 2935 1489 viderunt
2980 1451 3142 1504 super
3185 1437 3358 1505 ipsum
3397 1438 3629 1507 lapidem

2041 1531 2340 1595 sedentem,
2396 1530 2489 1600 qui
2536 1544 2630 1584 eas
2665 1528 2874 1583 intrare
2922 1526 2977 1580 in
3014 1527 3192 1581 locum
3243 1529 3335 1581 ulzi
3368 1530 3632 1586 Dominus

2042 1627 2160 1674 erat
2201 1619 2408 1689 positus
2442 1617 2690 1687 jusserit,
2741 1625 2796 1670 et
2843 1615 3028 1670 videre
3078 1616 3222 1686 quod
3262 1617 3376 1687 jam
3444 1633 3628 1672 resur-

1969 1732 2016 1791 B
2045 1712 2280 1766 rexisset
2323 1726 2352 1765 a
2400 1710 2645 1764 mortuis.
2682 1708 2885 1764 Scribit
2934 1707 3132 1772 Lucas,
3179 1709 3325 1778 quod
3361 1709 3631 1766 intrantes

2045 1802 2098 1857 in
2141 1811 2548 1857 monumentum
2585 1801 2720 1855 duos
2765 1799 2985 1870 angelos
3012 1799 3067 1852 in
3109 1799 3248 1854 albis
3297 1799 3430 1854 inibi
3477 1810 3630 1856 stan-

2044 1901 2126 1949 tes
2171 1894 2510 1948 iuvenerunt.
2558 1891 2666 1946 Illa:
2716 1905 2846 1960 ergo
2884 1889 3138 1943 mulieres
3169 1888 3385 1960 angelos
3423 1891 3627 1954 vident,

2045 2001 2166 2057 qua:
2207 2001 2331 2040 cum
2379 1983 2712 2039 aromatibus
2743 1990 3032 2045 venerunt,
3083 1980 3208 2049 quia
3248 1980 3500 2036 videlicet
3528 1982 3630 2036 illa:

2046 2088 2255 2132 mentes
2293 2091 2455 2146 super
2491 2074 2592 2130 nos
2639 2073 2784 2129 cives
2813 2072 3105 2144 aspiciunt,
3153 2087 3272 2142 quae
3314 2087 3436 2128 cum
3458 2074 3632 2128 virtu-

2047 2167 2189 2221 tibus
2219 2165 2287 2220 ad
2326 2164 2614 2221 Dominum
2652 2177 2750 2232 per
2769 2171 2959 2217 sancta
2983 2162 3254 2217 desideria
3279 2162 3631 2232 proﬁciscun-

2048 2265 2156 2311 tur.
2210 2253 2516 2310 Notandum
2560 2268 2691 2308 vero
2735 2252 2893 2307 nobis
2946 2261 3031 2307 est
3061 2251 3321 2321 quidnam
3352 2251 3442 2318 sit,
3489 2254 3632 2322 quod

2048 2345 2104 2400 in
2152 2345 2357 2401 dextris
2398 2342 2591 2400 sedere
2633 2342 2856 2415 angelus
2898 2342 3162 2399 cernitur.
3215 2341 3356 2409 Quid
3401 2359 3635 2413 namque

2046 2452 2145 2506 per
2190 2437 2490 2500 sinistram,
2533 2433 2637 2489 nisi
2678 2434 2786 2488 vita
2835 2432 3110 2504 praesens?
3161 2433 3291 2502 quid
3343 2449 3475 2489 vero
3535 2451 3634 2506 per

2048 2515 2314 2591 dextram,
2375 2526 2481 2581 nisi
2534 2533 2800 2596 perpetua
2845 2526 2951 2580 vita
2986 2524 3265 2596 signatur?
3306 2523 3459 2580 Unde
3500 2526 3635 2580 scri-

2047 2625 2202 2686 ptum
2253 2625 2382 2672 est:
2429 2614 2588 2670 La’va
2627 2615 2744 2687 ejus
2805 2615 2899 2669 sub
2945 2616 3114 2686 capite
3158 2631 3292 2675 meo,
3337 2623 3385 2668 et
3447 2617 3632 2670 dextra

2047 2704 2194 2760 illius
2235 2703 2621 2774 amplexabitur
2661 2719 2762 2757 me.
2814 2702 3108 2759 Sinistram
3147 2718 3381 2772 namque
3411 2702 3504 2758 Dei
3534 2704 3636 2759 Ec-

2049 2793 2238 2858 clesia,
2267 2791 2689 2862 prosperitatem
2716 2791 2968 2847 videlicet
3005 2793 3130 2846 vitae
3161 2793 3464 2860 praesentis,
3509 2809 3636 2863 qua-

2051 2885 2099 2940 si
2123 2881 2224 2939 sub
2245 2881 2422 2953 capite
2455 2881 2655 2951 posuit,
2697 2896 2860 2951 quam
2893 2881 3199 2937 intensione
3245 2883 3441 2937 summi
3485 2898 3636 2937 amo-

2053 2973 2129 3029 ris
2174 2973 2390 3043 premit.
2419 2973 2654 3026 Dextera
2673 2985 2804 3025 vero
2827 2969 2923 3026 Dei
2952 2987 3071 3026 eam
3104 2976 3470 3045 amplectitur,
3501 2973 3630 3044 quia

359 3069 543 3140 pellat.
581 3071 639 3125 ld
663 3072 839 3142 ipsum
894 3077 1075 3124 autem
1101 3075 1211 3134 est,
1260 3078 1384 3122 cum
1435 3083 1540 3122 una
1577 3066 1788 3122 sabbati
1833 3066 1948 3121 sive
1975 3074 2020 3137 ρ
2051 3065 2152 3120 sub
2194 3071 2397 3119 aeterna
2444 3062 2564 3133 ejus
2604 3060 2942 3118 beatitudine
2993 3071 3105 3117 tota
3149 3066 3434 3120 devotione
3455 3066 3626 3120 contio

360 3176 465 3215 una
510 3161 862 3216 sabbatorum
906 3159 1152 3231 legimus,
1186 3158 1239 3213 id
1266 3165 1370 3222 est,
1403 3172 1508 3212 una
1540 3156 1656 3211 dies
1692 3172 1723 3211 a
1753 3155 1946 3210 sabba-

363 3258 541 3305 torum
565 3250 672 3314 die,
722 3251 828 3306 hoc
852 3258 957 3314 est,
989 3247 1386 3318 requietionum
1435 3260 1556 3315 quae
1596 3245 1650 3301 in
1705 3244 1946 3300 sabbatis

359 3341 823 3396 custodiebantur.
855 3338 1067 3393 Sanctae
1096 3345 1275 3391 autem
1301 3335 1578 3402 mulieres,
1627 3351 1746 3405 qua:
1763 3333 1948 3389 Domi-

361 3449 490 3486 unm
556 3430 773 3486 fuerant
829 3437 1048 3494 secutze,
1079 3443 1202 3485 cum
1249 3426 1584 3483 aromatibus
1630 3426 1699 3481 ad
1756 3439 1948 3480 monu-

363 3533 607 3578 mentum
633 3528 918 3586 venerunt,
943 3527 998 3574 et
1024 3518 1075 3574 ei
1123 3532 1286 3589 quem
1325 3516 1598 3570 viventem
1622 3514 1945 3576 dilexerant,

361 3615 522 3669 etiam
567 3620 782 3668 mortuo
826 3610 1005 3666 studio
1048 3605 1400 3664 humanitatis
1437 3603 1828 3673 obsequuntur.
1882 3601 1950 3655 Et

363 3720 462 3758 nos
505 3719 638 3774 ergo
683 3703 739 3757 in
796 3716 946 3767 eum,
996 3700 1087 3769 qui
1123 3706 1207 3754 est
1246 3704 1495 3752 mortuus
1538 3693 1846 3758 credentes,
1902 3693 1949 3746 si

361 3797 530 3852 odore
593 3796 854 3850 virtutum
907 3792 1091 3849 referti
1117 3832 1130 3854 .
1197 3805 1320 3845 cum
1372 3787 1628 3858 opinione
1679 3786 1949 3841 bonorum

361 3904 590 3961 operum
629 3888 916 3943 Dominum
943 3885 1256 3956 quaerimus,
1287 3881 1356 3935 ad
1388 3886 1798 3935 monumentum
1825 3890 1952 3948 ρι’οέ

361 3978 508 4034 fecto
541 3977 687 4032 illius
738 3991 861 4031 cum
888 3974 1220 4029 aromatibus
1267 3971 1534 4025 venimus.
1583 3966 1740 4035 Quod
1768 3973 1950 4020 autem

361 4070 520 4124 valde
569 4083 730 4122 mane
792 4065 1047 4121 mulieres
1090 4070 1357 4118 venerunt
1402 4060 1471 4114 ad
1514 4065 1947 4121 monumentum,

360 4170 485 4215 orto
531 4160 644 4230 jam
694 4157 826 4220 sole,
879 4157 933 4212 id
964 4163 1069 4220 est,
1107 4169 1227 4209 cum
1246 4152 1359 4222 jam
1385 4150 1584 4206 coelum
1617 4149 1686 4204 ab
1722 4146 1950 4202 orientis

359 4258 519 4320 parte
545 4248 861 4312 albesceret,
890 4245 1171 4316 quodnon
1198 4241 1257 4296 fit
1283 4243 1471 4311 utique
1490 4239 1595 4293 nisi
1621 4237 1751 4293 solis
1775 4237 1953 4292 orien-

363 4339 437 4392 tis
465 4337 763 4402 vicinitate,
790 4336 944 4406 juxta
967 4333 1251 4388 historiam
1273 4331 1490 4402 quidem
1535 4343 1763 4399 magnus
1805 4339 1952 4396 quaa-

362 4427 518 4481 rendi
555 4437 610 4481 et
658 4425 964 4481 inveniendi
1010 4423 1295 4479 Dominum
1343 4420 1526 4475 fervor
1551 4417 1835 4474 charitatis
1862 4431 1952 4471 os-
1976 4413 2030 4474 D

363 4517 628 4571 tenditur.
676 4515 839 4571 Juxta
879 4514 1212 4569 intellectum
1252 4527 1383 4567 vero
1430 4510 1721 4580 mysticum
1792 4505 1950 4560 nobis

363 4608 530 4662 datur
557 4606 884 4676 exemplum,
915 4604 1216 4659 illuminata
1242 4601 1380 4656 facie
1402 4599 1756 4668 decussisque
1795 4595 1954 4651 vitio-

366 4713 490 4751 rum
517 4698 779 4763 tenebris,
801 4697 1022 4752 odorem
1045 4694 1311 4749 honorum
1351 4706 1576 4762 operum
1609 4687 1858 4754 Domino,
1898 4696 1954 4742 et

363 4789 676 4842 orationum
700 4787 1024 4842 suavitatem
1053 4784 1269 4840 offerre.

444 4899 513 4952 Et
551 4899 794 4954 dicebant
835 4901 904 4954 ad
923 4900 1140 4954 invicem
1164 4911 1182 4950 :
1209 4897 1336 4962 Quis
1377 4893 1598 4950 revolvet
1643 4894 1790 4949 nobis
1813 4893 1952 4965 lapi-

365 4988 488 5042 dem
530 4988 596 5041 ab
622 4989 754 5042 ostio
795 4989 1165 5044 monumenti?
1205 4987 1274 5041 Et
1319 4984 1668 5056 respicientes,
1714 4984 1954 5039 viderunt

367 5077 664 5132 revolutum
703 5077 952 5149 lapidem,
975 5087 1089 5132 erat
1111 5077 1297 5150 quippe
1337 5090 1557 5145 magnus
1598 5072 1767 5128 valde.
1810 5071 1951 5140 Quo-

365 5169 533 5224 modo
571 5168 712 5239 lapis
748 5184 844 5239 per
880 5167 1130 5239 angelum
1189 5164 1481 5221 revolutus.
1525 5162 1617 5228 sit,
1666 5163 1953 5217 Matthmus

365 5258 709 5315 subicienter
745 5261 984 5330 exponit.
1030 5257 1138 5313 Sed
1175 5255 1441 5313 revolutio
1484 5253 1678 5324 lapidis
1726 5253 1955 5323 mystice

366 5350 766 5406 reserationem
805 5357 1266 5406 sacramentorum
1305 5344 1530 5412 Christi,
1551 5357 1670 5413 qua:
1693 5341 1958 5397 velamine

366 5439 570 5496 littera:
610 5440 744 5510 legis
783 5442 1123 5507 tenebantur,
1154 5438 1411 5494 insinuat.
1452 5433 1565 5491 Lex
1617 5432 1763 5489 enim
1789 5434 1845 5488 in
1883 5432 1962 5487 la-

366 5529 501 5604 pide
545 5530 751 5600 scripta
797 5538 885 5586 est
909 5549 921 5584 :
947 5528 1100 5600 cujus
1136 5528 1317 5584 ablato
1358 5525 1615 5598 tegmine,
1648 5522 1818 5595 gloria
1855 5538 1965 5580 re—

332 5622 739 5696 surrectionis
801 5630 1040 5683 ostensa.
1087 5628 1142 5676 et
1195 5618 1417 5674 abolitio
1465 5615 1655 5671 mortis
1707 5615 1963 5684 antiquae,

2054 3165 2235 3212 netur.
2292 3155 2429 3222 Quia
2480 3154 2646 3225 igitur
2671 3153 2978 3224 redemptor
3009 3164 3194 3210 noster
3225 3157 3340 3227 jam
3385 3171 3624 3226 praesen-

2055 3252 2124 3307 tis
2171 3252 2295 3305 vita:
2324 3249 2726 3319 corruptionem
2766 3251 3076 3316 transierat,
3101 3258 3248 3305 recte
3278 3251 3501 3322 angelus
3540 3250 3634 3320 qui

2052 3341 2304 3396 nuntiare
2349 3353 2642 3410 perennem
2670 3337 2787 3406 ejus
2814 3338 3042 3408 gloriam
3101 3350 3346 3408 venerat,
3389 3343 3444 3396 in
3498 3344 3629 3398 dex-

2057 3440 2140 3487 tra
2212 3429 2455 3484 sedebat.
2511 3427 2612 3495 Qui
2659 3428 2798 3482 stola
2855 3430 3084 3483 candida
3139 3439 3428 3499 coopertus
3470 3447 3634 3502 appa-r

2054 3522 2182 3587 ruit,
2225 3520 2352 3590 quia
2374 3517 2689 3573 festivitatis
2713 3525 2916 3572 nostra:
2939 3519 3133 3588 gaudia
3163 3521 3454 3574 nuntiavit.
3489 3521 3635 3576 Can-

2054 3614 2153 3668 dor
2173 3613 2373 3667 etenim
2403 3611 2587 3675 vestis,
2618 3609 2956 3679 splendorem
2977 3619 3175 3665 nostra:
3222 3611 3504 3667 denuntiat
3550 3628 3638 3668 so-

2055 3705 2349 3761 lemuitatis
2376 3722 2390 3758 :
2417 3701 2626 3758 Nostra;
2652 3701 2895 3758 dicamus
2933 3718 3000 3757 an
3039 3707 3190 3760 suae?
3233 3707 3325 3762 sed
3359 3716 3418 3762 ut
3464 3708 3637 3764 fatea—

2055 3813 2180 3852 mur
2220 3791 2424 3861 verius,
2446 3802 2501 3850 et
2540 3809 2652 3849 suae
2691 3793 2934 3849 dicamus
2965 3800 3020 3849 et
3043 3805 3263 3864 nostra},
3313 3798 3402 3852 illa
3433 3799 3633 3870 quippe

2056 3887 2416 3958 redemptoris
2468 3884 2641 3942 nostri
2694 3883 3045 3951 resurrectio,
3071 3893 3126 3939 et
3149 3896 3333 3942 nostra
3367 3887 3634 3955 festivitas

2058 3981 2175 4044 fuit,
2237 3979 2364 4050 quia
2398 3991 2496 4032 nos
2545 3975 2612 4029 ad
2673 3973 3136 4029 immortalitatem
3187 3977 3424 4042 reduxit,
3455 3987 3512 4032 et
3536 3994 3633 4032 an-

2055 4072 2301 4144 gelorum
2348 4067 2615 4124 festivitas
2655 4065 2885 4130 exstitit,
2928 4065 3052 4133 quia
3089 4081 3190 4121 nos
3219 4069 3524 4122 revocando
3566 4070 3636 4123 ad

2056 4159 2297 4217 caelestia
2339 4171 2526 4212 eorum
2557 4169 2842 4208 numerum
2872 4152 3132 4221 implevit.
3180 4154 3238 4208 ln
3267 4171 3360 4209 sua
3385 4171 3515 4228 ergo
3569 4171 3631 4210 ac

2055 4235 2244 4306 nostra
2285 4247 2579 4302 festivitate
2629 4242 2834 4313 angelis
2889 4244 2943 4297 in
2987 4244 3127 4300 albis
3170 4245 3411 4301 vestibus
3461 4261 3633 4317 appa-

2057 4342 2185 4408 ruit,
2218 4339 2341 4410 quia
2389 4338 2515 4393 dum
2549 4351 2648 4390 nos
2689 4351 2787 4406 per
2826 4337 3281 4392 resurrectionem
3308 4338 3634 4396 dominicam

2056 4433 2124 4489 ad
2169 4443 2404 4500 superna
2437 4425 2769 4490 reducimur,
2811 4424 3050 4480 caelestis
3095 4427 3286 4497 patriae
3323 4428 3518 4483 damna
3551 4446 3638 4486 re-

2054 4527 2334 4595 parantur.
2381 4517 2488 4573 Sed
2513 4514 2629 4585 jam
2658 4513 2787 4586 quid
2809 4511 3090 4570 venientes
3125 4514 3376 4571 fmminas
3416 4514 3635 4584 affatur,

2057 4613 2342 4670 audiamus

2131 4703 2311 4759 Nolite
2353 4717 2709 4772 expavescere,
2756 4699 2939 4755 Jesum
2979 4698 3215 4771 quarritis
3269 4697 3633 4762 Nazarenam,

2061 4793 2407 4863 Cruci/imum,
2472 4793 2721 4857 surrexit,
2756 4807 2860 4845 non
2904 4798 2979 4844 est
3037 4789 3141 4854 hic,
3187 4804 3302 4842 ecce
3365 4787 3511 4842 locus
3547 4774 3644 4841 ubi.

2058 4892 2340 4955 posuerunt
2382 4899 2521 4937 eum.
2569 4881 2767 4948 Nolite,
2811 4881 3007 4950 inquit,
3059 4895 3418 4948 expavescere,
3471 4892 3537 4933 ac
3587 4877 3636 4933 si

2056 4983 2244 5046 aperte
2291 4973 2434 5031 dicat
2460 4991 2473 5027 :
2504 4972 2745 5028 Paveant
2788 4971 2886 5037 illi,
2927 4971 3020 5042 qui
3051 4986 3158 5025 non
3206 4977 3390 5024 amant
3435 4969 3636 5024 adven-

2055 5074 2170 5122 tum
2209 5079 2566 5136 supernorum
2602 5063 2820 5128 civium,
2880 5061 3266 5133 pertimescant
3309 5060 3403 5130 qui
3442 5074 3634 5114 carna-

2057 5158 2197 5214 libus
2264 5156 2552 5212 desideriis
2601 5154 2806 5224 pressi,
2867 5152 2935 5207 ad
2987 5167 3177 5206 eorum
3205 5166 3263 5206 se
3318 5150 3634 5206 societatem

2059 5247 2367 5319 pertingere
2409 5261 2568 5317 posse
2607 5245 2915 5315 desperant.
2969 5241 3079 5298 Vos
3119 5249 3300 5297 autem
3357 5256 3457 5297 cur
3510 5255 3635 5310 per-

2061 5338 2371 5402 timescitis,
2411 5349 2531 5405 quae
2569 5343 2781 5390 vestros
2829 5332 3083 5388 concives
3128 5331 3358 5386 videtis?
3388 5329 3541 5386 Unde
3581 5335 3638 5381 et

2062 5429 2346 5484 Matthxus
2366 5426 2614 5497 angelum
2637 5423 2952 5495 apparuisse
2997 5422 3310 5478 describens
3355 5418 3470 5472 ait:
3502 5415 3631 5474 Erat

2066 5531 2241 5577 autem
2266 5527 2508 5588 aspectus
2546 5517 2663 5588 ejus
2687 5516 2822 5570 sicut
2843 5511 3045 5583 fulgur,
3067 5519 3115 5565 et
3139 5510 3496 5565 vestimentum
3519 5503 3634 5574 ejus

2069 5613 2202 5666 sicut
2246 5611 2355 5664 nix.
2409 5609 2466 5663 ln
2506 5606 2720 5677 fulgore
2764 5604 2966 5661 etenim
2997 5609 3171 5658 terror
3213 5596 3425 5653 timoris
3445 5604 3554 5668 est,
3581 5595 3641 5650 iu
