3954 6200
339 321 442 377 2‘27

345 444 469 498 nive
529 443 710 495 autem
773 420 1196 487 blandimentum
1266 415 1536 475 candoris.

347 533 692 604 omnipotens
747 524 910 586 Deus,
955 525 1011 573 et
1063 512 1321 572 terribilis
1379 514 1464 563 est
1526 495 1924 575 peccatoribus,

347 636 404 682 et
440 585 674 680 blandus
707 585 903 688 iustis,
949 616 1097 664 recte
1150 603 1303 659 testis
1344 589 1759 654 resurrectionis
1810 585 1930 655 ejus

350 713 575 788 angelus
620 678 774 764 etin
840 678 1047 771 fulgore
1095 696 1293 760 vultus,
1358 698 1412 746 et
1453 688 1507 742 in
1542 682 1779 740 candore
1827 678 1927 732 ha-

347 814 496 868 bitus
535 805 956 862 demonstratur,
1004 801 1066 849 ut
1114 790 1180 845 de
1210 789 1324 859 ipsa
1359 798 1456 839 sua
1483 776 1663 851 specie
1691 780 1932 830 etterre—

351 913 432 962 ret
458 899 736 973 reprobos,
774 899 829 946 et
854 860 1122 944 mulceret
1142 882 1263 953 pios
1291 897 1303 932 :
1327 875 1511 930 Iesum
1533 865 1770 944 qumritis
1815 860 1933 916 Na-

354 956 622 1051 zarenam.
670 985 829 1042 Iesus
869 979 1065 1034 Latino
1116 971 1331 1042 eloquio
1392 961 1670 1026 salutaris,
1722 956 1777 1012 id
1826 960 1933 1016 est,

351 1088 590 1144 salvator
616 1081 1022 1146 interpretatur.
1048 1067 1117 1122 At
1134 1080 1265 1121 vero
1285 1059 1439 1117 multi
1466 1059 1570 1111 hoc
1591 1051 1810 1108 nomine
1830 1043 1935 1101 dici

349 1184 602 1252 poterant
649 1143 804 1232 tunc,
827 1182 933 1222 non
976 1173 1154 1218 tamen
1195 1149 1643 1213 substantialiter,
1681 1143 1778 1198 sed
1801 1155 1939 1194 nun-

351 1228 623 1343 bupative,
650 1265 774 1320 ideo
805 1268 860 1316 et
885 1258 1039 1313 locus
1081 1249 1444 1321 subjungitur,
1489 1242 1633 1296 ntde
1663 1249 1771 1308 quo
1810 1228 1937 1288 Iesu

351 1331 558 1421 dictum
592 1331 664 1414 sit
695 1351 1073 1410 manifestetur
1100 1342 1464 1398 Nazarenum.
1507 1331 1576 1388 Et
1596 1342 1815 1385 causam
1849 1337 1942 1394 po-

354 1414 671 1512 tiusﬁs'uﬁbdit
695 1466 706 1498 ε
734 1441 1080 1509 Cruciﬁxum.
1123 1433 1300 1501 Atque
1328 1424 1533 1483 addidit
1567 1441 1579 1476 ε
1611 1414 1938 1476 Resurrexit,

358 1723 680 1794 majestatis.

433 1787 538 1872 Sed
564 1815 654 1877 ite,
686 1808 841 1863 dicite
875 1799 1145 1872 discipulis
1176 1797 1290 1868 ejus
1318 1803 1365 1848 et
1392 1789 1572 1854 Petro,
1594 1787 1718 1858 quia
1749 1796 1942 1854 pra‘ce-

357 1909 443 1963 det
471 1922 556 1961 vos
594 1904 647 1957 in
673 1897 972 1957 Galilaeam.
1014 1886 1371 1958 Quzerendum
1399 1880 1555 1936 nobis
1588 1883 1702 1942 est,
1732 1889 1830 1929 cur
1855 1887 1947 1926 no-

360 1996 582 2054 minatis
611 1987 884 2059 discipulis
913 1983 1111 2038 Petrus
1138 1976 1451 2047 designatur
1480 1985 1548 2024 ex
1577 1965 1819 2026 nomine,
1851 1958 1947 2016 sed

361 2092 408 2146 si
438 2091 582 2144 hunc
605 2080 825 2153 angelus
855 2071 1176 2132 nominatim
1203 2082 1310 2122 non
1342 2061 1689 2133 exprimeret,
1716 2053 1807 2124 qui
1833 2065 1947 2106 ma-

365 2182 595 2252 gistrum
627 2175 920 2242 negaverat
956 2163 1142 2219 venire
1189 2159 1331 2214 inter
1380 2149 1671 2221 discipulos
1719 2161 1826 2201 non
1855 2155 1951 2197 au-

365 2237 536 2324 deret.
573 2237 806 2318 Vocatur
831 2269 962 2326 ergo
987 2267 1051 2306 ex
1079 2247 1319 2310 nomine,
1345 2259 1413 2298 ne
1440 2237 1744 2311 desperarit
1763 2248 1830 2289 ex
1859 2245 1952 2287 ne-

361 2359 600 2430 gatione,
651 2367 758 2422 qua
801 2349 857 2402 in
901 2362 961 2401 re
1005 2335 1455 2400 considerandum
1494 2330 1652 2386 nobis
1701 2334 1805 2392 est,
1856 2339 1954 2378 cur

367 2449 710 2516 omnipotens
738 2438 883 2494 Deus
915 2449 1038 2490 eum
1078 2445 1239 2502 quem
1282 2431 1493 2481 cunctae
1520 2417 1778 2475 Ecclesia:
1813 2429 1955 2485 prae-

369 2538 511 2592 ferre
558 2534 921 2602 disposuerat,
970 2518 1178 2576 ancillae
1211 2529 1399 2571 vocem
1437 2511 1847 2582 pertimescere,
1902 2510 1959 2557 et

370 2628 607 2697 seipsum
661 2633 862 2691 negare
910 2610 1172 2686 permisit.
1231 2605 1386 2674 Quod
1439 2601 1697 2657 nimirum
1747 2609 1956 2664 magna:

371 2726 552 2772 actum
578 2710 792 2784 pietatis
826 2701 1229 2776 dispensatione
1255 2692 1633 2765 cognoscimus
1650 2729 1665 2755 ,
1705 2695 1766 2741 ut
1793 2685 1841 2740 is
1865 2683 1958 2753 qui

370 2777 726 2863 futuruserat
766 2807 953 2870 pastor
981 2791 1235 2848 Ecclesia:
1260 2828 1274 2853 ,
1313 2783 1368 2841 in
1399 2798 1495 2839 sua
1521 2779 1678 2850 culpa
1702 2777 1957 2839 disceret,

373 2901 605 2972 qualiter
631 2896 752 2950 aliis
781 2888 1028 2947 misereri
1059 2885 1353 2941 debuisset.
1386 2878 1546 2934 Prius
1572 2875 1759 2943 itaque
1780 2878 1961 2926 osten-

374 2967 451 3047 dit
475 3004 599 3044 eum
628 2985 761 3050 sibi,
805 2991 860 3037 et
888 2989 1012 3036 tunc
1040 2973 1333 3048 praeposuit
1375 2967 1623 3030 caeteris,
1668 2971 1730 3018 ut
1757 2978 1826 3017 ex
1862 2976 1959 3016 sua

375 3080 688 3137 inﬁrmitate
717 3076 1083 3144 cognosceret,
1119 3057 1294 3134 quam
1323 3053 1750 3116 misericorditer
1779 3052 1954 3106 aliena

375 3169 593 3223 inﬁrma
620 3163 896 3218 toleraret.
922 3158 1066 3212 Bene
1091 3161 1272 3208 autem
1293 3151 1358 3206 de
1388 3147 1751 3215 Rcdemptore
1776 3150 1960 3198 nostro

378 3258 580 3313 dicitur
613 3271 626 3306 :

451 3341 721 3398 Pra'cedet
759 3355 845 3394 vos
871 3336 928 3391 in
962 3331 1261 3396 Galilrram,
1297 3329 1368 3384 ibi
1408 3341 1527 3382 eum
1550 3323 1806 3389 videbitis,
1829 3323 1963 3377 sicut

381 3437 515 3492 dixit
559 3433 719 3489 vobis.
759 3429 980 3486 Galilzea
1003 3438 1238 3494 namque
1275 3415 1682 3488 transmigratio
1717 3416 1860 3471 facta
1886 3415 1967 3470 in-

381 3533 728 3598 terpretatur.
763 3519 884 3575 Iam
917 3517 1114 3588 quippe
1151 3513 1482 3582 Redemptor
1525 3515 1713 3564 noster
1759 3523 1790 3562 a
1838 3522 1966 3577 pas-

385 3619 535 3674 sione
563 3615 630 3669 ad
657 3609 1136 3672 resurrectionem,
1170 3619 1200 3659 a
1227 3610 1403 3658 morte
1430 3599 1497 3654 ad
1527 3600 1716 3663 vitam,
1755 3614 1787 3652 a
1808 3612 1968 3668 paena

385 3705 450 3761 ad
481 3704 728 3776 gloriam,
771 3716 801 3753 a
833 3694 1179 3764 corruptione
1205 3691 1270 3746 ad
1301 3689 1764 3760 incorruptionem
1792 3695 1971 3741 trans-

386 3799 739 3866 migraverat,
776 3797 831 3844 et
858 3787 1011 3858 prius
1040 3792 1162 3854 post
1190 3780 1646 3837 resurrectionem
1671 3777 1725 3833 in
1752 3775 1970 3832 Galilzna

387 3907 419 3945 a
456 3882 736 3957 discipulis
759 3881 996 3944 videtur,
1019 3871 1144 3948 quia
1165 3870 1580 3929 resurrectionis
1604 3870 1721 3942 ejus
1745 3870 1971 3940 gloriam

384 3987 511 4050 post
551 3975 659 4030 heti
682 3971 1021 4035 videbimus,
1070 3967 1114 4021 si
1151 3963 1310 4020 modo
1336 3979 1368 4018 a
1410 3961 1559 4018 vitiis
1603 3961 1673 4017 ad
1709 3961 1974 4015 virtutum

383 4065 770 4124 celsitudinem
817 4058 1286 4129 transmigramus.
1323 4052 1426 4120 Qui
1465 4067 1595 4123 ergo
1640 4050 1696 4106 in
1727 4049 1974 4121 sepulcro

393 4157 693 4217 nuntiatur,
717 4154 768 4208 in
793 4147 1269 4220 transmigratione
1298 4143 1476 4199 carnis
1496 4141 1826 4206 ostenditur,
1848 4139 1973 4210 quia

387 4249 440 4304 is
469 4249 558 4318 qui
586 4248 639 4301 in
656 4241 1071 4300 mortiﬁcatione
1092 4239 1273 4296 carnis
1289 4236 1623 4309 agnoscitur,
1648 4235 1702 4290 in
1722 4232 1976 4289 transmi-

383 4340 639 4412 gratione
673 4335 871 4392 mentis
898 4332 1130 4388 videtur.

724 4467 923 4528 FERIA
961 4464 1278 4521 SECUNDA
1319 4461 1633 4518 PASCHIE.

648 4595 842 4638 LECTIO
872 4591 1084 4632 ACTUUH
1123 4589 1524 4637 Λιιοετοιοιιωι,
1563 4587 1680 4627 CAP.
1719 4589 1772 4625 Χ.

481 4713 497 4744 ι
545 4693 709 4748 Stans
750 4689 946 4743 Petrus
976 4685 1028 4740 in
1071 4683 1248 4739 medio
1282 4683 1455 4752 plebis
1499 4681 1676 4735 dixit:
1714 4680 1830 4734 Viri
1869 4682 1982 4734 ira-

402 4809 428 4841 (
475 4799 618 4854 tres,
653 4783 891 4840 Verbum
923 4781 1068 4836 misit
1098 4779 1240 4834 Deus
1275 4778 1399 4834 ﬁliis
1423 4776 1620 4842 Israel,
1657 4775 1985 4830 annuntians

401 4898 430 4930 1
473 4891 658 4949 pacem
685 4890 782 4946 per
811 4870 997 4928 Iesum
1022 4868 1322 4933 Christum,
1347 4867 1438 4922 hic
1459 4874 1544 4921 est
1582 4864 1842 4920 Dominus
1867 4877 1978 4916 om-

401 4991 430 5022 ‹‹
475 4969 644 5034 nium,
672 4981 767 5023 vos
796 4965 948 5021 scitis
973 4961 1116 5034 quod
1146 4960 1349 5016 factum
1378 4971 1462 5014 est
1482 4958 1704 5013 verbum
1729 4971 1824 5026 per
1853 4955 1979 5010 uni-

403 5079 430 5112 q
476 5073 684 5114 versam
703 5055 963 5121 Iudaeam,
997 5052 1258 5122 incipiens
1278 5049 1423 5105 enim
1445 5065 1474 5103 a
1504 5046 1725 5103 Galilma
1754 5054 1876 5117 post
1895 5047 1986 5101 ba-

406 5173 432 5206 ‹
478 5152 755 5224 ptismum,
782 5148 924 5220 quod
949 5145 1263 5216 praedicavit
1286 5141 1522 5197 Joannes
1543 5138 1728 5194 Iesum
1760 5154 1789 5192 a
1817 5137 1986 5193 Naza-

408 5261 436 5295 ‹
481 5243 616 5307 reth,
651 5240 918 5310 quomodo
942 5235 1160 5292 unxerit
1177 5251 1300 5290 eum
1327 5234 1467 5289 Deus
1491 5231 1695 5304 Spiritu
1719 5241 1906 5287 sancto
1932 5240 1988 5288 et

412 5353 437 5387 ς
483 5333 700 5388 virtute.
729 5329 831 5398 Qui
867 5327 1216 5401 pertransivit
1249 5323 1638 5381 benefaciendo
1667 5331 1721 5378 et
1748 5321 1990 5380 sanando

416 5446 439 5479 ι
481 5439 670 5482 omnes
710 5435 997 5494 oppressos
1039 5435 1071 5472 a
1110 5417 1324 5472 diabolo
1349 5456 1363 5482 ,
1399 5415 1656 5487 quoniam
1688 5413 1831 5470 Deus
1871 5423 1992 5469 erat

416 5538 441 5570 ‹
483 5533 608 5574 cum
651 5516 762 5571 illo.
801 5513 866 5568 Et
897 5527 996 5567 nos
1033 5519 1200 5566 testes
1226 5523 1412 5562 sumus
1449 5505 1690 5561 omnium
1718 5521 1838 5576 qua:
1867 5503 1996 5560 fecit

420 5629 442 5660 ε
477 5609 539 5666 ἰη
570 5610 788 5681 regione
817 5604 1124 5662 Iudteorum
1151 5611 1207 5656 et
1247 5599 1602 5660 llierusalem.
1651 5574 1810 5669 quem
1849 5574 1996 5654 oeci-

416 5719 443 5750 4
490 5702 683 5756 derunt
719 5699 1106 5766 suspendentes
1152 5698 1203 5750 in
1240 5696 1406 5762 ligno.
1450 5694 1602 5750 lianc
1648 5691 1790 5748 Deus
1820 5693 1990 5747 susci-

1624 284 1904 347 SMARAG
1914 283 1979 338 Di
2021 276 2308 336 ABBATIS

1608 408 1746 476 Quia
1790 415 1922 458 vero
1951 401 2001 462 Α
2032 415 2052 448 ι
2096 396 2232 450 tavit
2255 392 2414 449 tertia
2450 388 2537 444 die
2569 393 2623 441 et
2653 381 2804 438 dedit
2827 389 2951 432 eum
2986 365 3332 428 manifestum
3360 362 3476 419 ﬁeri
3503 377 3612 418 non

3502 237 3608 299 ἓξὲξ

2035 505 2054 540 ι
2099 484 2247 542 omni
2269 481 2482 556 populo,
2520 477 2614 533 sed
2635 473 2862 531 testibus
2885 459 3263 538 praeordinatis
3299 472 3330 511 a
3355 457 3487 520 Deo,
3517 469 3615 509 uo—

2036 598 2055 630 ι
2099 579 2184 634 bis
2221 546 2316 646 qui
2340 546 2794 629 inanducavimus
2819 567 2875 616 et
2915 555 3152 613 bibimus
3194 564 3317 605 cum
3352 546 3445 602 illo
3468 553 3619 616 post—

2035 687 2056 722 ‹
2098 640 2260 740 quam
2289 661 2591 722 resurrexit
2618 674 2649 712 a
2669 651 2920 716 mortuis,
2947 655 3003 704 et
3021 643 3280 716 praecepit
3307 640 3463 696 nobis
3484 653 3630 708 pra:-

2038 781 2057 815 ‹
2104 730 2286 816 dicare
2307 755 2508 828 popqu
2536 759 2593 806 et
2619 741 2932 807 testiﬁcari,
2959 739 3087 809 quia
3111 737 3229 806 ipse
3253 740 3338 788 est
3367 730 3460 802 qui
3485 744 3625 786 con-

2039 873 2058 907 ι
2107 854 2328 909 stitutus
2368 858 2453 904 est
2487 863 2518 902 a
2551 847 2661 901 Deo
2691 842 2857 915 iudex
2884 836 3130 891 vivorum
3166 837 3223 884 et
3257 834 3622 882 mortuorum.

2041 963 2060 997 ι
2105 943 2243 1000 Huic
2280 956 2468 998 omnes
2487 939 2764 1010 prophetae
2788 927 3156 986 testimonium
3186 920 3496 992 perhibent,
3535 932 3622 972 re-

2042 1054 2064 1090 ι
2108 1034 2422 1091 missionem
2452 1006 2799 1100 peccatorum
2837 1019 3084 1088 accipere
3112 1026 3211 1084 per
3251 1023 3450 1066 nomen
3479 1006 3619 1078 ejus,

2045 1147 2063 1182 ‹
2111 1141 2301 1184 omnes
2325 1123 2419 1194 qui
2443 1122 2672 1178 credunt
2700 1119 2755 1172 in
2780 1130 2924 1171 eum.
2970 1131 2990 1164 ι

2122 1217 2347 1272 Verbum
2372 1213 2511 1268 misit
2534 1209 2792 1264 Dominus
2812 1203 2938 1274 ﬁliis
2968 1196 3162 1263 Israel,
3191 1194 3511 1250 annuntians
3531 1206 3625 1260 pa-

2041 1329 2152 1369 cem
2179 1327 2271 1382 per
2287 1309 2472 1365 Iesum
2491 1303 2781 1360 Christum.
2810 1296 3047 1352 Verbum
3074 1290 3165 1348 hic
3193 1287 3416 1342 missum
3447 1283 3626 1346 Evan-

2043 1407 2243 1480 gelium
2267 1401 2421 1466 dicit,
2451 1398 2564 1455 sive
2596 1396 2772 1466 ipsum
2794 1388 3079 1446 Dominum
3104 1381 3290 1438 Iesum
3322 1376 3623 1440 Christum,

2043 1470 2173 1570 quia
2206 1493 2479 1566 Apostolis
2519 1490 2598 1545 ait
2629 1503 2644 1542 :
2675 1484 2870 1539 Pacem
2910 1494 3079 1535 meam
3116 1474 3184 1528 do
3228 1470 3392 1535 vobis,
3439 1482 3624 1538 pacem

2047 1609 2218 1648 meam
2258 1583 2561 1644 commendo
2593 1580 2755 1636 vobis.
2803 1575 2907 1643 Qui
2939 1579 3020 1628 est
3057 1566 3302 1626 omnium
3327 1561 3624 1623 Dominus,

1992 1714 1998 1719 ι
2052 1686 2105 1738 in
2133 1683 2238 1737 hoc
2269 1684 2514 1750 apparet,
2550 1672 2756 1742 inquit,
2792 1669 2962 1723 Deum
2991 1668 3330 1730 acceptorem
3369 1669 3477 1710 non
3507 1666 3631 1708 esse

1970 1751 2017 1810 Β
2045 1784 2421 1846 personarum,
2464 1765 2593 1836 quia
2619 1760 2816 1816 Filium
2858 1769 3016 1811 suum
3056 1746 3398 1819 unigenitum
3435 1742 3529 1813 qui
3570 1749 3629 1796 et

2045 1845 2305 1921 Dominus
2341 1858 2583 1915 omnium
2619 1863 2784 1922 atque
2829 1845 3081 1903 conditor
3113 1849 3219 1907 est,
3272 1851 3396 1894 cum
3433 1847 3634 1906 genere

2047 1959 2283 2012 humano
2305 1963 2496 2023 pacem
2525 1944 2705 2000 facere
2736 1941 2905 1996 misit.

2125 2045 2231 2101 Vos
2268 2018 2414 2099 scitis
2448 2037 2587 2111 quod
2622 2036 2823 2106 factum
2853 2038 2928 2084 est
2971 2024 3183 2081 verbum
3212 2037 3306 2092 per
3336 2018 3636 2073 universam

2047 2137 2315 2193 Iudaeam.
2357 2106 2626 2199 Quoniam
2665 2125 2906 2182 Verbum
2944 2118 3042 2174 Dei
3071 2128 3200 2172 caro
3238 2106 3382 2167 facta
3407 2107 3636 2163 verbum

2050 2237 2154 2296 est,
2186 2227 2240 2282 id
2269 2233 2385 2290 est,
2419 2222 2677 2294 quoniam
2699 2218 2937 2273 humana
2969 2217 3164 2264 natura
3204 2205 3326 2261 sine
3352 2200 3475 2257 ullis
3499 2213 3640 2268 prae-

2053 2291 2370 2378 cedentibus
2405 2291 2673 2371 bonorum
2711 2320 2937 2377 operum
2965 2299 3196 2360 meritis.
3231 2295 3330 2351 Dei
3355 2291 3536 2347 Verbo
3555 2296 3641 2345 est

2055 2415 2110 2468 in
2136 2419 2296 2468 utero
2316 2405 2558 2478 Virginis
2584 2399 2858 2472 copulata,
2894 2397 2966 2449 ita
2991 2400 3053 2446 ut
3077 2403 3200 2445 cum
3227 2386 3322 2442 illo
3347 2383 3506 2438 ﬁeret
3528 2394 3638 2434 una

2054 2514 2318 2572 persona,
2351 2471 2552 2553 obviioc
2583 2471 2708 2548 eum
2736 2485 3060 2545 conﬁtemur
3097 2487 3286 2534 natum
3322 2474 3394 2531 de
3429 2471 3638 2544 Spiritu

2059 2600 2248 2650 sancto
2273 2597 2327 2646 et
2355 2587 2527 2642 Maria
2555 2583 2786 2655 virgine.

2135 2677 2403 2754 Incipiens
2429 2697 2460 2732 a
2487 2653 2711 2732 Galilcea
2737 2679 2852 2742 post
2876 2665 3207 2738 baptismum.
3231 2657 3366 2715 Cum
3385 2653 3645 2712 Ecclesiae

2062 2745 2270 2848 regula.
2285 2773 2359 2829 sit
2389 2770 2576 2826 ﬁdeles
2604 2768 2659 2822 in
2687 2763 2907 2820 nomine
2930 2764 3130 2815 sanctae
3151 2750 3438 2808 Trinitatis
3462 2745 3644 2817 bapti-

2062 2834 2198 2934 zait,
2214 2864 2476 2936 quaeritur
2497 2855 2768 2931 quomodo
2795 2853 2972 2908 Lucas
2995 2863 3092 2919 per
3110 2853 3281 2900 totum
3296 2839 3458 2909 hujus
3477 2834 3644 2892 libelli

2061 2928 2291 3022 textum,
2330 2970 2436 3010 non
2465 2928 2622 3007 aliter
2652 2961 2815 3018 quam
2837 2944 2893 2998 in
2919 2939 3135 2996 nomine
3157 2935 3283 2990 Iesu
3315 2930 3518 2987 Christi
3547 2928 3648 2982 ba-

2061 3049 2322 3119 ptismum
2336 3043 2453 3100 dari
2477 3015 2728 3102 testetur,
2749 3033 2892 3105 quod
2911 3032 2983 3086 ita
2997 3030 3189 3084 beatus
3201 3021 3521 3079 Ambrosius
3541 3015 3650 3073 solo'

2063 3109 2162 3194 'vn.
2205 3135 2315 3209 (Ea:
2339 3129 2606 3202 Ambros.)
2652 3126 2807 3195 Quod
2831 3137 2931 3194 per
2959 3121 3224 3175 unitatem
3260 3111 3495 3168 nominis
3541 3109 3631 3163 imo

2063 3201 2266 3300 pictum
2293 3222 2610 3298 mysterium
2642 3219 2736 3283 sit,
2768 3215 2895 3285 quia
2926 3211 3042 3266 sive
3073 3205 3351 3264 Christum
3393 3201 3562 3265 dicas,
3597 3208 3655 3253 et

2065 3295 2236 3376 Deum
2275 3295 2526 3380 Patrem,
2562 3329 2594 3368 a
2632 3324 2740 3382 quo
2770 3315 2966 3363 unctus
3005 3310 3089 3358 est
3126 3297 3332 3362 Filius,
3376 3304 3433 3351 et
3475 3295 3654 3365 ipsum

2069 3411 2159 3481 qui
2191 3416 2389 3464 unctus
2410 3412 2496 3460 est
2523 3401 2742 3464 Filium,
2769 3405 2826 3452 et
2854 3393 3115 3466 Spiritum
3146 3403 3252 3460 quo
3289 3393 3487 3442 unctus
3511 3384 3626 3440 desi

2068 3477 2265 3575 gnasti.
2307 3497 2581 3567 Scriptum
2615 3500 2699 3548 est
2724 3489 2869 3545 enim
2899 3500 2914 3540 :
2947 3485 3130 3539 Iesum
3163 3499 3194 3535 a
3224 3477 3495 3532 Nazareth
3518 3491 3623 3546 quo

2069 3566 2225 3646 modo
2270 3566 2580 3642 unxiteum
2614 3581 2756 3638 Deus
2793 3577 2998 3648 Spiritu
3043 3581 3243 3630 sancto.
3285 3568 3412 3626 Sive
3435 3566 3658 3622 Patrem

2071 3684 2220 3740 dicas
2254 3691 2310 3737 et
2346 3680 2540 3735 Filium
2565 3675 2701 3748 ejus,
2741 3681 2798 3729 et
2825 3670 3090 3743 Spiritum
3114 3667 3308 3721 horum
3338 3662 3545 3732 pariter
3573 3659 3629 3714 in
3658 3690 3660 3692 τ

2070 3773 2285 3838 dicasti,
2317 3772 2363 3826 si
2387 3779 2564 3824 tamen
2587 3767 2642 3822 id
2662 3773 2719 3820 et
2745 3762 2908 3819 corde
2929 3753 3378 3827 comprehcndas,
3399 3751 3513 3806 sive
3536 3748 3635 3820 Spi

2071 3872 2238 3928 ritum
2269 3869 2418 3925 dicas
2437 3906 2451 3932 ,
2481 3872 2537 3920 et
2567 3863 2738 3917 Deum
2766 3856 3006 3918 Patrem,
3043 3867 3074 3905 a
3103 3865 3210 3921 quo
3249 3843 3496 3919 procedit
3535 3841 3633 3912 Spi

2073 3961 2249 4025 ritus,
2297 3966 2353 4014 et
2400 3955 2596 4010 Filium
2623 3991 2638 4018 ,
2669 3948 2795 4020 quia
2823 3944 2948 4000 Filii
2993 3955 3209 4013 quoque
3257 3945 3344 3992 est
3392 3934 3665 4006 Spiritus.

2075 4045 2419 4118 nuncupasti.
2454 4041 2608 4099 Unde
2639 4048 2699 4095 ut
2727 4035 2963 4094 orationi
3009 4030 3295 4102 copuletur
3339 4024 3660 4089 auctoritas,

2075 4143 2130 4198 in
2180 4115 2376 4211 spiritu
2402 4148 2618 4208 quoque
2660 4138 2810 4186 recte
2855 4122 3123 4196 baptizari
3164 4135 3264 4175 nos
3306 4133 3467 4191 posse
3512 4115 3636 4171 Scri

2075 4204 2235 4306 ptura
2261 4204 2487 4293 indicit,
2502 4204 2714 4282 dicente
2737 4218 2966 4276 Domino
2993 4231 3006 4270 :
3043 4209 3147 4267 Vos
3168 4220 3344 4265 autem
3372 4204 3667 4278 baptizabi-

2077 4296 2206 4381 iuim'
2236 4324 2291 4376 in
2313 4320 2513 4390 Spiritu
2537 4323 2743 4379 sancto,
2773 4321 2829 4365 et
2853 4305 3144 4379 Apostolus
3169 4303 3246 4357 ait
3269 4319 3282 4355 :
3308 4296 3500 4354 Omnes
3521 4297 3666 4350 enim

2003 4432 2057 4492 Ι)
2083 4418 2137 4472 in
2165 4413 2276 4486 ipso
2300 4387 2532 4481 corpore,
2559 4409 2614 4461 in
2636 4421 2742 4460 uno
2768 4403 2958 4473 spiritu
2982 4395 3238 4469 baptizati
3259 4407 3463 4448 sumus.
3490 4387 3668 4446 Aliter

2087 4507 2357 4579 praecipue
2383 4501 2633 4574 congruit
2660 4513 2760 4553 nos
2788 4493 3083 4551 in-nomine
3125 4486 3336 4545 Domini
3365 4484 3493 4542 Iesu
3512 4483 3673 4539 Chri-

2087 4573 2154 4654 sti
2183 4573 2654 4666 baptizari,rquia
2689 4588 2832 4643 sicut
2875 4581 3164 4655 Apostolus
3205 4579 3324 4633 ait:
3357 4573 3670 4644 Quicunque

2088 4664 2336 4758 baptismi
2370 4699 2549 4739 sumus
2575 4683 2631 4735 in
2663 4679 2871 4734 Christo
2901 4672 3060 4740 Iesu,
3092 4673 3146 4726 in
3172 4679 3338 4726 morte
3375 4667 3541 4738 ipsius
3576 4664 3671 4718 ba-

2085 4778 2269 4850 ptisati
2289 4791 2488 4830 sumus.

2161 4874 2315 4942 Quod
2344 4871 2648 4944 prwdicavit
2670 4869 2900 4923 Ioannes
2929 4863 3113 4919 Iesum
3138 4879 3170 4915 a
3211 4855 3506 4920 Nazaretlt,
3536 4868 3676 4924 quo-

2092 4967 2245 5023 modo
2268 4967 2416 5019 unxit
2435 4981 2575 5029 eum,
2605 4971 2709 5016 etc.
2731 4956 3052 5014 Praedicavit
3079 4967 3209 5024 ergo
3233 4946 3468 5006 Ioannes
3487 4943 3676 5000 Iesum

2093 5059 2234 5114 sicut
2281 5055 2435 5112 unxit
2467 5070 2589 5110 eum
2631 5053 2774 5107 Deus
2803 5049 3010 5120 Spiritu
3059 5051 3270 5108 sancto,
3315 5049 3444 5095 tunc
3483 5037 3680 5106 utique

2094 5165 2217 5206 cum
2259 5145 2463 5203 diccbat
2503 5163 2515 5198 :
2553 5144 2673 5215 Ipse
2707 5159 2792 5196 vos
2833 5137 3118 5212 baptizabit
3159 5137 3214 5190 in
3254 5133 3457 5205 Spiritu
3489 5138 3681 5184 sancto

2097 5239 2291 5312 (Marc.
2327 5236 2390 5308 ι).
2422 5235 2489 5290 Et
2513 5234 2705 5290 iterum
2739 5250 2750 5284 :
2781 5227 2919 5296 Quia
2946 5229 3050 5285 uidi
3085 5225 3339 5298 Spiritum
3359 5218 3685 5275 descenden-

2093 5339 2195 5384 tem
2223 5328 2376 5402 quasi
2400 5322 2693 5379 co'umbam
2718 5337 2874 5391 super
2902 5334 3020 5374 eum
3045 5316 3226 5390 (Ioan.
3267 5313 3327 5384 l).
3359 5308 3569 5367 Unctus
3591 5316 3686 5361 est

2095 5435 2222 5489 ergo
2237 5399 2422 5480 Iesus,
2452 5429 2559 5469 non
2597 5411 2716 5467 oleo
2736 5408 2958 5478 visibili,
2993 5407 3089 5464 sed
3118 5405 3260 5460 dono
3285 5401 3494 5473 gratim,
3531 5399 3686 5468 quod

2094 5501 2292 5566 visibiii
2322 5505 2661 5578 signiﬁcatur
2699 5513 3005 5573 unguento,
3046 5513 3154 5570 quo
3183 5496 3486 5567 baptizatos
3525 5490 3690 5562 ungit

2097 5597 2356 5654 Ecclesia.
2390 5594 2501 5652 Nec
2534 5604 2714 5650 tamen
2739 5601 2866 5647 tunc
2899 5598 3093 5644 unctus
3120 5597 3204 5643 est
3231 5586 3434 5658 Spiritu
3463 5589 3689 5647 sancto,

2097 5691 2348 5759 quoniam
2385 5704 2544 5756 super
2583 5701 2704 5741 eum
2740 5683 3071 5753 baptizatum
3111 5678 3252 5734 velut
3296 5675 3543 5731 columba
3579 5672 3686 5726 dc-
