3954 6200
311 282 413 338 ερθ

1115 275 1629 334 COLLECTIONES
1667 273 1732 329 IN
1773 269 2160 328 EPISTOLAS
2202 270 2284 324 ET
2328 267 2734 326 EVANGELIA.

3469 279 3574 338 2'30

307 391 540 449 scendit.
575 387 726 444 Tunc
766 388 912 444 enim
935 401 1133 458 corpus
1161 403 1339 453 suum,
1371 388 1422 442 id
1453 398 1559 452 est,
1589 385 1887 442 Ecclesiam
1917 389 1962 446 Α
1994 381 2172 452 (Joun.
2210 382 2283 452 v).
2313 381 2446 436 item
2483 383 2597 453 ipse
2621 394 2678 438 et
2717 392 3036 453 potestatem
3068 385 3215 441 dedit
3236 388 3284 442 ei
3305 387 3571 458 judicium

307 499 459 539 suam
490 479 842 551 prmligurare
864 479 1120 549 dignatus
1146 487 1231 533 est
1247 520 1263 544 ,
1291 480 1345 533 in
1368 495 1477 548 qua
1503 477 1774 549 praecipue
1790 478 1889 532 ba-

307 573 494 645 ptizati
523 570 796 639 accipiunt
818 568 1080 638 Spiritum
1111 577 1381 636 sanctum,
1409 568 1506 625 sed
1528 570 1632 624 ista
1662 567 1890 640 mystica

305 675 358 720 et
381 662 639 718 invisibili
665 661 936 716 unctione.

379 754 482 819 Qui
512 752 820 822 pertransiit
855 749 1224 819 benefaciendo
1259 758 1308 804 et
1335 749 1574 804 sanando
1597 764 1771 804 omnes
1799 764 1892 818 op-

304 860 510 916 pressos
530 861 564 896 α
581 841 816 908 diabolo,
845 849 948 896 etc.
972 841 1030 895 ld
1051 848 1156 906 est,
1181 841 1344 895 Pater
1366 855 1487 894 cum
1517 838 1673 904 Filio,
1699 838 1890 893 melius

305 943 391 990 est
419 935 560 989 enim
603 932 685 987 sic
713 931 1013 1002 intelligam
1046 945 1209 999 quam
1240 929 1581 984 divinitatem
1609 926 1732 982 Filii
1765 942 1890 981 cum

305 1024 525 1083 homine
567 1038 728 1093 quam
764 1021 1068 1090 adsumpsit
1112 1021 1514 1075 cohabitantem
1552 1018 1848 1090 signiﬁcari
1871 1057 1887 1084 ,

305 1128 483 1183 neque
507 1113 708 1168 Christi
733 1126 1023 1180 personam
1052 1110 1356 1179 geminare,
1379 1118 1435 1165 et
1459 1110 1512 1164 in
1538 1108 1774 1164 Nestorii
1797 1108 1892 1163 do-

304 1220 431 1276 gma
467 1205 662 1259 cadere
687 1203 988 1258 videamur.

379 1294 547 1360 Quem
599 1294 898 1348 occiderunt
937 1293 1307 1362 suspendentes
1345 1293 1401 1347 in
1438 1293 1598 1362 ligno.
1641 1291 1890 1347 Christus

301 1400 498 1456 passus
520 1394 601 1439 est
621 1425 635 1446 ,
675 1383 972 1438 moriamur
997 1390 1240 1452 peccato,
1270 1381 1520 1437 Christus
1549 1382 1885 1447 resurrexit,

302 1479 552 1532 vivamus
601 1475 710 1531 Deo
739 1513 754 1538 ,
816 1473 1066 1529 Christus
1134 1472 1350 1527 transiit
1400 1473 1466 1529 de
1523 1472 1627 1528 hoc
1689 1472 1890 1528 mundo

299 1570 373 1625 ad
419 1550 634 1622 Patrem
663 1607 678 1632 ,
724 1581 831 1620 non
870 1565 958 1618 hic
990 1565 1194 1619 haereat
1235 1579 1333 1618 cor
1378 1571 1647 1631 nostrum,
1688 1565 1784 1620 sed
1820 1563 1890 1619 ad

298 1675 538 1730 superna
575 1666 833 1728 sequatur
875 1663 1036 1724 caput
1061 1662 1326 1719 nostrum,
1358 1655 1614 1726 pependit
1636 1655 1691 1711 in
1720 1655 1885 1724 ligno,

297 1747 798 1818 concupiscentiam
826 1747 1010 1802 carnis
1039 1745 1438 1816 cruciﬁgamus.

372 1839 425 1894 ΙΙ
433 1856 532 1893 unc
548 1838 690 1892 Deus
703 1837 972 1892 suscitavit
995 1836 1150 1891 tertia
1173 1835 1279 1889 die.
1303 1835 1436 1902 Quis
1456 1835 1740 1890 suscitavit
1756 1849 1884 1892 eum

295 1930 408 1984 nisi
438 1927 727 1983 invisibilis
756 1927 928 1982 Deus?
957 1926 1223 1982 Dormivit
1252 1926 1398 1981 enim
1418 1935 1476 1980 et
1500 1941 1747 1982 somnum
1771 1941 1884 1984 cm-

293 2021 381 2089 pit
417 2026 475 2072 et
510 2017 832 2080 exsurrexit,
877 2017 1134 2086 quoniam
1169 2017 1429 2071 Dominus
1456 2017 1696 2085 suscepit
1723 2033 1880 2085 eum,

295 2110 388 2166 cui
425 2109 680 2163 dixerat:
715 2105 922 2162 Suscita
961 2123 1044 2162 me
1084 2116 1131 2161 et
1172 2106 1387 2160 reddam
1429 2109 1505 2162 eis
1545 2106 1727 2179 (Psal.
1758 2107 1874 2181 ιι).

298 2202 551 2256 Traditus
589 2211 662 2254 est
689 2209 891 2270 propter
921 2198 1111 2254 delicta
1139 2211 1340 2266 nostra,
1371 2211 1421 2256 et
1459 2204 1740 2258 resurrexit
1761 2220 1884 2273 pro-

293 2304 413 2363 pter
442 2291 878 2361 justiﬁcationem
909 2300 1140 2344 nostram
1174 2289 1462 2364 (Rom.tv).
1502 2292 1620 2347 Erit
1645 2294 1791 2349 enim
1824 2301 1884 2350 et

293 2385 457 2438 nobis
483 2382 642 2451 hujus
671 2381 852 2436 seaculi
873 2390 1030 2437 nocte
1053 2382 1314 2437 translata
1349 2385 1676 2440 resurrectio
1699 2387 1882 2444 carnis

293 2475 365 2530 ad
402 2488 652 2544 regnum,
692 2471 850 2541 cujus
889 2473 943 2526 in
975 2472 1152 2542 capite
1175 2479 1366 2528 nostro
1389 2476 1666 2544 praecessit
1690 2488 1878 2532 exem-

293 2565 467 2635 plum.
512 2564 758 2620 Surrexit
799 2572 856 2619 et
891 2564 1090 2620 volavit
1132 2566 1186 2621 in
1231 2565 1398 2620 altum
1426 2605 1442 2630 ,
1487 2575 1544 2621 et
1582 2582 1682 2637 pro
1723 2569 1881 2624 nobis

293 2658 493 2712 unicus
513 2657 831 2728 .intermllat
853 2658 909 2712 in
937 2657 1096 2714 οωιο.
1125 2656 1353 2713 Praestat
1379 2673 1504 2713 cum
1530 2657 1710 2726 Patre,
1737 2661 1882 2729 quod

293 2749 603 2818 postularat
645 2763 677 2802 a
707 2748 902 2815 Patre,
948 2749 1075 2818 quia
1119 2749 1387 2804 mediator
1425 2759 1511 2805 est
1545 2760 1602 2806 et
1644 2762 1877 2807 creator.

293 2839 563 2894 Mediator
592 2848 648 2894 ut
686 2850 894 2910 poscat,
924 2849 1140 2895 creator
1181 2851 1242 2895 ut
1283 2841 1507 2897 tribuat.
1540 2842 1882 2899 Fidelissimo

289 2930 466 2999 igitur
492 2940 546 2984 et
576 2930 840 2985 ﬁdissimo
871 2930 1064 2986 aﬂ‘ectu
1095 2932 1145 2985 ei
1180 2932 1478 2986 orationem
1509 2947 1672 3001 quam
1697 2934 1882 2990 docuit

290 3020 614 3090 allegemus,
636 3021 861 3090 utquod
894 3020 1196 3076 faciendum
1216 3020 1398 3090 jussit,
1429 3023 1544 3092 ipso
1570 3021 1875 3092 adjuvante,

1991 475 2194 538 lacere,
2231 475 2358 542 quia
2385 473 2552 530 Filius
2585 475 2820 532 hominis
2857 485 2961 533 est.
3003 477 3136 544 Quis
3165 478 3346 534 dedit?
3389 481 3572 550 Pater,

1991 564 2076 617 cui
2101 564 2278 618 dedit?
2308 564 2464 629 Filio,
2503 566 2593 621 cui
2617 568 2763 622 enim
2793 568 2941 624 dedit
2969 569 3136 623 vitam
3161 571 3359 626 habere
3391 573 3444 627 in
3483 589 3571 632 se-

1991 652 2243 721 metipso,
2277 653 2380 708 iste
2409 652 2677 719 Christus,
2707 665 2762 710 et
2785 656 2951 712 Filius
2975 657 3069 713 Dei
3103 669 3156 714 et
3188 660 3355 716 Filius
3393 663 3571 720 homi-

1991 743 2076 797 nis
2102 752 2202 807 est,
2237 744 2462 813 proinde
2488 745 2614 814 quia
2653 747 2820 802 Filius
2848 749 3084 803 hominis
3105 759 3210 816 est,
3241 754 3452 822 accepit
3479 770 3576 824 po-

1993 841 2243 888 testatem
2281 842 2337 888 et
2364 835 2627 905 judicium
2669 836 2868 901 facere,
2913 840 3057 907 quod
3088 837 3350 907 judicium
3380 843 3434 896 in
3467 845 3575 899 line

1991 923 2170 977 smculi
2203 923 2325 976 erit.
2359 924 2475 993 Ipse
2508 925 2651 978 enim
2676 925 2918 980 ascendit
2942 927 2996 980 in
3028 928 3217 994 caelos,
3246 939 3302 984 et
3335 933 3476 986 sedit
3501 933 3570 986 ad

1991 1013 2269 1068 dexteram
2309 1015 2518 1081 Patris,
2569 1016 2696 1072 inde
2743 1027 3004 1073 venturus
3037 1017 3286 1086 judicare
3332 1023 3482 1078 vivos
3518 1031 3576 1077 et

1989 1117 2252 1160 mortuos.

2058 1197 2198 1251 Huic
2227 1215 2403 1252 omnes
2435 1201 2698 1270 propheta:
2718 1203 3070 1256 testimonium
3097 1203 3382 1272 perhibent.
3415 1202 3570 1270 Qua:-

1987 1302 2199 1357 cunque
2228 1298 2450 1359 propter
2473 1289 2775 1348 faciendam
2807 1293 2966 1347 tidem
3008 1294 3380 1362 temporaliter
3417 1305 3571 1364 gesta

1988 1391 2112 1434 sunt
2140 1389 2233 1435 aut
2261 1383 2566 1438 testimonia
2599 1384 2878 1439 missionis
2907 1385 3065 1454 hujus
3093 1383 3333 1451 fuerunt,
3364 1395 3457 1440 aut
3487 1385 3566 1455 ip-

1989 1485 2102 1525 sam
2129 1473 2438 1527 missionem
2464 1473 2584 1528 Filii
2615 1476 2708 1529 Dei
2733 1477 3235 1545 pronunti-nerunt.

2058 1561 2432 1617 Remissionem
2457 1574 2787 1632 peccatorum
2815 1566 3066 1634 accipere.
3091 1564 3270 1634 Ipsum
3294 1565 3438 1620 enim
3468 1567 3569 1620 Da-

1997 1651 2077 1706 vid
2122 1653 2438 1719 exhortans,
2469 1655 2545 1706 ait
2583 1653 2864 1724 :Ampiius
2907 1653 3026 1708 lava
3062 1671 3143 1709 me
3185 1655 3250 1708 ab
3291 1656 3565 1727 iniquitate

1913 1753 1961 1813 Β
1988 1760 2125 1809 mea,
2142 1755 2188 1798 et
2203 1762 2233 1798 a
2245 1756 2455 1814 peccato
2474 1762 2585 1800 meo
2600 1746 2795 1799 munda
2810 1751 2984 1806 me.Et
2999 1763 3013 1802 :
3027 1745 3399 1816 Aoertefaciem
3420 1757 3569 1802 tuum

1985 1852 2017 1887 a
2031 1838 2252 1905 peccatis
2268 1838 2418 1902 meis,
2433 1847 2480 1891 et
2498 1855 2673 1891 omnes
2691 1838 2994 1908 iniquitates
3007 1855 3147 1892 meas
3170 1840 3282 1894 dele
3297 1839 3468 1911 (Psal.
3489 1842 3566 1911 ι).

1982 1923 2050 1978 Et
2073 1926 2190 1994 ipse
2219 1925 2271 1979 in
2298 1927 2584 1997 Evangelio
2604 1928 2994 1997 potentialiter,
3011 1931 3096 1984 cui
3119 1931 3359 1986 volebat:
3380 1931 3569 1985 Dimit-

1981 2023 2167 2068 tuntur
2196 2015 2289 2068 tibi
2318 2025 2529 2085 peccata
2554 2025 2666 2082 tua,
2693 2017 2924 2072 dicebat.

2054 2103 2160 2158 Per
2180 2121 2367 2159 nomen
2397 2105 2511 2176 ejus
2540 2121 2714 2161 omnes
2742 2108 2832 2178 qui
2858 2108 3072 2162 credunt
3102 2111 3155 2164 in
3196 2124 3334 2164 eum.
3360 2109 3565 2166 Nomen

1981 2197 2097 2266 ejus
2138 2196 2204 2250 ab
2247 2196 2437 2267 angelo
2479 2198 2796 2268 priusquam
2842 2209 3158 2255 nasceretur
3200 2210 3450 2257 vocatum
3481 2212 3566 2258 est

1979 2283 2157 2350 Jesus,
2188 2285 2339 2354 cujus
2379 2287 2786 2359 etymologiam,
2828 2290 2969 2344 idem
3012 2291 3235 2361 angelus
3278 2303 3566 2350 exsecutus

1979 2375 2244 2447 adjunxit,
2276 2376 2460 2432 dicens
2486 2397 2496 2432 :
2522 2378 2640 2449 Ipse
2682 2381 2825 2434 enim
2856 2381 3065 2436 salvum
3105 2380 3268 2438 faciet
3309 2383 3564 2453 populum

1980 2486 2138 2525 suum
2167 2487 2197 2524 a
2223 2474 2459 2542 peccatis
2493 2489 2702 2529 eorum.
2729 2475 2786 2528 In
2829 2476 2983 2546 cujus
3017 2479 3236 2532 nomine
3285 2477 3565 2548 prophetis

1979 2564 2360 2618 attestantibus
2410 2565 2784 2621 remissionem
2829 2576 3211 2636 peccatorum,
3247 2584 3353 2623 non
3394 2567 3564 2622 Judaei

1981 2659 2209 2718 tantum,
2240 2653 2334 2708 sed
2361 2669 2548 2709 omnes
2573 2655 2664 2724 qui
2689 2657 2936 2723 credunt,
2964 2659 3256 2728 accipiunt.

2290 2757 2629 2798 EVANGELIUI
2667 2761 2848 2811 LUC.‘E,
2879 2762 2998 2801 CAP.
3032 2763 3254 2804 υιτωο.

2056 2851 2075 2886 ι
2113 2832 2383 2889 Excuntes
2414 2835 2519 2890 duo
2545 2849 2613 2890 ex
2658 2837 2934 2906 discipulis
2960 2837 3089 2894 Jesu
3118 2841 3269 2894 ibant
3314 2839 3427 2910 ipsa
3473 2839 3565 2894 die

1986 2943 2005 2978 ι
2040 2925 2095 2980 in
2125 2926 2405 2981 castellum
2439 2928 2581 2995 quod
2611 2937 2730 2982 erat
2758 2929 2810 2981 in
2858 2929 3032 3000 spatio
3060 2930 3357 2985 stadiorum
3399 2946 3564 2985 sesa-

1976 3034 2004 3068 -t
2039 3016 2185 3088 ginta
2212 3017 2279 3071 ab
2302 3015 2637 3072 Hierusalem
2669 3020 2885 3075 nomine
2903 3020 3566 3094 Ennnaus.Elipsiloque-

289 3107 480 3164 facere
525 3110 831 3178 valeamus,
865 3113 1010 3182 quod
1046 3112 1418 3182 accipiendum
1455 3115 1722 3183 promisit,
1756 3115 1874 3186 ipso
1901 3098 1946 3164 C
1982 3125 2004 3161 ς
2038 3109 2235 3164 bantur
2259 3109 2325 3163 ad
2353 3110 2587 3164 invicem
2613 3110 2680 3165 de
2709 3113 2792 3166 his
2811 3113 3058 3167 omnibus
3079 3129 3198 3183 quae
3223 3115 3562 3170 acciderant.

289 3198 483 3264 dante,
515 3213 813 3254 sumamus.

371 3290 440 3344 Et
480 3290 622 3345 dedit
661 3308 777 3346 eum
813 3291 1150 3362 manifestum
1189 3292 1308 3361 ﬁeri
1341 3309 1447 3346 non
1481 3295 1624 3348 omni
1657 3293 1874 3364 populo,

285 3392 402 3437 etc.
428 3383 735 3440 Invenimus
760 3385 943 3452 itaque
971 3385 1111 3454 apud
1133 3392 1368 3455 quatuor
1390 3385 1761 3455 Evangelistas
1783 3384 1879 3440 deo

289 3474 408 3530 cies
434 3483 918 3528 commemoratum
949 3474 1234 3530 Dominum
1259 3475 1435 3530 visum
1449 3489 1582 3530 esse
1606 3476 1675 3530 ab
1706 3476 1878 3531 homi-

291 3564 456 3618 nibus
500 3571 620 3631 post
649 3565 1121 3618 resurrectionem.
1155 3559 1334 3619 Semel
1359 3563 1427 3618 ad
1465 3573 1877 3620 monumentum

291 3653 636 3709 mulieribus.
685 3654 886 3710 lterum
910 3656 1120 3711 eisdem
1163 3656 1592 3726 regredientibus
1631 3672 1662 3710 a
1693 3672 1878 3711 monu-

290 3756 484 3800 mento
511 3747 563 3800 in
596 3748 807 3804 itinere.
841 3749 1026 3805 Tertio
1053 3750 1236 3805 Petro.
1276 3750 1484 3818 Quarto
1511 3752 1718 3807 duobus
1741 3766 1877 3807 eun-

291 3837 445 3894 tibus
485 3838 538 3892 in
572 3840 872 3895 castellum.
906 3840 1107 3907 Quinto
1144 3841 1388 3911 pluribus
1417 3842 1474 3896 in
1515 3842 1875 3910 Hierusalem,

289 3929 390 3984 ubi
415 3945 521 3984 non
546 3940 664 3986 erat
689 3931 941 3987 Thomas.
984 3930 1152 3988 Sexto
1184 3931 1274 3986 ubi
1307 3947 1432 3987 eum
1460 3933 1596 3988 vidit
1618 3933 1874 3990 Thomas.

291 4019 540 4088 Septimo
564 4020 632 4075 ad
665 4035 814 4076 mare
844 4021 1166 4077 Tiberiadis.
1196 4021 1399 4078 Octavo
1425 4022 1482 4076 in
1505 4031 1690 4080 monte
1719 4025 1872 4080 Gali-

287 4113 409 4166 lmae
457 4113 749 4168 secundum
786 4112 1118 4168 Matthaeum.
1152 4113 1432 4185 Nonoque,
1480 4117 1613 4173 dicit
1641 4118 1876 4186 Marcus,

287 4205 591 4260 novissime
637 4205 1103 4270 recumbentibus,
1147 4205 1274 4274 quia
1311 4205 1424 4275 jam
1457 4221 1566 4262 non
1617 4216 1775 4264 erant
1821 4210 1878 4267 in

286 4305 443 4351 terra
476 4312 596 4351 cum
622 4297 715 4352 illo
736 4297 1094 4352 convivaturi.
1139 4297 1358 4352 Decimo
1382 4297 1434 4352 in
1468 4299 1587 4368 ipso
1621 4299 1736 4365 die,
1767 4316 1877 4356 non

284 4388 404 4456 jam
444 4386 498 4440 in
544 4395 720 4453 terra,
761 4387 853 4441 sed
900 4385 1169 4441 elevatum
1206 4387 1258 4441 in
1306 4388 1465 4443 nube.
1497 4388 1699 4443 Crebra
1731 4391 1875 4446 enim

285 4488 416 4534 erat
444 4496 566 4534 cum
587 4481 695 4535 illis
715 4479 831 4549 ejus
850 4479 1210 4545 conversatio,
1240 4495 1336 4549 per
1359 4481 1474 4535 dies
1495 4482 1872 4552 quadraginta,

285 4570 611 4640 priusquam
637 4570 970 4625 ascendisset
993 4570 1048 4624 in
1074 4569 1289 4624 coelum.
1319 4569 1435 4625 Non
1465 4578 1648 4626 tamen
1675 4572 1755 4627 eis
1778 4586 1877 4641 per

283 4675 490 4715 omnes
534 4660 815 4715 continuos
857 4667 1200 4730 apparuerat.
1248 4658 1356 4714 Per
1397 4659 1520 4715 illos
1555 4661 1701 4715 enim
1741 4676 1876 4730 qua-

281 4752 546 4821 draginta
583 4753 698 4807 dies
737 4751 952 4822 quoties
991 4750 1188 4817 voluit,
1218 4751 1413 4821 quibus
1451 4751 1639 4818 voluit,
1688 4767 1875 4822 quem-

283 4843 586 4899 admodum
625 4844 815 4911 voluit,
846 4843 1114 4912 apparuit.

372 4933 538 4988 Nobis
564 4936 656 5005 qui
682 4934 1111 4990 manducavimus
1139 4945 1186 4990 et
1213 4933 1434 4989 bibimus
1462 4949 1579 4988 cum
1610 4932 1733 5000 illo,
1763 4941 1870 4989 etc.

281 5024 396 5079 llic
426 5023 617 5080 beatus
652 5023 847 5080 Petrus
869 5025 1013 5094 quod
1054 5024 1110 5078 in
1135 5023 1427 5093 Evangelio
1459 5022 1755 5091 recitetur,
1779 5038 1878 5078 ex-

279 5115 466 5186 ponit,
497 5123 619 5184 post
661 5116 1114 5172 resurrectionem
1157 5114 1366 5170 scilicet
1408 5129 1468 5170 se
1508 5115 1711 5171 bibisse
1751 5130 1875 5169 cum

283 5207 544 5271 Domino,
575 5207 678 5263 nisi
704 5205 844 5262 forte
863 5205 974 5261 illic
992 5206 1277 5262 credamus
1305 5205 1622 5272 indicatum,
1643 5205 1736 5261 ubi
1758 5205 1834 5259 ait
1856 5218 1872 5257 :

279 5297 470 5350 Donec
513 5296 645 5351 illud
675 5296 847 5354 bibam
875 5296 1135 5351 uobiscum
1175 5312 1363 5352 novum
1401 5297 1457 5350 in
1495 5311 1652 5366 regno
1693 5293 1873 5350 Patris

280 5387 394 5439 mei
422 5385 637 5456 (Matth.
671 5387 843 5458 XXVI).

364 5474 434 5527 Et
469 5476 714 5547 prmeepit
752 5477 900 5532 nobis
930 5477 1212 5548 p‘rredicari
1247 5477 1459 5549 populo,
1503 5488 1553 5534 et
1601 5479 1873 5548 testiﬁcari

276 5569 413 5640 quia
453 5569 562 5639 ipse
593 5578 694 5634 est,
717 5578 825 5627 etc.
853 5569 972 5640 Ipse
991 5571 1138 5626 enim
1165 5570 1218 5625 in
1243 5571 1536 5640 Evangelia
1557 5570 1634 5627 ait
1665 5589 1678 5624 ε
1712 5569 1875 5625 Pater

285 5676 396 5710 non
414 5658 629 5728 judicat
650 5675 985 5732 quemquam,
1011 5660 1100 5715 sed
1123 5677 1273 5715 omne
1287 5662 1552 5730 judicium
1569 5660 1710 5715 dedit
1732 5659 1869 5715 Filio

1983 3216 2002 3250 ‹
2038 3199 2105 3253 Et
2133 3199 2334 3253 factum
2375 3208 2489 3266 est,
2535 3201 2660 3256 dum
2698 3201 3086 3269 fabularentur,
3116 3212 3170 3257 et
3197 3219 3379 3259 secum
3410 3221 3554 3275 quae-

1982 3307 2000 3340 ι
2039 3301 2241 3353 rcreat,
2275 3300 2330 3345 et
2354 3291 2466 3360 ipse
2485 3290 2642 3347 Jcsus
2664 3294 3102 3363 appropinquans
3133 3294 3244 3349 ibat
3270 3310 3396 3350 cum
3427 3296 3554 3350 illis.

1982 3399 2000 3433 ι
2040 3381 2191 3438 Oculi
2229 3391 2407 3438 autem
2435 3383 2649 3439 illorum
2680 3387 3024 3450 tenebantur,
3055 3400 3120 3439 ne
3145 3400 3268 3440 eum
3298 3401 3560 3458 agnosce-

1982 3493 2000 3525 ι
2039 3483 2177 3529 rent.
2206 3475 2272 3529 Et
2316 3475 2394 3529 ait
2424 3477 2492 3531 ad
2525 3475 2644 3531 illos
2691 3497 2702 3529 :
2733 3477 2834 3543 Qui
2882 3484 3007 3530 sunt
3033 3477 3086 3531 bi
3119 3493 3396 3532 sermones
3423 3494 3559 3548 quos

1983 3584 2001 3617 ι
2039 3564 2296 3621 confertis
2323 3567 2388 3621 ad
2421 3567 2651 3621 invicem
2693 3567 3054 3634 ambulantes,
3091 3577 3145 3621 et
3176 3568 3308 3622 estis
3338 3568 3556 3624 tristes?

1983 3677 2001 3709 ι
2038 3659 2106 3712 Εῑ
2152 3659 2486 3728 respondens
2519 3675 2688 3724 unus,
2732 3661 2817 3714 cui
2855 3674 3053 3715 nomen
3100 3660 3384 3730 Cleophas,
3423 3660 3559 3716 dixit

1983 3767 2002 3801 ι
2039 3750 2088 3805 ei
2115 3769 2127 3804 :
2159 3750 2239 3804 'l‘u
2270 3749 2414 3807 solus
2443 3750 2760 3821 peregrinus
2790 3765 2850 3806 es
2878 3750 2930 3805 in
2967 3750 3326 3815 Hierusalem,
3357 3759 3412 3804 et
3452 3765 3560 3804 non

1983 3864 2001 3893 ι
2041 3843 2336 3914 cognovisti
2366 3857 2486 3913 quae
2511 3840 2654 3898 facta
2693 3851 2818 3898 sunt
2847 3843 2900 3897 in
2931 3842 3019 3897 illa
3067 3843 3152 3897 his
3178 3842 3400 3897 diebus?
3428 3841 3560 3909 Qui-

1983 3951 2002 3984 ι
2039 3935 2140 3988 bus
2177 3932 2266 3988 ille
2294 3933 2467 3988 dixit:
2506 3933 2673 4001 Quae?
2701 3934 2768 3988 Et
2805 3935 3091 3990 dixerunt:
3123 3934 3200 3988 De
3226 3932 3354 3989 Jesu
3383 3934 3558 3989 Naza-

1984 4043 2002 4076 ‹
2044 4040 2205 4091 reno,
2247 4027 2339 4096 qui
2379 4024 2482 4080 fuit
2522 4026 2607 4078 vir
2653 4027 2931 4095 propheta,
2965 4033 3156 4094 potens
3201 4025 3256 4078 in
3299 4039 3464 4092 opere
3502 4036 3559 4080 et

1983 4135 2002 4167 ε
2044 4132 2294 4172 sermone
2319 4131 2502 4170 coram
2531 4116 2641 4170 Deo
2669 4124 2723 4169 et
2752 4115 2898 4169 omni
2926 4115 3141 4184 pupulo.
3193 4114 3262 4168 Et
3289 4115 3557 4183 quomodo

1984 4224 2004 4257 ‹
2043 4207 2378 4261 tradiderunt
2427 4221 2550 4259 eum
2596 4206 2792 4259 summi
2829 4205 3138 4259 sacerdotes
3183 4211 3237 4258 et
3286 4203 3558 4274 principes

1983 4313 2004 4347 ο
2043 4295 2214 4350 nostri
2262 4296 2313 4349 in
2359 4296 2758 4351 damnationem
2804 4296 3022 4360 mortis,
3072 4304 3127 4350 et
3172 4293 3564 4351 cruciﬁxerunt

1984 4403 2003 4436 ι
2041 4399 2185 4441 eum.
2213 4384 2323 4440 Nos
2363 4394 2544 4440 autem
2579 4387 2946 4456 Sperabamus,
2975 4387 3099 4457 quia
3159 4387 3272 4456 ipse
3295 4394 3438 4441 esset
3475 4401 3560 4440 re-

1985 4493 2003 4527 ‹
2039 4476 2353 4546 dempturus
2383 4476 2568 4532 Israel.
2612 4477 2680 4532 Et
2706 4492 2850 4532 nunc
2886 4492 3049 4547 super
3075 4478 3190 4532 hzcc
3219 4477 3420 4542 omnia,
3451 4484 3556 4530 ter-

1983 4585 2002 4618 ι
2039 4567 2114 4621 tia
2143 4568 2257 4623 dies
2278 4576 2362 4624 est
2386 4569 2566 4634 hodie,
2591 4569 2733 4638 quod
2757 4569 2874 4624 htec
2899 4569 3040 4624 facta
3064 4577 3205 4624 sunt.
3234 4568 3339 4624 Sed
3365 4577 3420 4622 et
3447 4584 3566 4622 mur

1982 4676 2001 4709 ι
2038 4658 2198 4717 lieres
2220 4660 2461 4728 quaedam
2485 4675 2550 4714 ex
2577 4660 2776 4714 nostris
2805 4669 3118 4715 terruerunt
3144 4675 3258 4724 nos,
3287 4674 3407 4729 quae
3430 4666 3566 4712 ante

1983 4765 2000 4797 ι
2036 4746 2210 4801 lucem
2244 4747 2460 4802 fuerunt
2495 4749 2562 4802 ad
2607 4758 3042 4815 monumentum,
3092 4759 3148 4804 et
3181 4765 3288 4803 non
3335 4749 3568 4803 invento

1983 4853 2002 4888 ι
2039 4852 2265 4907 corpore
2299 4838 2436 4908 ejus,
2481 4849 2744 4894 venerunt
2784 4840 3024 4894 dicentes
3091 4855 3148 4894 se
3189 4839 3353 4894 etiam
3393 4839 3564 4893 visio-

1981 4945 2000 4978 ι
2038 4943 2162 4982 nem
2188 4928 2499 4998 angelorum
2541 4929 2758 4994 vidisse,
2786 4930 2876 4998 qui
2903 4931 3089 4985 dicunt
3110 4943 3235 4984 eum
3255 4929 3458 4985 vivere.
3488 4928 3563 4982 Et

1982 5037 2001 5072 ι
2039 5020 2289 5075 abierunt
2332 5021 2550 5090 quidam
2585 5036 2654 5076 ex
2700 5023 2899 5077 nostris
2925 5023 2992 5077 ad
3032 5031 3464 5088 monumentum,
3500 5030 3558 5077 et

1982 5129 2001 5164 ι
2038 5111 2112 5166 ita
2138 5111 2463 5168 invenerunt
2489 5113 2628 5168 sicut
2649 5113 2901 5169 mulieres
2925 5112 3197 5182 dixerunt,
3225 5116 3401 5186 ipsum
3426 5129 3560 5171 vero

1981 5224 1999 5258 α
2038 5221 2146 5261 non
2189 5205 2528 5261 invenerunt.
2577 5206 2644 5261 Et
2676 5207 2791 5277 ipse
2821 5205 2962 5262 dixit
3003 5208 3072 5262 ad
3103 5223 3217 5264 eos.
3248 5207 3294 5264 0
3324 5207 3472 5263 stulti
3501 5213 3558 5261 et

1985 5313 2004 5347 ‹
2041 5296 2182 5351 tardi
2208 5299 2370 5351 corde
2399 5297 2468 5351 ad
2490 5296 2838 5363 credendum,
2867 5297 2922 5351 in
2951 5299 3204 5354 omnibus
3229 5313 3351 5369 qua:
3392 5296 3557 5350 locuti

1984 5404 2002 5437 ι
2041 5394 2166 5442 sunt
2192 5387 2486 5456 prophetas.
2507 5386 2697 5442 Nonne
2721 5389 2838 5442 huic
2863 5388 3101 5457 oportuit
3122 5388 3233 5458 pati
3278 5387 3554 5442 Christum

1983 5495 2002 5529 α
2038 5486 2095 5532 et
2139 5478 2211 5531 ita
2258 5477 2462 5533 intrare
2503 5479 2557 5532 in
2605 5479 2833 5550 gloriam
2879 5479 3070 5534 suam?
3115 5479 3182 5532 Et
3229 5476 3491 5543 incipiens
3521 5489 3553 5526 a

1980 5589 1998 5621 ι
2037 5571 2185 5627 Moss
2223 5578 2278 5625 et
2315 5570 2564 5626 omnibus
2597 5570 2895 5641 prophetis,
2939 5567 3396 5638 interpretabatur
3444 5562 3553 5618 illis

1980 5682 1998 5713 ι
2037 5665 2088 5716 in
2137 5664 2388 5718 omnibus
2417 5663 2715 5732 Scripturis
2750 5677 2869 5731 qute
2900 5661 2966 5715 de
3012 5662 3128 5728 ipso
3158 5665 3329 5712 erant.
3365 5657 3432 5711 Et
3461 5673 3552 5727 ap-
