3954 6200
211 3658 244 3676 \

323 316 426 373 2'31
1635 291 1988 352 ΒΜΔ-ἰωϐῡί
2029 283 2322 344 ABBATIS
3491 274 3597 330 232

333 448 350 479 ο
389 424 882 500 propinquaverunt
925 415 1180 480 castello,
1218 428 1326 484 quo
1365 411 1548 476 ibant,
1586 417 1642 464 et
1688 409 1801 477 ipse
1846 419 1906 461 se
1934 407 1981 464 A
2008 399 2286 500 exhibuit,
2334 395 2431 451 sed
2573 406 2633 448 se
2679 390 3072 456 dubitantibus,
3117 385 3445 458 cognitionis
3487 404 3602 444 suae

334 540 353 571 ι
390 485 544 574 finxit
590 485 801 584 longius
843 510 940 564 ire.
991 508 1058 562 Et
1101 510 1396 576 coegerunt
1441 501 1590 556 illum
1620 499 1904 554 dicentes:
2011 489 2249 562 speciem
2278 485 2581 542 abscondit.

335 569 354 661 λ
585 569 890 664 uobiscum,
915 598 1170 669 quoniam
1200 569 1630 663 advesperascit,
1663 597 1718 645 et
1759 587 1914 643 incli-
2085 577 2422 669 Respondent
2455 583 2646 669 autem
2691 589 2828 669 unus
2889 585 3300 669 curatur-tomen-
3323 569 3606 640 Cleophas,

337 658 355 750 λ
393 658 763 763 natavestjam
789 658 1023 745 dies..Et
1057 685 1280 741 intravit
1301 658 1424 738 cum
1454 681 1583 737 illis.
1617 679 1684 734 Et
1708 678 1913 733 factum
2012 671 2146 725 dixit
2170 669 2218 722 ei
2241 681 2259 719 :
2285 665 2363 720 Tu
2386 663 2530 720 solus
2553 663 2857 734 peregrinus
2883 679 2936 716 es
2962 662 3019 715 in
3044 658 3404 726 Hierusalem,
3426 669 3474 714 et
3502 677 3608 718 non

336 805 358 840 ι
396 751 480 842 est
504 786 633 840 dum
651 751 1018 836 'recumberet
1049 791 1173 831 cum
1210 774 1337 838 illis,
1381 771 1592 842 accepit
1632 783 1830 840 panem
1858 774 1916 822 et
2015 761 2299 833 cognouisti
2353 774 2473 830 qum
2507 756 2649 827 facta
2679 765 2800 810 sunt
2827 754 2884 808 in
2913 755 3009 808 illa
3050 755 3134 808 his
3175 752 3401 808 diebus?
3439 751 3609 808 Pere-

341 899 359 930 α
397 876 669 934 benedixit
707 889 771 928 ac
807 871 968 942 fregit
1007 878 1063 925 et
1098 868 1410 940 porrigebat
1454 866 1581 921 illis.
1628 863 1697 918 Et
1742 862 1916 932 aperti
2017 856 2231 926 grinum
2259 851 2523 922 putabant
2561 863 2717 912 eum,
2749 845 2905 942 cuius
2948 845 3157 900 vultum
3188 857 3297 942 non
3344 857 3606 915 agnosce-

341 991 360 1024 ‹
395 978 522 1028 sunt
547 968 688 1024 oculi
711 936 978 1021 eorumvet
1002 936 1369 1034 cognoverunt
1395 974 1540 1015 eum.
1569 958 1638 1012 Et
1659 957 1774 1026 ipse
1798 967 1920 1009 eva-
2018 947 2170 1002 bant.
2201 944 2307 1000 Sed
2334 953 2390 998 et
2432 957 2620 997 revera
2650 938 2968 1034 peregrinus
2996 944 3116 992 erat
3157 936 3260 1001 eis,
3300 951 3330 990 a
3369 951 3607 1006 quorum

347 1081 366 1113 ε
403 1026 521 1116 nuit
559 1074 626 1113 ex
667 1057 839 1113 oculis
878 1026 1097 1110 eorum:
1129 1053 1198 1107 Et
1240 1051 1494 1106 dixerunt
1534 1049 1602 1103 ad
1641 1047 1914 1102 invicem:
2017 1045 2229 1092 natura:
2270 1035 2583 1106 fragilitate,
2613 1038 2867 1101 percepta
2899 1028 3015 1098 jam
3041 1027 3463 1084 resurrectionis
3493 1026 3610 1097 glo-

345 1171 363 1205 (
402 1151 590 1206 Nonne
615 1164 710 1204 cor
751 1154 996 1201 nostrum
1024 1144 1220 1199 ardens
1246 1149 1366 1197 erat
1392 1141 1446 1193 in
1475 1139 1633 1194 nobis
1671 1137 1798 1191 dum
1841 1134 1924 1189 lo-
2023 1128 2126 1192 ria,
2175 1127 2334 1196 longe
2377 1123 2629 1178 distabat.
2673 1119 3000 1187 Peregrinus
3028 1124 3147 1171 erat
3175 1116 3276 1180 eis,
3315 1131 3347 1170 a
3381 1130 3614 1184 quorum

345 1263 363 1296 ‹
400 1249 660 1314 queretur
696 1240 752 1293 in
781 1239 890 1302 via,
918 1245 975 1292 et
1017 1235 1253 1306 aperiret
1292 1232 1450 1287 nobis
1485 1225 1832 1298 Scripturas?
1855 1224 1926 1279 Et
2024 1219 2203 1274 adhuc
2226 1215 2331 1270 fide
2357 1221 2545 1284 utpote
2569 1208 2989 1266 resurrectionis
3009 1206 3127 1277 ejus
3152 1206 3338 1260 nescia
3362 1206 3620 1260 manebat

347 1353 364 1386 σ
402 1338 686 1402 surgentes
733 1328 924 1382 eadem
970 1326 1107 1379 hora
1149 1321 1384 1395 regressi
1420 1319 1630 1376 suntin
1661 1317 1925 1372 Hierusa-
2027 1315 2342 1363 extraneas.

352 1443 370 1475 ι
406 1424 537 1486 lem,
585 1427 641 1474 et
688 1420 1012 1473 invenerunt
1050 1421 1406 1485 congregatos
1447 1409 1699 1466 undecim
1745 1415 1802 1462 et
1833 1419 1929 1460 eos

351 1535 369 1567 ι
407 1515 499 1584 qui
547 1527 670 1567 cum
719 1509 853 1579 ipsis
904 1514 1102 1569 erant,
1151 1505 1396 1559 dicentes
1437 1520 1451 1557 :

353 1625 370 1657 ι
407 1603 671 1659 Dominus
691 1615 840 1664 vere,
871 1607 926 1653 et
964 1596 1214 1666 apparuit
1259 1592 1489 1648 Simoni.
1521 1591 1588 1645 Et
1611 1588 1712 1659 ipsi
1741 1601 1932 1642 narra-

353 1716 371 1749 ι
408 1699 543 1752 bant
597 1709 716 1763 qua:
761 1699 911 1762 gesta
939 1688 1181 1744 erantin
1227 1686 1336 1750 via,
1363 1692 1418 1739 et
1441 1680 1710 1753 quomodo
1733 1693 1933 1751 cogno-

357 1807 376 1840 ‹
411 1794 607 1843 verunt
635 1800 760 1840 eum
790 1783 844 1836 in
872 1781 1132 1836 fractione
1159 1777 1368 1848 panis.»

422 1922 690 1976 Exeuntes
717 1917 822 1971 duo
849 1931 914 1969 ea:
942 1911 1215 1984 discipulis
1239 1909 1388 1973 Iesu,
1418 1909 1565 1963 ibant
1584 1907 1640 1961 in
1667 1903 1942 1959 castellum

353 2019 469 2085 ipsa
492 2015 595 2078 die,
623 2010 764 2083 quod
804 2018 919 2064 erat
956 2009 1013 2061 in
1039 2005 1209 2078 spatio
1249 2002 1544 2058 stadiorum
1572 1999 1850 2069 sexaginta
1877 1994 1942 2049 ab

356 2102 694 2161 Hierusalem
713 2143 727 2167 ,
758 2101 968 2155 nomine
991 2103 1267 2164 Emmaus,
1279 2105 1328 2152 et
1352 2095 1452 2166 ipsi
1485 2091 1833 2164 loquebantur
1875 2087 1945 2142 ad

357 2196 578 2250 invicem
608 2193 671 2247 de
700 2193 781 2246 his
823 2189 1064 2245 omnibus
1092 2203 1211 2259 qua:
1248 2185 1573 2241 acciderant.
1604 2181 1707 2253 (Ex
1752 2175 1946 2248 Beda.)

362 2285 609 2341 Stadium
633 2281 775 2353 quod
797 2280 994 2346 Gmci,
1017 2286 1240 2334 auctore
1266 2285 1327 2331 ut
1351 2275 1540 2331 dicunt
1566 2270 1813 2335 Hercule,
1836 2269 1949 2324 via—

2101 1394 2303 1461 Quibus
2329 1392 2418 1447 ille
2443 1392 2578 1446 dixit
2600 1405 2619 1443 :
2648 1389 2818 1455 Quaz?
2841 1387 2910 1442 Et
2941 1387 3189 1441 dixerunt
3210 1399 3229 1437 :
3246 1387 3322 1442 De
3347 1385 3475 1440 Jesu
3503 1383 3621 1440 Na-

1507 1501 1645 1569 Quia
1691 1497 1931 1554 surrexit
2033 1505 2244 1553 sareno,
2269 1486 2359 1556 qui
2387 1485 2487 1555 fuit
2531 1489 2609 1539 uir
2649 1481 2922 1553 propheta,
2967 1488 3148 1550 potens
3177 1479 3233 1533 in
3263 1495 3414 1548 opere
3437 1486 3488 1532 et
3511 1494 3621 1532 ser—

2034 1596 2186 1635 mone
2216 1593 2395 1632 coram
2426 1575 2535 1629 Deo
2560 1586 2608 1628 et
2649 1573 2792 1628 omni
2817 1569 3031 1642 populo.
3070 1569 3401 1640 Prophetam
3426 1575 3482 1623 et
3511 1583 3624 1622 ma-

2037 1685 2202 1742 gnum
2237 1668 2499 1731 fatentur,
2530 1665 2728 1720 Filium
2757 1662 2851 1717 Dei
2892 1667 3107 1725 tacent,
3136 1667 3198 1714 ut
3235 1657 3462 1721 scilicet,
3486 1672 3625 1712 non-

1965 1744 2013 1804 B
2045 1762 2173 1817 dum
2215 1759 2456 1832 perfecte
2483 1758 2786 1819 credentes,
2813 1752 2900 1808 vel
2942 1750 3180 1815 solliciti,
3210 1765 3280 1804 ne
3325 1748 3630 1804 inciderent

2045 1853 2101 1906 in
2131 1865 2322 1905 manus
2344 1847 2652 1902 Judaeorum
2675 1841 3136 1914 persequentium,
3160 1840 3286 1910 quia
3315 1839 3633 1896 nesciebant

2043 1943 2166 2013 quis
2190 1948 2334 1997 esset
2361 1954 2485 1994 cum
2514 1952 2622 2007 quo
2654 1934 3032 2005 loquebantur,
3059 1931 3205 2001 quod
3237 1945 3427 1986 verum
3451 1931 3632 1987 credi-

2047 2037 2173 2092 dere
2199 2033 2460 2089 celantes.

2117 2125 2186 2180 Et
2221 2121 2480 2196 quomodo
2505 2119 2837 2175 tradiderunt
2878 2133 2996 2172 eum
3029 2115 3221 2171 summi
3260 2113 3557 2169 sacerdotes
3585 2122 3634 2166 et
3699 2164 3704 2168 .

2046 2214 2306 2287 principes
2342 2211 2507 2266 nostri
2531 2211 2588 2263 in
2627 2208 3017 2262 damnationem
3055 2206 3258 2269 mortis,
3288 2213 3336 2259 et
3368 2203 3642 2271 crucifixe-

2050 2313 2174 2359 runt
2201 2319 2339 2357 eum.
2369 2300 2482 2354 Nos
2523 2311 2698 2353 autem
2728 2297 3069 2367 sperabamus
3116 2296 3241 2366 quia
3265 2295 3374 2365 ipse
3406 2302 3539 2348 esset
3563 2309 3643 2346 re-

361 2393 485 2432 rum
509 2375 684 2446 spatia
712 2378 1049 2434 mensurant,
1073 2377 1267 2425 octava
1307 2374 1544 2463 est
1591 2361 1858 2425 milliarii,
1898 2369 1955 2414 et
2052 2395 2356 2463 demptum;
2391 2388 2580 2444 Israel.
2613 2361 2808 2444 Μετίίο
2833 2385 3020 2441 tristes
3044 2361 3388 2449 indebém’
3429 2381 3559 2453 quia
3583 2389 3646 2437 ει

363 2470 486 2524 ideo
533 2465 815 2536 sexaginta
865 2463 1074 2528 stadia,
1119 2469 1326 2532 septem
1374 2457 1544 2512 millia
1590 2469 1850 2526 passuum
1898 2460 1955 2507 et

2056 2487 2264 2556 seipsos
2309 2482 2711 2554 quodammodo
2745 2482 3079 2551 arguebant,
3123 2480 3266 2551 quod
3309 2479 3364 2535 in
3411 2478 3505 2533 illo
3547 2491 3640 2532 re-

365 2561 690 2630 quingentos
719 2555 1049 2627 significant,
1089 2552 1234 2622 quod
1274 2551 1415 2606 bene
1455 2547 1693 2645 spatium
1734 2543 1956 2645 itineris
2057 2543 2418 2645 dﬂ‘npuon'em
2448 2543 3007 2642 spemverint"quem
3045 2543 3160 2641 ian;
3187 2577 3463 2625 mortuum
3489 2566 3642 2622 νεὼ,

369 2651 620 2720 congruit
664 2649 745 2703 eis
783 2646 900 2717 qui,
931 2645 998 2700 de
1041 2651 1217 2698 morte
1245 2656 1308 2696 ac
1353 2639 1630 2710 sepultura
1661 2633 1959 2694 Salvatoris

373 2741 509 2796 certi
529 2780 544 2805 ,
571 2737 720 2794 dubii
747 2737 812 2791 de
843 2733 1243 2790 resurrectione
1271 2729 1674 2802 gradiebantur.
1707 2725 1844 2779 Nam
1875 2737 1960 2777 re-

375 2830 796 2894 surrectionem,
820 2841 940 2897 quae
965 2832 1088 2896 post
1117 2823 1408 2894 septimum
1439 2817 1650 2874 sabbati
1677 2816 1824 2872 facta
1852 2821 1960 2878 est,

375 2931 570 2979 octavo
617 2931 844 2975 numero
899 2913 1167 2971 contineri
1217 2913 1339 2983 quis
1388 2907 1661 2979 ambiget?
1704 2901 1964 2974 Discipuli

375 3029 526 3085 ergo,
559 3012 653 3082 qui
678 3010 745 3065 de
771 3009 998 3063 Domino
1028 3006 1332 3074 loquentes,
1363 3000 1714 3063 incedebant,
1746 3006 1803 3052 ct
1836 3011 1962 3052 sex-

378 3079 491 3158 tum
531 3079 694 3169 empti
739 3098 953 3152 itineris
1002 3094 1313 3150 milliarium
1356 3089 1803 3158 compleverunt,
1836 3087 1964 3158 quia
1992 3079 2039 3143 C

380 3193 530 3247 illum
551 3190 668 3244 sine
690 3185 907 3256 querela
929 3185 1199 3238 viventem
1223 3195 1394 3250 usque
1419 3180 1488 3234 ad
1521 3186 1777 3243 mortem,
1803 3194 1965 3247 quam

381 3291 534 3338 sexta
562 3278 770 3334 sabbati
802 3275 988 3340 subiit,
1019 3273 1333 3344 pervenisse
1359 3271 1637 3335 dolebant,
1668 3269 1972 3339 compleve-

385 3379 513 3425 runt
541 3377 596 3424 et
626 3367 944 3438 septimum,
975 3364 1103 3435 quia
1147 3363 1289 3418 hunc
1320 3361 1373 3416 in
1408 3360 1658 3431 sepulcro
1701 3359 1975 3429 quievisse

387 3476 495 3516 non
522 3458 862 3513 dubitabant.
890 3455 1091 3511 Verum
1117 3452 1184 3508 de
1209 3461 1402 3508 octavo
1436 3449 1720 3506 dimidium
1763 3456 1974 3504 tantum

386 3557 745 3624 peregerunt,
795 3547 923 3618 quia
969 3545 1198 3617 gloriam
1243 3543 1531 3599 celebrata:
1572 3541 1685 3612 jam
1728 3555 1975 3596 resurre-

390 3643 586 3698 ctionis
630 3639 868 3696 nondum
914 3636 1156 3708 perfecte
1195 3635 1978 3694 credebant.Emmausautem

394 3734 511 3802 ipsa
541 3739 625 3786 est
665 3729 960 3799 Nicepolis,
1002 3727 1197 3781 civitas
1240 3724 1470 3796 insignis
1505 3723 1821 3789 Palaestinae,
1861 3735 1981 3792 qua:

396 3830 518 3893 post
551 3818 1000 3891 expugnationem
1029 3815 1247 3880 Judaeac,
1277 3815 1380 3868 sub
1408 3813 1590 3868 Marco
1618 3812 1843 3867 Aurelio
1871 3812 1980 3866 An-

403 3913 590 3967 tonino
618 3909 864 3980 principe
893 3914 1227 3970 restaurata,
1277 3919 1403 3960 cum
1460 3910 1604 3958 statu
1654 3902 1884 3957 mutavit
1929 3910 1986 3957 et

403 4019 620 4060 nomen.

475 4117 544 4172 Et
573 4116 772 4187 factum
797 4123 894 4181 est,
923 4113 1049 4169 dum
1079 4113 1468 4184 fabularentur,
1494 4121 1542 4167 et
1567 4127 1743 4168 secum
1785 4127 1989 4181 quaere-

405 4217 541 4273 rent,
569 4216 615 4261 et
641 4207 750 4277 ipse
773 4205 929 4260 Iesus
956 4203 1383 4274 appropinquans
1427 4201 1534 4256 ibat
1564 4218 1683 4256 cum
1724 4200 1852 4255 illis.
1882 4200 1988 4255 Lo-

403 4308 633 4370 quentes
656 4299 723 4353 de
754 4313 812 4353 se
841 4296 1100 4352 Dominus
1128 4295 1566 4366 appropinquans
1593 4294 1908 4359 comitatur,
1931 4301 1993 4348 ut

2061 2673 2205 2730 rant,
2257 2679 2359 2718 nec
2389 2669 2821 2718 resurrecturum
2852 2661 3166 2726 credebant,
3192 2669 3250 2716 et
3286 2658 3522 2714 maxime
3550 2657 3651 2714 do-

2063 2754 2248 2809 lebant
2269 2767 2394 2808 eum
2421 2751 2538 2806 sine
2566 2750 2724 2821 culpa
2749 2751 3009 2819 occisum,
3038 2750 3166 2821 quia
3195 2756 3462 2805 noverant
3499 2747 3652 2803 inno-

2065 2851 2280 2901 centem
2290 2883 2303 2898 .

2141 2933 2212 2989 Et
2260 2951 2397 2989 nunc
2423 2950 2580 3005 super
2624 2933 2735 2988 lucc
2775 2933 2985 2996 omnia,
3021 2932 3175 2986 tertia
3212 2929 3324 2984 dies
3363 2938 3439 2983 est
3477 2926 3656 2993 hodie,

2067 3023 2209 3097 quod
2232 3024 2344 3078 hare
2383 3024 2524 3094 facta
2549 3032 2690 3078 sunt.
2725 3021 2828 3077 Sed
2857 3030 2905 3075 et
2934 3020 3177 3075 mulieres
3201 3019 3444 3092 quadam
3477 3034 3543 3073 ex
3563 3032 3662 3071 no-

2070 3115 2195 3171 stris
2215 3123 2511 3168 terruerunt
2537 3103 2653 3178 nos,
2683 3128 2803 3183 qua:
2841 3121 2962 3166 ante
2985 3109 3156 3165 lucem
3191 3109 3404 3177 fuerunt
3439 3108 3508 3162 ad
3537 3123 3660 3161 mo-

2074 3211 2398 3268 numentum,
2429 3210 2478 3256 et
2507 3217 2613 3254 non
2640 3201 2844 3254 invento
2871 3214 3087 3270 corpore
3112 3197 3228 3268 ejus
3268 3203 3538 3260 uenerunt,
3571 3195 3665 3249 di-

2074 3299 2246 3348 centes
2289 3307 2344 3345 se
2377 3291 2538 3345 etiam
2577 3290 2828 3344 uisionem
2861 3286 3166 3358 angelorum
3204 3287 3414 3353 uidisse,
3450 3285 3668 3357 quidi-

2075 3390 2199 3437 cunt
2220 3396 2340 3436 eum
2363 3380 2550 3434 vivere.
2577 3377 2863 3434 Terruisse
2887 3377 3142 3432 dicuntur
3167 3375 3364 3432 merito
3389 3390 3502 3441 eos,
3530 3389 3670 3445 quo-

2076 3487 2198 3527 rum
2223 3471 2504 3527 mentibus-
2517 3468 2640 3540 plus
2668 3469 2737 3524 de
2761 3483 2870 3523 non
2897 3468 3118 3543 invento
3140 3459 3369 3537 corpore
3397 3465 3672 3522 dominico

2078 3566 2416 3629 maestitiam,
2446 3563 2576 3635 quia
2600 3562 2856 3618 dolebant
2888 3561 3112 3627 addere,
3141 3575 3304 3630 quam
3333 3559 3401 3614 de
3421 3558 3672 3612 nuntiata

2077 3673 2174 3730 per
2201 3655 2421 3726 angelos
2447 3652 2562 3722 ejus
2589 3651 2989 3708 resurrectione
3018 3651 3294 3721 gaudium,
3320 3662 3429 3718 quo
3456 3660 3674 3704 recrea-

2082 3756 2291 3812 rentur,
2322 3745 2510 3801 videre
2538 3749 2851 3815 potuerunt.

2153 3861 2222 3916 Et
2245 3860 2484 3914 abierunt
2511 3857 2726 3929 quidam
2761 3870 2825 3910 ea:
2850 3857 3042 3909 nostris
3070 3855 3138 3908 ad
3177 3859 3594 3916 monumentum,
3621 3861 3674 3905 et

2082 3955 2158 4007 ita
2201 3951 2540 4012 invenerunt,
2569 3947 2704 4001 sicut
2738 3944 2980 3999 mulieres
3021 3944 3288 3998 dixerunt.
3325 3941 3509 4012 Ipsum
3552 3957 3677 3996 vero

2087 4057 2192 4094 non
2233 4039 2557 4092 invenerunt.
2586 4034 2723 4090 Cum
2751 4035 2866 4105 ipse
2903 4033 3078 4088 Lucas
3123 4047 3286 4103 supra
3335 4031 3555 4086 Petrum
3589 4031 3675 4086 di-

2087 4129 2230 4184 xerit
2276 4125 2582 4182 cucurrisse
2622 4125 2690 4180 ad
2730 4133 3138 4179 monumentum
3159 4162 3173 4187 ,
3211 4130 3269 4178 et
3313 4134 3460 4176 nunc
3508 4119 3673 4176 Cleo-

2078 4216 2450 4293 phandixisse,
2484 4215 2600 4287 ipse
2631 4213 2876 4270 retulerit
2923 4215 3066 4284 quod
3107 4213 3326 4284 quidam
3371 4225 3560 4266 eorum
3591 4210 3677 4266 ie-

2090 4317 2213 4365 rant
2254 4308 2324 4364 ad
2377 4314 2822 4370 monumentum,
2863 4306 2958 4361 sed
3015 4305 3233 4360 Petrum
3280 4302 3454 4360 solum
3501 4302 3684 4372 primo

407 4400 464 4492 et
494 4391 653 4446 ﬁdem
683 4406 794 4492 sum
821 4388 1236 4444 resurrectionis
1265 4402 1454 4441 eorum
1485 4386 1756 4441 mentibus
1797 4384 1987 4441 incen-
2019 4432 2070 4492 Β
2095 4399 2538 4458 commemoravi;
2561 4436 2575 4464 ’
2621 4398 2746 4468 quia
2793 4397 2876 4456 ίιη
2926 4396 3177 4468 primitus
3233 4395 3404 4451 Maria
3457 4393 3682 4449 nuntia,

413 4481 525 4545 dat,
555 4489 610 4534 et
641 4479 850 4536 occulte
875 4478 1165 4547 praesentia
1195 4477 1494 4546 maiestatis
1520 4490 1736 4546 semper
1765 4489 1824 4530 se
1849 4475 1994 4544 quod

414 4572 662 4640 promisit
692 4569 1036 4639 impleturum
1061 4567 1324 4638 designet.
1353 4565 1453 4620 Ubi
1479 4567 1618 4620 enim
1641 4575 1763 4620 sunt
1785 4565 1893 4618 duo
1917 4563 1997 4618 vel

415 4673 520 4717 tres
560 4662 855 4732 congregati
882 4661 937 4713 in
967 4661 1174 4713 nomine
1205 4675 1340 4722 meo,
1369 4658 1439 4711 ibi
1465 4674 1583 4711 sum
1612 4659 1668 4711 in
1714 4659 1884 4711 medio
1911 4673 1999 4710 eo-

419 4767 534 4805 rum
567 4749 780 4821 (Matth.
805 4747 987 4818 xvm).

494 4858 646 4915 Oculi
692 4867 866 4914 autem
921 4855 1135 4911 illorum
1190 4856 1515 4920 tenebantur,
1563 4874 1625 4910 ne
1664 4872 1783 4911 eum
1831 4871 1998 4926 agno-

418 4958 640 5012 scerent,
684 4957 730 5002 et
771 4948 845 5000 ait
884 4946 953 5001 ad
987 4945 1106 5002 illos
1129 4959 1147 4997 :
1171 4944 1275 5011 Qui
1314 4956 1437 5000 sunt
1476 4946 1530 4998 lii
1571 4962 1834 5001 sermones
1871 4963 2001 5018 quos

422 5039 670 5108 confertis
693 5038 762 5092 ad
798 5038 1035 5102 invicem,
1065 5036 1392 5092 ambulantes
1429 5047 1478 5091 et
1511 5037 1633 5092 estis
1663 5037 2006 5109 tristes?Ap-

424 5130 603 5200 paruit
641 5129 858 5199 quidem
883 5128 1161 5199 discipulis
1201 5129 1481 5194 Dominus,
1513 5129 1609 5183 sed
1653 5128 1734 5182 eis
1769 5128 2004 5198 speciem

424 5233 590 5287 quam
630 5224 1078 5288 recognoscerent
1119 5231 1226 5272 non
1272 5216 1527 5272 ostendit.
1571 5214 1684 5270 Hoc
1728 5231 1857 5286 ergo
1899 5215 2011 5287 egit

429 5306 564 5361 foris
603 5307 860 5362 Dominus
899 5307 952 5361 in
981 5306 1152 5362 oculis
1187 5307 1456 5376 corporis,
1493 5306 1637 5376 quod
1681 5305 1822 5375 apud
1864 5305 2011 5376 ipsos

431 5397 694 5468 agebatur
719 5397 864 5452 intus
903 5397 959 5451 in
999 5396 1172 5452 oculis
1215 5397 1413 5452 cordis.
1443 5396 1550 5465 Ipsi
1598 5410 1833 5466 namque
1870 5395 2012 5465 apud

433 5488 753 5557 semetipsos
783 5486 929 5542 intus
963 5496 1019 5541 et
1064 5487 1319 5542 amabant
1349 5496 1404 5543 et
1432 5488 1768 5543 dubitabant.
1798 5487 1890 5542 Eis
1917 5503 2012 5542 au-

438 5586 544 5633 tem
574 5577 832 5634 Dominus
857 5576 990 5632 foris
1015 5586 1070 5634 et
1111 5593 1349 5648 praesens
1378 5579 1586 5644 aderat,
1619 5588 1675 5635 et
1706 5581 1828 5650 quis
1866 5587 2013 5634 esset

439 5681 548 5722 non
574 5668 912 5723 ostendebat.
953 5667 1029 5723 De
1056 5684 1116 5723 se
1142 5683 1270 5740 ergo
1299 5669 1644 5739 loquentibus
1667 5669 2009 5736 praesentiam

2103 4493 2260 4547 verit.

2175 4582 2244 4636 Et
2271 4584 2378 4652 ipse
2407 4581 2540 4636 dixit
2561 4581 2630 4634 ad
2658 4596 2783 4635 eos:
2817 4577 2861 4635 Ο
2891 4579 3038 4635 stulti
3059 4588 3107 4636 et
3131 4579 3274 4634 tardi
3295 4577 3451 4632 corde
3479 4576 3551 4630 ad
3579 4592 3694 4629 cre-

2105 4673 2241 4727 dend
2249 4689 2350 4737 um,
2375 4673 2429 4725 in
2449 4671 2688 4725 omnibus
2710 4687 2826 4742 qua:
2845 4669 3005 4724 locuti
3031 4678 3150 4724 sunt
3175 4669 3438 4740 propheta:
3453 4668 3472 4720 .'
3497 4665 3692 4719 Nonne

2106 4767 2215 4819 haec
2249 4764 2475 4834 oportuit
2505 4763 2615 4832 pati
2645 4761 2911 4817 Christum
2957 4770 3004 4815 et
3033 4770 3108 4814 ita
3135 4761 3335 4814 intrare
3365 4759 3420 4812 in
3457 4755 3691 4827 gloriam

2107 4854 2298 4910 suam?
2324 4853 2392 4907 Et
2421 4853 2670 4924 incipiens
2699 4871 2732 4906 a
2761 4852 2942 4922 Moyse
2963 4860 3011 4906 et
3042 4851 3280 4906 omnibus
3301 4849 3584 4920 prophetis,
3609 4848 3696 4901 in-

2105 4943 2490 5016 terpretabatur
2515 4943 2622 4997 illis
2650 4943 2705 4997 in
2738 4938 3297 5012 omnibusScripturis,
3323 4957 3442 5010 qua:
3473 4939 3540 4993 de
3576 4939 3696 5010 ipso

2106 5045 2277 5091 erant.
2305 5033 2420 5091 Hoc
2455 5035 2614 5091 nobis
2655 5035 2775 5090 loco
2802 5034 3005 5090 nullam
3054 5034 3379 5104 scripturam
3425 5032 3698 5102 interpre-

2095 5125 2286 5206 tandi,
2327 5126 2422 5182 sed
2449 5126 2662 5198 gemina
2701 5141 2800 5182 nos
2846 5126 2992 5197 ipsos
3033 5124 3354 5182 bumiliandi
3395 5125 3700 5181 necessitas

2111 5217 2390 5282 incumbit,
2417 5217 2510 5289 qui
2547 5232 2720 5287 neque
2747 5218 2801 5272 in
2824 5215 3139 5287 Scripturis.
3171 5223 3433 5288 quantum
3454 5223 3698 5287 oportet.

2108 5308 2305 5375 edocti,
2329 5323 2506 5380 neque
2535 5309 2602 5363 ad
2634 5309 2927 5380 implenda,
2951 5324 3072 5380 qua:
3101 5309 3312 5365 discere
3337 5308 3476 5365 forte
3509 5310 3702 5380 potui-

2107 5413 2246 5461 mus,
2265 5404 2527 5468 quantum
2544 5396 2717 5461 decet,
2737 5412 2923 5454 sumus
2942 5397 3154 5452 intenti.
3175 5396 3310 5452 Nam
3332 5397 3376 5453 si
3406 5395 3620 5467 Moyses
3644 5405 3706 5451 et

2107 5501 2297 5541 omnes
2331 5485 2610 5555 propheta:
2652 5485 2930 5542 Christum
2963 5486 3126 5542 locuti
3174 5493 3320 5551 sunt,
3348 5494 3406 5541 et
3429 5487 3574 5541 hunc
3597 5501 3704 5556 per

2107 5579 2411 5649 angustiam
2431 5578 2698 5647 passionis
2712 5577 2765 5634 in
2781 5577 3007 5650 gloriam
3029 5593 3182 5633 suam
3205 5577 3530 5633 intraturum
3553 5619 3568 5642 ,
3589 5593 3700 5647 qua

2108 5670 2322 5725 ratione
2351 5684 2409 5724 se
2439 5671 2730 5741 gloriantur
2778 5687 2898 5727 esse
2925 5671 3284 5738 Christianos,
3309 5671 3399 5742 qui
3427 5671 3584 5741 juxta
3616 5671 3699 5725 vi-
