3954 6200
334 351 445 405 255

1151 352 1671 441 COLLECTIONES
1709 353 1777 408 IN
1817 348 2198 410 EPISTOLAS
2236 339 2322 404 ET
2363 345 2776 403 EVANGELIA.

3507 342 3612 398 est

333 462 477 517 rium
525 477 745 518 suarum
786 460 1079 527 modulum,
1113 478 1289 537 neque
1333 438 1649 534 scripturas,
1690 464 1922 532 qualiter
1950 470 1999 530 Α
2025 462 2149 515 lus:
2185 459 2324 526 Quia
2369 456 2603 528 sepultus
2631 465 2738 520 est,
2770 463 2817 510 et
2846 455 2969 527 quia
3016 455 3300 509 resurrexit
3330 438 3485 508 tertia
3527 454 3614 507 die

333 554 403 608 ad
433 552 711 609 Christum
739 552 1081 625 pertineant,
1128 552 1474 626 investigare,
1509 569 1683 624 neque
1712 555 1779 610 ad
1809 555 1920 625 gloo

335 645 496 712 riam,
521 662 684 717 quam
708 662 832 702 cum
856 644 1075 701 Christo
1103 645 1302 701 habere
1329 646 1571 716 cupiunt,
1602 660 1701 716 per
1724 648 1926 718 passio-

334 751 437 792 nes
461 738 870 794 tribulationum
895 736 1211 792 desiderant
1231 737 1529 810 attingere?

406 828 479 882 Et
516 829 1061 900 appropinquaverunt
1103 827 1338 891 castello,
1380 845 1481 901 quo
1525 828 1707 895 ibant,
1732 840 1780 885 et
1818 832 1927 900 ipse

332 939 390 977 se
430 921 585 991 ﬁnxit
615 920 820 993 longius
866 922 961 987 ire,
1011 930 1062 977 et
1104 930 1379 992 coegerunt
1430 920 1611 986 illum,
1655 922 1923 978 dicentes:

337 1011 499 1069 Hane
528 1011 828 1076 nobiscum,
855 1019 964 1066 etc.
1008 1009 1153 1067 Nihil
1187 1010 1414 1082 simplex
1444 1011 1646 1067 veritas
1683 1026 1782 1082 per
1833 1013 1928 1067 du-

333 1104 636 1176 plicitatem
662 1101 811 1157 fecit.
844 1101 951 1156 Sed
980 1099 1124 1172 quod
1151 1100 1349 1156 dicitur
1378 1117 1390 1151 :
1424 1097 1609 1155 Finxit
1638 1117 1691 1154 se
1720 1099 1927 1172 longius

334 1190 439 1254 ire,
480 1192 641 1248 talem
682 1206 742 1247 se
780 1191 1026 1248 exhibuit
1069 1191 1349 1261 discipulis
1393 1191 1448 1246 in
1479 1206 1708 1263 corpore
1754 1191 1927 1261 qualis

336 1282 480 1351 apud
505 1281 629 1337 illos
656 1282 711 1337 in
746 1288 926 1337 mente
953 1289 1091 1336 erat.
1119 1280 1388 1336 Probandi
1418 1290 1597 1337 autem
1619 1289 1775 1336 erant
1801 1280 1924 1345 sibi,

335 1375 433 1445 qui
462 1389 584 1430 eum
624 1376 727 1431 etsi
765 1375 995 1431 necdum
1025 1383 1085 1430 ut
1124 1372 1296 1447 Deum
1326 1375 1631 1448 diligerent,
1660 1375 1838 1431 saltim
1869 1385 1929 1430 ut

337 1465 680 1536 peregrinum
712 1480 897 1520 amare
921 1465 1241 1535 potuissent.
1276 1464 1384 1520 Sed
1419 1466 1546 1537 quia
1586 1482 1707 1522 esse
1746 1474 1928 1521 extra-

335 1556 437 1620 nei.
458 1568 488 1609 a
518 1555 787 1611 cbaritate
813 1571 920 1610 non
951 1564 1224 1627 poterant,
1259 1556 1315 1612 hi
1344 1572 1465 1612 cum
1502 1556 1697 1629 quibus
1728 1558 1928 1613 veritas

334 1646 709 1718 gradiebatur,
741 1662 865 1702 eum
892 1648 960 1703 ad
1007 1648 1335 1718 bOSpitium,
1379 1649 1535 1720 quasi
1581 1650 1925 1719 peregrinum

334 1746 553 1791 vocant.
597 1736 710 1793 Cur
745 1748 926 1792 autem
955 1737 1206 1805 dicimus,
1238 1746 1452 1805 vocant,
1480 1755 1602 1794 cum
1648 1738 1760 1795 illic
1791 1741 1927 1796 scri-

333 1835 490 1897 ptum
520 1827 614 1892 sit,
637 1834 692 1883 et
720 1835 1014 1900 coegerunt
1036 1825 1223 1882 illum?
1246 1843 1312 1884 ex
1339 1844 1447 1899 quo
1472 1828 1726 1884 nimirum
1752 1844 1930 1884 exem-

333 1917 427 1987 plo
449 1916 737 1987 colligitur,
765 1917 892 1987 quia
916 1918 1185 1989 peregrini
1212 1934 1318 1974 non
1342 1918 1514 1974 solum
1538 1919 1605 1973 ad
1636 1919 1931 1989 hospitium

334 2004 603 2060 invitandi
634 2014 782 2071 sunt,
812 2006 907 2061 sed
930 2007 1097 2061 etiam
1126 2008 1395 2062 trahendi.

410 2094 479 2150 Et
514 2096 717 2165 factum
763 2106 839 2152 est
882 2097 1008 2152 dum
1053 2099 1368 2152 recumberet
1405 2116 1522 2153 cum
1565 2097 1694 2164 illis,
1736 2100 1933 2168 accepit

332 2205 526 2260 panem
557 2198 607 2243 et
646 2189 935 2254 benedixit,
982 2197 1088 2246 etc.
1122 2189 1292 2258 Quem
1336 2190 1387 2244 in
1416 2186 1717 2261 Scriptura:
1762 2207 1935 2246 sacra:

332 2279 679 2344 expositione
708 2293 813 2333 non
843 2287 1238 2351 cognoverunt,
1268 2280 1320 2334 in
1368 2279 1522 2349 panis
1556 2278 1817 2336 fractione
1844 2296 1935 2336 co-

332 2378 624 2442 gnoscunt.
674 2368 957 2426 Audiendo
1023 2378 1290 2442 prmcepta
1339 2371 1431 2425 Dei
1482 2371 1765 2427 illuminati
1826 2390 1930 2429 non

334 2466 486 2525 sunt,
525 2457 776 2514 faciendo
803 2459 1090 2514 illuminati
1139 2466 1281 2514 sunt.
1315 2458 1449 2525 Quia
1494 2460 1758 2532 scriptum
1806 2474 1927 2516 est:

336 2550 467 2605 Non
493 2551 762 2606 auditores
789 2549 913 2622 legis
935 2551 1073 2622 justi
1100 2560 1222 2605 sunt
1260 2550 1403 2623 apud
1439 2550 1624 2615 Deum,
1652 2552 1743 2606 sed
1772 2553 1933 2623 [acto-

336 2657 423 2695 res
451 2639 579 2711 legis
599 2640 1035 2711 justiﬁcabuntur
1061 2640 1239 2713 (Rom.
1269 2640 1350 2712 Il).
1383 2640 1642 2711 Quisquis
1665 2658 1795 2714 ergo
1819 2644 1933 2697 vult

336 2732 525 2787 audita
570 2732 895 2803 intelligere,
941 2733 1158 2788 festinet
1197 2748 1262 2787 ea
1308 2747 1430 2802 qum
1471 2730 1584 2801 jam
1634 2733 1932 2804 intelligere

336 2824 539 2894 potuit,
566 2840 730 2895 opere
757 2826 1004 2895 implere.

414 2911 483 2966 Et
506 2913 613 2984 ipse
639 2915 844 2968 evanuit
874 2931 938 2969 ex
958 2912 1122 2968 oculis
1150 2928 1329 2968 eorum
1350 2924 1397 2969 et
1425 2914 1672 2969 dixerunt
1697 2929 1715 2967 :
1742 2913 1931 2969 Nonne

334 3016 434 3055 cor
471 3010 712 3055 nostrum
756 3002 945 3057 ardens
991 3011 1105 3056 erat
1148 3003 1203 3056 in
1240 3003 1406 3058 nobis.
1461 3003 1672 3075 Ignem,
1723 3005 1929 3077 inquit,

333 3092 457 3146 veni
480 3092 684 3146 mittere
720 3093 776 3146 in
818 3101 1039 3155 terram,
1080 3101 1129 3146 et
1168 3092 1299 3163 quid
1325 3092 1463 3156 colo,
1504 3096 1606 3149 nisi
1647 3104 1705 3149 ut
1741 3096 1929 3151 ardeat

2021 553 2304 608 secundum
2318 546 2641 619 Scripturas,
2660 558 2707 602 et
2732 548 2856 618 quia
2883 547 3127 617 apparuit
3151 542 3339 617 Ceplue
3362 555 3410 603 et
3434 554 3614 616 postea

2024 642 2291 697 undecim.

2097 734 2164 789 Et
2206 735 2307 807 ipsi
2338 733 2625 789 narrabant
2654 748 2771 802 qua:
2808 739 2952 802 gesta
2990 738 3137 783 erant
3178 730 3233 784 in
3269 730 3372 793 via,
3412 738 3459 784 et
3488 744 3617 800 quo-

2027 827 2181 881 modo
2220 834 2569 899 cognoverunt
2614 840 2762 887 eum,
2812 831 2915 878 etc.
2954 820 3158 876 Prmter
3192 822 3296 878 hoc
3330 821 3474 890 quod
3519 835 3618 890 pro

2029 917 2223 973 merito
2253 916 2453 972 mentis
2477 929 2685 976 eorum.
2714 914 2891 968 adhuc
2915 913 3250 983 ignorantes,
3283 911 3425 981 quod
3453 927 3616 983 θυοτ-

2029 1009 2177 1064 tebat
2215 1007 2493 1066 Christum
2545 1006 2682 1063 mori
2724 1013 2778 1059 et
2828 1019 3133 1074 resurgere,
3181 1003 3358 1058 simile
3415 1002 3618 1075 aliquid

2028 1114 2218 1155 eorum
2262 1099 2404 1155 oculi
2434 1099 2582 1171 passi
2626 1105 2785 1162 sunt,
2825 1110 2930 1151 non
2973 1096 3202 1150 veritate
3250 1093 3486 1160 fallente,
3522 1096 3619 1150 sccl

1988 1189 2162 1273 .ipsis
2201 1190 2486 1245 veritatem
2533 1187 2815 1260 percipere
2857 1198 2964 1241 non
3009 1186 3338 1251 valentibus,
3372 1196 3427 1243 et
3473 1187 3618 1242 aliud

2028 1298 2189 1351 quam
2214 1297 2301 1337 res
2324 1290 2406 1337 est
2434 1280 2799 1351 opinantibus,
2829 1278 2965 1333 certi
2994 1277 3157 1333 etiam
3186 1278 3427 1348 mystcrii
3452 1293 3615 1333 causa

2031 1372 2228 1427 factum
2261 1381 2364 1436 est,
2398 1382 2456 1426 ut
2481 1372 2560 1427 eis
2604 1371 2656 1425 in
2695 1369 2785 1424 illo
2816 1369 2919 1423 alia
2968 1369 3349 1424 ostenderetur
3391 1367 3616 1439 eﬂlgies,

2027 1472 2081 1516 et
2110 1462 2191 1517 sic
2218 1477 2341 1516 eum
2377 1462 2593 1517 nonnisi
2634 1460 2686 1515 in
2735 1459 2999 1514 fractione
3044 1459 3199 1529 panis
3240 1468 3615 1530 agnoscerent.

2028 1553 2106 1609 Ne
2149 1554 2437 1626 quisquam
2480 1569 2539 1609 se
2584 1553 2861 1610 Christum
2892 1552 3179 1624 agnovisse
3209 1552 3526 1618 arbitretur,
3574 1555 3618 1613 si

2028 1645 2146 1716 ejus
2171 1647 2418 1718 corporis
2444 1645 2716 1718 particeps
2748 1659 2851 1699 non
2881 1651 2985 1708 est,
3020 1642 3072 1699 id
3108 1653 3191 1699 est
3220 1643 3495 1706 Ecclesiaa.
3526 1662 3620 1701 cu-

2022 1734 2115 1803 jus
2156 1735 2420 1790 unitatem
2450 1735 2503 1789 in
2542 1740 2889 1789 sacramento
2918 1735 3074 1803 panis
3102 1735 3446 1790 commendat
3470 1734 3617 1806 Apo-

1960 1836 2004 1894 R
2033 1828 2223 1893 stolus,
2246 1827 2433 1884 dicens
2465 1846 2475 1881 :
2512 1824 2656 1880 Unus
2697 1826 2872 1896 panis,
2910 1842 3073 1878 unum
3113 1841 3301 1895 corpus
3346 1825 3497 1879 multi
3531 1844 3620 1880 su-

2036 1932 2173 1981 mus,
2207 1924 2267 1972 ut
2309 1932 2431 1971 cum
2474 1914 2591 1982 ejus
2636 1913 2980 1969 benedictum
3034 1928 3228 1983 panem
3281 1913 3617 1984 porrigeret,

2036 2005 2377 2075 aperirentur
2403 2004 2546 2061 oculi
2591 2019 2780 2060 eorum
2819 2010 2871 2059 et
2910 2012 3267 2071 agnoscerent
3303 2019 3449 2060 eum.
3481 2004 3620 2074 Ape-

2036 2098 2249 2152 riuntur
2280 2098 2466 2169 utique
2493 2097 2559 2152 ad
2593 2094 2710 2165 ejus
2739 2096 3123 2167 cognitionem,
3175 2104 3383 2152 reumto
3414 2096 3621 2152 scilicet

2036 2186 2443 2257 impedimento,
2468 2203 2576 2259 quo
2605 2187 2953 2248 tenebantur,
2984 2202 3051 2240 ne
3080 2194 3454 2258 agnoscerent.
3500 2184 3618 2241 Non

2035 2286 2215 2333 autem
2248 2277 2670 2350 incongruenter
2695 2278 3025 2349 accipiamus
3049 2276 3154 2332 hoc
3175 2277 3618 2349 impedimentum

2035 2367 2090 2423 in
2137 2368 2312 2449 oculis
2355 2385 2545 2425 eorum
2588 2387 2617 2424 a
2656 2368 2858 2425 Sntana
2911 2368 3096 2435 fuisse,
3131 2385 3201 2425 ne
3239 2379 3623 2440 agnosceretur

2032 2455 2211 2524 Jesus,
2240 2460 2337 2516 sed
2367 2470 2547 2516 tamen
2575 2475 2605 2515 a
2654 2459 2874 2539 Christo
2904 2458 3047 2517 facta
3086 2469 3170 2516 est
3208 2461 3494 2526 permissio
3532 2479 3621 2517 ns-

2033 2565 2137 2621 que
2164 2550 2231 2606 ad
2262 2562 2664 2607 sacramentum
2693 2552 2870 2623 panis,
2899 2560 2960 2607 ut
2987 2562 3194 2607 unitate
3226 2552 3474 2623 carperis
3504 2551 3624 2623 ejus

2032 2643 2351 2715 part'cipata
2381 2645 2648 2700 removeri
2683 2644 3015 2716 intelligatur
3050 2644 3494 2715 impedimentum
3520 2645 3623 2700 ini-

2034 2733 2183 2800 mici,
2209 2742 2268 2788 ut
2294 2733 2544 2790 Christus
2569 2734 2739 2806 possit
2761 2735 3001 2805 agnosci.
3030 2734 3221 2790 Amen.

2403 2869 2609 2925 FERIA
2645 2868 2898 2925 TERTIA
2936 2868 3250 2926 PASCHAS.

2390 3002 2523 3043 LECT
2533 3003 2585 3043 l0
2612 3001 2827 3042 Λοτυυιι
2858 3002 3263 3043 ΔΡΟότΟιοΒυὶί.

2111 3129 2130 3164 ι
2170 3109 2409 3183 Surgens
2431 3109 2633 3165 Paulus
2651 3117 2707 3164 et
2736 3124 2899 3164 manu
2931 3108 3205 3164 silentium
3237 3109 3483 3166 indicens
3507 3113 3621 3170 ait:

331 3184 497 3254 (Luc.
524 3184 678 3257 XXI)?
704 3186 886 3258 Ignem
920 3187 1117 3258 quippe
1144 3187 1406 3243 Dominus
1433 3189 1487 3243 in
1519 3198 1721 3244 terram
1758 3191 1927 3256 misit,

2044 3224 2059 3258 ι
2098 3206 2214 3261 Viri
2238 3203 2461 3269 fratres,
2488 3203 2587 3260 lilii
2613 3203 2834 3276 generis
2857 3203 3152 3267 Abraham,
3182 3210 3238 3259 et
3261 3202 3352 3272 qui
3380 3202 3435 3257 in
3469 3205 3625 3261 vobis

331 3296 466 3337 cum
497 3278 679 3334 adlato
696 3278 936 3349 Spiritus
971 3280 1144 3335 sancti
1187 3295 1283 3335 cor
1327 3280 1624 3337 carnalium
1676 3282 1935 3353 incendit,

331 3384 397 3431 et
431 3382 581 3430 terra
610 3371 783 3439 ardet,
820 3388 942 3428 cum
978 3388 1075 3429 cor
1111 3374 1411 3429 carnalium
1438 3375 1492 3429 in
1529 3374 1641 3430 suis
1666 3375 1817 3446 prius
1847 3390 1938 3431 vo-

334 3466 646 3536 luptatibus
685 3463 942 3535 frigidum
998 3465 1258 3536 relinquit
1305 3465 1769 3538 concupiscentias
1800 3483 1941 3537 pra:-

335 3558 521 3613 sentis
559 3556 742 3612 saeculi
771 3565 828 3612 et
865 3557 1171 3613 incenditur
1199 3557 1266 3613 ad
1307 3573 1547 3613 amorem
1580 3558 1675 3613 Dei
1702 3573 1716 3613 :
1748 3558 1939 3615 Nonne

336 3664 438 3702 eor
461 3657 723 3713 nostrum,
753 3646 1027 3718 inquiunt,
1062 3648 1254 3703 ardens
1285 3658 1395 3703 erat
1424 3649 1480 3702 in
1519 3649 1665 3703 nobis
1712 3648 1838 3701 dum
1866 3647 1941 3702 lo-

338 3747 594 3808 queretur
619 3737 671 3792 in
700 3738 803 3804 via,
833 3746 881 3792 et
901 3737 1122 3808 aperiret
1148 3735 1622 3808 nobisScripturas.
1648 3737 1727 3792 Ex
1755 3738 1939 3793 audito

342 3828 554 3898 quippe
582 3841 833 3882 sermone
882 3827 1179 3882 inardescit
1217 3827 1433 3881 animus
1477 3827 1738 3898 corporis,
1771 3826 1941 3899 frigus

342 3917 579 3982 recedit,
614 3916 675 3971 lit
701 3933 855 3973 mens
894 3917 948 3972 in
980 3933 1213 3988 superno
1237 3917 1510 3973 desiderio
1544 3917 1723 3983 anxia,
1753 3933 1783 3972 a
1812 3933 1941 3974 con-

288 4005 294 4008 “
339 4009 701 4077 cupiscentiis
738 4010 972 4065 terrenis
1013 4009 1209 4064 aliena.
1249 4009 1417 4065 Amor
1445 4025 1627 4075 verus,
1664 4011 1754 4081 qui
1798 4012 1941 4066 hanc

340 4099 657 4169 repleverit,
688 4100 742 4155 in
785 4100 999 4157 ﬂetibus
1045 4102 1274 4157 cruciat.
1308 4100 1417 4157 Sed
1457 4102 1582 4156 dum
1616 4102 1707 4156 tali
1746 4102 1940 4156 ardore

341 4190 645 4258 cruciatur,
678 4193 809 4264 ipsis
841 4193 957 4249 suis
998 4192 1331 4249 cruciatibus
1372 4193 1635 4264 pascitur,
1677 4193 1866 4248 audire
1890 4193 1939 4248 ei

341 4282 486 4337 libet
504 4291 769 4354 prmeepta
792 4283 1053 4340 cmlestia.
1080 4284 1148 4339 Et
1172 4284 1316 4356 quod
1340 4283 1612 4339 mandatis
1632 4284 1940 4351 instruitur,

344 4374 509 4444 quasi
537 4381 615 4428 tot
642 4372 851 4429 facibus
878 4374 1274 4430 inﬂammatur.

426 4465 497 4518 Et
534 4476 805 4536 surgentes
841 4466 1025 4521 eadem
1065 4466 1195 4520 hora
1236 4466 1458 4537 regressi
1488 4475 1611 4521 sunt
1650 4467 1706 4521 in
1747 4464 1940 4520 Hieru-

344 4557 553 4623 salem,
596 4570 701 4613 etc.
752 4556 875 4614 Jam‘
909 4568 1028 4615 erat
1060 4557 1225 4624 fama,
1255 4558 1396 4628 quod
1425 4556 1738 4614 surrexerat
1763 4556 1940 4622 Jesns,
1970 4553 2020 4612 D

347 4648 423 4703 ab
452 4646 558 4702 illis
584 4648 898 4703 mulieribus
926 4646 1092 4713 facta,
1117 4656 1172 4702 et
1197 4663 1229 4702 a
1259 4647 1480 4703 Simone
1508 4646 1690 4715 Petro,
1720 4646 1804 4702 cui
1827 4647 1941 4718 jam

346 4745 705 4808 apparuerat,
736 4740 839 4793 hoc
861 4739 1007 4794 enim
1034 4739 1125 4794 isti
1158 4739 1263 4795 duo
1290 4739 1615 4794 invenerunt
1638 4740 1941 4810 loquentes,

347 4831 424 4886 ad
455 4845 592 4901 quos
638 4831 694 4886 in
739 4829 1077 4887 Hierusalem
1117 4839 1400 4888 venerunt.
1444 4831 1589 4887 Fieri
1634 4833 1815 4904 itaque
1848 4848 1944 4904 po-

349 4933 498 4991 test,
531 4932 589 4979 ut
632 4925 825 4980 timore
856 4925 1009 4997 prius
1052 4924 1105 4980 in
1135 4926 1221 4981 via
1267 4924 1542 4981 noluerint
1580 4925 1759 4981 dicere
1801 4925 1944 4997 quod

350 5033 484 5073 eum
531 5017 815 5073 audierant
858 5019 1256 5084 resurrexisse,
1306 5019 1522 5088 quando
1572 5018 1943 5073 tantummodo

351 5105 579 5175 angelos
604 5105 859 5177 dixerunt
890 5108 1038 5164 visos
1083 5124 1204 5164 esse
1248 5108 1584 5165 mulieribus.
1628 5108 1943 5180 Ignorantes

352 5197 505 5251 enim
533 5212 657 5252 cum
683 5212 791 5266 quo
817 5190 1188 5269 loquerentur,
1217 5198 1413 5254 merito
1443 5207 1664 5270 possent
1688 5213 1810 5254 esse
1842 5198 1948 5253 sol-

352 5285 516 5352 liciti,
544 5302 615 5342 ne
658 5288 789 5358 quid
831 5289 1034 5360 passim
1074 5291 1141 5346 de
1180 5289 1380 5346 Christi
1425 5289 1822 5345 resurrectione
1859 5287 1946 5358 ja-

349 5387 596 5443 ctantes,
642 5382 697 5436 in
727 5397 921 5437 manus
976 5382 1276 5438 inciderent
1313 5366 1643 5437 Iudaeorum.
1692 5379 1945 5436 Omnium

350 5484 492 5541 ergo
519 5469 763 5527 virorum
786 5473 964 5542 primo
990 5472 1249 5528 Dominus
1280 5472 1592 5543 apparuisse
1616 5471 1836 5544 legitur,
1869 5472 1949 5526 in-

352 5562 625 5634 telligitur
655 5562 838 5631 Petro,
867 5579 932 5619 ex
958 5564 1045 5619 his
1070 5565 1335 5619 duntaxat
1359 5561 1611 5618 omnibus
1632 5577 1766 5631 quos
1787 5577 1946 5617 evan-

351 5653 566 5725 gelista:
605 5663 855 5726 quatuor,
882 5663 939 5710 et
962 5654 1160 5710 Paulus
1190 5652 1462 5724 apostolus
1488 5667 1946 5707 commemorave—

354 5756 507 5800 runt.
551 5747 817 5817 Loquitur
844 5747 986 5801 enim
1017 5746 1083 5800 ad
1110 5744 1419 5799 Corinthios
1446 5745 1510 5800 de
1548 5744 1776 5798 Domino
1806 5742 1943 5799 Pan-

804 5841 1069 5902 Ρηιιοι..
1104 5839 1236 5902 Cll.

2048 3314 2065 3346 ι
2108 3296 2298 3351 timent
2322 3294 2515 3362 Deum,
2543 3294 2698 3350 vobis
2722 3294 2949 3349 verbum
2976 3293 3166 3350 salutis
3196 3293 3355 3365 hujus
3397 3294 3624 3351 missum

2048 3408 2065 3440 ι
2103 3396 2189 3446 est
2211 3403 2226 3444 :
2249 3387 2350 3456 Qui
2380 3388 2524 3444 enim
2560 3386 2880 3443 habitabant
2904 3385 3242 3442 Hierusalem
3270 3395 3327 3442 et
3352 3388 3627 3459 principes

2048 3500 2065 3532 ι
2105 3479 2245 3550 ejus,
2293 3479 2608 3551 ignorantes
2656 3476 2840 3533 Iesum
2885 3485 2941 3532 et
2984 3492 3147 3533 voces
3194 3476 3626 3548 Prophetarum.

2049 3591 2066 3623 ι
2105 3586 2226 3643 quas
2252 3586 2350 3642 per
2374 3586 2534 3627 omne
2562 3570 2848 3626 sabbatum
2877 3568 3148 3642 leguntur,
3190 3570 3498 3641 iudicantes
3526 3571 3627 3627 im-

2049 3683 2067 3715 ‹
2106 3664 2407 3734 plcverunt.
2452 3662 2522 3718 Et
2552 3662 2755 3718 nullam
2782 3669 3006 3718 causam
3050 3652 3245 3717 mortis
3292 3661 3628 3719 invenientes

2048 3772 2066 3805 ι
2109 3754 2162 3808 in
2199 3769 2288 3820 eo,
2324 3753 2598 3823 petierunt
2636 3768 2668 3806 a
2717 3750 2923 3817 Pilato,
2972 3758 3033 3807 ut
3066 3750 3439 3811 interﬁcerent
3479 3768 3625 3810 enini.

2049 3862 2068 3895 ι
2107 3844 2352 3917 Cumque
2374 3851 2845 3900 consu‘mmassent
2872 3842 3076 3909 omnia,
3101 3858 3221 3915 qum
3240 3842 3308 3898 de
3336 3858 3402 3900 eo
3418 3846 3629 3921 scripta

2048 3952 2068 3986 ι
2108 3944 2281 3999 erant,
2327 3935 2656 4006 deponentes
2702 3948 2827 3989 cum
2890 3933 2957 3988 de
3002 3932 3170 4004 ligno,
3218 3943 3519 4004 posuerunt
3573 3935 3630 3990 in

2050 4044 2067 4076 ι
2106 4034 2474 4083 monumento.
2507 4025 2650 4081 Deus
2677 4040 2807 4080 vero
2845 4023 3127 4079 suscitavit
3166 4037 3290 4077 eum
3318 4038 3349 4078 a
3376 4024 3625 4079 mortuis.

2050 4133 2067 4164 ι
2106 4114 2208 4182 Qui
2241 4114 2387 4169 visus
2416 4122 2500 4169 est
2544 4129 2641 4184 per
2669 4114 2788 4169 dies
2822 4112 3019 4168 multos
3071 4112 3157 4167 his
3198 4113 3292 4182 qui
3339 4113 3500 4168 simul
3544 4128 3631 4168 as-

2051 4226 2068 4257 (
2105 4205 2403 4261 cenderant
2428 4221 2551 4263 cum
2593 4220 2659 4261 eo
2684 4205 2752 4260 de
2777 4204 2996 4261 Galilaea
3023 4204 3078 4258 in
3128 4203 3464 4259 Hierusalem
3484 4246 3499 4270 ,
3538 4208 3630 4278 qui

2051 4315 2068 4347 ι
2107 4310 2275 4367 usque
2296 4311 2438 4351 nunc
2457 4303 2582 4351 sunt
2604 4302 2769 4351 testes
2788 4293 2905 4364 ejus
2922 4295 2989 4351 ad
3010 4295 3241 4366 plebem.
3265 4295 3334 4350 Et
3356 4310 3456 4352 nos
3478 4297 3633 4352 vobis

2051 4406 2069 4440 ι
2109 4388 2493 4443 annuntiamus
2518 4402 2658 4453 eam,
2700 4402 2822 4457 quae
2863 4386 2932 4441 ad
2966 4393 3149 4456 patres
3188 4393 3408 4442 nostros
3436 4401 3628 4458 repro-

2052 4497 2070 4528 ι
2111 4478 2298 4534 missio
2325 4475 2467 4532 facta
2497 4486 2608 4543 est,
2641 4476 2900 4548 quoniam
2946 4477 3090 4533 hanc
3130 4477 3273 4533 Deus
3316 4478 3631 4550 adimplevit

2053 4587 2070 4618 ι
2112 4565 2237 4622 (iliis
2265 4565 2483 4622 vestris.
2516 4565 2866 4621 Resuscitans
2907 4563 3091 4621 lesum
3130 4564 3405 4629 Christum
3443 4569 3627 4625 Domi-

2054 4675 2071 4707 ι
2113 4672 2243 4712 num
2269 4664 2536 4715 nostrum.
2551 4677 2570 4708 ι

2119 4746 2348 4820 Surgens
2384 4745 2589 4803 Paulus
2634 4755 2681 4802 et
2719 4764 2879 4802 manu
2924 4746 3192 4803 silentium
3238 4748 3474 4804 indicens
3512 4751 3629 4804 ait:

2054 4836 2168 4892 Viri
2192 4836 2407 4907 fratres,
2429 4836 2527 4907 ﬁlii
2543 4838 2747 4908 generis
2771 4837 3055 4904 Abraham,
3079 4848 3186 4895 etc.
3212 4838 3413 4895 Omnes
3434 4841 3632 4911 quibus

2046 4929 2151 4984 ista
2200 4926 2522 4998 loquebatur
2565 4927 2878 4999 Apostolus,
2922 4930 3219 4985 secundum
3264 4947 3483 4987 carnem
3536 4932 3631 4987 ﬁlii

2048 5021 2281 5077 Abrahze
2318 5030 2506 5088 erant,
2536 5022 2678 5078 sicut
2703 5030 2758 5076 et
2787 5022 2887 5091 ipsi
2923 5022 2987 5078 de
3017 5038 3077 5079 se
3113 5023 3243 5095 ipsis
3272 5025 3374 5081 hoc
3415 5026 3471 5081 in
3510 5027 3633 5082 loco

2047 5110 2333 5165 dixerunt:
2366 5109 2555 5166 Semen
2594 5111 2817 5165 Abralne
2840 5127 3046 5178 sumus,
3072 5120 3122 5167 et
3163 5111 3296 5167 nulli
3328 5115 3633 5169 seruiuimus

2047 5219 2301 5274 unquam,
2328 5211 2384 5258 et
2413 5203 2576 5258 item:
2606 5199 2653 5254 Ρ
2657 5213 2771 5257 ater
2811 5211 2987 5258 noster
3011 5201 3278 5259 Abraham
3318 5214 3415 5270 est,
3447 5212 3501 5259 et
3529 5206 3633 5259 Do—

2050 5293 2227 5348 minus
2274 5293 2379 5348 illis
2405 5312 2418 5346 :
2446 5292 2568 5350 Scio
2594 5293 2719 5367 quia
2747 5292 2847 5364 filii
2874 5293 3100 5351 Abrahae
3145 5300 3289 5351 estis.
3328 5295 3634 5350 lmitationc

2049 5385 2195 5439 enim
2238 5399 2344 5439 non
2383 5384 2477 5440 lilii
2519 5384 2754 5441 Abrahae
2794 5395 2953 5443 erant
2989 5388 3099 5455 illi,
3130 5389 3324 5459 quibus
3371 5386 3633 5440 Dominus

2050 5475 2371 5545 loquebatur
2406 5494 2420 5535 :
2462 5474 2565 5531 Vos
2594 5495 2659 5532 ea:
2691 5488 2843 5548 patre
2879 5480 3090 5535 diabolo
3119 5480 3279 5543 estis;
3318 5476 3459 5532 unde
3502 5490 3635 5547 ergo

2047 5564 2218 5621 Judmi
2247 5565 2339 5621 lilii
2366 5565 2599 5623 diaboli?
2618 5583 2725 5623 non
2748 5569 3021 5626 nascendo
3046 5569 3142 5624 sed
3169 5566 3466 5623 imitando:
3506 5563 3633 5633 Vos,

2051 5656 2227 5727 inquit
2265 5655 2543 5725 Dominus,
2570 5675 2635 5713 ex
2672 5668 2821 5728 patre
2862 5657 3072 5714 diabolo
3114 5658 3235 5713 estis
3280 5666 3328 5712 et
3372 5656 3634 5712 desideria

2047 5747 2214 5816 patris
2253 5747 2405 5801 vestri
2452 5747 2623 5816 facere
2678 5746 2849 5800 vultis.
2898 5746 3033 5799 Ecce
3081 5746 3223 5800 unde
3257 5746 3350 5802 lilii
3394 5747 3635 5802 diaboli!

3157 5838 3198 5898 8
