3994 6206
392 356 497 409 255

395 395 427 412 α

1665 344 1942 400 ΞΜᾹΠΛΟ
1954 343 2018 396 DI
2058 339 2351 396 ABBATIS

3549 345 3656 401 23-3

393 479 522 546 Qum
551 485 677 530 sunt
710 474 852 529 illius
881 471 1184 528 desideria?
1213 469 1313 524 Ille
1351 469 1612 523 homicida
1640 478 1752 522 erat
1776 469 1840 522 ab
1870 468 1967 521 ini-
1998 467 2046 525 Α
2073 471 2420 518 monumento
2452 477 2610 517 nemo
2642 470 2766 517 ante
2799 462 2976 526 illum,
3019 475 3179 516 nemo
3224 471 3347 532 post
3381 462 3533 518 illum
3575 480 3659 520 se-

391 571 484 632 tio,
513 577 564 623 et
599 583 686 622 vos
721 565 954 636 quieritis
982 579 1062 617 me
1097 563 1353 616 occidere.
1385 561 1524 615 Ecce
1553 559 1822 629 quomodo
1853 559 1972 614 imi-

397 661 601 716 tatione
629 657 721 712 ﬁlii
751 654 986 711 diaboli?
1023 652 1158 708 Nam
1187 662 1244 708 et
1267 651 1362 706 ﬁlii
1391 660 1548 707 erant
1575 651 1806 706 Abrahae
1848 667 1974 722 pro-

390 761 514 821 pter
555 750 822 822 originem
855 747 1065 812 'carnis,
1111 746 1307 816 quibus
1337 745 1441 800 ista
1467 743 1755 815 Apostolus
1791 744 1976 813 loque-

393 845 570 904 batur,
600 847 656 894 et
681 837 776 892 ﬁlii
803 837 1140 902 imitationis,
1167 844 1389 907 propter
1409 837 1713 891 castitatem
1743 834 1971 888 timoris.

393 934 600 1002 Quibus
649 931 958 1002 specialiter
988 928 1205 984 dicebat
1243 947 1254 981 :
1286 936 1342 983 et
1372 929 1464 1000 qui
1499 928 1554 982 in
1588 927 1742 983 vobis
1778 926 1976 980 timent

392 1028 590 1082 Deum.

471 1117 694 1172 Verbum
722 1113 906 1170 salutis
938 1115 1151 1168 missum
1179 1122 1273 1166 est.
1306 1112 1403 1183 (Ex
1435 1110 1682 1180 Ilieron.)
1713 1108 1848 1164 Illud
1876 1108 1976 1163 uti-

393 1222 518 1277 que,
563 1208 629 1262 de
669 1221 776 1275 quo
822 1204 986 1259 Isaias
1017 1206 1090 1257 ait
1128 1222 1140 1256 :
1181 1200 1406 1256 Verbum
1448 1201 1585 1255 misit
1637 1200 1892 1254 Dominus
1921 1199 1977 1252 in

393 1296 558 1351 Jarob
588 1306 632 1349 et
681 1287 864 1349 cecidit
908 1295 963 1348 in
1012 1293 1178 1349 Israel
1229 1292 1396 1363 (lsai.
1453 1293 1554 1362 ιι),
1584 1293 1637 1345 id
1681 1301 1797 1354 est,
1831 1289 2015 1345 misit-

399 1382 735 1442 DeusFilium
760 1401 948 1448 suum,
979 1386 1046 1439 de
1076 1401 1182 1454 quo
1209 1384 1446 1439 Joannes
1472 1385 1548 1438 ait
1573 1402 1584 1436 :
1618 1382 1686 1436 1η
1719 1382 1976 1453 principio

395 1487 503 1529 erat
542 1471 764 1527 Verbum
787 1485 833 1528 et
870 1473 1092 1527 Verbum
1119 1483 1227 1526 erat
1253 1474 1394 1543 apud
1426 1473 1592 1527 Deum
1614 1482 1662 1526 et
1687 1471 1828 1525 Deus
1864 1480 1976 1524 erat

411 1567 652 1631 Verbum,
680 1567 747 1622 ad
787 1564 974 1629 Iacob,
1005 1565 1056 1619 id
1097 1575 1208 1626 est,
1256 1565 1321 1617 ad
1349 1563 1583 1627 Judreos,
1623 1572 1678 1616 et
1722 1562 1871 1617 venit
1909 1560 1978 1614 ad

395 1660 576 1725 Israel,
611 1659 713 1714 hoc
759 1666 873 1723 est,
921 1657 989 1711 ad
1037 1657 1277 1726 gentium
1332 1653 1605 1725 populum.
1651 1651 1750 1707 Dei
1796 1659 1976 1705 autem

398 1750 633 1804 Verbum
682 1748 794 1819 ipse
835 1755 918 1802 est
951 1746 1039 1800 Dei
1091 1745 1276 1798 Filius.
1323 1743 1664 1814 Quapropter
1689 1757 1809 1795 cum
1853 1756 1977 1795 eum

2077 552 2259 622 pullus
2290 563 2395 608 est.

2145 644 2284 698 Deus
2323 660 2439 697 vero
2482 644 2751 697 suscitavit
2779 660 2895 697 eum
2922 661 2954 696 a
2993 644 3234 697 mortuis.
3267 641 3439 698 Radix
3473 658 3662 702 amara

2074 733 2254 788 crucis
2291 733 2526 798 evanuit,
2566 733 2664 788 llos
2695 734 2818 788 vita:
2859 749 2982 788 cum
3032 733 3297 789 fructibus
3339 734 3575 790 surrexit
3606 739 3662 792 in

2075 824 2263 896 gloria.
2297 823 2421 880 Ilaec
2450 834 2532 881 est
2552 827 2703 896 virga
2725 825 2929 891 Aaron,
2952 841 3072 895 qure
3097 836 3216 896 post
3245 827 3547 882 siccitatem
3571 828 3662 882 llo-

2075 922 2202 972 ruit.
2229 919 2393 990 Virga
2425 920 2571 974 enim
2599 928 2722 989 post
2753 918 3061 973 ariditatem
3088 920 3383 984 viresccns,
3412 917 3663 977 Christus

2076 1021 2161 1066 est
2205 1021 2326 1082 post
2365 1025 2594 1068 mortem
2627 1028 2940 1084 resurgens.
2979 1013 3069 1083 qui
3113 1021 3197 1067 est
3224 1011 3322 1068 llos
3366 1013 3660 1084 virginum,

2077 1116 2276 1158 corona
2305 1112 2626 1174 martyrum,
2657 1103 2829 1174 gratia
2851 1101 3265 1157 continentium.

2150 1193 2254 1261 Qui
2297 1193 2437 1248 visus
2467 1202 2542 1247 est
2591 1210 2683 1263 per
2725 1192 2836 1248 dies
2881 1191 3096 1246 multos.
3143 1192 3199 1247 Id
3241 1200 3357 1257 est,
3398 1207 3496 1262 per
3543 1194 3659 1248 dies

2079 1283 2454 1354 quadraginta.
2499 1282 2616 1337 Non
2669 1291 2850 1337 tamen
2898 1282 2978 1338 eis
3033 1297 3132 1352 per
3181 1299 3372 1338 omnes
3421 1283 3660 1355 quadra-

2079 1375 2224 1445 ginta
2256 1373 2375 1428 illos
2413 1373 2527 1428 dies
2559 1373 2817 1427 continuo
2846 1375 3125 1444 apparuit,
3165 1373 3260 1429 sed
3303 1375 3518 1444 quoties
3561 1391 3658 1429 vo-

2079 1467 2206 1529 luit,
2252 1465 2444 1534 quibus
2498 1463 2666 1518 voluit
2723 1471 2777 1518 et
2826 1464 3278 1532 quemadmodum
3334 1465 3503 1519 voluit
3559 1481 3658 1535 ap-

2081 1557 2284 1628 paruit.

2154 1647 2250 1700 His
2283 1648 2373 1718 qui
2413 1645 2571 1700 simul
2617 1648 2958 1702 ascenderunt
3000 1666 3116 1701 cum
3160 1666 3220 1703 eo
3259 1650 3324 1703 de
3354 1649 3576 1706 Galiltra
3607 1654 3664 1706 in

2087 1735 2436 1803 Hierusalem,
2465 1748 2571 1792 etc.
2605 1737 2764 1792 Salva
2799 1737 3026 1794 historia
3060 1739 3340 1795 videamus
3373 1742 3666 1814 intelligen-

402 1841 561 1893 Pater
591 1813 768 1894 Verbo
795 1837 942 1891 misit
972 1852 1003 1890 a
1034 1835 1214 1897 Patre,
1248 1844 1302 1888 et
1343 1834 1395 1887 in
1427 1813 1606 1888 Verbo
1634 1833 1750 1903 ejus
1777 1830 1979 1886 factum
2011 1813 2054 1872 Β
2086 1829 2234 1882 tiam.
2266 1827 2486 1883 Galilsea
2519 1845 2752 1899 namque
2783 1831 3186 1901 transmigratio
3214 1829 3354 1886 facta
3396 1833 3664 1903 interpre-

396 1938 500 1994 est,
531 1937 590 1982 ut
618 1929 942 1981 mitteretur.
977 1925 1118 1996 Ergo
1147 1940 1175 1977 a
1218 1924 1379 1978 Patre
1405 1933 1460 1977 et
1489 1923 1625 1978 Filio
1657 1923 1858 1977 missus
1898 1931 1982 1977 cst

396 2017 537 2072 idem
576 2016 767 2082 Filius,
795 2016 920 2086 quia
953 2015 1188 2070 Verbum
1230 2013 1409 2068 Patris
1438 2022 1523 2068 est
1562 2014 1677 2083 ipse
1708 2013 1898 2075 Filius,
1927 2013 1979 2065 in

396 2111 512 2179 ipso
547 2107 639 2162 Dei
670 2107 865 2172 Verbo,
891 2106 1031 2176 quod
1061 2114 1180 2160 erat
1210 2105 1263 2159 in
1306 2104 1572 2175 principio
1611 2103 1752 2173 apud
1784 2104 1976 2166 Deum,

395 2215 449 2253 et
478 2199 618 2254 Deus
653 2206 790 2262 erat,
820 2197 874 2251 in
911 2198 1023 2267 ipsa
1053 2196 1261 2251 scilicet
1289 2195 1553 2266 sapientia
1589 2195 1682 2248 Dei
1706 2202 1846 2257 erat,
1874 2209 1982 2264 quo

399 2299 639 2360 tempore
669 2289 904 2344 Verbum
948 2302 1077 2341 caro
1106 2286 1280 2351 ﬁeret,
1313 2295 1368 2340 et
1395 2285 1663 2339 habitaret
1705 2286 1758 2339 in
1803 2285 1978 2338 nobis.

401 2379 532 2446 Quae
561 2378 836 2450 plenitudo
877 2377 1134 2447 temporis
1174 2391 1297 2429 cum
1334 2375 1601 2439 venisset,
1649 2375 1800 2429 misit
1841 2374 1982 2429 Deus

399 2469 594 2526 Filium
617 2485 771 2524 suum
799 2467 1001 2522 factum
1025 2482 1092 2521 ex
1121 2465 1366 2530 muliere,
1392 2472 1450 2518 ut
1481 2465 1824 2519 incarnatum
1851 2464 1981 2519 Ver-

400 2562 528 2616 bum
553 2557 863 2616 homiuibus
892 2563 1197 2627 appareret.

474 2651 576 2716 Qui
601 2649 737 2706 enim
763 2647 1068 2704 habitabant
1120 2645 1445 2700 Hierusalem
1473 2655 1519 2698 et
1548 2645 1804 2714 principes
1845 2642 1977 2712 ejus,

396 2752 502 2798 etc.
540 2741 639 2810 (Ex
670 2736 856 2809 Beda.)
888 2737 1023 2792 Hinc
1055 2736 1109 2790 in
1148 2735 1372 2791 Actibus
1420 2733 1802 2803 Apostolorum
1838 2730 1978 2785 scri-

397 2843 547 2903 ptum
573 2837 657 2887 est
681 2846 694 2883 :
731 2828 902 2882 Moses
931 2825 1065 2881 enim
1092 2842 1122 2880 α
1151 2824 1466 2895 temporibus
1496 2824 1722 2894 antiquis
1752 2821 1903 2875 habet
1927 2821 1981 2874 in

397 2922 617 2994 singulis
659 2919 954 2975 civitatibus
979 2919 1070 2986 qui
1094 2934 1211 2972 eum
1241 2917 1486 2987 prasdicet
1511 2917 1567 2968 in
1595 2915 1894 2986 synagogis,
1926 2915 1980 2968 in

401 3015 485 3069 bis
522 3012 844 3069 testimoniis
869 3009 1156 3066 manifeste
1200 3008 1523 3071 declaratur,
1555 3008 1679 3075 quia
1711 3006 1870 3070 lectio
1908 3005 1982 3059 le—

401 3083 486 3177 gis
531 3104 617 3160 vel
656 3104 1043 3174 prophetarum
1091 3116 1120 3153 a
1154 3099 1354 3154 Judaeis
1401 3097 1626 3152 sabbato
1670 3112 1885 3166 semper
1927 3097 1980 3151 iu

401 3195 688 3268 synagogis
715 3193 920 3264 legebat
933 3207 1016 3244 ur.
1962 3258 1972 3268 ο

470 3287 702 3358 Cumque
737 3290 1178 3339 consummassent
1222 3281 1397 3335 omnia
1433 3297 1548 3352 qua:
1588 3281 1652 3334 de
1691 3296 1750 3334 eo
1787 3281 1980 3349 scripta

399 3389 540 3435 sunt.
579 3377 680 3450 (Ex
702 3374 953 3448 August.)
984 3375 1111 3438 [hec
1147 3375 1308 3428 verba
1337 3383 1391 3427 et
1421 3371 1657 3427 Joannes
1687 3373 1790 3427 hoc
1819 3372 1981 3425 modo

401 3478 608 3535 narrat,
641 3468 823 3524 dicens
847 3479 862 3520 :
893 3463 1080 3519 Postea
1112 3466 1280 3519 sciens
1307 3464 1482 3526 Iesus,
1508 3463 1632 3533 quia
1659 3463 1833 3516 omnia
1858 3479 1982 3515 con-

400 3569 658 3615 summata
671 3567 810 3620 sunt,
827 3569 882 3610 ut
897 3565 1347 3611 consummaretur
1360 3555 1634 3622 Scriptura
1651 3552 1801 3606 dicit:
1823 3550 1976 3617 Sitio,

400 3659 505 3706 etc.
535 3648 716 3722 (Joan.
743 3646 878 3717 xxx).
925 3647 1168 3702 Peractis
1193 3643 1442 3699 omnibus
1479 3643 1654 3709 Jesus,
1692 3657 1812 3712 qua:
1851 3653 1979 3696 ante

402 3757 554 3798 suam
580 3750 810 3796 mortem
837 3739 1018 3809 peragi
1047 3737 1350 3807 oportebat,
1384 3736 1598 3804 quando
1631 3734 1797 3790 voluit
1825 3743 1878 3788 et
1906 3735 1981 3789 si-

405 3841 498 3887 cut
520 3831 690 3886 voluit
716 3829 939 3884 tradidit
962 3829 1232 3898 spiritum.
1609 3884 1618 3891 _

479 3925 796 3994 Deponenles
823 3937 939 3975 eum
967 3920 1031 3973 de
1073 3918 1232 3989 ligno.
1255 3918 1310 3972 Α
1329 3918 1476 3972 Mose
1517 3918 1568 3971 iu
1596 3932 1777 3972 eremo
1805 3933 1978 3974 :ereus

403 4030 626 4085 serpens
668 4012 810 4082 ligno
833 4025 1124 4081 suspensus
1150 4015 1264 4072 est,
1294 4017 1354 4061 ut
1383 4007 1643 4062 Dominus
1671 4016 1725 4063 et
1767 4007 1820 4061 iu
1858 4023 1965 4063 ser-

404 4113 564 4176 pente
593 4110 837 4158 mortuus
877 4098 1079 4172 (Num.
1108 4112 1225 4163 ut;
1255 4095 1413 4151 Joau.
1443 4096 1522 4168 tu)
1547 4137 1560 4161 ,
1604 4105 1658 4150 et
1689 4096 1743 4150 in
1771 4112 1877 4151 acre
1906 4098 1978 4150 si-

403 4193 750 4261 gniﬁcaretur
775 4199 1031 4253 teter-nus,
1063 4187 1342 4251 videlicet,
1373 4196 1430 4242 ut
1463 4188 1796 4242 ludicaretur
1829 4203 1974 4242 mor-

396 4293 529 4339 tuus
553 4298 649 4353 per
675 4281 1062 4336 humanitatem
1083 4319 1098 4342 ,
1125 4286 1177 4333 et
1211 4286 1389 4332 tamen
1416 4285 1562 4332 esset
1597 4277 1751 4347 quasi
1797 4293 1976 4332 tenens

394 4389 499 4444 .per
521 4373 881 4428 divinitatem.

473 4466 591 4539 (Ex
639 4463 944 4533 Eucherio.)
993 4461 1133 4528 Quid
1189 4461 1617 4532 respondendum
1653 4471 1735 4517 cst
1774 4460 1976 4516 Iudaeis

401 4555 776 4627 objicieutibus
798 4555 1163 4608 testimonium
1185 4553 1310 4607 illud
1333 4571 1348 4607 :
1370 4553 1678 4608 Maledictus
1699 4555 1866 4614 omnis
1887 4554 1975 4624 qui

403 4647 587 4719 pendet
634 4648 688 4700 in
712 4646 896 4716 ligno?
927 4645 1265 4698 Maledictum
1306 4659 1426 4698 esse
1461 4645 1734 4700 hominem
1782 4647 1872 4714 qui
1921 4648 1973 4701 in

406 4745 550 4813 ligno
575 4741 824 4814 pendeat,
867 4739 960 4794 sed
991 4739 1234 4802 noxium,
1263 4753 1367 4791 non
1400 4737 1761 4794 irmoccntem.
1792 4739 1977 4811 Neque

402 4833 549 4887 enim
591 4830 909 4886 innocentia:
936 4837 1115 4901 potest
1139 4843 1258 4883 esse
1287 4827 1630 4884 maledictum
1660 4846 1817 4900 poena
1853 4847 1976 4900 pec-

405 4923 531 4977 cati.
558 4921 769 4976 Etenim
801 4922 844 4978 si
890 4920 1246 4976 Mardocheus
1277 4929 1577 4989 preparato
1608 4920 1753 4990 ligno
1779 4937 1977 4992 appen-

404 5030 495 5068 sus
521 5014 840 5068 sententiam
873 5012 1031 5084 regia:
1061 5011 1396 5068 crudelitatis
1422 5010 1710 5082 explesset,
1737 5014 1976 5083 nunquid

402 5116 526 5157 eum
555 5103 775 5174 dignum
801 5104 903 5158 hac
945 5102 1319 5158 maledictioue
1342 5100 1680 5172 iudicarent?
1711 5103 1827 5157 Non
1861 5119 1977 5159 om-

404 5194 532 5249 nino
579 5193 780 5250 idcirco
809 5194 1067 5249 Dominus
1112 5203 1297 5250 noster
1340 5193 1595 5263 pependit
1634 5195 1687 5248 iu
1724 5194 1885 5263 ligno,
1922 5204 1980 5250 ut

333 5262 343 5345 ξ
402 5302 504 5342 nos
543 5301 573 5341 a
621 5285 836 5350 delicto,
865 5285 1008 5355 quod
1045 5285 1100 5340 in
1140 5285 1286 5357 ligno
1320 5262 1495 5339 fuerat
1523 5285 1842 5365 perditionis
1876 5288 1973 5342 ad-

404 5383 652 5448 missum,
678 5379 822 5451 ligno
843 5393 1108 5450 appensus
1137 5378 1462 5433 absolveret.

474 5471 770 5528 Posuerunt
799 5471 854 5525 in
887 5478 1237 5524 monumento.
1267 5467 1367 5540 (Ex
1407 5467 1656 5539 August.)
1697 5471 1752 5524 lu
1790 5487 1976 5525 monu-

406 5575 588 5621 mento
615 5578 754 5620 novo
784 5560 989 5633 positus
1017 5569 1102 5615 est
1139 5557 1314 5623 Jesus,
1343 5560 1396 5613 in
1423 5575 1529 5628 quo
1562 5562 1799 5614 nondum
1829 5562 1977 5630 quis-

404 5671 563 5722 quam
590 5656 797 5725 positus
824 5661 959 5714 erat,
992 5651 1134 5706 sicut
1155 5650 1207 5704 in
1237 5649 1460 5721 virginis
1483 5660 1634 5704 utero
1667 5669 1823 5706 nemo
1848 5665 1975 5708 ante

404 5749 577 5813 illiilli,
623 5764 780 5802 manu
818 5755 933 5817 post
982 5745 1127 5799 illum
1160 5751 1449 5828 conceptus
1491 5753 1593 5811 est,
1646 5747 1715 5799 ita
1768 5749 1816 5798 iu
1875 5748 1971 5799 bac

2007 4505 2054 4562 D

2085 1929 2251 1984 tatur,
2283 1919 2618 1976 Hierusalem
2639 1907 2785 1975 \visio
2814 1921 2981 1991 pacis.
3013 1921 3090 1975 llli
3114 1922 3259 1977 enim
3286 1938 3409 1978 cum
3435 1923 3665 1979 Domino

2083 2009 2150 2062 de
2192 2009 2408 2064 Galilsea
2453 2010 2813 2064 ascenderunt
2859 2011 2913 2064 in
2964 2010 3337 2077 Hierusalem,
3375 2015 3466 2083 qui
3513 2017 3666 2085 prius

2083 2100 2174 2154 hic
2197 2101 2450 2155 vitiorum
2492 2101 2733 2156 fomitem
2781 2110 3114 2172 respuentes,
3156 2103 3224 2158 ad
3253 2104 3516 2160 virtutum
3547 2106 3662 2160 eul-

2083 2191 2229 2245 mina
2287 2191 2690 2262 trausmigrant.
2741 2192 2820 2246 llli
2873 2192 3112 2258 scilicet,
3149 2209 3272 2248 cum
3325 2195 3668 2266 redemptore

2083 2289 2268 2335 nostro
2291 2297 2320 2334 a
2346 2282 2597 2350 passione
2625 2282 2691 2336 ad
2720 2284 3194 2349 resurrectionem,
3229 2301 3260 2338 a
3289 2296 3463 2342 morle
3489 2288 3557 2342 ad
3589 2288 3667 2340 vi-

2085 2378 2214 2432 tam,
2240 2383 2271 2422 a
2306 2383 2467 2439 paena
2496 2371 2562 2424 ad
2604 2370 2848 2441 gloriam,
2876 2387 2906 2424 a
2940 2374 3284 2444 corruptione
3323 2375 3390 2429 ad
3421 2375 3668 2431 incorru-

2082 2457 2324 2527 ptionem
2380 2460 2843 2531 transmigrabant
2913 2462 2966 2517 in
3029 2461 3384 2519 Hierusalem.
3446 2465 3668 2522 Caelesti

2083 2549 2410 2618 quandoque.
2472 2549 2639 2604 Deum
2688 2549 2794 2604 ιωιί
2853 2551 3147 2616 videbunt,
3205 2554 3297 2624 qui
3356 2555 3446 2611 hic
3505 2557 3668 2610 modo

2082 2641 2231 2695 vitiis
2277 2641 2548 2695 derelictis
2592 2643 2660 2696 ad
2710 2644 2974 2699 virtutum
3013 2645 3387 2701 celsitudinem
3428 2649 3666 2702 transie-

2085 2735 2216 2790 rint.

2157 2825 2224 2878 Et
2250 2843 2342 2880 nos
2373 2827 2516 2881 vobis
2543 2830 2917 2884 annuntiamus
2939 2848 3000 2884 ea
3029 2849 3146 2902 quw
3171 2833 3238 2886 ad
3261 2844 3434 2904 patres
3463 2845 3667 2890 nostros

2084 2920 2416 2990 repromissio
2445 2920 2585 2989 facta
2617 2930 2711 2986 est,
2744 2930 2850 2976 etc.
2875 2921 3107 2978 Abrahae
3136 2925 3281 2978 enim
3312 2925 3513 2980 dictum
3545 2938 3625 2981 est
3653 2947 3664 2980 :

2079 3005 2141 3064 in
2168 3018 2220 3064 te
2250 3011 2638 3065 benedicentur
2678 3013 2945 3068 universze
2981 3016 3340 3089 cognationes
3369 3024 3546 3072 teme.
3579 3015 3669 3071 Ja~

2086 3102 2185 3154 cob
2215 3109 2393 3154 autem
2422 3119 2434 3154 :
2470 3101 2538 3154 Et
2569 3103 2941 3157 benedicentur
2977 3106 3031 3158 in
3066 3116 3116 3159 te
3154 3117 3201 3160 et
3245 3107 3300 3160 in
3341 3109 3538 3163 semine
3577 3123 3670 3164 tuo

2085 3199 2285 3244 cuncta:
2322 3191 2490 3245 tribus
2518 3202 2690 3247 teme.
2721 3194 2873 3261 Quod
2915 3197 3206 3268 Apostolus
3235 3214 3511 3270 exponens
3547 3217 3625 3254 ait
3652 3220 3664 3254 :

2085 3279 2207 3334 Non
2237 3282 2368 3336 dixit
2402 3283 2457 3336 in
2488 3285 2788 3350 seminibus,
2820 3287 2911 3341 sed
2946 3289 3000 3341 in
3031 3291 3226 3343 semine
3268 3300 3380 3354 tuo,
3417 3291 3558 3362 quod
3590 3304 3667 3346 est

2081 3369 2337 3429 Christus.
2363 3374 2560 3431 Semen
2585 3378 2799 3446 quidem
2828 3380 3057 3435 Abraha:
3079 3380 3330 3438 Christus
3358 3393 3461 3450 est,
3491 3385 3546 3440 in
3573 3401 3669 3440 eu-

2074 3462 2164 3532 jus
2189 3465 2422 3520 nominis
2451 3465 2555 3522 ﬁde
2582 3469 2834 3524 omnibus
2865 3478 3022 3525 terra:
3051 3471 3269 3526 familiis
3295 3472 3493 3530 Judzcis
3523 3477 3672 3530 vitle-

2081 3555 2206 3610 licet
2240 3566 2296 3611 et
2329 3559 2581 3628 gentibus
2615 3569 2697 3615 est
2737 3561 3042 3618 benedictio
3080 3566 3427 3632 repromissa,
3459 3566 3514 3620 id
3550 3577 3666 3631 est,

2081 3645 2378 3714 signiﬁcat,
2427 3647 2564 3702 dabo
2597 3649 2748 3703 vobis
2792 3659 2980 3704 sancta
3024 3651 3194 3706 David
3229 3653 3429 3719 ﬁdelia,
3469 3654 3524 3709 id
3554 3666 3666 3719 est,

2080 3753 2413 3809 quaecunque
2443 3741 2609 3795 David
2638 3742 2886 3810 promisi,
2909 3744 3099 3799 eadem
3129 3745 3282 3800 vobis
3306 3746 3478 3803 ﬁdelis
3506 3764 3669 3818 spon-

2081 3843 2170 3882 sor
2201 3828 2455 3898 implebo,
2499 3832 2773 3886 Cbristum
2803 3833 3011 3890 scilicet
3038 3835 3104 3890 de
3133 3831 3252 3904 cjus
3282 3837 3452 3908 stirpe
3489 3840 3667 3894 nasci-

2083 3927 2281 3972 turum.

2435 4026 2770 4067 EV’ANGELIUII
2807 4029 2982 4078 ιυειε,
3011 4029 3131 4069 CAP.
3161 4029 3308 4068 XXIV.

2155 4121 2173 4153 ι
2214 4100 2376 4156 Stetit
2409 4100 2567 4157 Jesus
2606 4103 2657 4157 in
2700 4104 2878 4159 medio
2904 4105 3287 4176 discipulorum
3324 4121 3567 4171 suorum,
3612 4117 3669 4164 ct

2086 4211 2103 4243 ι
2141 4193 2218 4246 ait
2250 4193 2386 4248 illis:
2419 4193 2527 4247 Pax
2555 4194 2727 4259 vobis,
2755 4210 2854 4264 ego
2879 4212 3017 4259 sum,
3055 4197 3220 4251 nolite
3251 4198 3486 4253 timere:
3521 4198 3664 4254 Con-

2087 4301 2103 4332 ι
2145 4283 2345 4336 turbati
2373 4299 2502 4338 vero
2523 4292 2578 4338 et
2605 4286 2887 4340 conterriti
2917 4286 3302 4342 existimabant
3324 4303 3382 4343 se
3413 4289 3664 4359 spiritum

2085 4391 2102 4425 ι
2141 4374 2343 4428 videre.
2379 4374 2444 4427 Et
2467 4374 2603 4428 dixit
2643 4376 2722 4429 eis
2756 4395 2766 4428 :
2796 4375 2934 4443 Quid
2963 4377 3158 4432 turbati
3189 4379 3340 4444 estis,
3369 4388 3424 4433 et
3459 4381 3670 4450 cogita-

2085 4489 2103 4513 ι
2146 4464 2317 4519 tiones
2362 4465 2661 4519 ascendunt
2705 4467 2758 4520 iu
2802 4469 2963 4523 corda
3007 4478 3206 4533 vestra,
3247 4469 3424 4524 videte
3468 4485 3664 4524 manus

2090 4571 2107 4602 ε
2144 4569 2292 4609 meas
2319 4564 2375 4609 et
2403 4556 2586 4625 pedes,
2615 4557 2740 4626 quia
2769 4573 2868 4628 ego
2898 4559 3012 4630 ipse
3053 4574 3193 4623 sum,
3232 4559 3444 4628 palpate
3489 4569 3543 4614 et
3579 4561 3663 4613 vi-

2090 4663 2108 4696 ς
2145 4647 2287 4712 dcte,
2312 4649 2440 4718 quia
2469 4648 2692 4717 spiritus
2729 4664 2948 4705 carnem
2980 4660 3033 4704 ct
3062 4666 3184 4705 ossa
3215 4666 3322 4706 non
3367 4651 3560 4717 habet,
3591 4652 3664 4707 si-

2089 4757 2106 4789 σ
2145 4749 2237 4793 cut
2272 4755 2358 4795 me
2395 4741 2590 4796 videtis
2628 4742 2849 4797 habere.
2892 4741 2960 4796 Et
2989 4758 3110 4797 eum
3158 4742 3270 4797 haec
3303 4742 3548 4808 dixisset,
3575 4758 3664 4798 os-

2089 4849 2106 4880 (
2147 4831 2314 4884 tendit
2349 4831 2428 4886 eis
2473 4847 2664 4887 manus
2693 4841 2748 4887 ct
2780 4833 2962 4902 pedes.
2993 4832 3182 4887 Adhuc
3207 4841 3388 4887 autem
3419 4832 3525 4888 illis
3552 4848 3661 4888 non

2089 4938 2106 4969 ι
2144 4920 2487 4977 credentibus
2513 4931 2567 4976 et
2598 4923 2917 4978 mirantibus
2957 4937 3068 4992 pne
3111 4923 3304 4994 gaudio
3343 4922 3479 4976 dixit
3509 4941 3520 4975 :
3554 4923 3662 4976 Ila-

2087 5030 2103 5059 ι
2142 5011 2280 5066 betis
2303 5012 2392 5067 hic
2418 5013 2622 5084 aliquid
2651 5015 2793 5084 quod
2830 5015 3215 5069 mauducetur?
3239 5015 3309 5068 At
3348 5014 3420 5068 illi
3449 5014 3663 5070 obtule-

2085 5118 2102 5151 ι
2143 5109 2265 5155 runt
2291 5102 2339 5156 ei
2365 5112 2573 5174 partem
2605 5106 2770 5176 piscis
2793 5105 2901 5160 assi
2927 5113 2982 5159 et
3009 5105 3190 5160 favum
3219 5106 3413 5161 mellis.
3443 5106 3661 5161 Etcum

2084 5210 2102 5243 ‹
2142 5195 2518 5250 manducasset
2561 5212 2746 5251 coram
2792 5198 2902 5261 eis,
2947 5213 3165 5252 sumens
3209 5198 3465 5268 reliquias
3513 5200 3664 5254 dedit

2084 5306 2101 5338 ι
2139 5289 2242 5352 eis,
2269 5296 2323 5342 et
2359 5287 2494 5342 dixit
2523 5289 2589 5342 ad
2619 5303 2749 5343 eos:
2782 5287 2906 5344 IIzcc
2936 5297 3062 5344 sunt
3093 5289 3257 5344 verba
3287 5305 3407 5359 quae
3443 5288 3662 5344 loeutus

2085 5397 2103 5429 ‹
2141 5395 2259 5433 sum
2287 5378 2352 5432 ad
2380 5395 2477 5434 vos
2505 5395 2625 5432 cum
2654 5379 2829 5433 adhuc
2855 5395 3030 5434 essem
3057 5369 3368 5444 vobiscum,
3399 5381 3656 5448 quoniam

2085 5489 2101 5522 ί
2142 5486 2360 5526 necesse
2405 5480 2488 5526 est
2538 5471 2749 5542 impleri
2793 5472 2975 5525 omnia
3024 5487 3143 5542 qua:
3192 5473 3390 5542 scripta
3431 5480 3560 5526 sunt
3605 5473 3658 5526 in

2085 5584 2102 5616 τι
2143 5566 2258 5636 lege
2302 5567 2468 5638 Moysi
2510 5575 2564 5621 et
2590 5567 2868 5636 prophetis
2909 5575 2962 5620 et
3003 5567 3225 5636 psalmis
3269 5567 3333 5622 de
3373 5583 3478 5622 me.
3507 5565 3660 5620 Tunc

2086 5679 2102 5707 ι
2143 5659 2351 5728 aperuit
2401 5659 2504 5712 illis
2540 5675 2776 5721 sensum,
2822 5667 2881 5712 ut
2917 5659 3278 5728 intelligerent
3326 5656 3654 5727 scripturas.

2088 5769 2103 5799 ί
2148 5751 2208 5804 Et
2243 5751 2373 5803 dixit
2417 5750 2492 5804 vis
2530 5766 2541 5802 :
2579 5752 2839 5817 Quoniam
2891 5752 2967 5805 sic
3015 5751 3274 5818 scriptum
3317 5759 3432 5815 est,
3479 5761 3531 5805 ct
3581 5751 3659 5805 sic
