  <div class='ocr_page' id='page_1' title='image "/cluster/home/n/w/nwhite01/storage/ocr_20150623/102/hvd.32044052820032/124.png"; bbox 0 0 3954 6200; ppageno 0'>
   <div class='ocr_carea' id='block_1_1' title="bbox 408 317 520 377">
    <p class='ocr_par' dir='ltr' id='par_1_1' title="bbox 408 317 520 377">
     <span class='ocr_line' id='line_1_1' title="bbox 408 317 520 377; baseline -0.027 0"><span class='ocrx_word' id='word_1_1' title='bbox 408 317 520 377; x_wconf 73' lang='lat'><strong>237</strong></span> 
     </span>
    </p>
   </div>
   <div class='ocr_carea' id='block_1_2' title="bbox 1250 316 2873 376">
    <p class='ocr_par' dir='ltr' id='par_1_2' title="bbox 1250 316 2873 376">
     <span class='ocr_line' id='line_1_2' title="bbox 1250 316 2873 376; baseline -0.002 -1"><span class='ocrx_word' id='word_1_2' title='bbox 1250 317 1770 375; x_wconf 72' lang='lat' dir='ltr'><strong>COLLECTIONES</strong></span> <span class='ocrx_word' id='word_1_3' title='bbox 1811 319 1877 374; x_wconf 81' lang='lat' dir='ltr'><strong>IN</strong></span> <span class='ocrx_word' id='word_1_4' title='bbox 1915 317 2299 374; x_wconf 80' lang='lat' dir='ltr'><strong>EPISTOLAS</strong></span> <span class='ocrx_word' id='word_1_5' title='bbox 2337 319 2425 374; x_wconf 84' lang='lat' dir='ltr'><strong>ET</strong></span> <span class='ocrx_word' id='word_1_6' title='bbox 2464 316 2873 376; x_wconf 59' lang='lat' dir='ltr'><strong>EVANGELIA.</strong></span> 
     </span>
    </p>
   </div>
   <div class='ocr_carea' id='block_1_3' title="bbox 3570 325 3677 380">
    <p class='ocr_par' dir='ltr' id='par_1_3' title="bbox 3570 325 3677 380">
     <span class='ocr_line' id='line_1_3' title="bbox 3570 325 3677 380; baseline 0 -2"><span class='ocrx_word' id='word_1_7' title='bbox 3570 325 3677 380; x_wconf 62' lang='lat'><strong>238</strong></span> 
     </span>
    </p>
   </div>
   <div class='ocr_carea' id='block_1_4' title="bbox 413 430 3679 505">
    <p class='ocr_par' dir='ltr' id='par_1_4' title="bbox 413 430 3679 505">
     <span class='ocr_line' id='line_1_4' title="bbox 413 430 3679 505; baseline 0.004 -21"><span class='ocrx_word' id='word_1_8' title='bbox 413 452 435 484; x_wconf 72' lang='grc' dir='ltr'><em>ι</em></span> <span class='ocrx_word' id='word_1_9' title='bbox 472 430 762 503; x_wconf 73' lang='lat' dir='ltr'><strong>oportebat</strong></span> <span class='ocrx_word' id='word_1_10' title='bbox 804 430 916 502; x_wconf 86' lang='lat' dir='ltr'><strong>pati</strong></span> <span class='ocrx_word' id='word_1_11' title='bbox 965 430 1238 486; x_wconf 86' lang='lat' dir='ltr'><strong>Christum</strong></span> <span class='ocrx_word' id='word_1_12' title='bbox 1278 441 1334 487; x_wconf 89' lang='lat' dir='ltr'><strong>et</strong></span> <span class='ocrx_word' id='word_1_13' title='bbox 1374 448 1656 505; x_wconf 79' lang='lat' dir='ltr'><strong>resurgere</strong></span> <span class='ocrx_word' id='word_1_14' title='bbox 1700 448 1730 487; x_wconf 90' lang='lat' dir='ltr'><strong>a</strong></span> <span class='ocrx_word' id='word_1_15' title='bbox 1761 434 1989 488; x_wconf 78' lang='lat' dir='ltr'><strong>mortuis</strong></span> <span class='ocrx_word' id='word_1_16' title='bbox 2018 436 2062 494; x_wconf 85' lang='grc' dir='ltr'>Λ</span> <span class='ocrx_word' id='word_1_17' title='bbox 2094 446 2324 502; x_wconf 89' lang='lat' dir='ltr'><strong>nemque</strong></span> <span class='ocrx_word' id='word_1_18' title='bbox 2339 432 2728 488; x_wconf 67' lang='lat' dir='ltr'><strong>dubitationem</strong></span> <span class='ocrx_word' id='word_1_19' title='bbox 2752 433 2927 488; x_wconf 86' lang='lat' dir='ltr'><strong>desua</strong></span> <span class='ocrx_word' id='word_1_20' title='bbox 2953 435 3679 495; x_wconf 68' lang='lat' dir='ltr'><strong>resurrectionetollcndanu</strong></span> 
     </span>
    </p>
   </div>
   <div class='ocr_carea' id='block_1_5' title="bbox 411 521 1993 595">
    <p class='ocr_par' dir='ltr' id='par_1_5' title="bbox 411 521 1993 595">
     <span class='ocr_line' id='line_1_5' title="bbox 411 521 1993 595; baseline 0.004 -22"><span class='ocrx_word' id='word_1_21' title='bbox 411 541 435 573; x_wconf 70' lang='grc' dir='ltr'><strong><em>ι</em></strong></span> <span class='ocrx_word' id='word_1_22' title='bbox 472 521 562 578; x_wconf 85' lang='lat' dir='ltr'><strong>die</strong></span> <span class='ocrx_word' id='word_1_23' title='bbox 610 523 801 586; x_wconf 79' lang='lat' dir='ltr'><strong>tertia,</strong></span> <span class='ocrx_word' id='word_1_24' title='bbox 847 530 903 575; x_wconf 90' lang='lat' dir='ltr'><strong>et</strong></span> <span class='ocrx_word' id='word_1_25' title='bbox 955 522 1237 592; x_wconf 65' lang='lat' dir='ltr'><strong>praedicari</strong></span> <span class='ocrx_word' id='word_1_26' title='bbox 1290 523 1344 578; x_wconf 90' lang='lat' dir='ltr'><strong>in</strong></span> <span class='ocrx_word' id='word_1_27' title='bbox 1387 526 1606 580; x_wconf 84' lang='lat' dir='ltr'><strong>nomine</strong></span> <span class='ocrx_word' id='word_1_28' title='bbox 1657 524 1775 593; x_wconf 88' lang='lat' dir='ltr'><strong>ejus</strong></span> <span class='ocrx_word' id='word_1_29' title='bbox 1813 525 1993 595; x_wconf 66' lang='grc' dir='ltr'><strong>ι)ωηί-</strong></span> 
     </span>
    </p>
   </div>
   <div class='ocr_carea' id='block_1_6' title="bbox 410 615 1993 687">
    <p class='ocr_par' dir='ltr' id='par_1_6' title="bbox 410 615 1993 687">
     <span class='ocr_line' id='line_1_6' title="bbox 410 615 1993 687; baseline 0.004 -22"><span class='ocrx_word' id='word_1_30' title='bbox 410 631 434 665; x_wconf 76' lang='grc' dir='ltr'>ι</span> <span class='ocrx_word' id='word_1_31' title='bbox 474 616 702 670; x_wconf 77' lang='lat' dir='ltr'><strong>sentiam</strong></span> <span class='ocrx_word' id='word_1_32' title='bbox 751 621 809 669; x_wconf 91' lang='lat' dir='ltr'><strong>et</strong></span> <span class='ocrx_word' id='word_1_33' title='bbox 865 615 1241 671; x_wconf 82' lang='lat' dir='ltr'><strong>remissionem</strong></span> <span class='ocrx_word' id='word_1_34' title='bbox 1304 626 1648 687; x_wconf 82' lang='lat' dir='ltr'><strong>peccatorum</strong></span> <span class='ocrx_word' id='word_1_35' title='bbox 1696 619 1751 672; x_wconf 82' lang='lat' dir='ltr'><strong>in</strong></span> <span class='ocrx_word' id='word_1_36' title='bbox 1805 632 1993 673; x_wconf 87' lang='lat' dir='ltr'><strong>oumes</strong></span> 
     </span>
    </p>
   </div>
   <div class='ocr_carea' id='block_1_7' title="bbox 406 712 788 775">
    <p class='ocr_par' dir='ltr' id='par_1_7' title="bbox 406 712 788 775">
     <span class='ocr_line' id='line_1_7' title="bbox 406 712 788 775; baseline 0 -19"><span class='ocrx_word' id='word_1_37' title='bbox 406 722 435 756; x_wconf 66' lang='grc' dir='ltr'><em>ς</em></span> <span class='ocrx_word' id='word_1_38' title='bbox 469 712 683 775; x_wconf 77' lang='lat' dir='ltr'><strong>gentes.</strong></span> <span class='ocrx_word' id='word_1_39' title='bbox 707 724 727 756; x_wconf 71' lang='grc' dir='ltr'><strong>ι</strong></span> <span class='ocrx_word' id='word_1_40' title='bbox 772 755 788 768; x_wconf 72' lang='grc'><em>,</em></span> 
     </span>
    </p>
   </div>
   <div class='ocr_carea' id='block_1_8' title="bbox 472 794 1994 870">
    <p class='ocr_par' dir='ltr' id='par_1_8' title="bbox 472 794 1994 870">
     <span class='ocr_line' id='line_1_8' title="bbox 472 794 1994 870; baseline 0.004 -18"><span class='ocrx_word' id='word_1_41' title='bbox 472 794 634 852; x_wconf 82' lang='lat' dir='ltr'><strong>Stetit</strong></span> <span class='ocrx_word' id='word_1_42' title='bbox 654 796 812 851; x_wconf 78' lang='lat' dir='ltr'><strong>Iesus</strong></span> <span class='ocrx_word' id='word_1_43' title='bbox 836 797 895 850; x_wconf 79' lang='lat' dir='ltr'><strong>in</strong></span> <span class='ocrx_word' id='word_1_44' title='bbox 922 797 1093 851; x_wconf 80' lang='lat' dir='ltr'><strong>medio</strong></span> <span class='ocrx_word' id='word_1_45' title='bbox 1118 797 1495 870; x_wconf 72' lang='lat' dir='ltr'><strong>discipulorum</strong></span> <span class='ocrx_word' id='word_1_46' title='bbox 1529 819 1745 857; x_wconf 81' lang='lat' dir='ltr'><strong>suorum</strong></span> <span class='ocrx_word' id='word_1_47' title='bbox 1778 813 1830 859; x_wconf 86' lang='lat' dir='ltr'><strong>et</strong></span> <span class='ocrx_word' id='word_1_48' title='bbox 1860 805 1994 858; x_wconf 68' lang='lat' dir='ltr'><strong>dixit</strong></span> 
     </span>
    </p>
   </div>
   <div class='ocr_carea' id='block_1_9' title="bbox 403 885 1993 958">
    <p class='ocr_par' dir='ltr' id='par_1_9' title="bbox 403 885 1993 958">
     <span class='ocr_line' id='line_1_9' title="bbox 403 885 1993 958; baseline 0.006 -17"><span class='ocrx_word' id='word_1_49' title='bbox 403 887 514 944; x_wconf 90' lang='lat' dir='ltr'><strong>illis</strong></span> <span class='ocrx_word' id='word_1_50' title='bbox 538 904 559 942; x_wconf 89' lang='lat'><strong><em>:</em></strong></span> <span class='ocrx_word' id='word_1_51' title='bbox 586 885 707 941; x_wconf 71' lang='lat' dir='ltr'><strong>Pax</strong></span> <span class='ocrx_word' id='word_1_52' title='bbox 730 887 896 952; x_wconf 73' lang='lat' dir='ltr'><strong>nobis,</strong></span> <span class='ocrx_word' id='word_1_53' title='bbox 928 903 1024 958; x_wconf 88' lang='lat' dir='ltr'><strong>ego</strong></span> <span class='ocrx_word' id='word_1_54' title='bbox 1047 905 1187 954; x_wconf 73' lang='lat' dir='ltr'><strong>sum,</strong></span> <span class='ocrx_word' id='word_1_55' title='bbox 1217 888 1377 944; x_wconf 78' lang='lat' dir='ltr'><strong>nolite</strong></span> <span class='ocrx_word' id='word_1_56' title='bbox 1404 892 1605 947; x_wconf 80' lang='lat' dir='ltr'><strong>timere.</strong></span> <span class='ocrx_word' id='word_1_57' title='bbox 1634 892 1787 948; x_wconf 76' lang='lat' dir='ltr'><strong>Hanc</strong></span> <span class='ocrx_word' id='word_1_58' title='bbox 1809 902 1993 951; x_wconf 80' lang='lat' dir='ltr'><strong>osten-</strong></span> 
     </span>
    </p>
   </div>
   <div class='ocr_carea' id='block_1_10' title="bbox 404 979 1995 1050">
    <p class='ocr_par' dir='ltr' id='par_1_10' title="bbox 404 979 1995 1050">
     <span class='ocr_line' id='line_1_10' title="bbox 404 979 1995 1050; baseline 0.004 -14"><span class='ocrx_word' id='word_1_59' title='bbox 404 982 616 1036; x_wconf 87' lang='lat' dir='ltr'><strong>sionem</strong></span> <span class='ocrx_word' id='word_1_60' title='bbox 641 979 855 1036; x_wconf 88' lang='lat' dir='ltr'><strong>Domini</strong></span> <span class='ocrx_word' id='word_1_61' title='bbox 884 988 1013 1050; x_wconf 88' lang='lat' dir='ltr'><strong>post</strong></span> <span class='ocrx_word' id='word_1_62' title='bbox 1025 983 1823 1049; x_wconf 77' lang='lat' dir='ltr'><strong>resurrectionem,etlomnes</strong></span> <span class='ocrx_word' id='word_1_63' title='bbox 1847 1003 1995 1045; x_wconf 86' lang='lat' dir='ltr'><strong>com-</strong></span> 
     </span>
    </p>
   </div>
   <div class='ocr_carea' id='block_1_11' title="bbox 403 1069 1994 1134">
    <p class='ocr_par' dir='ltr' id='par_1_11' title="bbox 403 1069 1994 1134">
     <span class='ocr_line' id='line_1_11' title="bbox 403 1069 1994 1134; baseline 0.005 -8"><span class='ocrx_word' id='word_1_64' title='bbox 403 1079 691 1134; x_wconf 76' lang='lat' dir='ltr'><strong>memorat,</strong></span> <span class='ocrx_word' id='word_1_65' title='bbox 721 1070 909 1126; x_wconf 86' lang='lat' dir='ltr'><strong>dicens</strong></span> <span class='ocrx_word' id='word_1_66' title='bbox 932 1084 955 1123; x_wconf 80' lang='lat'><strong><em>:</em></strong></span> <span class='ocrx_word' id='word_1_67' title='bbox 977 1069 1110 1125; x_wconf 78' lang='lat' dir='ltr'><strong>Cum</strong></span> <span class='ocrx_word' id='word_1_68' title='bbox 1150 1082 1280 1127; x_wconf 86' lang='lat' dir='ltr'><strong>esset</strong></span> <span class='ocrx_word' id='word_1_69' title='bbox 1304 1090 1422 1129; x_wconf 89' lang='lat' dir='ltr'><strong>sero</strong></span> <span class='ocrx_word' id='word_1_70' title='bbox 1446 1075 1650 1131; x_wconf 84' lang='lat' dir='ltr'><strong>dieillo</strong></span> <span class='ocrx_word' id='word_1_71' title='bbox 1674 1093 1781 1131; x_wconf 84' lang='lat' dir='ltr'><strong>una</strong></span> <span class='ocrx_word' id='word_1_72' title='bbox 1807 1078 1994 1134; x_wconf 84' lang='lat' dir='ltr'><strong>sabba-</strong></span> 
     </span>
    </p>
   </div>
   <div class='ocr_carea' id='block_1_12' title="bbox 402 1158 1996 1236">
    <p class='ocr_par' dir='ltr' id='par_1_12' title="bbox 402 1158 1996 1236">
     <span class='ocr_line' id='line_1_12' title="bbox 402 1158 1996 1236; baseline 0.005 -22"><span class='ocrx_word' id='word_1_73' title='bbox 402 1168 579 1215; x_wconf 72' lang='lat' dir='ltr'><strong>torum</strong></span> <span class='ocrx_word' id='word_1_74' title='bbox 605 1169 655 1214; x_wconf 85' lang='lat' dir='ltr'><strong>et</strong></span> <span class='ocrx_word' id='word_1_75' title='bbox 689 1159 831 1229; x_wconf 77' lang='lat' dir='ltr'><strong>fores</strong></span> <span class='ocrx_word' id='word_1_76' title='bbox 866 1168 1037 1213; x_wconf 81' lang='lat' dir='ltr'><strong>essent</strong></span> <span class='ocrx_word' id='word_1_77' title='bbox 1074 1158 1271 1217; x_wconf 73' lang='lat' dir='ltr'><strong>clausa:</strong></span> <span class='ocrx_word' id='word_1_78' title='bbox 1300 1162 1389 1216; x_wconf 88' lang='lat' dir='ltr'><strong>ubi</strong></span> <span class='ocrx_word' id='word_1_79' title='bbox 1415 1173 1567 1217; x_wconf 79' lang='lat' dir='ltr'><strong>erant</strong></span> <span class='ocrx_word' id='word_1_80' title='bbox 1592 1164 1842 1236; x_wconf 75' lang='lat' dir='ltr'><strong>discipuli</strong></span> <span class='ocrx_word' id='word_1_81' title='bbox 1869 1184 1996 1222; x_wconf 83' lang='lat' dir='ltr'><strong>con-</strong></span> 
     </span>
    </p>
   </div>
   <div class='ocr_carea' id='block_1_13' title="bbox 399 1250 1996 1321">
    <p class='ocr_par' dir='ltr' id='par_1_13' title="bbox 399 1250 1996 1321">
     <span class='ocr_line' id='line_1_13' title="bbox 399 1250 1996 1321; baseline 0.005 -18"><span class='ocrx_word' id='word_1_82' title='bbox 399 1250 607 1321; x_wconf 73' lang='lat' dir='ltr'><strong>gregali</strong></span> <span class='ocrx_word' id='word_1_83' title='bbox 633 1259 846 1320; x_wconf 79' lang='lat' dir='ltr'><strong>propter</strong></span> <span class='ocrx_word' id='word_1_84' title='bbox 868 1260 1062 1304; x_wconf 86' lang='lat' dir='ltr'><strong>metum</strong></span> <span class='ocrx_word' id='word_1_85' title='bbox 1088 1250 1422 1318; x_wconf 78' lang='lat' dir='ltr'><strong>Judteorum,</strong></span> <span class='ocrx_word' id='word_1_86' title='bbox 1452 1255 1586 1309; x_wconf 74' lang='lat' dir='ltr'><strong>venit</strong></span> <span class='ocrx_word' id='word_1_87' title='bbox 1610 1253 1790 1317; x_wconf 73' lang='lat' dir='ltr'><strong>Iesus.</strong></span> <span class='ocrx_word' id='word_1_88' title='bbox 1819 1266 1867 1311; x_wconf 89' lang='lat' dir='ltr'><strong>et</strong></span> <span class='ocrx_word' id='word_1_89' title='bbox 1893 1266 1996 1311; x_wconf 83' lang='lat' dir='ltr'><strong>ste-</strong></span> 
     </span>
    </p>
   </div>
   <div class='ocr_carea' id='block_1_14' title="bbox 397 1337 1993 1417">
    <p class='ocr_par' dir='ltr' id='par_1_14' title="bbox 397 1337 1993 1417">
     <span class='ocr_line' id='line_1_14' title="bbox 397 1337 1993 1417; baseline 0.006 -24"><span class='ocrx_word' id='word_1_90' title='bbox 397 1341 468 1393; x_wconf 72' lang='lat' dir='ltr'><strong>tit</strong></span> <span class='ocrx_word' id='word_1_91' title='bbox 492 1341 549 1394; x_wconf 83' lang='lat' dir='ltr'><strong>in</strong></span> <span class='ocrx_word' id='word_1_92' title='bbox 578 1339 751 1393; x_wconf 74' lang='lat' dir='ltr'><strong>taedio</strong></span> <span class='ocrx_word' id='word_1_93' title='bbox 771 1348 822 1392; x_wconf 80' lang='lat' dir='ltr'><strong>et</strong></span> <span class='ocrx_word' id='word_1_94' title='bbox 847 1338 976 1393; x_wconf 85' lang='lat' dir='ltr'><strong>dicit</strong></span> <span class='ocrx_word' id='word_1_95' title='bbox 1002 1340 1078 1395; x_wconf 81' lang='lat' dir='ltr'><strong>eis</strong></span> <span class='ocrx_word' id='word_1_96' title='bbox 1103 1354 1122 1392; x_wconf 90' lang='lat'><strong><em>:</em></strong></span> <span class='ocrx_word' id='word_1_97' title='bbox 1151 1337 1273 1395; x_wconf 72' lang='lat' dir='ltr'><strong>Pax</strong></span> <span class='ocrx_word' id='word_1_98' title='bbox 1304 1342 1445 1396; x_wconf 75' lang='lat' dir='ltr'><strong>vobis</strong></span> <span class='ocrx_word' id='word_1_99' title='bbox 1476 1342 1827 1417; x_wconf 83' lang='lat' dir='ltr'><strong>(Joan..ult.).</strong></span> <span class='ocrx_word' id='word_1_100' title='bbox 1854 1345 1993 1414; x_wconf 88' lang='lat' dir='ltr'><strong>Quid</strong></span> 
     </span>
    </p>
   </div>
   <div class='ocr_carea' id='block_1_15' title="bbox 399 1428 1992 1502">
    <p class='ocr_par' dir='ltr' id='par_1_15' title="bbox 399 1428 1992 1502">
     <span class='ocr_line' id='line_1_15' title="bbox 399 1428 1992 1502; baseline 0.006 -17"><span class='ocrx_word' id='word_1_101' title='bbox 399 1431 602 1486; x_wconf 75' lang='lat' dir='ltr'><strong>uirum</strong></span> <span class='ocrx_word' id='word_1_102' title='bbox 630 1430 674 1484; x_wconf 90' lang='lat' dir='ltr'><strong>si</strong></span> <span class='ocrx_word' id='word_1_103' title='bbox 702 1430 903 1485; x_wconf 75' lang='lat' dir='ltr'><strong>clausis</strong></span> <span class='ocrx_word' id='word_1_104' title='bbox 920 1428 1105 1498; x_wconf 79' lang='lat' dir='ltr'><strong>ianuis</strong></span> <span class='ocrx_word' id='word_1_105' title='bbox 1127 1441 1250 1502; x_wconf 89' lang='lat' dir='ltr'><strong>post</strong></span> <span class='ocrx_word' id='word_1_106' title='bbox 1278 1436 1733 1492; x_wconf 86' lang='lat' dir='ltr'><strong>resurrectionem</strong></span> <span class='ocrx_word' id='word_1_107' title='bbox 1755 1452 1907 1494; x_wconf 85' lang='lat' dir='ltr'><strong>suam</strong></span> <span class='ocrx_word' id='word_1_108' title='bbox 1938 1439 1992 1495; x_wconf 92' lang='lat' dir='ltr'><strong>in</strong></span> 
     </span>
    </p>
   </div>
   <div class='ocr_carea' id='block_1_16' title="bbox 402 1519 1995 1594">
    <p class='ocr_par' dir='ltr' id='par_1_16' title="bbox 402 1519 1995 1594">
     <span class='ocr_line' id='line_1_16' title="bbox 402 1519 1995 1594; baseline 0.006 -19"><span class='ocrx_word' id='word_1_109' title='bbox 402 1528 666 1576; x_wconf 53' lang='lat' dir='ltr'><strong>martium</strong></span> <span class='ocrx_word' id='word_1_110' title='bbox 691 1519 807 1590; x_wconf 81' lang='lat' dir='ltr'><strong>jam</strong></span> <span class='ocrx_word' id='word_1_111' title='bbox 854 1520 1094 1575; x_wconf 86' lang='lat' dir='ltr'><strong>victurus</strong></span> <span class='ocrx_word' id='word_1_112' title='bbox 1141 1521 1396 1588; x_wconf 82' lang='lat' dir='ltr'><strong>intravit,</strong></span> <span class='ocrx_word' id='word_1_113' title='bbox 1426 1524 1519 1594; x_wconf 92' lang='lat' dir='ltr'><strong>qui</strong></span> <span class='ocrx_word' id='word_1_114' title='bbox 1562 1526 1860 1583; x_wconf 79' lang='lat' dir='ltr'><strong>moriturus</strong></span> <span class='ocrx_word' id='word_1_115' title='bbox 1901 1540 1995 1584; x_wconf 53' lang='lat' dir='ltr'><strong>ve-</strong></span> 
     </span>
    </p>
   </div>
   <div class='ocr_carea' id='block_1_17' title="bbox 404 1610 1991 1685">
    <p class='ocr_par' dir='ltr' id='par_1_17' title="bbox 404 1610 1991 1685">
     <span class='ocr_line' id='line_1_17' title="bbox 404 1610 1991 1685; baseline 0.006 -21"><span class='ocrx_word' id='word_1_116' title='bbox 404 1610 579 1674; x_wconf 76' lang='lat' dir='ltr'><strong>aiens,</strong></span> <span class='ocrx_word' id='word_1_117' title='bbox 613 1626 720 1665; x_wconf 89' lang='lat' dir='ltr'><strong>non</strong></span> <span class='ocrx_word' id='word_1_118' title='bbox 748 1619 939 1680; x_wconf 85' lang='lat' dir='ltr'><strong>aperto</strong></span> <span class='ocrx_word' id='word_1_119' title='bbox 967 1619 1122 1667; x_wconf 80' lang='lat' dir='ltr'><strong>utero</strong></span> <span class='ocrx_word' id='word_1_120' title='bbox 1155 1612 1378 1684; x_wconf 87' lang='lat' dir='ltr'><strong>virginis</strong></span> <span class='ocrx_word' id='word_1_121' title='bbox 1416 1615 1602 1671; x_wconf 79' lang='lat' dir='ltr'><strong>exivit.</strong></span> <span class='ocrx_word' id='word_1_122' title='bbox 1630 1617 1785 1685; x_wconf 81' lang='lat' dir='ltr'><strong>Quod</strong></span> <span class='ocrx_word' id='word_1_123' title='bbox 1812 1627 1991 1674; x_wconf 76' lang='lat' dir='ltr'><strong>autem</strong></span> 
     </span>
    </p>
   </div>
   <div class='ocr_carea' id='block_1_18' title="bbox 402 1701 1991 1781">
    <p class='ocr_par' dir='ltr' id='par_1_18' title="bbox 402 1701 1991 1781">
     <span class='ocr_line' id='line_1_18' title="bbox 402 1701 1991 1781; baseline 0.006 -24"><span class='ocrx_word' id='word_1_124' title='bbox 402 1702 536 1758; x_wconf 67' lang='lat' dir='ltr'><strong>dit&#39;il</strong></span> <span class='ocrx_word' id='word_1_125' title='bbox 560 1701 819 1769; x_wconf 81' lang='lat' dir='ltr'><strong>Joannes,</strong></span> <span class='ocrx_word' id='word_1_126' title='bbox 863 1720 969 1760; x_wconf 90' lang='lat' dir='ltr'><strong>non</strong></span> <span class='ocrx_word' id='word_1_127' title='bbox 1015 1720 1139 1761; x_wconf 87' lang='lat' dir='ltr'><strong>cum</strong></span> <span class='ocrx_word' id='word_1_128' title='bbox 1168 1706 1278 1762; x_wconf 88' lang='lat' dir='ltr'><strong>illis</strong></span> <span class='ocrx_word' id='word_1_129' title='bbox 1316 1706 1485 1765; x_wconf 84' lang='lat' dir='ltr'><strong>fuisse</strong></span> <span class='ocrx_word' id='word_1_130' title='bbox 1519 1718 1649 1766; x_wconf 88' lang='lat' dir='ltr'><strong>tunc</strong></span> <span class='ocrx_word' id='word_1_131' title='bbox 1687 1713 1991 1781; x_wconf 78' lang='lat' dir='ltr'><strong>apostolum</strong></span> 
     </span>
    </p>
   </div>
   <div class='ocr_carea' id='block_1_19' title="bbox 2094 519 3684 599">
    <p class='ocr_par' dir='ltr' id='par_1_19' title="bbox 2094 519 3684 599">
     <span class='ocr_line' id='line_1_19' title="bbox 2094 519 3684 599; baseline 0.005 -26"><span class='ocrx_word' id='word_1_132' title='bbox 2094 519 2295 574; x_wconf 86' lang='lat' dir='ltr'><strong>Parum</strong></span> <span class='ocrx_word' id='word_1_133' title='bbox 2331 519 2431 576; x_wconf 84' lang='lat' dir='ltr'><strong>fuit</strong></span> <span class='ocrx_word' id='word_1_134' title='bbox 2450 522 2620 577; x_wconf 90' lang='lat' dir='ltr'><strong>oculis</strong></span> <span class='ocrx_word' id='word_1_135' title='bbox 2647 537 2703 577; x_wconf 85' lang='lat' dir='ltr'><strong>se</strong></span> <span class='ocrx_word' id='word_1_136' title='bbox 2731 522 3015 578; x_wconf 83' lang='lat' dir='ltr'><strong>videndum</strong></span> <span class='ocrx_word' id='word_1_137' title='bbox 3042 524 3303 593; x_wconf 65' lang='lat' dir='ltr'><strong>praebere,</strong></span> <span class='ocrx_word' id='word_1_138' title='bbox 3330 526 3374 581; x_wconf 93' lang='lat' dir='ltr'><strong>si</strong></span> <span class='ocrx_word' id='word_1_139' title='bbox 3402 542 3510 583; x_wconf 89' lang='lat' dir='ltr'><strong>non</strong></span> <span class='ocrx_word' id='word_1_140' title='bbox 3544 543 3684 599; x_wconf 68' lang='lat' dir='ltr'><strong>prun:</strong></span> 
     </span>
    </p>
   </div>
   <div class='ocr_carea' id='block_1_20' title="bbox 2096 607 3684 691">
    <p class='ocr_par' dir='ltr' id='par_1_20' title="bbox 2096 607 3684 691">
     <span class='ocr_line' id='line_1_20' title="bbox 2096 607 3684 691; baseline 0.008 -31"><span class='ocrx_word' id='word_1_141' title='bbox 2096 607 2252 661; x_wconf 85' lang='lat' dir='ltr'><strong>heret</strong></span> <span class='ocrx_word' id='word_1_142' title='bbox 2276 608 2440 663; x_wconf 84' lang='lat' dir='ltr'><strong>etiam</strong></span> <span class='ocrx_word' id='word_1_143' title='bbox 2478 610 2728 665; x_wconf 87' lang='lat' dir='ltr'><strong>manibus</strong></span> <span class='ocrx_word' id='word_1_144' title='bbox 2774 612 3241 669; x_wconf 80' lang='lat' dir='ltr'><strong>contrectandum.</strong></span> <span class='ocrx_word' id='word_1_145' title='bbox 3276 615 3377 682; x_wconf 89' lang='lat' dir='ltr'><strong>Qui</strong></span> <span class='ocrx_word' id='word_1_146' title='bbox 3417 617 3542 672; x_wconf 89' lang='lat' dir='ltr'><strong>dum</strong></span> <span class='ocrx_word' id='word_1_147' title='bbox 3576 618 3684 691; x_wconf 53' lang='lat' dir='ltr'><strong>pal&#39;</strong></span> 
     </span>
    </p>
   </div>
   <div class='ocr_carea' id='block_1_21' title="bbox 2095 696 3684 777">
    <p class='ocr_par' dir='ltr' id='par_1_21' title="bbox 2095 696 3684 777">
     <span class='ocr_line' id='line_1_21' title="bbox 2095 696 3684 777; baseline 0.008 -27"><span class='ocrx_word' id='word_1_148' title='bbox 2095 696 2271 765; x_wconf 85' lang='lat' dir='ltr'><strong>panda</strong></span> <span class='ocrx_word' id='word_1_149' title='bbox 2291 696 2570 768; x_wconf 81' lang='lat' dir='ltr'><strong>discipulis</strong></span> <span class='ocrx_word' id='word_1_150' title='bbox 2583 714 2707 754; x_wconf 84' lang='lat' dir='ltr'><strong>ossa</strong></span> <span class='ocrx_word' id='word_1_151' title='bbox 2722 712 3056 770; x_wconf 84' lang='lat' dir='ltr'><strong>carnemque</strong></span> <span class='ocrx_word' id='word_1_152' title='bbox 3071 712 3474 773; x_wconf 62' lang='lat' dir='ltr'><strong>prmmoustrat,</strong></span> <span class='ocrx_word' id='word_1_153' title='bbox 3497 717 3684 777; x_wconf 83' lang='lat' dir='ltr'><strong>aperte</strong></span> 
     </span>
    </p>
   </div>
   <div class='ocr_carea' id='block_1_22' title="bbox 2095 788 3679 861">
    <p class='ocr_par' dir='ltr' id='par_1_22' title="bbox 2095 788 3679 861">
     <span class='ocr_line' id='line_1_22' title="bbox 2095 788 3679 861; baseline 0.009 -24"><span class='ocrx_word' id='word_1_154' title='bbox 2095 792 2299 839; x_wconf 84' lang='lat' dir='ltr'><strong>statum</strong></span> <span class='ocrx_word' id='word_1_155' title='bbox 2327 800 2470 843; x_wconf 70' lang='lat' dir='ltr'><strong>veru:</strong></span> <span class='ocrx_word' id='word_1_156' title='bbox 2496 788 2934 853; x_wconf 79' lang='lat' dir='ltr'><strong>resurrectionis,</strong></span> <span class='ocrx_word' id='word_1_157' title='bbox 2960 806 3082 861; x_wconf 63' lang='lat' dir='ltr'><strong>quae</strong></span> <span class='ocrx_word' id='word_1_158' title='bbox 3108 801 3164 847; x_wconf 85' lang='lat' dir='ltr'><strong>et</strong></span> <span class='ocrx_word' id='word_1_159' title='bbox 3189 792 3244 845; x_wconf 89' lang='lat' dir='ltr'><strong>in</strong></span> <span class='ocrx_word' id='word_1_160' title='bbox 3272 808 3330 849; x_wconf 88' lang='lat' dir='ltr'><strong>se</strong></span> <span class='ocrx_word' id='word_1_161' title='bbox 3368 811 3513 851; x_wconf 86' lang='lat' dir='ltr'><strong>nunc</strong></span> <span class='ocrx_word' id='word_1_162' title='bbox 3535 796 3679 851; x_wconf 75' lang='lat' dir='ltr'><strong>facta</strong></span> 
     </span>
    </p>
   </div>
   <div class='ocr_carea' id='block_1_23' title="bbox 2094 875 3682 953">
    <p class='ocr_par' dir='ltr' id='par_1_23' title="bbox 2094 875 3682 953">
     <span class='ocr_line' id='line_1_23' title="bbox 2094 875 3682 953; baseline 0.007 -23"><span class='ocrx_word' id='word_1_163' title='bbox 2094 884 2152 930; x_wconf 77' lang='lat' dir='ltr'><strong>rt</strong></span> <span class='ocrx_word' id='word_1_164' title='bbox 2184 875 2236 931; x_wconf 91' lang='lat' dir='ltr'><strong>in</strong></span> <span class='ocrx_word' id='word_1_165' title='bbox 2274 877 2430 933; x_wconf 82' lang='lat' dir='ltr'><strong>nonis</strong></span> <span class='ocrx_word' id='word_1_166' title='bbox 2451 886 2535 934; x_wconf 85' lang='lat' dir='ltr'><strong>est</strong></span> <span class='ocrx_word' id='word_1_167' title='bbox 2586 876 2767 936; x_wconf 80' lang='lat' dir='ltr'><strong>futura</strong></span> <span class='ocrx_word' id='word_1_168' title='bbox 2794 880 3088 953; x_wconf 75' lang='lat' dir='ltr'><strong>signiﬁcat,</strong></span> <span class='ocrx_word' id='word_1_169' title='bbox 3121 883 3249 953; x_wconf 83' lang='lat' dir='ltr'><strong>quia</strong></span> <span class='ocrx_word' id='word_1_170' title='bbox 3276 901 3383 940; x_wconf 88' lang='lat' dir='ltr'><strong>non</strong></span> <span class='ocrx_word' id='word_1_171' title='bbox 3408 886 3549 943; x_wconf 88' lang='lat' dir='ltr'><strong>sicut</strong></span> <span class='ocrx_word' id='word_1_172' title='bbox 3576 887 3682 943; x_wconf 80' lang='lat' dir='ltr'><strong>Eu-</strong></span> 
     </span>
    </p>
   </div>
   <div class='ocr_carea' id='block_1_24' title="bbox 2097 966 3683 1047">
    <p class='ocr_par' dir='ltr' id='par_1_24' title="bbox 2097 966 3683 1047">
     <span class='ocr_line' id='line_1_24' title="bbox 2097 966 3683 1047; baseline 0.007 -27"><span class='ocrx_word' id='word_1_173' title='bbox 2097 966 2308 1036; x_wconf 77' lang='lat' dir='ltr'><strong>tychius</strong></span> <span class='ocrx_word' id='word_1_174' title='bbox 2357 967 2972 1041; x_wconf 68' lang='lat' dir='ltr'><strong>Constantinopolitanae</strong></span> <span class='ocrx_word' id='word_1_175' title='bbox 3028 974 3177 1029; x_wconf 82' lang='lat' dir='ltr'><strong>urbis</strong></span> <span class='ocrx_word' id='word_1_176' title='bbox 3221 976 3508 1047; x_wconf 82' lang='lat' dir='ltr'><strong>episcopus</strong></span> <span class='ocrx_word' id='word_1_177' title='bbox 3549 980 3683 1033; x_wconf 57' lang='lat' dir='ltr'><strong>serio</strong></span> 
     </span>
    </p>
   </div>
   <div class='ocr_carea' id='block_1_25' title="bbox 2095 1057 3684 1140">
    <p class='ocr_par' dir='ltr' id='par_1_25' title="bbox 2095 1057 3684 1140">
     <span class='ocr_line' id='line_1_25' title="bbox 2095 1057 3684 1140; baseline 0.01 -31"><span class='ocrx_word' id='word_1_178' title='bbox 2095 1057 2243 1130; x_wconf 91' lang='lat' dir='ltr'><strong>psit.</strong></span> <span class='ocrx_word' id='word_1_179' title='bbox 2278 1076 2296 1110; x_wconf 76' lang='grc' dir='ltr'>ι</span> <span class='ocrx_word' id='word_1_180' title='bbox 2322 1063 2532 1129; x_wconf 76' lang='lat' dir='ltr'><strong>Corpus</strong></span> <span class='ocrx_word' id='word_1_181' title='bbox 2564 1068 2814 1117; x_wconf 86' lang='lat' dir='ltr'><strong>nostrum</strong></span> <span class='ocrx_word' id='word_1_182' title='bbox 2848 1062 2901 1117; x_wconf 92' lang='lat' dir='ltr'><strong>in</strong></span> <span class='ocrx_word' id='word_1_183' title='bbox 2936 1062 3027 1118; x_wconf 84' lang='lat' dir='ltr'><strong>illa</strong></span> <span class='ocrx_word' id='word_1_184' title='bbox 3058 1067 3473 1123; x_wconf 85' lang='lat' dir='ltr'><strong>resurrectionis</strong></span> <span class='ocrx_word' id='word_1_185' title='bbox 3510 1068 3684 1140; x_wconf 82' lang='lat' dir='ltr'><strong>gloria</strong></span> 
     </span>
    </p>
   </div>
   <div class='ocr_carea' id='block_1_26' title="bbox 2094 1148 3680 1227">
    <p class='ocr_par' dir='ltr' id='par_1_26' title="bbox 2094 1148 3680 1227">
     <span class='ocr_line' id='line_1_26' title="bbox 2094 1148 3680 1227; baseline 0.009 -26"><span class='ocrx_word' id='word_1_186' title='bbox 2094 1148 2201 1203; x_wconf 87' lang='lat' dir='ltr'><strong>erit</strong></span> <span class='ocrx_word' id='word_1_187' title='bbox 2246 1150 2619 1223; x_wconf 83' lang='lat' dir='ltr'><strong>impalpabile,</strong></span> <span class='ocrx_word' id='word_1_188' title='bbox 2660 1153 2839 1209; x_wconf 86' lang='lat' dir='ltr'><strong>ventis</strong></span> <span class='ocrx_word' id='word_1_189' title='bbox 2883 1169 3121 1227; x_wconf 84' lang='lat' dir='ltr'><strong>aereque</strong></span> <span class='ocrx_word' id='word_1_190' title='bbox 3177 1158 3447 1217; x_wconf 80' lang='lat' dir='ltr'><strong>subtilius.</strong></span> <span class='ocrx_word' id='word_1_191' title='bbox 3490 1160 3549 1216; x_wconf 88' lang='lat' dir='ltr'><strong>lu</strong></span> <span class='ocrx_word' id='word_1_192' title='bbox 3591 1162 3680 1217; x_wconf 85' lang='lat' dir='ltr'><strong>illa</strong></span> 
     </span>
    </p>
   </div>
   <div class='ocr_carea' id='block_1_27' title="bbox 2092 1229 3685 1319">
    <p class='ocr_par' dir='ltr' id='par_1_27' title="bbox 2092 1229 3685 1319">
     <span class='ocr_line' id='line_1_27' title="bbox 2092 1229 3685 1319; baseline 0.009 -25"><span class='ocrx_word' id='word_1_193' title='bbox 2092 1239 2238 1295; x_wconf 87' lang='lat' dir='ltr'><strong>enim</strong></span> <span class='ocrx_word' id='word_1_194' title='bbox 2268 1241 2684 1300; x_wconf 75' lang='lat' dir='ltr'><strong>resurrectiOnis</strong></span> <span class='ocrx_word' id='word_1_195' title='bbox 2708 1245 2878 1315; x_wconf 79' lang='lat' dir='ltr'><strong>gloria</strong></span> <span class='ocrx_word' id='word_1_196' title='bbox 2901 1247 3006 1302; x_wconf 91' lang='lat' dir='ltr'><strong>erit</strong></span> <span class='ocrx_word' id='word_1_197' title='bbox 3037 1263 3237 1319; x_wconf 83' lang='lat' dir='ltr'><strong>corpus</strong></span> <span class='ocrx_word' id='word_1_198' title='bbox 3268 1259 3515 1307; x_wconf 80' lang='lat' dir='ltr'><strong>nostrum</strong></span> <span class='ocrx_word' id='word_1_199' title='bbox 3556 1229 3685 1309; x_wconf 67' lang='lat' dir='ltr'><strong>sub-</strong></span> 
     </span>
    </p>
   </div>
   <div class='ocr_carea' id='block_1_28' title="bbox 2094 1329 3686 1410">
    <p class='ocr_par' dir='ltr' id='par_1_28' title="bbox 2094 1329 3686 1410">
     <span class='ocr_line' id='line_1_28' title="bbox 2094 1329 3686 1410; baseline 0.01 -27"><span class='ocrx_word' id='word_1_200' title='bbox 2094 1329 2186 1386; x_wconf 89' lang='lat' dir='ltr'><strong>tile</strong></span> <span class='ocrx_word' id='word_1_201' title='bbox 2226 1333 2444 1403; x_wconf 80' lang='lat' dir='ltr'><strong>quidem</strong></span> <span class='ocrx_word' id='word_1_202' title='bbox 2491 1350 2590 1405; x_wconf 86' lang='lat' dir='ltr'><strong>per</strong></span> <span class='ocrx_word' id='word_1_203' title='bbox 2625 1334 2877 1392; x_wconf 77' lang='lat' dir='ltr'><strong>effectum</strong></span> <span class='ocrx_word' id='word_1_204' title='bbox 2929 1338 3227 1408; x_wconf 87' lang='lat' dir='ltr'><strong>spiritualis</strong></span> <span class='ocrx_word' id='word_1_205' title='bbox 3267 1343 3544 1410; x_wconf 63' lang='lat' dir='ltr'><strong>potentia},</strong></span> <span class='ocrx_word' id='word_1_206' title='bbox 3588 1346 3686 1399; x_wconf 88' lang='lat' dir='ltr'><strong>sed</strong></span> 
     </span>
    </p>
   </div>
   <div class='ocr_carea' id='block_1_29' title="bbox 2094 1422 3688 1504">
    <p class='ocr_par' dir='ltr' id='par_1_29' title="bbox 2094 1422 3688 1504">
     <span class='ocr_line' id='line_1_29' title="bbox 2094 1422 3688 1504; baseline 0.012 -31"><span class='ocrx_word' id='word_1_207' title='bbox 2094 1422 2360 1492; x_wconf 62' lang='lat' dir='ltr'><strong>palpabile</strong></span> <span class='ocrx_word' id='word_1_208' title='bbox 2392 1440 2490 1496; x_wconf 89' lang='lat' dir='ltr'><strong>per</strong></span> <span class='ocrx_word' id='word_1_209' title='bbox 2513 1428 2801 1483; x_wconf 84' lang='lat' dir='ltr'><strong>veritatem</strong></span> <span class='ocrx_word' id='word_1_210' title='bbox 2845 1437 3107 1485; x_wconf 60' lang='lat' dir='ltr'><strong>naturae.»</strong></span> <span class='ocrx_word' id='word_1_211' title='bbox 3138 1430 3324 1504; x_wconf 85' lang='lat' dir='ltr'><strong>Neque</strong></span> <span class='ocrx_word' id='word_1_212' title='bbox 3352 1435 3476 1491; x_wconf 82' lang='lat' dir='ltr'><strong>huic</strong></span> <span class='ocrx_word' id='word_1_213' title='bbox 3507 1452 3688 1492; x_wconf 89' lang='lat' dir='ltr'><strong>asser-</strong></span> 
     </span>
    </p>
   </div>
   <div class='ocr_carea' id='block_1_30' title="bbox 2095 1514 3687 1595">
    <p class='ocr_par' dir='ltr' id='par_1_30' title="bbox 2095 1514 3687 1595">
     <span class='ocr_line' id='line_1_30' title="bbox 2095 1514 3687 1595; baseline 0.01 -27"><span class='ocrx_word' id='word_1_214' title='bbox 2095 1514 2226 1569; x_wconf 90' lang='lat' dir='ltr'><strong>tioni</strong></span> <span class='ocrx_word' id='word_1_215' title='bbox 2256 1524 2479 1585; x_wconf 87' lang='lat' dir='ltr'><strong>putetur</strong></span> <span class='ocrx_word' id='word_1_216' title='bbox 2515 1516 2757 1588; x_wconf 85' lang='lat' dir='ltr'><strong>Apostoli</strong></span> <span class='ocrx_word' id='word_1_217' title='bbox 2800 1535 2987 1577; x_wconf 86' lang='lat' dir='ltr'><strong>sermo</strong></span> <span class='ocrx_word' id='word_1_218' title='bbox 3009 1536 3312 1595; x_wconf 86' lang='lat' dir='ltr'><strong>repugnare</strong></span> <span class='ocrx_word' id='word_1_219' title='bbox 3342 1543 3357 1578; x_wconf 89' lang='lat'><strong>:</strong></span> <span class='ocrx_word' id='word_1_220' title='bbox 3391 1525 3531 1593; x_wconf 82' lang='lat' dir='ltr'><strong>Quia</strong></span> <span class='ocrx_word' id='word_1_221' title='bbox 3562 1544 3687 1583; x_wconf 83' lang='lat' dir='ltr'><strong>caro</strong></span> 
     </span>
    </p>
   </div>
   <div class='ocr_carea' id='block_1_31' title="bbox 2093 1610 3684 1691">
    <p class='ocr_par' dir='ltr' id='par_1_31' title="bbox 2093 1610 3684 1691">
     <span class='ocr_line' id='line_1_31' title="bbox 2093 1610 3684 1691; baseline 0.009 -31"><span class='ocrx_word' id='word_1_222' title='bbox 2093 1616 2142 1661; x_wconf 89' lang='lat' dir='ltr'><strong>et</strong></span> <span class='ocrx_word' id='word_1_223' title='bbox 2184 1610 2403 1679; x_wconf 79' lang='lat' dir='ltr'><strong>sanguis</strong></span> <span class='ocrx_word' id='word_1_224' title='bbox 2444 1626 2658 1681; x_wconf 79' lang='lat' dir='ltr'><strong>regnum</strong></span> <span class='ocrx_word' id='word_1_225' title='bbox 2692 1612 2788 1667; x_wconf 81' lang='lat' dir='ltr'><strong>Dei</strong></span> <span class='ocrx_word' id='word_1_226' title='bbox 2816 1629 2920 1667; x_wconf 82' lang='lat' dir='ltr'><strong>non</strong></span> <span class='ocrx_word' id='word_1_227' title='bbox 2958 1614 3295 1685; x_wconf 72' lang='lat' dir='ltr'><strong>possidebant</strong></span> <span class='ocrx_word' id='word_1_228' title='bbox 3338 1615 3390 1691; x_wconf 93' lang='grc'><strong>(1</strong></span> <span class='ocrx_word' id='word_1_229' title='bbox 3416 1616 3538 1673; x_wconf 89' lang='lat' dir='ltr'><strong>Cor.</strong></span> <span class='ocrx_word' id='word_1_230' title='bbox 3569 1620 3684 1691; x_wconf 80' lang='lat' dir='ltr'><strong>xv).</strong></span> 
     </span>
    </p>
   </div>
   <div class='ocr_carea' id='block_1_32' title="bbox 2096 1699 3687 1779">
    <p class='ocr_par' dir='ltr' id='par_1_32' title="bbox 2096 1699 3687 1779">
     <span class='ocr_line' id='line_1_32' title="bbox 2096 1699 3687 1779; baseline 0.006 -23"><span class='ocrx_word' id='word_1_231' title='bbox 2096 1699 2210 1757; x_wconf 81' lang='lat' dir='ltr'><strong>Hoc</strong></span> <span class='ocrx_word' id='word_1_232' title='bbox 2232 1702 2378 1757; x_wconf 89' lang='lat' dir='ltr'><strong>enim</strong></span> <span class='ocrx_word' id='word_1_233' title='bbox 2406 1702 2526 1759; x_wconf 92' lang='lat' dir='ltr'><strong>loco</strong></span> <span class='ocrx_word' id='word_1_234' title='bbox 2551 1704 2842 1773; x_wconf 84' lang='lat' dir='ltr'><strong>Apostolus</strong></span> <span class='ocrx_word' id='word_1_235' title='bbox 2864 1707 3045 1764; x_wconf 86' lang='lat' dir='ltr'><strong>carnis</strong></span> <span class='ocrx_word' id='word_1_236' title='bbox 3070 1716 3127 1764; x_wconf 90' lang='lat' dir='ltr'><strong>et</strong></span> <span class='ocrx_word' id='word_1_237' title='bbox 3148 1710 3426 1779; x_wconf 81' lang='lat' dir='ltr'><strong>sanguinis</strong></span> <span class='ocrx_word' id='word_1_238' title='bbox 3447 1712 3687 1777; x_wconf 76' lang='lat' dir='ltr'><strong>nomine,</strong></span> 
     </span>
    </p>
   </div>
   <div class='ocr_carea' id='block_1_33' title="bbox 402 1790 3689 1871">
    <p class='ocr_par' dir='ltr' id='par_1_33' title="bbox 402 1790 3689 1871">
     <span class='ocr_line' id='line_1_33' title="bbox 402 1790 3689 1871; baseline 0.002 -22"><span class='ocrx_word' id='word_1_239' title='bbox 402 1792 689 1859; x_wconf 79' lang='lat' dir='ltr'><strong>Thomam,</strong></span> <span class='ocrx_word' id='word_1_240' title='bbox 714 1810 859 1860; x_wconf 79' lang='lat' dir='ltr'><strong>cum,</strong></span> <span class='ocrx_word' id='word_1_241' title='bbox 887 1796 1181 1855; x_wconf 84' lang='lat' dir='ltr'><strong>secundum</strong></span> <span class='ocrx_word' id='word_1_242' title='bbox 1212 1797 1443 1865; x_wconf 85' lang='lat' dir='ltr'><strong>Lucam,</strong></span> <span class='ocrx_word' id='word_1_243' title='bbox 1484 1800 1593 1855; x_wconf 88' lang='lat' dir='ltr'><strong>duo</strong></span> <span class='ocrx_word' id='word_1_244' title='bbox 1630 1800 1726 1865; x_wconf 90' lang='lat' dir='ltr'><strong>illi,</strong></span> <span class='ocrx_word' id='word_1_245' title='bbox 1757 1817 1987 1871; x_wconf 85' lang='lat' dir='ltr'><strong>quorum</strong></span> <span class='ocrx_word' id='word_1_246' title='bbox 2020 1790 2065 1849; x_wconf 83' lang='grc' dir='ltr'>Β</span> <span class='ocrx_word' id='word_1_247' title='bbox 2094 1808 2201 1848; x_wconf 81' lang='lat' dir='ltr'><strong>non</strong></span> <span class='ocrx_word' id='word_1_248' title='bbox 2251 1795 2609 1851; x_wconf 85' lang='lat' dir='ltr'><strong>substantiam</strong></span> <span class='ocrx_word' id='word_1_249' title='bbox 2660 1798 2775 1852; x_wconf 83' lang='lat' dir='ltr'><strong>veri</strong></span> <span class='ocrx_word' id='word_1_250' title='bbox 2824 1799 3101 1868; x_wconf 82' lang='lat' dir='ltr'><strong>corporis,</strong></span> <span class='ocrx_word' id='word_1_251' title='bbox 3143 1799 3237 1854; x_wconf 88' lang='lat' dir='ltr'><strong>sed</strong></span> <span class='ocrx_word' id='word_1_252' title='bbox 3284 1802 3689 1870; x_wconf 88' lang='lat' dir='ltr'><strong>corruptionem</strong></span> 
     </span>
    </p>
   </div>
   <div class='ocr_carea' id='block_1_34' title="bbox 402 1883 1996 1957">
    <p class='ocr_par' dir='ltr' id='par_1_34' title="bbox 402 1883 1996 1957">
     <span class='ocr_line' id='line_1_34' title="bbox 402 1883 1996 1957; baseline 0.005 -18"><span class='ocrx_word' id='word_1_253' title='bbox 402 1893 521 1939; x_wconf 87' lang='lat' dir='ltr'><strong>erat</strong></span> <span class='ocrx_word' id='word_1_254' title='bbox 550 1900 691 1939; x_wconf 86' lang='lat' dir='ltr'><strong>unus</strong></span> <span class='ocrx_word' id='word_1_255' title='bbox 718 1883 1003 1955; x_wconf 82' lang='lat' dir='ltr'><strong>Cleophas,</strong></span> <span class='ocrx_word' id='word_1_256' title='bbox 1028 1888 1259 1957; x_wconf 77' lang='lat' dir='ltr'><strong>regressi</strong></span> <span class='ocrx_word' id='word_1_257' title='bbox 1284 1887 1626 1945; x_wconf 84' lang='lat' dir='ltr'><strong>Hierusalem</strong></span> <span class='ocrx_word' id='word_1_258' title='bbox 1674 1892 1996 1947; x_wconf 81' lang='lat' dir='ltr'><strong>invenerunt</strong></span> 
     </span>
    </p>
   </div>
   <div class='ocr_carea' id='block_1_35' title="bbox 390 1975 1993 2052">
    <p class='ocr_par' dir='ltr' id='par_1_35' title="bbox 390 1975 1993 2052">
     <span class='ocr_line' id='line_1_35' title="bbox 390 1975 1993 2052; baseline 0.005 -23"><span class='ocrx_word' id='word_1_259' title='bbox 390 1987 764 2045; x_wconf 70' lang='lat' dir='ltr'><strong>congregatos</strong></span> <span class='ocrx_word' id='word_1_260' title='bbox 809 1975 1058 2030; x_wconf 85' lang='lat' dir='ltr'><strong>undecim</strong></span> <span class='ocrx_word' id='word_1_261' title='bbox 1094 1984 1148 2031; x_wconf 90' lang='lat' dir='ltr'><strong>et</strong></span> <span class='ocrx_word' id='word_1_262' title='bbox 1190 1992 1287 2033; x_wconf 87' lang='lat' dir='ltr'><strong>eos</strong></span> <span class='ocrx_word' id='word_1_263' title='bbox 1332 1979 1423 2049; x_wconf 88' lang='lat' dir='ltr'><strong>qui</strong></span> <span class='ocrx_word' id='word_1_264' title='bbox 1467 1996 1591 2035; x_wconf 92' lang='lat' dir='ltr'><strong>cum</strong></span> <span class='ocrx_word' id='word_1_265' title='bbox 1623 1982 1757 2052; x_wconf 88' lang='lat' dir='ltr'><strong>ipsis</strong></span> <span class='ocrx_word' id='word_1_266' title='bbox 1800 1991 1993 2048; x_wconf 83' lang='lat' dir='ltr'><strong>erant,</strong></span> 
     </span>
    </p>
   </div>
   <div class='ocr_carea' id='block_1_36' title="bbox 400 2065 1996 2142">
    <p class='ocr_par' dir='ltr' id='par_1_36' title="bbox 400 2065 1996 2142">
     <span class='ocr_line' id='line_1_36' title="bbox 400 2065 1996 2142; baseline 0.006 -23"><span class='ocrx_word' id='word_1_267' title='bbox 400 2065 593 2136; x_wconf 87' lang='lat' dir='ltr'><strong>procul</strong></span> <span class='ocrx_word' id='word_1_268' title='bbox 617 2065 783 2120; x_wconf 88' lang='lat' dir='ltr'><strong>dubio</strong></span> <span class='ocrx_word' id='word_1_269' title='bbox 810 2066 1223 2138; x_wconf 79' lang='lat' dir='ltr'><strong>intelligendum</strong></span> <span class='ocrx_word' id='word_1_270' title='bbox 1264 2081 1379 2135; x_wconf 85' lang='lat' dir='ltr'><strong>est,</strong></span> <span class='ocrx_word' id='word_1_271' title='bbox 1423 2073 1567 2142; x_wconf 87' lang='lat' dir='ltr'><strong>quod</strong></span> <span class='ocrx_word' id='word_1_272' title='bbox 1597 2073 1721 2128; x_wconf 90' lang='lat' dir='ltr'><strong>inde</strong></span> <span class='ocrx_word' id='word_1_273' title='bbox 1758 2073 1996 2129; x_wconf 82' lang='lat' dir='ltr'><strong>Thomas</strong></span> 
     </span>
    </p>
   </div>
   <div class='ocr_carea' id='block_1_37' title="bbox 398 2155 1993 2233">
    <p class='ocr_par' dir='ltr' id='par_1_37' title="bbox 398 2155 1993 2233">
     <span class='ocr_line' id='line_1_37' title="bbox 398 2155 1993 2233; baseline 0.004 -22"><span class='ocrx_word' id='word_1_274' title='bbox 398 2155 602 2211; x_wconf 75' lang='lat' dir='ltr'><strong>exierit</strong></span> <span class='ocrx_word' id='word_1_275' title='bbox 628 2162 917 2227; x_wconf 67' lang='lat' dir='ltr'><strong>antequam</strong></span> <span class='ocrx_word' id='word_1_276' title='bbox 950 2157 1032 2213; x_wconf 88' lang='lat' dir='ltr'><strong>eis</strong></span> <span class='ocrx_word' id='word_1_277' title='bbox 1068 2157 1330 2215; x_wconf 78' lang='lat' dir='ltr'><strong>Dominus</strong></span> <span class='ocrx_word' id='word_1_278' title='bbox 1367 2161 1485 2216; x_wconf 61' lang='lat' dir='ltr'><strong>hac</strong></span> <span class='ocrx_word' id='word_1_279' title='bbox 1519 2161 1868 2231; x_wconf 81' lang='lat' dir='ltr'><strong>loquentibus</strong></span> <span class='ocrx_word' id='word_1_280' title='bbox 1894 2177 1993 2233; x_wconf 80' lang='lat' dir='ltr'><strong>ap-</strong></span> 
     </span>
    </p>
   </div>
   <div class='ocr_carea' id='block_1_38' title="bbox 401 2253 647 2317">
    <p class='ocr_par' dir='ltr' id='par_1_38' title="bbox 401 2253 647 2317">
     <span class='ocr_line' id='line_1_38' title="bbox 401 2253 647 2317; baseline -0.008 -16"><span class='ocrx_word' id='word_1_281' title='bbox 401 2253 647 2317; x_wconf 84' lang='lat' dir='ltr'><strong>pareret.</strong></span> 
     </span>
    </p>
   </div>
   <div class='ocr_carea' id='block_1_39' title="bbox 474 2337 1995 2415">
    <p class='ocr_par' dir='ltr' id='par_1_39' title="bbox 474 2337 1995 2415">
     <span class='ocr_line' id='line_1_39' title="bbox 474 2337 1995 2415; baseline 0.003 -23"><span class='ocrx_word' id='word_1_282' title='bbox 474 2337 788 2393; x_wconf 77' lang='lat' dir='ltr'><strong>Contarbati</strong></span> <span class='ocrx_word' id='word_1_283' title='bbox 828 2355 945 2394; x_wconf 77' lang='lat' dir='ltr'><strong>vero</strong></span> <span class='ocrx_word' id='word_1_284' title='bbox 990 2348 1039 2395; x_wconf 89' lang='lat' dir='ltr'><strong>et</strong></span> <span class='ocrx_word' id='word_1_285' title='bbox 1087 2342 1361 2396; x_wconf 72' lang='lat' dir='ltr'><strong>conterriti</strong></span> <span class='ocrx_word' id='word_1_286' title='bbox 1389 2342 1759 2398; x_wconf 69' lang='lat' dir='ltr'><strong>existimabant</strong></span> <span class='ocrx_word' id='word_1_287' title='bbox 1791 2360 1846 2397; x_wconf 88' lang='lat' dir='ltr'><strong>se</strong></span> <span class='ocrx_word' id='word_1_288' title='bbox 1886 2342 1995 2415; x_wconf 84' lang='lat' dir='ltr'><strong>spi-</strong></span> 
     </span>
    </p>
   </div>
   <div class='ocr_carea' id='block_1_40' title="bbox 399 2428 1995 2497">
    <p class='ocr_par' dir='ltr' id='par_1_40' title="bbox 399 2428 1995 2497">
     <span class='ocr_line' id='line_1_40' title="bbox 399 2428 1995 2497; baseline 0.006 -16"><span class='ocrx_word' id='word_1_289' title='bbox 399 2429 568 2482; x_wconf 73' lang='lat' dir='ltr'><strong>ritum</strong></span> <span class='ocrx_word' id='word_1_290' title='bbox 606 2428 799 2484; x_wconf 73' lang='lat' dir='ltr'><strong>cidere.</strong></span> <span class='ocrx_word' id='word_1_291' title='bbox 840 2429 996 2497; x_wconf 84' lang='lat' dir='ltr'><strong>Quod</strong></span> <span class='ocrx_word' id='word_1_292' title='bbox 1044 2431 1283 2488; x_wconf 61' lang='lat' dir='ltr'><strong>heretici</strong></span> <span class='ocrx_word' id='word_1_293' title='bbox 1338 2433 1618 2489; x_wconf 64' lang='lat' dir='ltr'><strong>Manichzei</strong></span> <span class='ocrx_word' id='word_1_294' title='bbox 1663 2435 1730 2491; x_wconf 87' lang='lat' dir='ltr'><strong>de</strong></span> <span class='ocrx_word' id='word_1_295' title='bbox 1774 2434 1995 2491; x_wconf 86' lang='lat' dir='ltr'><strong>Christo</strong></span> 
     </span>
    </p>
   </div>
   <div class='ocr_carea' id='block_1_41' title="bbox 398 2518 1990 2592">
    <p class='ocr_par' dir='ltr' id='par_1_41' title="bbox 398 2518 1990 2592">
     <span class='ocr_line' id='line_1_41' title="bbox 398 2518 1990 2592; baseline 0.004 -19"><span class='ocrx_word' id='word_1_296' title='bbox 398 2519 753 2588; x_wconf 72' lang='lat' dir='ltr'><strong>susp’cantur</strong></span> <span class='ocrx_word' id='word_1_297' title='bbox 791 2524 850 2574; x_wconf 84' lang='lat' dir='ltr'><strong>et</strong></span> <span class='ocrx_word' id='word_1_298' title='bbox 872 2518 1138 2586; x_wconf 77' lang='lat' dir='ltr'><strong>credunt,</strong></span> <span class='ocrx_word' id='word_1_299' title='bbox 1176 2522 1304 2592; x_wconf 87' lang='lat' dir='ltr'><strong>quia</strong></span> <span class='ocrx_word' id='word_1_300' title='bbox 1350 2536 1459 2577; x_wconf 92' lang='lat' dir='ltr'><strong>non</strong></span> <span class='ocrx_word' id='word_1_301' title='bbox 1507 2532 1631 2578; x_wconf 78' lang='lat' dir='ltr'><strong>erat</strong></span> <span class='ocrx_word' id='word_1_302' title='bbox 1669 2539 1802 2579; x_wconf 82' lang='lat' dir='ltr'><strong>vera</strong></span> <span class='ocrx_word' id='word_1_303' title='bbox 1840 2540 1990 2589; x_wconf 88' lang='lat' dir='ltr'><strong>caro,</strong></span> 
     </span>
    </p>
   </div>
   <div class='ocr_carea' id='block_1_42' title="bbox 400 2609 1993 2686">
    <p class='ocr_par' dir='ltr' id='par_1_42' title="bbox 400 2609 1993 2686">
     <span class='ocr_line' id='line_1_42' title="bbox 400 2609 1993 2686; baseline 0.005 -23"><span class='ocrx_word' id='word_1_304' title='bbox 400 2609 503 2663; x_wconf 83' lang='lat' dir='ltr'><strong>sed</strong></span> <span class='ocrx_word' id='word_1_305' title='bbox 541 2609 766 2678; x_wconf 87' lang='lat' dir='ltr'><strong>spiritus</strong></span> <span class='ocrx_word' id='word_1_306' title='bbox 805 2618 944 2677; x_wconf 88' lang='lat' dir='ltr'><strong>erat,</strong></span> <span class='ocrx_word' id='word_1_307' title='bbox 991 2612 1109 2667; x_wconf 79' lang='lat' dir='ltr'><strong>haec</strong></span> <span class='ocrx_word' id='word_1_308' title='bbox 1143 2612 1317 2683; x_wconf 74' lang='lat' dir='ltr'><strong>prima</strong></span> <span class='ocrx_word' id='word_1_309' title='bbox 1356 2614 1622 2686; x_wconf 65' lang='lat' dir='ltr'><strong>Cogitatio</strong></span> <span class='ocrx_word' id='word_1_310' title='bbox 1660 2616 1897 2671; x_wconf 76' lang='lat' dir='ltr'><strong>surrexit</strong></span> <span class='ocrx_word' id='word_1_311' title='bbox 1935 2616 1993 2671; x_wconf 90' lang='lat' dir='ltr'><strong>in</strong></span> 
     </span>
    </p>
   </div>
   <div class='ocr_carea' id='block_1_43' title="bbox 398 2699 1993 2775">
    <p class='ocr_par' dir='ltr' id='par_1_43' title="bbox 398 2699 1993 2775">
     <span class='ocr_line' id='line_1_43' title="bbox 398 2699 1993 2775; baseline 0.004 -19"><span class='ocrx_word' id='word_1_312' title='bbox 398 2699 662 2757; x_wconf 78' lang='lat' dir='ltr'><strong>cordibus</strong></span> <span class='ocrx_word' id='word_1_313' title='bbox 687 2700 1075 2770; x_wconf 82' lang='lat' dir='ltr'><strong>apostolorum.</strong></span> <span class='ocrx_word' id='word_1_314' title='bbox 1104 2702 1172 2757; x_wconf 87' lang='lat' dir='ltr'><strong>Et</strong></span> <span class='ocrx_word' id='word_1_315' title='bbox 1198 2703 1273 2758; x_wconf 89' lang='lat' dir='ltr'><strong>illi</strong></span> <span class='ocrx_word' id='word_1_316' title='bbox 1299 2704 1518 2775; x_wconf 78' lang='lat' dir='ltr'><strong>quidem</strong></span> <span class='ocrx_word' id='word_1_317' title='bbox 1547 2705 1824 2761; x_wconf 71' lang='lat' dir='ltr'><strong>Manichmi</strong></span> <span class='ocrx_word' id='word_1_318' title='bbox 1854 2723 1993 2762; x_wconf 80' lang='lat' dir='ltr'><strong>tinu-</strong></span> 
     </span>
    </p>
   </div>
   <div class='ocr_carea' id='block_1_44' title="bbox 394 2788 1993 2865">
    <p class='ocr_par' dir='ltr' id='par_1_44' title="bbox 394 2788 1993 2865">
     <span class='ocr_line' id='line_1_44' title="bbox 394 2788 1993 2865; baseline 0.006 -22"><span class='ocrx_word' id='word_1_319' title='bbox 394 2803 569 2859; x_wconf 62' lang='grc' dir='ltr'><strong>φιλίη</strong></span> <span class='ocrx_word' id='word_1_320' title='bbox 608 2788 840 2845; x_wconf 84' lang='lat' dir='ltr'><strong>credunt</strong></span> <span class='ocrx_word' id='word_1_321' title='bbox 861 2788 1046 2846; x_wconf 69' lang='lat' dir='ltr'><strong>Iesum</strong></span> <span class='ocrx_word' id='word_1_322' title='bbox 1076 2789 1242 2848; x_wconf 84' lang='lat' dir='ltr'><strong>fuisse</strong></span> <span class='ocrx_word' id='word_1_323' title='bbox 1268 2792 1577 2858; x_wconf 82' lang='lat' dir='ltr'><strong>hominem,</strong></span> <span class='ocrx_word' id='word_1_324' title='bbox 1618 2796 1865 2865; x_wconf 78' lang='lat' dir='ltr'><strong>discipuli</strong></span> <span class='ocrx_word' id='word_1_325' title='bbox 1896 2813 1993 2852; x_wconf 78' lang='lat' dir='ltr'><strong>aii-</strong></span> 
     </span>
    </p>
   </div>
   <div class='ocr_carea' id='block_1_45' title="bbox 396 2882 1994 2958">
    <p class='ocr_par' dir='ltr' id='par_1_45' title="bbox 396 2882 1994 2958">
     <span class='ocr_line' id='line_1_45' title="bbox 396 2882 1994 2958; baseline 0.006 -23"><span class='ocrx_word' id='word_1_326' title='bbox 396 2889 516 2936; x_wconf 80' lang='lat' dir='ltr'><strong>tem</strong></span> <span class='ocrx_word' id='word_1_327' title='bbox 542 2890 807 2937; x_wconf 78' lang='lat' dir='ltr'><strong>noverant</strong></span> <span class='ocrx_word' id='word_1_328' title='bbox 833 2882 1125 2948; x_wconf 85' lang='lat' dir='ltr'><strong>hominem,</strong></span> <span class='ocrx_word' id='word_1_329' title='bbox 1160 2898 1283 2939; x_wconf 89' lang='lat' dir='ltr'><strong>cum</strong></span> <span class='ocrx_word' id='word_1_330' title='bbox 1309 2900 1418 2955; x_wconf 86' lang='lat' dir='ltr'><strong>quo</strong></span> <span class='ocrx_word' id='word_1_331' title='bbox 1453 2895 1736 2958; x_wconf 82' lang='lat' dir='ltr'><strong>tantopere</strong></span> <span class='ocrx_word' id='word_1_332' title='bbox 1776 2887 1994 2945; x_wconf 77' lang='lat' dir='ltr'><strong>fuerant</strong></span> 
     </span>
    </p>
   </div>
   <div class='ocr_carea' id='block_1_46' title="bbox 394 2969 1995 3051">
    <p class='ocr_par' dir='ltr' id='par_1_46' title="bbox 394 2969 1995 3051">
     <span class='ocr_line' id='line_1_46' title="bbox 394 2969 1995 3051; baseline 0.002 -21"><span class='ocrx_word' id='word_1_333' title='bbox 394 2972 733 3031; x_wconf 67' lang='lat' dir='ltr'><strong>«aversati.</strong></span> <span class='ocrx_word' id='word_1_334' title='bbox 762 2969 883 3051; x_wconf 39' lang='lat' dir='ltr'><strong>&#39;Sed</strong></span> <span class='ocrx_word' id='word_1_335' title='bbox 926 2980 1281 3043; x_wconf 80' lang='lat' dir='ltr'><strong>posteaquam</strong></span> <span class='ocrx_word' id='word_1_336' title='bbox 1317 2982 1566 3031; x_wconf 81' lang='lat' dir='ltr'><strong>mortuus</strong></span> <span class='ocrx_word' id='word_1_337' title='bbox 1592 2983 1696 3042; x_wconf 85' lang='lat' dir='ltr'><strong>est,</strong></span> <span class='ocrx_word' id='word_1_338' title='bbox 1726 2976 1870 3048; x_wconf 86' lang='lat' dir='ltr'><strong>quod</strong></span> <span class='ocrx_word' id='word_1_339' title='bbox 1898 2993 1995 3034; x_wconf 81' lang='grc' dir='ltr'><strong>ηο-</strong></span> 
     </span>
    </p>
   </div>
   <div class='ocr_carea' id='block_1_47' title="bbox 399 3069 1992 3141">
    <p class='ocr_par' dir='ltr' id='par_1_47' title="bbox 399 3069 1992 3141">
     <span class='ocr_line' id='line_1_47' title="bbox 399 3069 1992 3141; baseline 0.004 -19"><span class='ocrx_word' id='word_1_340' title='bbox 399 3076 601 3123; x_wconf 74' lang='lat' dir='ltr'><strong>verant</strong></span> <span class='ocrx_word' id='word_1_341' title='bbox 633 3069 852 3138; x_wconf 79' lang='lat' dir='ltr'><strong>quando</strong></span> <span class='ocrx_word' id='word_1_342' title='bbox 893 3069 1217 3134; x_wconf 82' lang='lat' dir='ltr'><strong>crederent,</strong></span> <span class='ocrx_word' id='word_1_343' title='bbox 1260 3069 1365 3125; x_wconf 89' lang='lat' dir='ltr'><strong>hoc</strong></span> <span class='ocrx_word' id='word_1_344' title='bbox 1392 3071 1635 3141; x_wconf 89' lang='lat' dir='ltr'><strong>potuisse</strong></span> <span class='ocrx_word' id='word_1_345' title='bbox 1678 3073 1992 3128; x_wconf 89' lang='lat' dir='ltr'><strong>resuscitari</strong></span> 
     </span>
    </p>
   </div>
   <div class='ocr_carea' id='block_1_48' title="bbox 2099 1884 3689 1962">
    <p class='ocr_par' dir='ltr' id='par_1_48' title="bbox 2099 1884 3689 1962">
     <span class='ocr_line' id='line_1_48' title="bbox 2099 1884 3689 1962; baseline 0.006 -24"><span class='ocrx_word' id='word_1_346' title='bbox 2099 1884 2444 1940; x_wconf 87' lang='lat' dir='ltr'><strong>mortalitatis</strong></span> <span class='ocrx_word' id='word_1_347' title='bbox 2487 1886 2774 1956; x_wconf 75' lang='lat' dir='ltr'><strong>signiﬁcat.</strong></span> <span class='ocrx_word' id='word_1_348' title='bbox 2807 1887 2959 1944; x_wconf 89' lang='lat' dir='ltr'><strong>Sicut</strong></span> <span class='ocrx_word' id='word_1_349' title='bbox 2997 1889 3112 1959; x_wconf 89' lang='lat' dir='ltr'><strong>ipse</strong></span> <span class='ocrx_word' id='word_1_350' title='bbox 3152 1900 3550 1962; x_wconf 85' lang='lat' dir='ltr'><strong>consequenter</strong></span> <span class='ocrx_word' id='word_1_351' title='bbox 3593 1908 3689 1948; x_wconf 76' lang='lat' dir='ltr'><strong>cx-</strong></span> 
     </span>
    </p>
   </div>
   <div class='ocr_carea' id='block_1_49' title="bbox 2096 1977 3691 2055">
    <p class='ocr_par' dir='ltr' id='par_1_49' title="bbox 2096 1977 3691 2055">
     <span class='ocr_line' id='line_1_49' title="bbox 2096 1977 3691 2055; baseline 0.005 -24"><span class='ocrx_word' id='word_1_352' title='bbox 2096 1977 2297 2045; x_wconf 84' lang='lat' dir='ltr'><strong>posuit,</strong></span> <span class='ocrx_word' id='word_1_353' title='bbox 2327 1979 2552 2033; x_wconf 87' lang='lat' dir='ltr'><strong>dicens:</strong></span> <span class='ocrx_word' id='word_1_354' title='bbox 2589 1978 2774 2051; x_wconf 77' lang='lat' dir='ltr'><strong>Neque</strong></span> <span class='ocrx_word' id='word_1_355' title='bbox 2814 1982 3081 2051; x_wconf 82' lang='lat' dir='ltr'><strong>corruptio</strong></span> <span class='ocrx_word' id='word_1_356' title='bbox 3110 1982 3519 2053; x_wconf 84' lang='lat' dir='ltr'><strong>incorruptelam</strong></span> <span class='ocrx_word' id='word_1_357' title='bbox 3567 2000 3691 2055; x_wconf 78' lang='lat' dir='ltr'><strong>pos-</strong></span> 
     </span>
    </p>
   </div>
   <div class='ocr_carea' id='block_1_50' title="bbox 2098 2066 3687 2145">
    <p class='ocr_par' dir='ltr' id='par_1_50' title="bbox 2098 2066 3687 2145">
     <span class='ocr_line' id='line_1_50' title="bbox 2098 2066 3687 2145; baseline 0.007 -25"><span class='ocrx_word' id='word_1_358' title='bbox 2098 2067 2309 2122; x_wconf 84' lang='lat' dir='ltr'><strong>sidebit.</strong></span> <span class='ocrx_word' id='word_1_359' title='bbox 2353 2066 2528 2123; x_wconf 80' lang='lat' dir='ltr'><strong>Aliter</strong></span> <span class='ocrx_word' id='word_1_360' title='bbox 2571 2082 2807 2139; x_wconf 80' lang='lat' dir='ltr'><strong>namque</strong></span> <span class='ocrx_word' id='word_1_361' title='bbox 2848 2085 2976 2125; x_wconf 82' lang='lat' dir='ltr'><strong>caro</strong></span> <span class='ocrx_word' id='word_1_362' title='bbox 3022 2070 3306 2142; x_wconf 85' lang='lat' dir='ltr'><strong>Scriptura</strong></span> <span class='ocrx_word' id='word_1_363' title='bbox 3347 2088 3501 2129; x_wconf 87' lang='lat' dir='ltr'><strong>sacra</strong></span> <span class='ocrx_word' id='word_1_364' title='bbox 3528 2074 3687 2145; x_wconf 76' lang='lat' dir='ltr'><strong>juxta</strong></span> 
     </span>
    </p>
   </div>
   <div class='ocr_carea' id='block_1_51' title="bbox 2098 2156 3691 2233">
    <p class='ocr_par' dir='ltr' id='par_1_51' title="bbox 2098 2156 3691 2233">
     <span class='ocr_line' id='line_1_51' title="bbox 2098 2156 3691 2233; baseline 0.008 -23"><span class='ocrx_word' id='word_1_365' title='bbox 2098 2163 2383 2221; x_wconf 77' lang='lat' dir='ltr'><strong>naturam,</strong></span> <span class='ocrx_word' id='word_1_366' title='bbox 2429 2156 2588 2212; x_wconf 87' lang='lat' dir='ltr'><strong>aliter</strong></span> <span class='ocrx_word' id='word_1_367' title='bbox 2623 2159 2776 2228; x_wconf 75' lang='lat' dir='ltr'><strong>juxta</strong></span> <span class='ocrx_word' id='word_1_368' title='bbox 2823 2159 3061 2229; x_wconf 89' lang='lat' dir='ltr'><strong>culpam,</strong></span> <span class='ocrx_word' id='word_1_369' title='bbox 3110 2160 3270 2216; x_wconf 89' lang='lat' dir='ltr'><strong>aliter</strong></span> <span class='ocrx_word' id='word_1_370' title='bbox 3301 2162 3456 2233; x_wconf 83' lang='lat' dir='ltr'><strong>juxta</strong></span> <span class='ocrx_word' id='word_1_371' title='bbox 3501 2181 3691 2221; x_wconf 87' lang='lat' dir='ltr'><strong>corru-</strong></span> 
     </span>
    </p>
   </div>
   <div class='ocr_carea' id='block_1_52' title="bbox 2095 2244 3692 2324">
    <p class='ocr_par' dir='ltr' id='par_1_52' title="bbox 2095 2244 3692 2324">
     <span class='ocr_line' id='line_1_52' title="bbox 2095 2244 3692 2324; baseline 0.009 -27"><span class='ocrx_word' id='word_1_372' title='bbox 2095 2244 2334 2313; x_wconf 78' lang='lat' dir='ltr'><strong>ptionem</strong></span> <span class='ocrx_word' id='word_1_373' title='bbox 2367 2246 2738 2311; x_wconf 78' lang='lat' dir='ltr'><strong>mortalitatis,</strong></span> <span class='ocrx_word' id='word_1_374' title='bbox 2765 2262 2884 2315; x_wconf 69' lang='lat' dir='ltr'><strong>qua:</strong></span> <span class='ocrx_word' id='word_1_375' title='bbox 2925 2264 2993 2303; x_wconf 75' lang='lat' dir='ltr'><strong>ex</strong></span> <span class='ocrx_word' id='word_1_376' title='bbox 3019 2248 3174 2320; x_wconf 83' lang='lat' dir='ltr'><strong>culpa</strong></span> <span class='ocrx_word' id='word_1_377' title='bbox 3198 2252 3428 2324; x_wconf 78' lang='lat' dir='ltr'><strong>contigit</strong></span> <span class='ocrx_word' id='word_1_378' title='bbox 3454 2255 3692 2324; x_wconf 82' lang='lat' dir='ltr'><strong>appella-</strong></span> 
     </span>
    </p>
   </div>
   <div class='ocr_carea' id='block_1_53' title="bbox 2097 2335 3691 2408">
    <p class='ocr_par' dir='ltr' id='par_1_53' title="bbox 2097 2335 3691 2408">
     <span class='ocr_line' id='line_1_53' title="bbox 2097 2335 3691 2408; baseline 0.007 -20"><span class='ocrx_word' id='word_1_379' title='bbox 2097 2342 2207 2399; x_wconf 89' lang='lat' dir='ltr'><strong>tur,</strong></span> <span class='ocrx_word' id='word_1_380' title='bbox 2238 2335 2394 2405; x_wconf 79' lang='lat' dir='ltr'><strong>juxta</strong></span> <span class='ocrx_word' id='word_1_381' title='bbox 2443 2345 2693 2391; x_wconf 82' lang='lat' dir='ltr'><strong>naturam</strong></span> <span class='ocrx_word' id='word_1_382' title='bbox 2725 2337 2975 2408; x_wconf 88' lang='lat' dir='ltr'><strong>quidem,</strong></span> <span class='ocrx_word' id='word_1_383' title='bbox 3006 2353 3137 2394; x_wconf 90' lang='lat' dir='ltr'><strong>cum</strong></span> <span class='ocrx_word' id='word_1_384' title='bbox 3180 2340 3385 2396; x_wconf 84' lang='lat' dir='ltr'><strong>dictum</strong></span> <span class='ocrx_word' id='word_1_385' title='bbox 3415 2351 3539 2397; x_wconf 90' lang='lat' dir='ltr'><strong>est:</strong></span> <span class='ocrx_word' id='word_1_386' title='bbox 3571 2343 3691 2400; x_wconf 79' lang='lat' dir='ltr'><strong>Hoc</strong></span> 
     </span>
    </p>
   </div>
   <div class='ocr_carea' id='block_1_54' title="bbox 2097 2428 3685 2508">
    <p class='ocr_par' dir='ltr' id='par_1_54' title="bbox 2097 2428 3685 2508">
     <span class='ocr_line' id='line_1_54' title="bbox 2097 2428 3685 2508; baseline 0.007 -28"><span class='ocrx_word' id='word_1_387' title='bbox 2097 2442 2235 2481; x_wconf 79' lang='lat' dir='ltr'><strong>nunc</strong></span> <span class='ocrx_word' id='word_1_388' title='bbox 2264 2444 2330 2482; x_wconf 77' lang='lat' dir='ltr'><strong>ea:</strong></span> <span class='ocrx_word' id='word_1_389' title='bbox 2351 2428 2558 2483; x_wconf 77' lang='lat' dir='ltr'><strong>ossibus</strong></span> <span class='ocrx_word' id='word_1_390' title='bbox 2595 2428 2722 2483; x_wconf 77' lang='lat' dir='ltr'><strong>meis</strong></span> <span class='ocrx_word' id='word_1_391' title='bbox 2743 2438 2795 2483; x_wconf 88' lang='lat' dir='ltr'><strong>et</strong></span> <span class='ocrx_word' id='word_1_392' title='bbox 2818 2446 2949 2484; x_wconf 82' lang='lat' dir='ltr'><strong>caro</strong></span> <span class='ocrx_word' id='word_1_393' title='bbox 2980 2430 3045 2485; x_wconf 81' lang='lat' dir='ltr'><strong>de</strong></span> <span class='ocrx_word' id='word_1_394' title='bbox 3067 2448 3229 2486; x_wconf 84' lang='lat' dir='ltr'><strong>carne</strong></span> <span class='ocrx_word' id='word_1_395' title='bbox 3252 2448 3368 2488; x_wconf 82' lang='lat' dir='ltr'><strong>mea</strong></span> <span class='ocrx_word' id='word_1_396' title='bbox 3386 2433 3552 2507; x_wconf 77' lang='lat' dir='ltr'><strong>(Gen.</strong></span> <span class='ocrx_word' id='word_1_397' title='bbox 3570 2436 3641 2508; x_wconf 72' lang='grc' dir='ltr'><strong>ιιι)</strong></span> <span class='ocrx_word' id='word_1_398' title='bbox 3671 2454 3685 2491; x_wconf 89' lang='lat'>:</span> 
     </span>
    </p>
   </div>
   <div class='ocr_carea' id='block_1_55' title="bbox 2095 2515 3690 2589">
    <p class='ocr_par' dir='ltr' id='par_1_55' title="bbox 2095 2515 3690 2589">
     <span class='ocr_line' id='line_1_55' title="bbox 2095 2515 3690 2589; baseline 0.006 -17"><span class='ocrx_word' id='word_1_399' title='bbox 2095 2517 2168 2572; x_wconf 83' lang='lat' dir='ltr'><strong>Et</strong></span> <span class='ocrx_word' id='word_1_400' title='bbox 2221 2515 2446 2573; x_wconf 84' lang='lat' dir='ltr'><strong>Verbum</strong></span> <span class='ocrx_word' id='word_1_401' title='bbox 2489 2536 2613 2574; x_wconf 84' lang='lat' dir='ltr'><strong>caro</strong></span> <span class='ocrx_word' id='word_1_402' title='bbox 2659 2520 2858 2589; x_wconf 56' lang='lat' dir='ltr'><strong>factum</strong></span> <span class='ocrx_word' id='word_1_403' title='bbox 2901 2530 3011 2588; x_wconf 83' lang='lat' dir='ltr'><strong>est,</strong></span> <span class='ocrx_word' id='word_1_404' title='bbox 3055 2530 3106 2576; x_wconf 81' lang='lat' dir='ltr'><strong>et</strong></span> <span class='ocrx_word' id='word_1_405' title='bbox 3139 2523 3396 2580; x_wconf 80' lang='lat' dir='ltr'><strong>habitavit</strong></span> <span class='ocrx_word' id='word_1_406' title='bbox 3442 2526 3500 2580; x_wconf 85' lang='lat' dir='ltr'><strong>in</strong></span> <span class='ocrx_word' id='word_1_407' title='bbox 3539 2528 3690 2582; x_wconf 81' lang='lat' dir='ltr'><strong>nobis</strong></span> 
     </span>
    </p>
   </div>
   <div class='ocr_carea' id='block_1_56' title="bbox 2097 2608 3687 2688">
    <p class='ocr_par' dir='ltr' id='par_1_56' title="bbox 2097 2608 3687 2688">
     <span class='ocr_line' id='line_1_56' title="bbox 2097 2608 3687 2688; baseline 0.005 -26"><span class='ocrx_word' id='word_1_408' title='bbox 2097 2608 2280 2680; x_wconf 82' lang='lat' dir='ltr'><strong>(Joan.</strong></span> <span class='ocrx_word' id='word_1_409' title='bbox 2308 2608 2372 2681; x_wconf 82' lang='grc' dir='ltr'><strong>ι).</strong></span> <span class='ocrx_word' id='word_1_410' title='bbox 2398 2608 2559 2665; x_wconf 77' lang='lat' dir='ltr'><strong>Juxta</strong></span> <span class='ocrx_word' id='word_1_411' title='bbox 2586 2611 2800 2682; x_wconf 86' lang='lat' dir='ltr'><strong>culpam</strong></span> <span class='ocrx_word' id='word_1_412' title='bbox 2843 2626 2973 2668; x_wconf 86' lang='lat' dir='ltr'><strong>vero</strong></span> <span class='ocrx_word' id='word_1_413' title='bbox 3001 2613 3201 2669; x_wconf 79' lang='lat' dir='ltr'><strong>dicitur</strong></span> <span class='ocrx_word' id='word_1_414' title='bbox 3225 2635 3238 2669; x_wconf 90' lang='lat'><strong>:</strong></span> <span class='ocrx_word' id='word_1_415' title='bbox 3265 2613 3406 2671; x_wconf 86' lang='lat' dir='ltr'><strong>Caro</strong></span> <span class='ocrx_word' id='word_1_416' title='bbox 3437 2618 3687 2688; x_wconf 79' lang='lat' dir='ltr'><strong>concupi-</strong></span> 
     </span>
    </p>
   </div>
   <div class='ocr_carea' id='block_1_57' title="bbox 2093 2700 3685 2775">
    <p class='ocr_par' dir='ltr' id='par_1_57' title="bbox 2093 2700 3685 2775">
     <span class='ocr_line' id='line_1_57' title="bbox 2093 2700 3685 2775; baseline 0.006 -21"><span class='ocrx_word' id='word_1_417' title='bbox 2093 2701 2190 2755; x_wconf 81' lang='lat' dir='ltr'><strong>scit</strong></span> <span class='ocrx_word' id='word_1_418' title='bbox 2231 2700 2481 2755; x_wconf 81' lang='lat' dir='ltr'><strong>adversus</strong></span> <span class='ocrx_word' id='word_1_419' title='bbox 2507 2701 2779 2772; x_wconf 73' lang='lat' dir='ltr'><strong>spiritum,</strong></span> <span class='ocrx_word' id='word_1_420' title='bbox 2826 2712 2877 2756; x_wconf 89' lang='lat' dir='ltr'><strong>et</strong></span> <span class='ocrx_word' id='word_1_421' title='bbox 2919 2704 3136 2775; x_wconf 79' lang='lat' dir='ltr'><strong>spiritus</strong></span> <span class='ocrx_word' id='word_1_422' title='bbox 3173 2706 3424 2761; x_wconf 79' lang='lat' dir='ltr'><strong>adversus</strong></span> <span class='ocrx_word' id='word_1_423' title='bbox 3453 2725 3685 2763; x_wconf 81' lang='lat' dir='ltr'><strong>carnem.</strong></span> 
     </span>
    </p>
   </div>
   <div class='ocr_carea' id='block_1_58' title="bbox 2092 2788 3689 2866">
    <p class='ocr_par' dir='ltr' id='par_1_58' title="bbox 2092 2788 3689 2866">
     <span class='ocr_line' id='line_1_58' title="bbox 2092 2788 3689 2866; baseline 0.006 -20"><span class='ocrx_word' id='word_1_424' title='bbox 2092 2788 2255 2846; x_wconf 76' lang='lat' dir='ltr'><strong>Juxta</strong></span> <span class='ocrx_word' id='word_1_425' title='bbox 2280 2791 2791 2861; x_wconf 87' lang='lat' dir='ltr'><strong>corruptibilitatem</strong></span> <span class='ocrx_word' id='word_1_426' title='bbox 2818 2801 2999 2849; x_wconf 83' lang='lat' dir='ltr'><strong>autem</strong></span> <span class='ocrx_word' id='word_1_427' title='bbox 3028 2810 3150 2849; x_wconf 90' lang='lat' dir='ltr'><strong>cum</strong></span> <span class='ocrx_word' id='word_1_428' title='bbox 3179 2796 3442 2866; x_wconf 86' lang='lat' dir='ltr'><strong>scriptum</strong></span> <span class='ocrx_word' id='word_1_429' title='bbox 3470 2807 3556 2854; x_wconf 86' lang='lat' dir='ltr'><strong>est</strong></span> <span class='ocrx_word' id='word_1_430' title='bbox 3579 2818 3592 2853; x_wconf 92' lang='lat'>:</span> <span class='ocrx_word' id='word_1_431' title='bbox 3614 2800 3689 2857; x_wconf 81' lang='lat' dir='ltr'><strong>Et</strong></span> 
     </span>
    </p>
   </div>
   <div class='ocr_carea' id='block_1_59' title="bbox 2092 2883 3690 2958">
    <p class='ocr_par' dir='ltr' id='par_1_59' title="bbox 2092 2883 3690 2958">
     <span class='ocr_line' id='line_1_59' title="bbox 2092 2883 3690 2958; baseline 0.009 -25"><span class='ocrx_word' id='word_1_432' title='bbox 2092 2883 2368 2935; x_wconf 70' lang='lat' dir='ltr'><strong>morati</strong></span> <span class='ocrx_word' id='word_1_433' title='bbox 2395 2889 2539 2947; x_wconf 81' lang='lat' dir='ltr'><strong>suat,</strong></span> <span class='ocrx_word' id='word_1_434' title='bbox 2566 2883 2693 2953; x_wconf 69' lang='lat' dir='ltr'><strong>quia</strong></span> <span class='ocrx_word' id='word_1_435' title='bbox 2730 2899 2856 2937; x_wconf 84' lang='lat' dir='ltr'><strong>caro</strong></span> <span class='ocrx_word' id='word_1_436' title='bbox 2880 2893 3027 2949; x_wconf 75' lang='lat' dir='ltr'><strong>sunt,</strong></span> <span class='ocrx_word' id='word_1_437' title='bbox 3052 2885 3173 2941; x_wconf 85' lang='lat' dir='ltr'><strong>ideo</strong></span> <span class='ocrx_word' id='word_1_438' title='bbox 3198 2885 3417 2958; x_wconf 73' lang='lat' dir='ltr'><strong>fragiles</strong></span> <span class='ocrx_word' id='word_1_439' title='bbox 3435 2896 3498 2943; x_wconf 85' lang='lat' dir='ltr'><strong>et</strong></span> <span class='ocrx_word' id='word_1_440' title='bbox 3524 2891 3690 2946; x_wconf 89' lang='lat' dir='ltr'><strong>mori-</strong></span> 
     </span>
    </p>
   </div>
   <div class='ocr_carea' id='block_1_60' title="bbox 2093 2970 3691 3047">
    <p class='ocr_par' dir='ltr' id='par_1_60' title="bbox 2093 2970 3691 3047">
     <span class='ocr_line' id='line_1_60' title="bbox 2093 2970 3691 3047; baseline 0.008 -22"><span class='ocrx_word' id='word_1_441' title='bbox 2093 2970 2279 3035; x_wconf 80' lang='lat' dir='ltr'><strong>bundi,</strong></span> <span class='ocrx_word' id='word_1_442' title='bbox 2304 2971 2408 3028; x_wconf 90' lang='lat' dir='ltr'><strong>hoc</strong></span> <span class='ocrx_word' id='word_1_443' title='bbox 2446 2971 2592 3028; x_wconf 86' lang='lat' dir='ltr'><strong>enim</strong></span> <span class='ocrx_word' id='word_1_444' title='bbox 2616 2987 2678 3028; x_wconf 85' lang='lat' dir='ltr'><strong>se</strong></span> <span class='ocrx_word' id='word_1_445' title='bbox 2701 2974 2884 3030; x_wconf 87' lang='lat' dir='ltr'><strong>carnis</strong></span> <span class='ocrx_word' id='word_1_446' title='bbox 2914 2974 3133 3030; x_wconf 85' lang='lat' dir='ltr'><strong>nomine</strong></span> <span class='ocrx_word' id='word_1_447' title='bbox 3160 2975 3475 3047; x_wconf 74' lang='lat' dir='ltr'><strong>designasse</strong></span> <span class='ocrx_word' id='word_1_448' title='bbox 3516 2983 3691 3037; x_wconf 85' lang='lat' dir='ltr'><strong>mani-</strong></span> 
     </span>
    </p>
   </div>
   <div class='ocr_carea' id='block_1_61' title="bbox 2094 3059 3688 3140">
    <p class='ocr_par' dir='ltr' id='par_1_61' title="bbox 2094 3059 3688 3140">
     <span class='ocr_line' id='line_1_61' title="bbox 2094 3059 3688 3140; baseline 0.007 -25"><span class='ocrx_word' id='word_1_449' title='bbox 2094 3059 2258 3119; x_wconf 77' lang='lat' dir='ltr'><strong>festat</strong></span> <span class='ocrx_word' id='word_1_450' title='bbox 2294 3062 2409 3133; x_wconf 89' lang='lat' dir='ltr'><strong>ipse</strong></span> <span class='ocrx_word' id='word_1_451' title='bbox 2435 3062 2744 3128; x_wconf 88' lang='lat' dir='ltr'><strong>Psalmista,</strong></span> <span class='ocrx_word' id='word_1_452' title='bbox 2781 3065 2873 3133; x_wconf 85' lang='lat' dir='ltr'><strong>qui</strong></span> <span class='ocrx_word' id='word_1_453' title='bbox 2920 3065 3168 3136; x_wconf 89' lang='lat' dir='ltr'><strong>protinus</strong></span> <span class='ocrx_word' id='word_1_454' title='bbox 3216 3066 3368 3122; x_wconf 86' lang='lat' dir='ltr'><strong>addit</strong></span> <span class='ocrx_word' id='word_1_455' title='bbox 3410 3085 3423 3122; x_wconf 93' lang='lat'><strong>:</strong></span> <span class='ocrx_word' id='word_1_456' title='bbox 3456 3067 3688 3140; x_wconf 74' lang='lat' dir='ltr'><strong>Spiritus</strong></span> 
     </span>
    </p>
   </div>
   <div class='ocr_carea' id='block_1_62' title="bbox 394 3140 3690 3234">
    <p class='ocr_par' dir='ltr' id='par_1_62' title="bbox 394 3140 3690 3234">
     <span class='ocr_line' id='line_1_62' title="bbox 394 3140 3690 3234; baseline 0.008 -44"><span class='ocrx_word' id='word_1_457' title='bbox 394 3159 553 3229; x_wconf 54' lang='lat' dir='ltr'><strong>quod</strong></span> <span class='ocrx_word' id='word_1_458' title='bbox 578 3160 756 3230; x_wconf 53' lang='lat' dir='ltr'><strong>mn</strong></span> <span class='ocrx_word' id='word_1_459' title='bbox 780 3159 947 3215; x_wconf 15' lang='lat' dir='ltr'><strong>Amori.</strong></span> <span class='ocrx_word' id='word_1_460' title='bbox 967 3158 1238 3229; x_wconf 58' lang='grc' dir='ltr'><strong>Αρμηιιι</strong></span> <span class='ocrx_word' id='word_1_461' title='bbox 1263 3140 1409 3232; x_wconf 57' lang='lat' dir='ltr'><strong>ergo</strong></span> <span class='ocrx_word' id='word_1_462' title='bbox 1433 3162 1605 3217; x_wconf 67' lang='grc' dir='ltr'><strong>οευιεε</strong></span> <span class='ocrx_word' id='word_1_463' title='bbox 1638 3163 1878 3234; x_wconf 64' lang='lat' dir='ltr'><strong>ipsorum</strong></span> <span class='ocrx_word' id='word_1_464' title='bbox 1913 3172 1992 3218; x_wconf 63' lang='grc' dir='ltr'><strong>ια-</strong></span> <span class='ocrx_word' id='word_1_465' title='bbox 2020 3140 2064 3202; x_wconf 90' lang='lat' dir='ltr'><strong>C</strong></span> <span class='ocrx_word' id='word_1_466' title='bbox 2096 3153 2288 3208; x_wconf 80' lang='lat' dir='ltr'><strong>vadens</strong></span> <span class='ocrx_word' id='word_1_467' title='bbox 2321 3162 2372 3208; x_wconf 88' lang='lat' dir='ltr'><strong>et</strong></span> <span class='ocrx_word' id='word_1_468' title='bbox 2398 3171 2511 3210; x_wconf 74' lang='lat' dir='ltr'><strong>non</strong></span> <span class='ocrx_word' id='word_1_469' title='bbox 2539 3154 2761 3211; x_wconf 78' lang='lat' dir='ltr'><strong>rediens.</strong></span> <span class='ocrx_word' id='word_1_470' title='bbox 2785 3154 3012 3227; x_wconf 84' lang='lat' dir='ltr'><strong>(Psalm.</strong></span> <span class='ocrx_word' id='word_1_471' title='bbox 3035 3156 3263 3229; x_wconf 68' lang='lat' dir='ltr'><strong>nam).</strong></span> <span class='ocrx_word' id='word_1_472' title='bbox 3301 3156 3550 3228; x_wconf 74' lang='lat' dir='ltr'><strong>Regnum</strong></span> <span class='ocrx_word' id='word_1_473' title='bbox 3578 3160 3690 3216; x_wconf 82' lang='lat' dir='ltr'><strong>ita-</strong></span> 
     </span>
    </p>
   </div>
   <div class='ocr_carea' id='block_1_63' title="bbox 392 3248 1994 3320">
    <p class='ocr_par' dir='ltr' id='par_1_63' title="bbox 392 3248 1994 3320">
     <span class='ocr_line' id='line_1_63' title="bbox 392 3248 1994 3320; baseline 0.002 -16"><span class='ocrx_word' id='word_1_474' title='bbox 392 3248 491 3315; x_wconf 70' lang='lat' dir='ltr'><strong>lis,</strong></span> <span class='ocrx_word' id='word_1_475' title='bbox 529 3250 744 3320; x_wconf 87' lang='lat' dir='ltr'><strong>qualem</strong></span> <span class='ocrx_word' id='word_1_476' title='bbox 783 3249 932 3306; x_wconf 76' lang='lat' dir='ltr'><strong>illum</strong></span> <span class='ocrx_word' id='word_1_477' title='bbox 958 3258 1246 3317; x_wconf 81' lang='lat' dir='ltr'><strong>noverant,</strong></span> <span class='ocrx_word' id='word_1_478' title='bbox 1281 3259 1473 3307; x_wconf 89' lang='lat' dir='ltr'><strong>etnon</strong></span> <span class='ocrx_word' id='word_1_479' title='bbox 1508 3254 1795 3309; x_wconf 74' lang='lat' dir='ltr'><strong>medentes</strong></span> <span class='ocrx_word' id='word_1_480' title='bbox 1832 3254 1994 3309; x_wconf 88' lang='lat' dir='ltr'><strong>tertia</strong></span> 
     </span>
    </p>
   </div>
   <div class='ocr_carea' id='block_1_64' title="bbox 402 3340 1994 3414">
    <p class='ocr_par' dir='ltr' id='par_1_64' title="bbox 402 3340 1994 3414">
     <span class='ocr_line' id='line_1_64' title="bbox 402 3340 1994 3414; baseline 0.001 -17"><span class='ocrx_word' id='word_1_481' title='bbox 402 3340 495 3397; x_wconf 82' lang='lat' dir='ltr'><strong>die</strong></span> <span class='ocrx_word' id='word_1_482' title='bbox 527 3341 767 3413; x_wconf 86' lang='lat' dir='ltr'><strong>potuisse</strong></span> <span class='ocrx_word' id='word_1_483' title='bbox 789 3356 975 3398; x_wconf 83' lang='lat' dir='ltr'><strong>veram</strong></span> <span class='ocrx_word' id='word_1_484' title='bbox 1016 3354 1236 3397; x_wconf 83' lang='lat' dir='ltr'><strong>carnem</strong></span> <span class='ocrx_word' id='word_1_485' title='bbox 1280 3342 1349 3397; x_wconf 89' lang='lat' dir='ltr'><strong>de</strong></span> <span class='ocrx_word' id='word_1_486' title='bbox 1391 3341 1644 3412; x_wconf 84' lang='lat' dir='ltr'><strong>sepulcro</strong></span> <span class='ocrx_word' id='word_1_487' title='bbox 1688 3358 1994 3414; x_wconf 80' lang='lat' dir='ltr'><strong>resurgere,</strong></span> 
     </span>
    </p>
   </div>
   <div class='ocr_carea' id='block_1_65' title="bbox 402 3435 1997 3519">
    <p class='ocr_par' dir='ltr' id='par_1_65' title="bbox 402 3435 1997 3519">
     <span class='ocr_line' id='line_1_65' title="bbox 402 3435 1997 3519; baseline 0.003 -31"><span class='ocrx_word' id='word_1_488' title='bbox 402 3444 812 3504; x_wconf 82' lang='lat' dir='ltr'><strong>putaveruntse</strong></span> <span class='ocrx_word' id='word_1_489' title='bbox 838 3436 1091 3507; x_wconf 88' lang='lat' dir='ltr'><strong>spiritum</strong></span> <span class='ocrx_word' id='word_1_490' title='bbox 1131 3435 1338 3519; x_wconf 81' lang='lat' dir='ltr'><strong>videre.</strong></span> <span class='ocrx_word' id='word_1_491' title='bbox 1369 3435 1534 3490; x_wconf 83' lang='lat' dir='ltr'><strong>Error</strong></span> <span class='ocrx_word' id='word_1_492' title='bbox 1579 3437 1683 3492; x_wconf 89' lang='lat' dir='ltr'><strong>iste</strong></span> <span class='ocrx_word' id='word_1_493' title='bbox 1724 3436 1997 3509; x_wconf 81' lang='lat' dir='ltr'><strong>apostolo-</strong></span> 
     </span>
    </p>
   </div>
   <div class='ocr_carea' id='block_1_66' title="bbox 394 3526 1997 3601">
    <p class='ocr_par' dir='ltr' id='par_1_66' title="bbox 394 3526 1997 3601">
     <span class='ocr_line' id='line_1_66' title="bbox 394 3526 1997 3601; baseline 0.003 -20"><span class='ocrx_word' id='word_1_494' title='bbox 394 3542 529 3581; x_wconf 76' lang='lat' dir='ltr'><strong>rum</strong></span> <span class='ocrx_word' id='word_1_495' title='bbox 555 3535 707 3584; x_wconf 86' lang='lat' dir='ltr'><strong>secta</strong></span> <span class='ocrx_word' id='word_1_496' title='bbox 735 3537 821 3584; x_wconf 87' lang='lat' dir='ltr'><strong>est</strong></span> <span class='ocrx_word' id='word_1_497' title='bbox 860 3528 1300 3584; x_wconf 74' lang='lat' dir='ltr'><strong>Manichzeorum.</strong></span> <span class='ocrx_word' id='word_1_498' title='bbox 1332 3526 1522 3584; x_wconf 83' lang='lat' dir='ltr'><strong>Solent</strong></span> <span class='ocrx_word' id='word_1_499' title='bbox 1563 3537 1745 3585; x_wconf 86' lang='lat' dir='ltr'><strong>autem</strong></span> <span class='ocrx_word' id='word_1_500' title='bbox 1776 3530 1997 3601; x_wconf 81' lang='lat' dir='ltr'><strong>quando</strong></span> 
     </span>
    </p>
   </div>
   <div class='ocr_carea' id='block_1_67' title="bbox 396 3619 1994 3693">
    <p class='ocr_par' dir='ltr' id='par_1_67' title="bbox 396 3619 1994 3693">
     <span class='ocr_line' id='line_1_67' title="bbox 396 3619 1994 3693; baseline 0.001 -18"><span class='ocrx_word' id='word_1_501' title='bbox 396 3619 516 3675; x_wconf 72' lang='lat' dir='ltr'><strong>illis</strong></span> <span class='ocrx_word' id='word_1_502' title='bbox 560 3621 675 3677; x_wconf 62' lang='lat' dir='ltr'><strong>hac</strong></span> <span class='ocrx_word' id='word_1_503' title='bbox 719 3620 1069 3692; x_wconf 79' lang='lat' dir='ltr'><strong>objiciuntur,</strong></span> <span class='ocrx_word' id='word_1_504' title='bbox 1105 3623 1183 3676; x_wconf 84' lang='lat' dir='ltr'><strong>ita</strong></span> <span class='ocrx_word' id='word_1_505' title='bbox 1227 3623 1557 3693; x_wconf 83' lang='lat' dir='ltr'><strong>respondere</strong></span> <span class='ocrx_word' id='word_1_506' title='bbox 1594 3641 1608 3676; x_wconf 89' lang='lat'>:</span> <span class='ocrx_word' id='word_1_507' title='bbox 1645 3641 1664 3675; x_wconf 78' lang='grc' dir='ltr'>ι</span> <span class='ocrx_word' id='word_1_508' title='bbox 1694 3621 1834 3690; x_wconf 86' lang='lat' dir='ltr'><strong>Quid</strong></span> <span class='ocrx_word' id='word_1_509' title='bbox 1868 3623 1994 3679; x_wconf 84' lang='lat' dir='ltr'><strong>mali</strong></span> 
     </span>
    </p>
   </div>
   <div class='ocr_carea' id='block_1_68' title="bbox 399 3711 1993 3784">
    <p class='ocr_par' dir='ltr' id='par_1_68' title="bbox 399 3711 1993 3784">
     <span class='ocr_line' id='line_1_68' title="bbox 399 3711 1993 3784; baseline 0 -17"><span class='ocrx_word' id='word_1_510' title='bbox 399 3711 697 3775; x_wconf 70' lang='lat' dir='ltr'><strong>credimus,</strong></span> <span class='ocrx_word' id='word_1_511' title='bbox 739 3713 866 3783; x_wconf 87' lang='lat' dir='ltr'><strong>quia</strong></span> <span class='ocrx_word' id='word_1_512' title='bbox 907 3712 1184 3769; x_wconf 86' lang='lat' dir='ltr'><strong>Christum</strong></span> <span class='ocrx_word' id='word_1_513' title='bbox 1214 3712 1383 3768; x_wconf 87' lang='lat' dir='ltr'><strong>Deum</strong></span> <span class='ocrx_word' id='word_1_514' title='bbox 1422 3713 1718 3779; x_wconf 89' lang='lat' dir='ltr'><strong>credimus,</strong></span> <span class='ocrx_word' id='word_1_515' title='bbox 1743 3714 1993 3784; x_wconf 87' lang='lat' dir='ltr'><strong>spiritum</strong></span> 
     </span>
    </p>
   </div>
   <div class='ocr_carea' id='block_1_69' title="bbox 406 3805 1995 3872">
    <p class='ocr_par' dir='ltr' id='par_1_69' title="bbox 406 3805 1995 3872">
     <span class='ocr_line' id='line_1_69' title="bbox 406 3805 1995 3872; baseline 0.002 -11"><span class='ocrx_word' id='word_1_516' title='bbox 406 3805 578 3861; x_wconf 77' lang='lat' dir='ltr'><strong>fuisse</strong></span> <span class='ocrx_word' id='word_1_517' title='bbox 614 3805 904 3872; x_wconf 84' lang='lat' dir='ltr'><strong>credimus,</strong></span> <span class='ocrx_word' id='word_1_518' title='bbox 942 3821 1162 3862; x_wconf 90' lang='lat' dir='ltr'><strong>carnem</strong></span> <span class='ocrx_word' id='word_1_519' title='bbox 1204 3823 1310 3863; x_wconf 93' lang='lat' dir='ltr'><strong>non</strong></span> <span class='ocrx_word' id='word_1_520' title='bbox 1360 3808 1653 3863; x_wconf 88' lang='lat' dir='ltr'><strong>credimus.</strong></span> <span class='ocrx_word' id='word_1_521' title='bbox 1694 3805 1883 3863; x_wconf 60' lang='lat' dir='ltr'><strong>Melior</strong></span> <span class='ocrx_word' id='word_1_522' title='bbox 1910 3817 1995 3865; x_wconf 86' lang='lat' dir='ltr'><strong>est</strong></span> 
     </span>
    </p>
   </div>
   <div class='ocr_carea' id='block_1_70' title="bbox 406 3899 1996 3971">
    <p class='ocr_par' dir='ltr' id='par_1_70' title="bbox 406 3899 1996 3971">
     <span class='ocr_line' id='line_1_70' title="bbox 406 3899 1996 3971; baseline 0.001 -18"><span class='ocrx_word' id='word_1_523' title='bbox 406 3899 632 3968; x_wconf 85' lang='lat' dir='ltr'><strong>spiritus</strong></span> <span class='ocrx_word' id='word_1_524' title='bbox 653 3914 815 3968; x_wconf 87' lang='lat' dir='ltr'><strong>quam</strong></span> <span class='ocrx_word' id='word_1_525' title='bbox 837 3914 967 3954; x_wconf 88' lang='lat' dir='ltr'><strong>caro</strong></span> <span class='ocrx_word' id='word_1_526' title='bbox 987 3917 1002 3954; x_wconf 92' lang='lat'><strong>:</strong></span> <span class='ocrx_word' id='word_1_527' title='bbox 1026 3899 1171 3971; x_wconf 81' lang='lat' dir='ltr'><strong>quod</strong></span> <span class='ocrx_word' id='word_1_528' title='bbox 1200 3899 1392 3955; x_wconf 90' lang='lat' dir='ltr'><strong>melius</strong></span> <span class='ocrx_word' id='word_1_529' title='bbox 1417 3907 1501 3954; x_wconf 90' lang='lat' dir='ltr'><strong>est</strong></span> <span class='ocrx_word' id='word_1_530' title='bbox 1529 3900 1825 3966; x_wconf 83' lang='lat' dir='ltr'><strong>credimus,</strong></span> <span class='ocrx_word' id='word_1_531' title='bbox 1852 3900 1996 3971; x_wconf 84' lang='lat' dir='ltr'><strong>quod</strong></span> 
     </span>
    </p>
   </div>
   <div class='ocr_carea' id='block_1_71' title="bbox 397 3990 1995 4069">
    <p class='ocr_par' dir='ltr' id='par_1_71' title="bbox 397 3990 1995 4069">
     <span class='ocr_line' id='line_1_71' title="bbox 397 3990 1995 4069; baseline 0.001 -23"><span class='ocrx_word' id='word_1_532' title='bbox 397 3991 776 4069; x_wconf 52' lang='lat' dir='ltr'><strong>.dotetius&#39;mt</strong></span> <span class='ocrx_word' id='word_1_533' title='bbox 813 3991 1037 4047; x_wconf 81' lang='lat' dir='ltr'><strong>credere</strong></span> <span class='ocrx_word' id='word_1_534' title='bbox 1078 3990 1386 4047; x_wconf 64' lang='lat' dir='ltr'><strong>nolumus.»</strong></span> <span class='ocrx_word' id='word_1_535' title='bbox 1417 3990 1477 4047; x_wconf 90' lang='lat' dir='ltr'><strong>Si</strong></span> <span class='ocrx_word' id='word_1_536' title='bbox 1507 3991 1644 4047; x_wconf 90' lang='lat' dir='ltr'><strong>nihil</strong></span> <span class='ocrx_word' id='word_1_537' title='bbox 1673 3992 1800 4048; x_wconf 85' lang='lat' dir='ltr'><strong>mali</strong></span> <span class='ocrx_word' id='word_1_538' title='bbox 1827 4001 1913 4048; x_wconf 87' lang='lat' dir='ltr'><strong>est</strong></span> <span class='ocrx_word' id='word_1_539' title='bbox 1941 3993 1995 4047; x_wconf 90' lang='lat' dir='ltr'><strong>in</strong></span> 
     </span>
    </p>
   </div>
   <div class='ocr_carea' id='block_1_72' title="bbox 398 4080 1996 4153">
    <p class='ocr_par' dir='ltr' id='par_1_72' title="bbox 398 4080 1996 4153">
     <span class='ocr_line' id='line_1_72' title="bbox 398 4080 1996 4153; baseline 0.001 -15"><span class='ocrx_word' id='word_1_540' title='bbox 398 4083 813 4148; x_wconf 76' lang='lat' dir='ltr'><strong>istosermone,</strong></span> <span class='ocrx_word' id='word_1_541' title='bbox 845 4082 1084 4137; x_wconf 79' lang='lat' dir='ltr'><strong>dimittat</strong></span> <span class='ocrx_word' id='word_1_542' title='bbox 1122 4080 1281 4138; x_wconf 67' lang='lat' dir='ltr'><strong>Sosus</strong></span> <span class='ocrx_word' id='word_1_543' title='bbox 1307 4083 1597 4153; x_wconf 87' lang='lat' dir='ltr'><strong>discipulos</strong></span> <span class='ocrx_word' id='word_1_544' title='bbox 1622 4097 1751 4140; x_wconf 81' lang='lat' dir='ltr'><strong>suos</strong></span> <span class='ocrx_word' id='word_1_545' title='bbox 1791 4085 1845 4140; x_wconf 92' lang='lat' dir='ltr'><strong>in</strong></span> <span class='ocrx_word' id='word_1_546' title='bbox 1889 4086 1996 4140; x_wconf 88' lang='lat' dir='ltr'><strong>iste</strong></span> 
     </span>
    </p>
   </div>
   <div class='ocr_carea' id='block_1_73' title="bbox 404 4172 1993 4244">
    <p class='ocr_par' dir='ltr' id='par_1_73' title="bbox 404 4172 1993 4244">
     <span class='ocr_line' id='line_1_73' title="bbox 404 4172 1993 4244; baseline 0.001 -17"><span class='ocrx_word' id='word_1_547' title='bbox 404 4186 616 4228; x_wconf 87' lang='lat' dir='ltr'><strong>errore.</strong></span> <span class='ocrx_word' id='word_1_548' title='bbox 640 4172 780 4240; x_wconf 86' lang='lat' dir='ltr'><strong>Quid</strong></span> <span class='ocrx_word' id='word_1_549' title='bbox 804 4172 932 4227; x_wconf 74' lang='lat' dir='ltr'><strong>nali</strong></span> <span class='ocrx_word' id='word_1_550' title='bbox 956 4172 1304 4228; x_wconf 71' lang='lat' dir='ltr'><strong>crediderunt</strong></span> <span class='ocrx_word' id='word_1_551' title='bbox 1327 4182 1382 4228; x_wconf 89' lang='lat' dir='ltr'><strong>et</strong></span> <span class='ocrx_word' id='word_1_552' title='bbox 1412 4172 1697 4244; x_wconf 88' lang='lat' dir='ltr'><strong>discipuli?</strong></span> <span class='ocrx_word' id='word_1_553' title='bbox 1719 4173 1993 4229; x_wconf 86' lang='lat' dir='ltr'><strong>Christum</strong></span> 
     </span>
    </p>
   </div>
   <div class='ocr_carea' id='block_1_74' title="bbox 407 4263 1995 4336">
    <p class='ocr_par' dir='ltr' id='par_1_74' title="bbox 407 4263 1995 4336">
     <span class='ocr_line' id='line_1_74' title="bbox 407 4263 1995 4336; baseline -0.001 -16"><span class='ocrx_word' id='word_1_554' title='bbox 407 4265 663 4335; x_wconf 83' lang='lat' dir='ltr'><strong>spiritum</strong></span> <span class='ocrx_word' id='word_1_555' title='bbox 684 4265 1050 4321; x_wconf 85' lang='lat' dir='ltr'><strong>crediderunt.</strong></span> <span class='ocrx_word' id='word_1_556' title='bbox 1074 4263 1194 4320; x_wconf 84' lang='lat' dir='ltr'><strong>Non</strong></span> <span class='ocrx_word' id='word_1_557' title='bbox 1218 4264 1365 4320; x_wconf 89' lang='lat' dir='ltr'><strong>enim</strong></span> <span class='ocrx_word' id='word_1_558' title='bbox 1386 4278 1508 4321; x_wconf 88' lang='lat' dir='ltr'><strong>esse</strong></span> <span class='ocrx_word' id='word_1_559' title='bbox 1531 4271 1857 4336; x_wconf 86' lang='lat' dir='ltr'><strong>putaverunt</strong></span> <span class='ocrx_word' id='word_1_560' title='bbox 1878 4265 1995 4320; x_wconf 80' lang='lat' dir='ltr'><strong>nul-</strong></span> 
     </span>
    </p>
   </div>
   <div class='ocr_carea' id='block_1_75' title="bbox 401 4353 1998 4427">
    <p class='ocr_par' dir='ltr' id='par_1_75' title="bbox 401 4353 1998 4427">
     <span class='ocr_line' id='line_1_75' title="bbox 401 4353 1998 4427; baseline 0 -19"><span class='ocrx_word' id='word_1_561' title='bbox 401 4353 541 4420; x_wconf 73' lang='lat' dir='ltr'><strong>lion,</strong></span> <span class='ocrx_word' id='word_1_562' title='bbox 571 4355 665 4410; x_wconf 81' lang='lat' dir='ltr'><strong>sed</strong></span> <span class='ocrx_word' id='word_1_563' title='bbox 689 4355 962 4426; x_wconf 86' lang='lat' dir='ltr'><strong>spiritum.</strong></span> <span class='ocrx_word' id='word_1_564' title='bbox 991 4354 1166 4410; x_wconf 80' lang='lat' dir='ltr'><strong>Parvo</strong></span> <span class='ocrx_word' id='word_1_565' title='bbox 1192 4354 1383 4410; x_wconf 82' lang='lat' dir='ltr'><strong>morbo</strong></span> <span class='ocrx_word' id='word_1_566' title='bbox 1405 4363 1458 4411; x_wconf 89' lang='lat' dir='ltr'><strong>te</strong></span> <span class='ocrx_word' id='word_1_567' title='bbox 1482 4364 1641 4427; x_wconf 78' lang='lat' dir='ltr'><strong>putas</strong></span> <span class='ocrx_word' id='word_1_568' title='bbox 1655 4354 1998 4427; x_wconf 71' lang='lat' dir='ltr'><strong>periclitari?</strong></span> 
     </span>
    </p>
   </div>
   <div class='ocr_carea' id='block_1_76' title="bbox 407 4444 1153 4500">
    <p class='ocr_par' dir='ltr' id='par_1_76' title="bbox 407 4444 1153 4500">
     <span class='ocr_line' id='line_1_76' title="bbox 407 4444 1153 4500; baseline 0.001 -3"><span class='ocrx_word' id='word_1_569' title='bbox 407 4444 549 4498; x_wconf 73' lang='lat' dir='ltr'><strong>Audi</strong></span> <span class='ocrx_word' id='word_1_570' title='bbox 577 4445 901 4499; x_wconf 85' lang='lat' dir='ltr'><strong>sententiam</strong></span> <span class='ocrx_word' id='word_1_571' title='bbox 935 4444 1153 4500; x_wconf 83' lang='lat' dir='ltr'><strong>medici.</strong></span> 
     </span>
    </p>
   </div>
   <div class='ocr_carea' id='block_1_77' title="bbox 480 4533 1998 4607">
    <p class='ocr_par' dir='ltr' id='par_1_77' title="bbox 480 4533 1998 4607">
     <span class='ocr_line' id='line_1_77' title="bbox 480 4533 1998 4607; baseline 0.003 -19"><span class='ocrx_word' id='word_1_572' title='bbox 480 4533 550 4588; x_wconf 81' lang='lat' dir='ltr'><strong>Et</strong></span> <span class='ocrx_word' id='word_1_573' title='bbox 580 4534 715 4589; x_wconf 64' lang='lat' dir='ltr'><strong>dixit</strong></span> <span class='ocrx_word' id='word_1_574' title='bbox 737 4535 837 4600; x_wconf 89' lang='lat' dir='ltr'><strong>eis,</strong></span> <span class='ocrx_word' id='word_1_575' title='bbox 860 4534 989 4606; x_wconf 79' lang='lat' dir='ltr'><strong>quid</strong></span> <span class='ocrx_word' id='word_1_576' title='bbox 1011 4535 1213 4591; x_wconf 78' lang='lat' dir='ltr'><strong>turbati</strong></span> <span class='ocrx_word' id='word_1_577' title='bbox 1232 4536 1356 4590; x_wconf 81' lang='lat' dir='ltr'><strong>estis</strong></span> <span class='ocrx_word' id='word_1_578' title='bbox 1384 4544 1435 4591; x_wconf 87' lang='lat' dir='ltr'><strong>et</strong></span> <span class='ocrx_word' id='word_1_579' title='bbox 1454 4535 1792 4607; x_wconf 72' lang='lat' dir='ltr'><strong>cogitationes</strong></span> <span class='ocrx_word' id='word_1_580' title='bbox 1815 4553 1998 4593; x_wconf 56' lang='lat' dir='ltr'><strong>ascen-</strong></span> 
     </span>
    </p>
   </div>
   <div class='ocr_carea' id='block_1_78' title="bbox 409 4624 2000 4698">
    <p class='ocr_par' dir='ltr' id='par_1_78' title="bbox 409 4624 2000 4698">
     <span class='ocr_line' id='line_1_78' title="bbox 409 4624 2000 4698; baseline 0.003 -20"><span class='ocrx_word' id='word_1_581' title='bbox 409 4625 543 4679; x_wconf 77' lang='lat' dir='ltr'><strong>dant</strong></span> <span class='ocrx_word' id='word_1_582' title='bbox 573 4627 641 4683; x_wconf 76' lang='lat' dir='ltr'><strong>in</strong></span> <span class='ocrx_word' id='word_1_583' title='bbox 695 4625 859 4681; x_wconf 80' lang='lat' dir='ltr'><strong>corda</strong></span> <span class='ocrx_word' id='word_1_584' title='bbox 898 4625 1100 4681; x_wconf 76' lang='lat' dir='ltr'><strong>vestra?</strong></span> <span class='ocrx_word' id='word_1_585' title='bbox 1134 4624 1334 4693; x_wconf 82' lang='lat' dir='ltr'><strong>Quales</strong></span> <span class='ocrx_word' id='word_1_586' title='bbox 1379 4625 1569 4696; x_wconf 87' lang='lat' dir='ltr'><strong>utique</strong></span> <span class='ocrx_word' id='word_1_587' title='bbox 1602 4627 2000 4698; x_wconf 75' lang='lat' dir='ltr'><strong>cogitationes?</strong></span> 
     </span>
    </p>
   </div>
   <div class='ocr_carea' id='block_1_79' title="bbox 410 4714 1997 4789">
    <p class='ocr_par' dir='ltr' id='par_1_79' title="bbox 410 4714 1997 4789">
     <span class='ocr_line' id='line_1_79' title="bbox 410 4714 1997 4789; baseline 0.003 -19"><span class='ocrx_word' id='word_1_588' title='bbox 410 4716 520 4771; x_wconf 78' lang='lat' dir='ltr'><strong>nisi</strong></span> <span class='ocrx_word' id='word_1_589' title='bbox 554 4714 723 4783; x_wconf 57' lang='lat' dir='ltr'><strong>falsa,</strong></span> <span class='ocrx_word' id='word_1_590' title='bbox 770 4716 1050 4783; x_wconf 62' lang='lat' dir='ltr'><strong>morbidos,</strong></span> <span class='ocrx_word' id='word_1_591' title='bbox 1094 4718 1432 4789; x_wconf 69' lang='lat' dir='ltr'><strong>perniciosa).</strong></span> <span class='ocrx_word' id='word_1_592' title='bbox 1464 4716 1803 4775; x_wconf 86' lang='lat' dir='ltr'><strong>Perdidissct</strong></span> <span class='ocrx_word' id='word_1_593' title='bbox 1848 4721 1997 4776; x_wconf 78' lang='lat' dir='ltr'><strong>enim</strong></span> 
     </span>
    </p>
   </div>
   <div class='ocr_carea' id='block_1_80' title="bbox 411 4806 1996 4877">
    <p class='ocr_par' dir='ltr' id='par_1_80' title="bbox 411 4806 1996 4877">
     <span class='ocr_line' id='line_1_80' title="bbox 411 4806 1996 4877; baseline 0.001 -15"><span class='ocrx_word' id='word_1_594' title='bbox 411 4806 666 4862; x_wconf 83' lang='lat' dir='ltr'><strong>Christus</strong></span> <span class='ocrx_word' id='word_1_595' title='bbox 686 4808 925 4864; x_wconf 78' lang='lat' dir='ltr'><strong>tractum</strong></span> <span class='ocrx_word' id='word_1_596' title='bbox 944 4808 1245 4877; x_wconf 81' lang='lat' dir='ltr'><strong>passionis,</strong></span> <span class='ocrx_word' id='word_1_597' title='bbox 1271 4807 1320 4863; x_wconf 89' lang='lat' dir='ltr'><strong>si</strong></span> <span class='ocrx_word' id='word_1_598' title='bbox 1346 4823 1453 4864; x_wconf 90' lang='lat' dir='ltr'><strong>non</strong></span> <span class='ocrx_word' id='word_1_599' title='bbox 1481 4816 1628 4864; x_wconf 83' lang='lat' dir='ltr'><strong>esset</strong></span> <span class='ocrx_word' id='word_1_600' title='bbox 1669 4809 1872 4864; x_wconf 81' lang='lat' dir='ltr'><strong>veritas</strong></span> <span class='ocrx_word' id='word_1_601' title='bbox 1908 4824 1996 4864; x_wconf 87' lang='lat' dir='ltr'><strong>re-</strong></span> 
     </span>
    </p>
   </div>
   <div class='ocr_carea' id='block_1_81' title="bbox 406 4898 2000 4970">
    <p class='ocr_par' dir='ltr' id='par_1_81' title="bbox 406 4898 2000 4970">
     <span class='ocr_line' id='line_1_81' title="bbox 406 4898 2000 4970; baseline -0.001 -16"><span class='ocrx_word' id='word_1_602' title='bbox 406 4899 771 4954; x_wconf 78' lang='lat' dir='ltr'><strong>surrectionis</strong></span> <span class='ocrx_word' id='word_1_603' title='bbox 796 4918 817 4952; x_wconf 78' lang='lat'><strong>.&#39;</strong></span> <span class='ocrx_word' id='word_1_604' title='bbox 845 4898 995 4966; x_wconf 76' lang='lat' dir='ltr'><strong>Quid</strong></span> <span class='ocrx_word' id='word_1_605' title='bbox 1028 4898 1224 4954; x_wconf 74' lang='lat' dir='ltr'><strong>turbati</strong></span> <span class='ocrx_word' id='word_1_606' title='bbox 1269 4898 1411 4965; x_wconf 86' lang='lat' dir='ltr'><strong>estis,</strong></span> <span class='ocrx_word' id='word_1_607' title='bbox 1438 4908 1488 4953; x_wconf 89' lang='lat' dir='ltr'><strong>et</strong></span> <span class='ocrx_word' id='word_1_608' title='bbox 1534 4899 1875 4970; x_wconf 80' lang='lat' dir='ltr'><strong>cogitationes</strong></span> <span class='ocrx_word' id='word_1_609' title='bbox 1912 4917 2000 4955; x_wconf 84' lang='lat' dir='ltr'><strong>as-</strong></span> 
     </span>
    </p>
   </div>
   <div class='ocr_carea' id='block_1_82' title="bbox 412 4989 2000 5062">
    <p class='ocr_par' dir='ltr' id='par_1_82' title="bbox 412 4989 2000 5062">
     <span class='ocr_line' id='line_1_82' title="bbox 412 4989 2000 5062; baseline 0.002 -18"><span class='ocrx_word' id='word_1_610' title='bbox 412 4990 641 5046; x_wconf 75' lang='lat' dir='ltr'><strong>cendunt</strong></span> <span class='ocrx_word' id='word_1_611' title='bbox 681 4990 734 5044; x_wconf 82' lang='lat' dir='ltr'><strong>in</strong></span> <span class='ocrx_word' id='word_1_612' title='bbox 776 4991 937 5045; x_wconf 82' lang='lat' dir='ltr'><strong>corda</strong></span> <span class='ocrx_word' id='word_1_613' title='bbox 983 4990 1186 5046; x_wconf 75' lang='lat' dir='ltr'><strong>vestra?</strong></span> <span class='ocrx_word' id='word_1_614' title='bbox 1223 4989 1507 5061; x_wconf 83' lang='lat' dir='ltr'><strong>Tanquam</strong></span> <span class='ocrx_word' id='word_1_615' title='bbox 1548 4991 1726 5048; x_wconf 87' lang='lat' dir='ltr'><strong>bonus</strong></span> <span class='ocrx_word' id='word_1_616' title='bbox 1762 4992 2000 5062; x_wconf 86' lang='lat' dir='ltr'><strong>agricola</strong></span> 
     </span>
    </p>
   </div>
   <div class='ocr_carea' id='block_1_83' title="bbox 413 5080 1998 5153">
    <p class='ocr_par' dir='ltr' id='par_1_83' title="bbox 413 5080 1998 5153">
     <span class='ocr_line' id='line_1_83' title="bbox 413 5080 1998 5153; baseline 0.002 -17"><span class='ocrx_word' id='word_1_617' title='bbox 413 5082 661 5137; x_wconf 83' lang='lat' dir='ltr'><strong>diceret:</strong></span> <span class='ocrx_word' id='word_1_618' title='bbox 693 5082 846 5149; x_wconf 79' lang='lat' dir='ltr'><strong>Quod</strong></span> <span class='ocrx_word' id='word_1_619' title='bbox 873 5080 945 5136; x_wconf 86' lang='lat' dir='ltr'><strong>ibi</strong></span> <span class='ocrx_word' id='word_1_620' title='bbox 974 5082 1212 5153; x_wconf 85' lang='lat' dir='ltr'><strong>plantavi</strong></span> <span class='ocrx_word' id='word_1_621' title='bbox 1233 5123 1248 5147; x_wconf 92' lang='lat'><strong>,</strong></span> <span class='ocrx_word' id='word_1_622' title='bbox 1282 5082 1358 5137; x_wconf 87' lang='lat' dir='ltr'><strong>ibi</strong></span> <span class='ocrx_word' id='word_1_623' title='bbox 1396 5082 1707 5148; x_wconf 84' lang='lat' dir='ltr'><strong>inveniam,</strong></span> <span class='ocrx_word' id='word_1_624' title='bbox 1747 5097 1856 5139; x_wconf 89' lang='lat' dir='ltr'><strong>non</strong></span> <span class='ocrx_word' id='word_1_625' title='bbox 1890 5084 1998 5153; x_wconf 87' lang='lat' dir='ltr'><strong>spi-</strong></span> 
     </span>
    </p>
   </div>
   <div class='ocr_carea' id='block_1_84' title="bbox 414 5171 2004 5242">
    <p class='ocr_par' dir='ltr' id='par_1_84' title="bbox 414 5171 2004 5242">
     <span class='ocr_line' id='line_1_84' title="bbox 414 5171 2004 5242; baseline 0.003 -17"><span class='ocrx_word' id='word_1_626' title='bbox 414 5186 537 5237; x_wconf 87' lang='lat' dir='ltr'><strong>nas,</strong></span> <span class='ocrx_word' id='word_1_627' title='bbox 575 5186 715 5241; x_wconf 88' lang='lat' dir='ltr'><strong>quas</strong></span> <span class='ocrx_word' id='word_1_628' title='bbox 752 5186 861 5225; x_wconf 85' lang='lat' dir='ltr'><strong>non</strong></span> <span class='ocrx_word' id='word_1_629' title='bbox 900 5171 1138 5242; x_wconf 85' lang='lat' dir='ltr'><strong>plantavi</strong></span> <span class='ocrx_word' id='word_1_630' title='bbox 1170 5173 1224 5226; x_wconf 92' lang='lat' dir='ltr'><strong>in</strong></span> <span class='ocrx_word' id='word_1_631' title='bbox 1258 5173 1423 5228; x_wconf 89' lang='lat' dir='ltr'><strong>corde</strong></span> <span class='ocrx_word' id='word_1_632' title='bbox 1463 5181 1665 5229; x_wconf 84' lang='lat' dir='ltr'><strong>vestro.</strong></span> <span class='ocrx_word' id='word_1_633' title='bbox 1712 5173 2004 5230; x_wconf 85' lang='lat' dir='ltr'><strong>Descendit</strong></span> 
     </span>
    </p>
   </div>
   <div class='ocr_carea' id='block_1_85' title="bbox 409 5261 1999 5334">
    <p class='ocr_par' dir='ltr' id='par_1_85' title="bbox 409 5261 1999 5334">
     <span class='ocr_line' id='line_1_85' title="bbox 409 5261 1999 5334; baseline 0.002 -17"><span class='ocrx_word' id='word_1_634' title='bbox 409 5261 572 5328; x_wconf 74' lang='lat' dir='ltr'><strong>ﬁdes,</strong></span> <span class='ocrx_word' id='word_1_635' title='bbox 599 5263 726 5333; x_wconf 85' lang='lat' dir='ltr'><strong>quia</strong></span> <span class='ocrx_word' id='word_1_636' title='bbox 749 5263 981 5332; x_wconf 86' lang='lat' dir='ltr'><strong>desuper</strong></span> <span class='ocrx_word' id='word_1_637' title='bbox 1006 5270 1113 5318; x_wconf 83' lang='lat' dir='ltr'><strong>est.</strong></span> <span class='ocrx_word' id='word_1_638' title='bbox 1142 5262 1513 5334; x_wconf 82' lang='lat' dir='ltr'><strong>Cogitationes</strong></span> <span class='ocrx_word' id='word_1_639' title='bbox 1536 5272 1716 5318; x_wconf 88' lang='lat' dir='ltr'><strong>autem</strong></span> <span class='ocrx_word' id='word_1_640' title='bbox 1736 5264 1864 5320; x_wconf 69' lang='lat' dir='ltr'><strong>ista:</strong></span> <span class='ocrx_word' id='word_1_641' title='bbox 1893 5279 1999 5320; x_wconf 89' lang='lat' dir='ltr'><strong>non</strong></span> 
     </span>
    </p>
   </div>
   <div class='ocr_carea' id='block_1_86' title="bbox 414 5354 2000 5424">
    <p class='ocr_par' dir='ltr' id='par_1_86' title="bbox 414 5354 2000 5424">
     <span class='ocr_line' id='line_1_86' title="bbox 414 5354 2000 5424; baseline 0 -15"><span class='ocrx_word' id='word_1_642' title='bbox 414 5354 651 5424; x_wconf 78' lang='lat' dir='ltr'><strong>desuper</strong></span> <span class='ocrx_word' id='word_1_643' title='bbox 675 5354 1091 5421; x_wconf 83' lang='lat' dir='ltr'><strong>descenderunt,</strong></span> <span class='ocrx_word' id='word_1_644' title='bbox 1114 5354 1210 5409; x_wconf 83' lang='lat' dir='ltr'><strong>sed</strong></span> <span class='ocrx_word' id='word_1_645' title='bbox 1246 5354 1301 5409; x_wconf 92' lang='lat' dir='ltr'><strong>in</strong></span> <span class='ocrx_word' id='word_1_646' title='bbox 1328 5354 1451 5424; x_wconf 86' lang='lat' dir='ltr'><strong>ipso</strong></span> <span class='ocrx_word' id='word_1_647' title='bbox 1472 5354 1645 5411; x_wconf 87' lang='lat' dir='ltr'><strong>corde</strong></span> <span class='ocrx_word' id='word_1_648' title='bbox 1669 5355 1809 5409; x_wconf 85' lang='lat' dir='ltr'><strong>sicut</strong></span> <span class='ocrx_word' id='word_1_649' title='bbox 1833 5354 2000 5410; x_wconf 87' lang='lat' dir='ltr'><strong>herba</strong></span> 
     </span>
    </p>
   </div>
   <div class='ocr_carea' id='block_1_87' title="bbox 414 5448 1975 5521">
    <p class='ocr_par' dir='ltr' id='par_1_87' title="bbox 414 5448 1975 5521">
     <span class='ocr_line' id='line_1_87' title="bbox 414 5448 1975 5521; baseline -0.001 -17"><span class='ocrx_word' id='word_1_650' title='bbox 414 5448 563 5504; x_wconf 84' lang='lat' dir='ltr'><strong>mala</strong></span> <span class='ocrx_word' id='word_1_651' title='bbox 593 5448 976 5505; x_wconf 86' lang='lat' dir='ltr'><strong>ascenderunt.</strong></span> <span class='ocrx_word' id='word_1_652' title='bbox 1770 5474 1771 5477; x_wconf 57' lang='grc' dir='ltr'><strong>η</strong></span> <span class='ocrx_word' id='word_1_653' title='bbox 1972 5519 1975 5521; x_wconf 15' lang='grc' dir='ltr'><strong>ί</strong></span> 
     </span>
    </p>
   </div>
   <div class='ocr_carea' id='block_1_88' title="bbox 504 5538 2004 5614">
    <p class='ocr_par' dir='ltr' id='par_1_88' title="bbox 504 5538 2004 5614">
     <span class='ocr_line' id='line_1_88' title="bbox 504 5538 2004 5614; baseline 0.001 -20"><span class='ocrx_word' id='word_1_654' title='bbox 504 5538 681 5595; x_wconf 76' lang='lat' dir='ltr'><strong>Videte</strong></span> <span class='ocrx_word' id='word_1_655' title='bbox 714 5556 903 5595; x_wconf 70' lang='lat' dir='ltr'><strong>atauus</strong></span> <span class='ocrx_word' id='word_1_656' title='bbox 943 5556 1086 5595; x_wconf 69' lang='lat' dir='ltr'><strong>meas</strong></span> <span class='ocrx_word' id='word_1_657' title='bbox 1126 5550 1175 5595; x_wconf 86' lang='lat' dir='ltr'><strong>et</strong></span> <span class='ocrx_word' id='word_1_658' title='bbox 1214 5541 1377 5613; x_wconf 77' lang='lat' dir='ltr'><strong>pedes</strong></span> <span class='ocrx_word' id='word_1_659' title='bbox 1406 5558 1573 5607; x_wconf 67' lang='lat' dir='ltr'><strong>meos,</strong></span> <span class='ocrx_word' id='word_1_660' title='bbox 1615 5541 1739 5614; x_wconf 83' lang='lat' dir='ltr'><strong>quia</strong></span> <span class='ocrx_word' id='word_1_661' title='bbox 1771 5542 1886 5612; x_wconf 83' lang='lat' dir='ltr'><strong>ipse</strong></span> <span class='ocrx_word' id='word_1_662' title='bbox 1911 5558 2004 5614; x_wconf 84' lang='lat' dir='ltr'><strong>ego</strong></span> 
     </span>
    </p>
   </div>
   <div class='ocr_carea' id='block_1_89' title="bbox 410 5629 2005 5697">
    <p class='ocr_par' dir='ltr' id='par_1_89' title="bbox 410 5629 2005 5697">
     <span class='ocr_line' id='line_1_89' title="bbox 410 5629 2005 5697; baseline 0 -10"><span class='ocrx_word' id='word_1_663' title='bbox 410 5648 556 5697; x_wconf 71' lang='lat' dir='ltr'><strong>sunt,</strong></span> <span class='ocrx_word' id='word_1_664' title='bbox 584 5629 1197 5687; x_wconf 68' lang='lat' dir='ltr'><strong>etc.~Resurrectionem</strong></span> <span class='ocrx_word' id='word_1_665' title='bbox 1243 5646 1398 5686; x_wconf 89' lang='lat' dir='ltr'><strong>suam</strong></span> <span class='ocrx_word' id='word_1_666' title='bbox 1451 5640 1661 5688; x_wconf 84' lang='lat' dir='ltr'><strong>certam</strong></span> <span class='ocrx_word' id='word_1_667' title='bbox 1714 5640 1772 5687; x_wconf 90' lang='lat' dir='ltr'><strong>et</strong></span> <span class='ocrx_word' id='word_1_668' title='bbox 1820 5647 2005 5687; x_wconf 81' lang='lat' dir='ltr'><strong>veram</strong></span> 
     </span>
    </p>
   </div>
   <div class='ocr_carea' id='block_1_90' title="bbox 417 5723 2001 5797">
    <p class='ocr_par' dir='ltr' id='par_1_90' title="bbox 417 5723 2001 5797">
     <span class='ocr_line' id='line_1_90' title="bbox 417 5723 2001 5797; baseline -0.002 -16"><span class='ocrx_word' id='word_1_669' title='bbox 417 5726 607 5781; x_wconf 82' lang='lat' dir='ltr'><strong>multis</strong></span> <span class='ocrx_word' id='word_1_670' title='bbox 627 5735 680 5780; x_wconf 88' lang='lat' dir='ltr'><strong>et</strong></span> <span class='ocrx_word' id='word_1_671' title='bbox 700 5739 765 5780; x_wconf 86' lang='lat' dir='ltr'><strong>va</strong></span> <span class='ocrx_word' id='word_1_672' title='bbox 774 5723 873 5783; x_wconf 62' lang='lat' dir='ltr'><strong>riis.</strong></span> <span class='ocrx_word' id='word_1_673' title='bbox 888 5723 1224 5781; x_wconf 85' lang='lat' dir='ltr'><strong>documentis</strong></span> <span class='ocrx_word' id='word_1_674' title='bbox 1240 5725 1555 5795; x_wconf 76' lang='lat' dir='ltr'><strong>persuadet,</strong></span> <span class='ocrx_word' id='word_1_675' title='bbox 1585 5724 1866 5797; x_wconf 77' lang='lat' dir='ltr'><strong>perfidiam</strong></span> <span class='ocrx_word' id='word_1_676' title='bbox 1885 5740 2001 5789; x_wconf 83' lang='lat' dir='ltr'><strong>om-</strong></span> 
     </span>
    </p>
   </div>
   <div class='ocr_carea' id='block_1_91' title="bbox 2095 3244 3686 3316">
    <p class='ocr_par' dir='ltr' id='par_1_91' title="bbox 2095 3244 3686 3316">
     <span class='ocr_line' id='line_1_91' title="bbox 2095 3244 3686 3316; baseline 0.004 -18"><span class='ocrx_word' id='word_1_677' title='bbox 2095 3258 2202 3313; x_wconf 84' lang='lat' dir='ltr'><strong>que</strong></span> <span class='ocrx_word' id='word_1_678' title='bbox 2226 3244 2321 3300; x_wconf 84' lang='lat' dir='ltr'><strong>Dei</strong></span> <span class='ocrx_word' id='word_1_679' title='bbox 2354 3260 2487 3301; x_wconf 87' lang='lat' dir='ltr'><strong>caro</strong></span> <span class='ocrx_word' id='word_1_680' title='bbox 2517 3260 2624 3300; x_wconf 90' lang='lat' dir='ltr'><strong>non</strong></span> <span class='ocrx_word' id='word_1_681' title='bbox 2646 3244 2967 3314; x_wconf 82' lang='lat' dir='ltr'><strong>possidebit,</strong></span> <span class='ocrx_word' id='word_1_682' title='bbox 3012 3245 3068 3301; x_wconf 88' lang='lat' dir='ltr'><strong>id</strong></span> <span class='ocrx_word' id='word_1_683' title='bbox 3092 3253 3193 3311; x_wconf 84' lang='lat' dir='ltr'><strong>est,</strong></span> <span class='ocrx_word' id='word_1_684' title='bbox 3220 3261 3350 3303; x_wconf 89' lang='lat' dir='ltr'><strong>caro</strong></span> <span class='ocrx_word' id='word_1_685' title='bbox 3384 3245 3542 3316; x_wconf 75' lang='lat' dir='ltr'><strong>juxta</strong></span> <span class='ocrx_word' id='word_1_686' title='bbox 3559 3249 3686 3305; x_wconf 77' lang='lat' dir='ltr'><strong>cui-</strong></span> 
     </span>
    </p>
   </div>
   <div class='ocr_carea' id='block_1_92' title="bbox 2094 3336 3689 3409">
    <p class='ocr_par' dir='ltr' id='par_1_92' title="bbox 2094 3336 3689 3409">
     <span class='ocr_line' id='line_1_92' title="bbox 2094 3336 3689 3409; baseline 0.004 -18"><span class='ocrx_word' id='word_1_687' title='bbox 2094 3350 2220 3406; x_wconf 74' lang='lat' dir='ltr'><strong>pam</strong></span> <span class='ocrx_word' id='word_1_688' title='bbox 2254 3336 2342 3391; x_wconf 83' lang='lat' dir='ltr'><strong>vel</strong></span> <span class='ocrx_word' id='word_1_689' title='bbox 2396 3336 2814 3401; x_wconf 80' lang='lat' dir='ltr'><strong>mortalitatem,</strong></span> <span class='ocrx_word' id='word_1_690' title='bbox 2859 3344 2917 3391; x_wconf 89' lang='lat' dir='ltr'><strong>et</strong></span> <span class='ocrx_word' id='word_1_691' title='bbox 2972 3344 3154 3392; x_wconf 89' lang='lat' dir='ltr'><strong>tamen</strong></span> <span class='ocrx_word' id='word_1_692' title='bbox 3200 3353 3336 3394; x_wconf 83' lang='lat' dir='ltr'><strong>caro</strong></span> <span class='ocrx_word' id='word_1_693' title='bbox 3391 3341 3689 3409; x_wconf 89' lang='lat' dir='ltr'><strong>possidebit</strong></span> 
     </span>
    </p>
   </div>
   <div class='ocr_carea' id='block_1_93' title="bbox 2097 3425 3689 3499">
    <p class='ocr_par' dir='ltr' id='par_1_93' title="bbox 2097 3425 3689 3499">
     <span class='ocr_line' id='line_1_93' title="bbox 2097 3425 3689 3499; baseline 0.004 -18"><span class='ocrx_word' id='word_1_694' title='bbox 2097 3440 2319 3498; x_wconf 82' lang='lat' dir='ltr'><strong>regnum</strong></span> <span class='ocrx_word' id='word_1_695' title='bbox 2351 3426 2468 3483; x_wconf 86' lang='lat' dir='ltr'><strong>Dei.</strong></span> <span class='ocrx_word' id='word_1_696' title='bbox 2500 3427 2623 3483; x_wconf 87' lang='lat' dir='ltr'><strong>Ideo</strong></span> <span class='ocrx_word' id='word_1_697' title='bbox 2659 3442 2789 3483; x_wconf 85' lang='lat' dir='ltr'><strong>caro</strong></span> <span class='ocrx_word' id='word_1_698' title='bbox 2815 3425 2974 3495; x_wconf 80' lang='lat' dir='ltr'><strong>juxta</strong></span> <span class='ocrx_word' id='word_1_699' title='bbox 3003 3436 3274 3494; x_wconf 85' lang='lat' dir='ltr'><strong>naturam,</strong></span> <span class='ocrx_word' id='word_1_700' title='bbox 3303 3443 3467 3499; x_wconf 85' lang='lat' dir='ltr'><strong>quam</strong></span> <span class='ocrx_word' id='word_1_701' title='bbox 3501 3440 3559 3486; x_wconf 89' lang='lat' dir='ltr'><strong>et</strong></span> <span class='ocrx_word' id='word_1_702' title='bbox 3584 3431 3689 3487; x_wconf 77' lang='lat' dir='ltr'><strong>Do-</strong></span> 
     </span>
    </p>
   </div>
   <div class='ocr_carea' id='block_1_94' title="bbox 2096 3519 3688 3593">
    <p class='ocr_par' dir='ltr' id='par_1_94' title="bbox 2096 3519 3688 3593">
     <span class='ocr_line' id='line_1_94' title="bbox 2096 3519 3688 3593; baseline 0.004 -21"><span class='ocrx_word' id='word_1_703' title='bbox 2096 3519 2277 3574; x_wconf 83' lang='lat' dir='ltr'><strong>minus</strong></span> <span class='ocrx_word' id='word_1_704' title='bbox 2306 3528 2428 3589; x_wconf 87' lang='lat' dir='ltr'><strong>post</strong></span> <span class='ocrx_word' id='word_1_705' title='bbox 2458 3519 2910 3575; x_wconf 81' lang='lat' dir='ltr'><strong>resurrectionem</strong></span> <span class='ocrx_word' id='word_1_706' title='bbox 2941 3519 3230 3575; x_wconf 85' lang='lat' dir='ltr'><strong>videndam</strong></span> <span class='ocrx_word' id='word_1_707' title='bbox 3251 3520 3688 3593; x_wconf 87' lang='lat' dir='ltr'><strong>palpandamqne</strong></span> 
     </span>
    </p>
   </div>
   <div class='ocr_carea' id='block_1_95' title="bbox 2097 3609 3688 3685">
    <p class='ocr_par' dir='ltr' id='par_1_95' title="bbox 2097 3609 3688 3685">
     <span class='ocr_line' id='line_1_95' title="bbox 2097 3609 3688 3685; baseline 0.003 -20"><span class='ocrx_word' id='word_1_708' title='bbox 2097 3609 2375 3680; x_wconf 88' lang='lat' dir='ltr'><strong>discipulis</strong></span> <span class='ocrx_word' id='word_1_709' title='bbox 2405 3610 2673 3668; x_wconf 78' lang='lat' dir='ltr'><strong>exhibuit.</strong></span> <span class='ocrx_word' id='word_1_710' title='bbox 2705 3609 2779 3665; x_wconf 76' lang='lat' dir='ltr'><strong>Et</strong></span> <span class='ocrx_word' id='word_1_711' title='bbox 2803 3610 2871 3666; x_wconf 87' lang='lat' dir='ltr'><strong>de</strong></span> <span class='ocrx_word' id='word_1_712' title='bbox 2898 3625 3005 3682; x_wconf 87' lang='lat' dir='ltr'><strong>qua</strong></span> <span class='ocrx_word' id='word_1_713' title='bbox 3046 3610 3239 3668; x_wconf 82' lang='lat' dir='ltr'><strong>beatus</strong></span> <span class='ocrx_word' id='word_1_714' title='bbox 3260 3610 3383 3677; x_wconf 74' lang='lat' dir='ltr'><strong>Joh,</strong></span> <span class='ocrx_word' id='word_1_715' title='bbox 3410 3627 3533 3669; x_wconf 90' lang='lat' dir='ltr'><strong>cum</strong></span> <span class='ocrx_word' id='word_1_716' title='bbox 3569 3614 3688 3685; x_wconf 80' lang='lat' dir='ltr'><strong>glo-</strong></span> 
     </span>
    </p>
   </div>
   <div class='ocr_carea' id='block_1_96' title="bbox 2096 3699 3687 3768">
    <p class='ocr_par' dir='ltr' id='par_1_96' title="bbox 2096 3699 3687 3768">
     <span class='ocr_line' id='line_1_96' title="bbox 2096 3699 3687 3768; baseline 0.003 -14"><span class='ocrx_word' id='word_1_717' title='bbox 2096 3699 2234 3754; x_wconf 86' lang='lat' dir='ltr'><strong>riam</strong></span> <span class='ocrx_word' id='word_1_718' title='bbox 2285 3699 2704 3756; x_wconf 84' lang='lat' dir='ltr'><strong>resurrectionis</strong></span> <span class='ocrx_word' id='word_1_719' title='bbox 2760 3701 3123 3768; x_wconf 87' lang='lat' dir='ltr'><strong>describeret,</strong></span> <span class='ocrx_word' id='word_1_720' title='bbox 3175 3703 3255 3758; x_wconf 90' lang='lat' dir='ltr'><strong>ait</strong></span> <span class='ocrx_word' id='word_1_721' title='bbox 3290 3717 3306 3758; x_wconf 91' lang='lat'><strong>:</strong></span> <span class='ocrx_word' id='word_1_722' title='bbox 3348 3702 3421 3758; x_wconf 83' lang='lat' dir='ltr'><strong>Et</strong></span> <span class='ocrx_word' id='word_1_723' title='bbox 3477 3720 3687 3759; x_wconf 66' lang='lat' dir='ltr'><strong>rursm:</strong></span> 
     </span>
    </p>
   </div>
   <div class='ocr_carea' id='block_1_97' title="bbox 2095 3790 3689 3865">
    <p class='ocr_par' dir='ltr' id='par_1_97' title="bbox 2095 3790 3689 3865">
     <span class='ocr_line' id='line_1_97' title="bbox 2095 3790 3689 3865; baseline 0.005 -21"><span class='ocrx_word' id='word_1_724' title='bbox 2095 3790 2497 3848; x_wconf 77' lang='lat' dir='ltr'><strong>circumdabor.</strong></span> <span class='ocrx_word' id='word_1_725' title='bbox 2522 3793 2658 3865; x_wconf 84' lang='lat' dir='ltr'><strong>pelle</strong></span> <span class='ocrx_word' id='word_1_726' title='bbox 2711 3810 2859 3858; x_wconf 87' lang='lat' dir='ltr'><strong>mea,</strong></span> <span class='ocrx_word' id='word_1_727' title='bbox 2911 3804 2963 3849; x_wconf 85' lang='lat' dir='ltr'><strong>et</strong></span> <span class='ocrx_word' id='word_1_728' title='bbox 3011 3794 3068 3849; x_wconf 81' lang='lat' dir='ltr'><strong>in</strong></span> <span class='ocrx_word' id='word_1_729' title='bbox 3128 3810 3288 3850; x_wconf 76' lang='lat' dir='ltr'><strong>carne</strong></span> <span class='ocrx_word' id='word_1_730' title='bbox 3335 3812 3453 3851; x_wconf 81' lang='lat' dir='ltr'><strong>mea</strong></span> <span class='ocrx_word' id='word_1_731' title='bbox 3506 3794 3689 3852; x_wconf 76' lang='lat' dir='ltr'><strong>videbo</strong></span> 
     </span>
    </p>
   </div>
   <div class='ocr_carea' id='block_1_98' title="bbox 2095 3881 3689 3957">
    <p class='ocr_par' dir='ltr' id='par_1_98' title="bbox 2095 3881 3689 3957">
     <span class='ocr_line' id='line_1_98' title="bbox 2095 3881 3689 3957; baseline 0.004 -21"><span class='ocrx_word' id='word_1_732' title='bbox 2095 3881 2262 3937; x_wconf 82' lang='lat' dir='ltr'><strong>Deum</strong></span> <span class='ocrx_word' id='word_1_733' title='bbox 2311 3881 2454 3955; x_wconf 83' lang='lat' dir='ltr'><strong>(Job.</strong></span> <span class='ocrx_word' id='word_1_734' title='bbox 2484 3884 2628 3956; x_wconf 74' lang='lat' dir='ltr'><strong>six).</strong></span> <span class='ocrx_word' id='word_1_735' title='bbox 2662 3883 2806 3956; x_wconf 79' lang='lat' dir='ltr'><strong>Lege</strong></span> <span class='ocrx_word' id='word_1_736' title='bbox 2848 3882 3132 3954; x_wconf 86' lang='lat' dir='ltr'><strong>epistolam</strong></span> <span class='ocrx_word' id='word_1_737' title='bbox 3186 3885 3361 3940; x_wconf 84' lang='lat' dir='ltr'><strong>sancti</strong></span> <span class='ocrx_word' id='word_1_738' title='bbox 3402 3884 3689 3957; x_wconf 77' lang='lat' dir='ltr'><strong>Augustini</strong></span> 
     </span>
    </p>
   </div>
   <div class='ocr_carea' id='block_1_99' title="bbox 2086 3974 3686 4059">
    <p class='ocr_par' dir='ltr' id='par_1_99' title="bbox 2086 3974 3686 4059">
     <span class='ocr_line' id='line_1_99' title="bbox 2086 3974 3686 4059; baseline 0.002 -31"><span class='ocrx_word' id='word_1_739' title='bbox 2086 3974 2165 4028; x_wconf 77' lang='lat' dir='ltr'><strong>ad</strong></span> <span class='ocrx_word' id='word_1_740' title='bbox 2202 3974 2584 4039; x_wconf 83' lang='lat' dir='ltr'><strong>Consentium,</strong></span> <span class='ocrx_word' id='word_1_741' title='bbox 2630 3975 2699 4031; x_wconf 89' lang='lat' dir='ltr'><strong>de</strong></span> <span class='ocrx_word' id='word_1_742' title='bbox 2728 3989 2973 4059; x_wconf 78' lang='lat' dir='ltr'><strong>corpore</strong></span> <span class='ocrx_word' id='word_1_743' title='bbox 3021 3974 3233 4030; x_wconf 85' lang='lat' dir='ltr'><strong>Domini</strong></span> <span class='ocrx_word' id='word_1_744' title='bbox 3271 3982 3396 4044; x_wconf 80' lang='lat' dir='ltr'><strong>post</strong></span> <span class='ocrx_word' id='word_1_745' title='bbox 3436 3990 3686 4032; x_wconf 82' lang='lat' dir='ltr'><strong>resurre-</strong></span> 
     </span>
    </p>
   </div>
   <div class='ocr_carea' id='block_1_100' title="bbox 2083 4067 2351 4121">
    <p class='ocr_par' dir='ltr' id='par_1_100' title="bbox 2083 4067 2351 4121">
     <span class='ocr_line' id='line_1_100' title="bbox 2083 4067 2351 4121; baseline -0.011 0"><span class='ocrx_word' id='word_1_746' title='bbox 2083 4067 2351 4121; x_wconf 78' lang='lat' dir='ltr'><strong>.ctionem.</strong></span> 
     </span>
    </p>
   </div>
   <div class='ocr_carea' id='block_1_101' title="bbox 2166 4156 3687 4231">
    <p class='ocr_par' dir='ltr' id='par_1_101' title="bbox 2166 4156 3687 4231">
     <span class='ocr_line' id='line_1_101' title="bbox 2166 4156 3687 4231; baseline 0.004 -21"><span class='ocrx_word' id='word_1_747' title='bbox 2166 4156 2235 4210; x_wconf 80' lang='lat' dir='ltr'><strong>Et</strong></span> <span class='ocrx_word' id='word_1_748' title='bbox 2262 4173 2382 4211; x_wconf 83' lang='lat' dir='ltr'><strong>cum</strong></span> <span class='ocrx_word' id='word_1_749' title='bbox 2414 4157 2513 4210; x_wconf 74' lang='lat' dir='ltr'><strong>hoc</strong></span> <span class='ocrx_word' id='word_1_750' title='bbox 2547 4158 2790 4223; x_wconf 72' lang='lat' dir='ltr'><strong>dixisset,</strong></span> <span class='ocrx_word' id='word_1_751' title='bbox 2818 4158 3045 4212; x_wconf 84' lang='lat' dir='ltr'><strong>ostendit</strong></span> <span class='ocrx_word' id='word_1_752' title='bbox 3091 4157 3165 4212; x_wconf 78' lang='lat' dir='ltr'><strong>eis</strong></span> <span class='ocrx_word' id='word_1_753' title='bbox 3194 4174 3383 4213; x_wconf 83' lang='lat' dir='ltr'><strong>manus</strong></span> <span class='ocrx_word' id='word_1_754' title='bbox 3426 4168 3476 4214; x_wconf 86' lang='lat' dir='ltr'><strong>et</strong></span> <span class='ocrx_word' id='word_1_755' title='bbox 3509 4162 3687 4231; x_wconf 80' lang='lat' dir='ltr'><strong>pedes.</strong></span> 
     </span>
    </p>
   </div>
   <div class='ocr_carea' id='block_1_102' title="bbox 2095 4248 3687 4321">
    <p class='ocr_par' dir='ltr' id='par_1_102' title="bbox 2095 4248 3687 4321">
     <span class='ocr_line' id='line_1_102' title="bbox 2095 4248 3687 4321; baseline 0.001 -16"><span class='ocrx_word' id='word_1_756' title='bbox 2095 4249 2213 4305; x_wconf 84' lang='lat' dir='ltr'><strong>Non</strong></span> <span class='ocrx_word' id='word_1_757' title='bbox 2240 4249 2414 4305; x_wconf 87' lang='lat' dir='ltr'><strong>solum</strong></span> <span class='ocrx_word' id='word_1_758' title='bbox 2442 4264 2639 4305; x_wconf 88' lang='lat' dir='ltr'><strong>manus</strong></span> <span class='ocrx_word' id='word_1_759' title='bbox 2677 4256 2734 4305; x_wconf 90' lang='lat' dir='ltr'><strong>et</strong></span> <span class='ocrx_word' id='word_1_760' title='bbox 2762 4248 2949 4321; x_wconf 90' lang='lat' dir='ltr'><strong>pedes,</strong></span> <span class='ocrx_word' id='word_1_761' title='bbox 2979 4250 3176 4319; x_wconf 70' lang='lat' dir='ltr'><strong>quibus</strong></span> <span class='ocrx_word' id='word_1_762' title='bbox 3200 4248 3377 4305; x_wconf 86' lang='lat' dir='ltr'><strong>indita</strong></span> <span class='ocrx_word' id='word_1_763' title='bbox 3408 4250 3687 4308; x_wconf 88' lang='lat' dir='ltr'><strong>clavorum</strong></span> 
     </span>
    </p>
   </div>
   <div class='ocr_carea' id='block_1_103' title="bbox 2096 4340 3690 4416">
    <p class='ocr_par' dir='ltr' id='par_1_103' title="bbox 2096 4340 3690 4416">
     <span class='ocr_line' id='line_1_103' title="bbox 2096 4340 3690 4416; baseline 0.001 -16"><span class='ocrx_word' id='word_1_764' title='bbox 2096 4344 2341 4400; x_wconf 83' lang='lat' dir='ltr'><strong>claruere</strong></span> <span class='ocrx_word' id='word_1_765' title='bbox 2367 4344 2614 4416; x_wconf 85' lang='lat' dir='ltr'><strong>vestigia,</strong></span> <span class='ocrx_word' id='word_1_766' title='bbox 2646 4344 2745 4399; x_wconf 86' lang='lat' dir='ltr'><strong>sed</strong></span> <span class='ocrx_word' id='word_1_767' title='bbox 2769 4349 3061 4399; x_wconf 81' lang='lat' dir='ltr'><strong>attestautc</strong></span> <span class='ocrx_word' id='word_1_768' title='bbox 3086 4340 3318 4409; x_wconf 72' lang='lat' dir='ltr'><strong>loarme,</strong></span> <span class='ocrx_word' id='word_1_769' title='bbox 3342 4343 3509 4399; x_wconf 86' lang='lat' dir='ltr'><strong>etiam</strong></span> <span class='ocrx_word' id='word_1_770' title='bbox 3546 4342 3690 4402; x_wconf 86' lang='lat' dir='ltr'><strong>latus</strong></span> 
     </span>
    </p>
   </div>
   <div class='ocr_carea' id='block_1_104' title="bbox 2100 4432 3692 4509">
    <p class='ocr_par' dir='ltr' id='par_1_104' title="bbox 2100 4432 3692 4509">
     <span class='ocr_line' id='line_1_104' title="bbox 2100 4432 3692 4509; baseline 0 -17"><span class='ocrx_word' id='word_1_771' title='bbox 2100 4436 2244 4509; x_wconf 89' lang='lat' dir='ltr'><strong>quod</strong></span> <span class='ocrx_word' id='word_1_772' title='bbox 2289 4435 2478 4492; x_wconf 86' lang='lat' dir='ltr'><strong>lancea</strong></span> <span class='ocrx_word' id='word_1_773' title='bbox 2522 4435 2757 4492; x_wconf 80' lang='lat' dir='ltr'><strong>foratum</strong></span> <span class='ocrx_word' id='word_1_774' title='bbox 2807 4432 2984 4489; x_wconf 79' lang='lat' dir='ltr'><strong>fuerat</strong></span> <span class='ocrx_word' id='word_1_775' title='bbox 3023 4435 3295 4499; x_wconf 84' lang='lat' dir='ltr'><strong>ostendit,</strong></span> <span class='ocrx_word' id='word_1_776' title='bbox 3339 4443 3401 4491; x_wconf 89' lang='lat' dir='ltr'><strong>ut</strong></span> <span class='ocrx_word' id='word_1_777' title='bbox 3439 4434 3692 4492; x_wconf 82' lang='lat' dir='ltr'><strong>videlicet</strong></span> 
     </span>
    </p>
   </div>
   <div class='ocr_carea' id='block_1_105' title="bbox 2102 4527 3691 4600">
    <p class='ocr_par' dir='ltr' id='par_1_105' title="bbox 2102 4527 3691 4600">
     <span class='ocr_line' id='line_1_105' title="bbox 2102 4527 3691 4600; baseline -0.003 -14"><span class='ocrx_word' id='word_1_778' title='bbox 2102 4539 2321 4587; x_wconf 85' lang='lat' dir='ltr'><strong>ostensa</strong></span> <span class='ocrx_word' id='word_1_779' title='bbox 2350 4528 2633 4584; x_wconf 85' lang='lat' dir='ltr'><strong>vulnerum</strong></span> <span class='ocrx_word' id='word_1_780' title='bbox 2657 4543 2879 4584; x_wconf 88' lang='lat' dir='ltr'><strong>suorum</strong></span> <span class='ocrx_word' id='word_1_781' title='bbox 2908 4528 3179 4592; x_wconf 83' lang='lat' dir='ltr'><strong>cicatrice,</strong></span> <span class='ocrx_word' id='word_1_782' title='bbox 3210 4527 3503 4584; x_wconf 86' lang='lat' dir='ltr'><strong>dubietatis</strong></span> <span class='ocrx_word' id='word_1_783' title='bbox 3525 4537 3691 4600; x_wconf 82' lang='lat' dir='ltr'><strong>atque</strong></span> 
     </span>
    </p>
   </div>
   <div class='ocr_carea' id='block_1_106' title="bbox 2093 4617 3691 4690">
    <p class='ocr_par' dir='ltr' id='par_1_106' title="bbox 2093 4617 3691 4690">
     <span class='ocr_line' id='line_1_106' title="bbox 2093 4617 3691 4690; baseline -0.001 -13"><span class='ocrx_word' id='word_1_784' title='bbox 2093 4619 2439 4677; x_wconf 75' lang='lat' dir='ltr'><strong>inﬁdelitatis</strong></span> <span class='ocrx_word' id='word_1_785' title='bbox 2461 4634 2649 4675; x_wconf 90' lang='lat' dir='ltr'><strong>eorum</strong></span> <span class='ocrx_word' id='word_1_786' title='bbox 2678 4618 2875 4675; x_wconf 86' lang='lat' dir='ltr'><strong>vulnus</strong></span> <span class='ocrx_word' id='word_1_787' title='bbox 2902 4626 3139 4675; x_wconf 79' lang='lat' dir='ltr'><strong>sanaret.</strong></span> <span class='ocrx_word' id='word_1_788' title='bbox 3170 4617 3373 4675; x_wconf 78' lang='lat' dir='ltr'><strong>Verum</strong></span> <span class='ocrx_word' id='word_1_789' title='bbox 3417 4622 3691 4690; x_wconf 82' lang='lat' dir='ltr'><strong>quomodo</strong></span> 
     </span>
    </p>
   </div>
   <div class='ocr_carea' id='block_1_107' title="bbox 2098 4713 3684 4787">
    <p class='ocr_par' dir='ltr' id='par_1_107' title="bbox 2098 4713 3684 4787">
     <span class='ocr_line' id='line_1_107' title="bbox 2098 4713 3684 4787; baseline 0.001 -19"><span class='ocrx_word' id='word_1_790' title='bbox 2098 4722 2231 4786; x_wconf 89' lang='lat' dir='ltr'><strong>post</strong></span> <span class='ocrx_word' id='word_1_791' title='bbox 2252 4714 2706 4769; x_wconf 86' lang='lat' dir='ltr'><strong>resurrectionem</strong></span> <span class='ocrx_word' id='word_1_792' title='bbox 2744 4713 3026 4770; x_wconf 81' lang='lat' dir='ltr'><strong>clavorum</strong></span> <span class='ocrx_word' id='word_1_793' title='bbox 3050 4713 3139 4769; x_wconf 76' lang='lat' dir='ltr'><strong>vel</strong></span> <span class='ocrx_word' id='word_1_794' title='bbox 3163 4713 3365 4770; x_wconf 66' lang='lat' dir='ltr'><strong>lanceae</strong></span> <span class='ocrx_word' id='word_1_795' title='bbox 3405 4715 3523 4775; x_wconf 83' lang='lat' dir='ltr'><strong>loca</strong></span> <span class='ocrx_word' id='word_1_796' title='bbox 3547 4730 3684 4787; x_wconf 88' lang='lat' dir='ltr'><strong>pan-</strong></span> 
     </span>
    </p>
   </div>
   <div class='ocr_carea' id='block_1_108' title="bbox 2102 4803 3689 4880">
    <p class='ocr_par' dir='ltr' id='par_1_108' title="bbox 2102 4803 3689 4880">
     <span class='ocr_line' id='line_1_108' title="bbox 2102 4803 3689 4880; baseline 0.001 -19"><span class='ocrx_word' id='word_1_797' title='bbox 2102 4805 2278 4861; x_wconf 86' lang='lat' dir='ltr'><strong>dendo</strong></span> <span class='ocrx_word' id='word_1_798' title='bbox 2332 4803 2717 4875; x_wconf 89' lang='lat' dir='ltr'><strong>discipulorum</strong></span> <span class='ocrx_word' id='word_1_799' title='bbox 2767 4805 3018 4876; x_wconf 87' lang='lat' dir='ltr'><strong>dignatus</strong></span> <span class='ocrx_word' id='word_1_800' title='bbox 3057 4813 3144 4861; x_wconf 88' lang='lat' dir='ltr'><strong>est</strong></span> <span class='ocrx_word' id='word_1_801' title='bbox 3191 4803 3383 4872; x_wconf 71' lang='lat' dir='ltr'><strong>ﬁdem,</strong></span> <span class='ocrx_word' id='word_1_802' title='bbox 3427 4822 3689 4880; x_wconf 88' lang='lat' dir='ltr'><strong>spemque</strong></span> 
     </span>
    </p>
   </div>
   <div class='ocr_carea' id='block_1_109' title="bbox 2102 4893 3693 4968">
    <p class='ocr_par' dir='ltr' id='par_1_109' title="bbox 2102 4893 3693 4968">
     <span class='ocr_line' id='line_1_109' title="bbox 2102 4893 3693 4968; baseline 0.003 -18"><span class='ocrx_word' id='word_1_803' title='bbox 2102 4897 2379 4960; x_wconf 82' lang='lat' dir='ltr'><strong>roborare,</strong></span> <span class='ocrx_word' id='word_1_804' title='bbox 2403 4894 2476 4949; x_wconf 88' lang='lat' dir='ltr'><strong>ita</strong></span> <span class='ocrx_word' id='word_1_805' title='bbox 2493 4893 2549 4948; x_wconf 88' lang='lat' dir='ltr'><strong>in</strong></span> <span class='ocrx_word' id='word_1_806' title='bbox 2571 4895 2662 4950; x_wconf 88' lang='lat' dir='ltr'><strong>die</strong></span> <span class='ocrx_word' id='word_1_807' title='bbox 2676 4893 2869 4963; x_wconf 77' lang='lat' dir='ltr'><strong>iudicii</strong></span> <span class='ocrx_word' id='word_1_808' title='bbox 2887 4901 2951 4950; x_wconf 89' lang='lat' dir='ltr'><strong>ct</strong></span> <span class='ocrx_word' id='word_1_809' title='bbox 2973 4894 3164 4950; x_wconf 75' lang='lat' dir='ltr'><strong>eadem</strong></span> <span class='ocrx_word' id='word_1_810' title='bbox 3187 4911 3299 4952; x_wconf 71' lang='lat' dir='ltr'><strong>suae</strong></span> <span class='ocrx_word' id='word_1_811' title='bbox 3314 4899 3584 4968; x_wconf 84' lang='lat' dir='ltr'><strong>passionis</strong></span> <span class='ocrx_word' id='word_1_812' title='bbox 3606 4902 3693 4955; x_wconf 38' lang='lat' dir='ltr'><strong>ins</strong></span> 
     </span>
    </p>
   </div>
   <div class='ocr_carea' id='block_1_110' title="bbox 2102 4986 3691 5057">
    <p class='ocr_par' dir='ltr' id='par_1_110' title="bbox 2102 4986 3691 5057">
     <span class='ocr_line' id='line_1_110' title="bbox 2102 4986 3691 5057; baseline 0.003 -15"><span class='ocrx_word' id='word_1_813' title='bbox 2102 4987 2267 5053; x_wconf 81' lang='lat' dir='ltr'><strong>(licia,</strong></span> <span class='ocrx_word' id='word_1_814' title='bbox 2293 4995 2351 5042; x_wconf 88' lang='lat' dir='ltr'><strong>et</strong></span> <span class='ocrx_word' id='word_1_815' title='bbox 2379 4986 2550 5057; x_wconf 84' lang='lat' dir='ltr'><strong>ipsam</strong></span> <span class='ocrx_word' id='word_1_816' title='bbox 2571 4987 2781 5056; x_wconf 70' lang='lat' dir='ltr'><strong>pariter</strong></span> <span class='ocrx_word' id='word_1_817' title='bbox 2802 5000 3021 5041; x_wconf 88' lang='lat' dir='ltr'><strong>crucem</strong></span> <span class='ocrx_word' id='word_1_818' title='bbox 3051 4988 3403 5044; x_wconf 77' lang='lat' dir='ltr'><strong>monstrando</strong></span> <span class='ocrx_word' id='word_1_819' title='bbox 3427 4999 3691 5046; x_wconf 73' lang='lat' dir='ltr'><strong>venturus</strong></span> 
     </span>
    </p>
   </div>
   <div class='ocr_carea' id='block_1_111' title="bbox 2102 5075 3693 5151">
    <p class='ocr_par' dir='ltr' id='par_1_111' title="bbox 2102 5075 3693 5151">
     <span class='ocr_line' id='line_1_111' title="bbox 2102 5075 3693 5151; baseline 0.004 -20"><span class='ocrx_word' id='word_1_820' title='bbox 2102 5085 2188 5132; x_wconf 88' lang='lat' dir='ltr'><strong>est</strong></span> <span class='ocrx_word' id='word_1_821' title='bbox 2214 5075 2550 5148; x_wconf 86' lang='lat' dir='ltr'><strong>impietatem</strong></span> <span class='ocrx_word' id='word_1_822' title='bbox 2575 5077 2930 5148; x_wconf 85' lang='lat' dir='ltr'><strong>superbon</strong></span> <span class='ocrx_word' id='word_1_823' title='bbox 2958 5075 3442 5151; x_wconf 76' lang='lat' dir='ltr'><strong>inﬁdelitatemque</strong></span> <span class='ocrx_word' id='word_1_824' title='bbox 3469 5081 3693 5137; x_wconf 80' lang='lat' dir='ltr'><strong>confun-</strong></span> 
     </span>
    </p>
   </div>
   <div class='ocr_carea' id='block_1_112' title="bbox 2104 5170 3689 5251">
    <p class='ocr_par' dir='ltr' id='par_1_112' title="bbox 2104 5170 3689 5251">
     <span class='ocr_line' id='line_1_112' title="bbox 2104 5170 3689 5251; baseline 0.003 -26"><span class='ocrx_word' id='word_1_825' title='bbox 2104 5170 2255 5251; x_wconf 63' lang='lat' dir='ltr'><strong>dere,</strong></span> <span class='ocrx_word' id='word_1_826' title='bbox 2285 5170 2494 5226; x_wconf 89' lang='lat' dir='ltr'><strong>scilicet</strong></span> <span class='ocrx_word' id='word_1_827' title='bbox 2519 5178 2582 5225; x_wconf 89' lang='lat' dir='ltr'><strong>ut</strong></span> <span class='ocrx_word' id='word_1_828' title='bbox 2609 5170 2785 5242; x_wconf 86' lang='lat' dir='ltr'><strong>ipsum</strong></span> <span class='ocrx_word' id='word_1_829' title='bbox 2810 5184 2870 5226; x_wconf 88' lang='lat' dir='ltr'><strong>se</strong></span> <span class='ocrx_word' id='word_1_830' title='bbox 2898 5184 3040 5234; x_wconf 87' lang='lat' dir='ltr'><strong>esse,</strong></span> <span class='ocrx_word' id='word_1_831' title='bbox 3084 5171 3176 5242; x_wconf 87' lang='lat' dir='ltr'><strong>qui</strong></span> <span class='ocrx_word' id='word_1_832' title='bbox 3202 5171 3270 5228; x_wconf 73' lang='lat' dir='ltr'><strong>ab</strong></span> <span class='ocrx_word' id='word_1_833' title='bbox 3297 5174 3481 5246; x_wconf 87' lang='lat' dir='ltr'><strong>impiis</strong></span> <span class='ocrx_word' id='word_1_834' title='bbox 3506 5184 3560 5231; x_wconf 89' lang='lat' dir='ltr'><strong>et</strong></span> <span class='ocrx_word' id='word_1_835' title='bbox 3587 5190 3689 5245; x_wconf 85' lang='lat' dir='ltr'><strong>pro</strong></span> 
     </span>
    </p>
   </div>
   <div class='ocr_carea' id='block_1_113' title="bbox 2107 5261 3690 5337">
    <p class='ocr_par' dir='ltr' id='par_1_113' title="bbox 2107 5261 3690 5337">
     <span class='ocr_line' id='line_1_113' title="bbox 2107 5261 3690 5337; baseline 0.003 -21"><span class='ocrx_word' id='word_1_836' title='bbox 2107 5261 2288 5332; x_wconf 88' lang='lat' dir='ltr'><strong>impiis</strong></span> <span class='ocrx_word' id='word_1_837' title='bbox 2317 5269 2563 5317; x_wconf 90' lang='lat' dir='ltr'><strong>mortuus</strong></span> <span class='ocrx_word' id='word_1_838' title='bbox 2586 5269 2692 5328; x_wconf 88' lang='lat' dir='ltr'><strong>est,</strong></span> <span class='ocrx_word' id='word_1_839' title='bbox 2735 5262 2948 5317; x_wconf 89' lang='lat' dir='ltr'><strong>cunctis</strong></span> <span class='ocrx_word' id='word_1_840' title='bbox 2975 5262 3157 5333; x_wconf 88' lang='lat' dir='ltr'><strong>palam</strong></span> <span class='ocrx_word' id='word_1_841' title='bbox 3194 5265 3402 5337; x_wconf 78' lang='lat' dir='ltr'><strong>angelis</strong></span> <span class='ocrx_word' id='word_1_842' title='bbox 3431 5275 3487 5320; x_wconf 87' lang='lat' dir='ltr'><strong>et</strong></span> <span class='ocrx_word' id='word_1_843' title='bbox 3516 5264 3690 5320; x_wconf 59' lang='lat' dir='ltr'><strong>homia</strong></span> 
     </span>
    </p>
   </div>
   <div class='ocr_carea' id='block_1_114' title="bbox 2100 5352 3689 5428">
    <p class='ocr_par' dir='ltr' id='par_1_114' title="bbox 2100 5352 3689 5428">
     <span class='ocr_line' id='line_1_114' title="bbox 2100 5352 3689 5428; baseline 0.001 -18"><span class='ocrx_word' id='word_1_844' title='bbox 2100 5355 2266 5411; x_wconf 74' lang='lat' dir='ltr'><strong>nibus</strong></span> <span class='ocrx_word' id='word_1_845' title='bbox 2288 5352 2562 5422; x_wconf 83' lang='lat' dir='ltr'><strong>ostendat,</strong></span> <span class='ocrx_word' id='word_1_846' title='bbox 2581 5354 2907 5427; x_wconf 64' lang='lat' dir='ltr'><strong>viderentque</strong></span> <span class='ocrx_word' id='word_1_847' title='bbox 2929 5364 2988 5410; x_wconf 91' lang='lat' dir='ltr'><strong>ut</strong></span> <span class='ocrx_word' id='word_1_848' title='bbox 3016 5356 3275 5426; x_wconf 78' lang='lat' dir='ltr'><strong>scriptum</strong></span> <span class='ocrx_word' id='word_1_849' title='bbox 3301 5366 3420 5412; x_wconf 87' lang='lat' dir='ltr'><strong>est:</strong></span> <span class='ocrx_word' id='word_1_850' title='bbox 3447 5355 3516 5411; x_wconf 79' lang='lat' dir='ltr'><strong>In</strong></span> <span class='ocrx_word' id='word_1_851' title='bbox 3536 5356 3689 5428; x_wconf 70' lang='lat' dir='ltr'><strong>quem</strong></span> 
     </span>
    </p>
   </div>
   <div class='ocr_carea' id='block_1_115' title="bbox 2106 5442 3793 5520">
    <p class='ocr_par' dir='ltr' id='par_1_115' title="bbox 2106 5442 3793 5520">
     <span class='ocr_line' id='line_1_115' title="bbox 2106 5442 3793 5520; baseline -0.002 -18"><span class='ocrx_word' id='word_1_852' title='bbox 2106 5456 2433 5519; x_wconf 67' lang='lat' dir='ltr'><strong>patuerunt,</strong></span> <span class='ocrx_word' id='word_1_853' title='bbox 2463 5456 2514 5501; x_wconf 86' lang='lat' dir='ltr'><strong>et</strong></span> <span class='ocrx_word' id='word_1_854' title='bbox 2560 5442 2813 5520; x_wconf 83' lang='lat' dir='ltr'><strong>plangant</strong></span> <span class='ocrx_word' id='word_1_855' title='bbox 2853 5464 2910 5502; x_wconf 88' lang='lat' dir='ltr'><strong>se</strong></span> <span class='ocrx_word' id='word_1_856' title='bbox 2947 5462 3106 5519; x_wconf 84' lang='lat' dir='ltr'><strong>super</strong></span> <span class='ocrx_word' id='word_1_857' title='bbox 3140 5458 3263 5503; x_wconf 81' lang='lat' dir='ltr'><strong>eum</strong></span> <span class='ocrx_word' id='word_1_858' title='bbox 3298 5452 3495 5502; x_wconf 75' lang='lat' dir='ltr'><strong>omnes</strong></span> <span class='ocrx_word' id='word_1_859' title='bbox 3523 5446 3689 5502; x_wconf 72' lang='lat' dir='ltr'><strong>tribus</strong></span> <span class='ocrx_word' id='word_1_860' title='bbox 3785 5494 3793 5499; x_wconf 92' lang='lat'><strong>.</strong></span> 
     </span>
    </p>
   </div>
   <div class='ocr_carea' id='block_1_116' title="bbox 2110 5529 3693 5608">
    <p class='ocr_par' dir='ltr' id='par_1_116' title="bbox 2110 5529 3693 5608">
     <span class='ocr_line' id='line_1_116' title="bbox 2110 5529 3693 5608; baseline -0.001 -16"><span class='ocrx_word' id='word_1_861' title='bbox 2110 5548 2283 5593; x_wconf 78' lang='lat' dir='ltr'><strong>terrte.</strong></span> <span class='ocrx_word' id='word_1_862' title='bbox 2309 5536 2453 5593; x_wconf 89' lang='lat' dir='ltr'><strong>Sane</strong></span> <span class='ocrx_word' id='word_1_863' title='bbox 2480 5538 2773 5593; x_wconf 87' lang='lat' dir='ltr'><strong>notandum</strong></span> <span class='ocrx_word' id='word_1_864' title='bbox 2800 5537 2943 5608; x_wconf 85' lang='lat' dir='ltr'><strong>quod</strong></span> <span class='ocrx_word' id='word_1_865' title='bbox 2987 5537 3164 5593; x_wconf 85' lang='lat' dir='ltr'><strong>solent</strong></span> <span class='ocrx_word' id='word_1_866' title='bbox 3191 5538 3245 5591; x_wconf 92' lang='lat' dir='ltr'><strong>in</strong></span> <span class='ocrx_word' id='word_1_867' title='bbox 3277 5536 3379 5589; x_wconf 89' lang='lat' dir='ltr'><strong>hoc</strong></span> <span class='ocrx_word' id='word_1_868' title='bbox 3406 5535 3526 5591; x_wconf 91' lang='lat' dir='ltr'><strong>loco</strong></span> <span class='ocrx_word' id='word_1_869' title='bbox 3560 5529 3693 5608; x_wconf 70' lang='lat' dir='ltr'><strong>gen-</strong></span> 
     </span>
    </p>
   </div>
   <div class='ocr_carea' id='block_1_117' title="bbox 2112 5624 3692 5696">
    <p class='ocr_par' dir='ltr' id='par_1_117' title="bbox 2112 5624 3692 5696">
     <span class='ocr_line' id='line_1_117' title="bbox 2112 5624 3692 5696; baseline 0 -12"><span class='ocrx_word' id='word_1_870' title='bbox 2112 5630 2236 5685; x_wconf 89' lang='lat' dir='ltr'><strong>tiles</strong></span> <span class='ocrx_word' id='word_1_871' title='bbox 2275 5628 2603 5686; x_wconf 88' lang='lat' dir='ltr'><strong>calumniam</strong></span> <span class='ocrx_word' id='word_1_872' title='bbox 2644 5640 2877 5695; x_wconf 80' lang='lat' dir='ltr'><strong>struere,</strong></span> <span class='ocrx_word' id='word_1_873' title='bbox 2919 5635 2975 5683; x_wconf 87' lang='lat' dir='ltr'><strong>et</strong></span> <span class='ocrx_word' id='word_1_874' title='bbox 3011 5626 3171 5680; x_wconf 74' lang='lat' dir='ltr'><strong>fidem</strong></span> <span class='ocrx_word' id='word_1_875' title='bbox 3215 5624 3444 5696; x_wconf 70' lang='lat' dir='ltr'><strong>speratae</strong></span> <span class='ocrx_word' id='word_1_876' title='bbox 3474 5643 3505 5683; x_wconf 85' lang='lat' dir='ltr'><strong>a</strong></span> <span class='ocrx_word' id='word_1_877' title='bbox 3532 5629 3692 5684; x_wconf 79' lang='lat' dir='ltr'><strong>nobis</strong></span> 
     </span>
    </p>
   </div>
   <div class='ocr_carea' id='block_1_118' title="bbox 2115 5714 3691 5792">
    <p class='ocr_par' dir='ltr' id='par_1_118' title="bbox 2115 5714 3691 5792">
     <span class='ocr_line' id='line_1_118' title="bbox 2115 5714 3691 5792; baseline -0.001 -15"><span class='ocrx_word' id='word_1_878' title='bbox 2115 5722 2527 5778; x_wconf 83' lang='lat' dir='ltr'><strong>resurrectionis</strong></span> <span class='ocrx_word' id='word_1_879' title='bbox 2556 5719 2721 5776; x_wconf 84' lang='lat' dir='ltr'><strong>stulta</strong></span> <span class='ocrx_word' id='word_1_880' title='bbox 2738 5716 3061 5792; x_wconf 61' lang='lat' dir='ltr'><strong>garrulitate</strong></span> <span class='ocrx_word' id='word_1_881' title='bbox 3096 5714 3361 5771; x_wconf 81' lang='lat' dir='ltr'><strong>deridere.</strong></span> <span class='ocrx_word' id='word_1_882' title='bbox 3398 5736 3424 5769; x_wconf 75' lang='grc' dir='ltr'><strong>σ</strong></span> <span class='ocrx_word' id='word_1_883' title='bbox 3448 5716 3507 5775; x_wconf 84' lang='lat' dir='ltr'><strong>Si</strong></span> <span class='ocrx_word' id='word_1_884' title='bbox 3542 5719 3691 5776; x_wconf 74' lang='lat' dir='ltr'><strong>cuius</strong></span> 
     </span>
    </p>
   </div>
  </div>
