3954 6200
306 325 413 382 959

1583 315 1936 370 SMARAGDI
1977 315 2274 369 ABBA'I'IS‘

3463 322 3567 376 250

305 446 424 512 ipse
455 441 596 495 Deus
624 447 820 496 vester.
849 435 1114 504 inquiunt,
1149 446 1248 487 nec
1279 433 1378 487 sibi
1403 429 1604 485 inﬁicta
1629 444 1658 482 a
1683 429 1886 483 'Judaeis
1915 430 1962 487 Α
1989 428 2145 480 sum?
2173 429 2285 496 Ipse
2310 428 2450 480 enim
2484 435 2648 480 tatcre
2682 426 2930 494 dignatus
2963 430 3015 480 in
3043 427 3198 495 aquis
3227 431 3443 498 generis
3474 432 3570 486 hu-

303 538 533 598 s'ulncra
578 547 768 589 curare
814 529 1116 600 praevaluit,
1165 527 1260 581 sed
1293 524 1606 579 cicatricum
1660 523 1884 592 vestigia

303 628 470 692 eicio,
494 639 676 680 secum
700 632 757 675 ut
775 620 976 681 dicitis,
997 617 1218 680 invexit,
1235 630 1341 686 qua
1364 615 1668 669 temeritate
1687 613 1886 682 putatis

311 734 432 772 eum
473 724 653 770 vestra
693 713 760 766 de
801 709 1021 781 pulvere
1065 707 1307 762 membra
1345 704 1413 759 ad
1457 706 1728 775 integrum
1769 717 1888 756 esse

313 802 783 860 restauraturum?
823 798 1027 866 Quibus
1073 795 1528 866 respondendum,
1571 793 1698 862 quia
1748 792 1890 845 Deus

315 907 521 962 noster,
549 896 638 966 qui
663 910 815 949 suam
837 901 1091 963 perpetua
1119 889 1230 958 jam
1260 886 1662 943 immortalitate
1687 882 1890 954 gloriﬁ-

310 998 490 1044 catam
512 989 578 1043 de
603 984 849 1056 sepulcro
865 997 1082 1038 carnem
1109 978 1437 1035 resuscitare
1460 975 1677 1046 quando
1697 972 1885 1035 voluit,

309 1094 365 1136 et
385 1081 652 1151 quomodo
678 1078 867 1140 voluit,
896 1074 1070 1146 potuit
1109 1074 1271 1129 etiam
1293 1069 1506 1142 qualern
1529 1067 1697 1122 voluit
1719 1065 1890 1120 susci-

309 1172 467 1226 tavit.
512 1169 696 1240 Neque
723 1168 866 1222 enim
895 1179 1232 1234 consequens
1255 1172 1359 1227 est,
1385 1169 1444 1215 ut
1469 1160 1560 1229 qui
1582 1156 1784 1226 majora
1807 1154 1889 1210 fe-

311 1253 450 1320 cisse
474 1263 755 1334 probatur,
790 1261 999 1313 minora
1045 1259 1224 1312 facere
1252 1254 1574 1325 nequiverit,
1607 1253 1700 1307 sed
1745 1260 1892 1307 certe

313 1352 728 1423 dispensationis
769 1349 967 1419 gratia,
1008 1347 1098 1416 qui
1135 1344 1306 1414 majus
1331 1343 1477 1407 fecit,
1508 1341 1686 1396 minus
1711 1338 1892 1394 facere

313 1443 638 1514 supersedit,
664 1444 764 1496 hoc
787 1448 889 1504 est,
914 1441 1004 1508 qui
1030 1438 1222 1492 mortis
1241 1450 1405 1506 regna
1429 1432 1712 1495 destruxit,
1739 1433 1890 1501 signa

314 1534 504 1587 mortis
524 1531 840 1585 oblitterare
867 1527 1056 1581 noluit.
1081 1525 1263 1579 Primo
1286 1523 1555 1586 videlicet,
1581 1530 1642 1575 ut
1659 1535 1757 1590 per
1777 1521 1890 1575 hmo

313 1622 588 1691 discipulis
611 1621 769 1674 ﬁdem
792 1633 903 1672 sua:
924 1615 1336 1671 resurrectionis
1362 1621 1648 1668 astrueret.
1667 1611 1889 1675 Deinde,

311 1724 371 1766 ut
391 1713 529 1783 patri
559 1726 656 1780 pro
674 1709 829 1764 nobis
848 1707 1170 1777 supplicans,
1199 1707 1357 1775 quale
1387 1721 1556 1775 genus
1584 1705 1775 1758 mortis
1795 1718 1892 1773 pro

1990 521 2153 584 mani,
2185 521 2302 589 capi
2335 518 2498 572 voluit
2529 519 2717 587 laqueo
2744 519 2931 572 mortis
2960 528 3176 584 nostra»,
3206 533 3261 574 et
3283 524 3442 590 quasi
3472 527 3570 578 tri.

1989 609 2264 666 bulatione
2295 621 2510 665 assatus
2551 620 2650 674 est,
2699 623 2937 680 tempore
2972 612 3242 680 passionis
3285 625 3415 669 sua.
3465 614 3574 671 Sed

1988 702 2078 770 qui
2114 702 2276 771 piscis
2302 718 2457 757 assus
2487 701 2599 757 ﬁeri
2640 701 2892 772 dignatus
2920 713 3003 758 est
3035 704 3086 757 in
3115 705 3388 774 passione,
3419 706 3575 763 favus

1990 793 2164 847 mellis
2191 792 2344 848 nobis
2366 794 2575 848 exstitit
2602 793 2654 847 in
2684 793 3098 848 resurrectione.
3125 794 3194 848 At
3228 795 3319 863 qui
3344 795 3396 850 in
3425 797 3575 866 pisce

1990 899 2114 938 asso
2150 884 2369 954 ﬁgurari
2411 885 2580 939 voluit
2609 885 3010 940 tribulationem
3044 887 3311 955 passionis
3353 902 3485 954 sum,
3518 889 3574 943 in

1989 974 2113 1031 favo
2143 975 2317 1030 mellis
2344 985 2629 1045 utramque
2651 985 2904 1031 naturam
2929 978 3236 1047 exprimere
3263 981 3431 1034 voluit
3456 995 3578 1050 per-

1991 1079 2136 1120 sona:
2164 1081 2295 1120 suae.
2334 1066 2510 1121 Favus
2538 1067 2733 1138 quippe
2775 1068 2881 1121 mel
2922 1068 2976 1122 in
3009 1083 3136 1123 cera
3164 1078 3267 1134 est,
3315 1071 3421 1125 mel
3446 1087 3576 1126 vero

1991 1156 2045 1212 in
2074 1172 2199 1212 cera
2228 1167 2329 1222 est,
2360 1158 2614 1214 divinitas
2654 1160 2708 1213 in
2739 1160 3093 1214 humanitate.
3146 1159 3237 1215 Sic
3266 1170 3449 1217 autem
3476 1179 3574 1218 sua

1983 1243 2301 1318 Redemptor
2352 1249 2585 1315 indicat,
2615 1258 2676 1304 ut
2730 1249 3048 1306 imitationis
3094 1251 3241 1304 viam
3291 1252 3448 1307 nobis
3491 1269 3578 1308 se-

1993 1341 2288 1410 quentibus
2313 1349 2538 1396 sternat.
2580 1340 2720 1396 Ecce
2749 1342 2892 1395 enim
2922 1341 2975 1396 in
3010 1341 3132 1397 cibo
3167 1357 3266 1396 suo
3292 1343 3425 1410 pisci
3451 1359 3579 1398 asso

1993 1433 2316 1504 conjungere
2343 1431 2525 1486 favum
2557 1431 2741 1494 voluit,
2769 1433 2894 1501 quia
2941 1432 3194 1487 videlicet
3237 1433 3357 1487 illos
3390 1435 3444 1488 in
3477 1449 3578 1490 suo

1994 1536 2219 1592 corpore
2248 1523 2316 1578 ad
2361 1531 2616 1577 aeternam
2649 1522 2882 1592 quietem
2915 1522 3162 1593 suscipit,
3189 1525 3282 1592 qui
3325 1539 3448 1578 cum
3488 1525 3578 1581 hic

1995 1612 2366 1668 tribulationes
2411 1628 2509 1684 pro
2553 1613 2662 1667 Deo
2706 1613 2967 1676 sentiunt,
3011 1613 3080 1668 ab
3124 1629 3309 1669 amore
3351 1617 3579 1671 internze

1995 1703 2295 1761 dulcedinis
2327 1721 2432 1760 non
2460 1705 2736 1760 recedunt.
2773 1703 2907 1759 Cum
2939 1720 3064 1760 asso
3106 1707 3254 1776 pisce
3299 1709 3452 1764 favus
3481 1725 3577 1764 su-

311 1802 619 1858 mortalium
649 1801 756 1853 vita
787 1797 1090 1868 pertulerit,
1119 1812 1282 1866 super
1304 1796 1571 1851 ostendat.
1599 1796 1804 1859 Tertio,
1831 1804 1888 1849 ut
1919 1792 1964 1850 B
1994 1799 2177 1863 mitur,
2203 1799 2329 1868 quia
2355 1799 2447 1868 qui
2491 1797 2577 1852 hic
2616 1796 2957 1852 aﬁlictionem
2987 1813 3086 1866 pro
3132 1799 3361 1854 veritate
3408 1804 3552 1856 susci

311 1908 407 1946 sua
424 1899 594 1946 morte
619 1887 928 1956 redemptis,
947 1903 1109 1956 quam
1132 1887 1556 1942 misericorditer
1576 1888 1684 1942 sint
1703 1887 1886 1957 adjuti,

310 1982 602 2054 propositis
630 1994 844 2047 semper
887 1977 1125 2050 ejusdem
1169 1979 1360 2033 mortis
1405 1979 1624 2033 innovet
1657 1979 1888 2032 indiciis.

311 2077 542 2144 Ideoque
590 2071 987 2126 misericordias
1035 2069 1247 2122 Domini
1283 2068 1338 2122 in
1368 2076 1630 2122 :cternum
1675 2075 1893 2122 cantare

313 2184 418 2222 non
440 2171 676 2228 cessent,
699 2163 793 2217 sed
813 2161 996 2216 dicant
1021 2161 1112 2228 qui
1145 2159 1406 2228 redempti
1435 2168 1560 2213 sunt
1580 2174 1609 2211 a
1632 2158 1889 2213 Domino:

313 2260 579 2324 Quoniam
623 2255 808 2320 bonus,
843 2252 1090 2323 quoniam
1134 2251 1188 2303 in
1232 2258 1482 2303 (eternum
1532 2248 1894 2302 misericordia

312 2351 427 2419 ejus
457 2346 628 2420 (Psal.
653 2343 1038 2409 cxvn,c.\'xxv).
1078 2341 1358 2395 Postremo
1387 2349 1444 2393 ut
1481 2341 1646 2394 etiam
1676 2337 1895 2408 perﬁdis

314 2443 368 2496 in
408 2439 612 2511 judicio
640 2450 802 2506 quam
827 2435 969 2505 juste
998 2432 1342 2496 damnentur,
1373 2438 1589 2485 ostensa
1619 2431 1761 2484 inter
1790 2429 1892 2484 alia

311 2531 538 2600 flagitia,
593 2530 755 2583 etiam
807 2524 1089 2579 vulnerum
1138 2537 1260 2592 qua:
1308 2523 1376 2575 ab
1410 2521 1490 2576 eis
1535 2521 1774 2590 suscepit
1817 2521 1894 2576 cio

312 2622 540 2676 catrices
585 2617 893 2680 denuntiet,
934 2614 1098 2668 veluti
1141 2617 1186 2667 si
1234 2613 1387 2668 miles
1429 2613 1621 2683 aliquis
1663 2612 1894 2666 τοι·ιίεδὶ-

313 2730 451 2776 mus,
479 2711 702 2783 jubente
731 2725 828 2764 suo
858 2723 1004 2779 rege,
1036 2722 1134 2777 pro
1165 2709 1330 2761 totius
1354 2708 1532 2777 gentis
1555 2705 1749 2770 salute,
1783 2707 1893 2762 sin-

313 2806 487 2874 gulari
513 2803 810 2859 certamine
840 2799 1132 2863 desudans,
1171 2798 1356 2853 multis
1396 2799 1610 2867 quidem
1650 2798 1890 2852 vulneri-

311 2897 412 2950 bus
445 2895 705 2966 exceptis,
737 2894 947 2947 hostem
995 2899 1174 2944 tamen
1219 2888 1526 2952 interﬁciat,
1569 2889 1738 2958 spolia
1775 2889 1893 2957 ejus

311 2989 560 3060 diripiat,
609 2987 890 3042 victoriam
933 3000 1044 3039 sua;
1083 2984 1229 3053 genti
1273 2991 1535 3050 reportet,
1562 2991 1618 3035 et
1653 2982 1890 3035 interro-

311 3089 469 3148 gatus
521 3095 551 3130 a
590 3077 797 3130 medico
840 3075 928 3129 cui
972 3073 1241 3128 curandus
1276 3073 1660 3134 committitur.
1705 3073 1776 3125 ita
1824 3087 1890 3126 ne

1993 1891 2166 1958 piunt,
2195 1890 2302 1945 illic
2327 1891 2608 1946 dulcedine
2631 1904 2756 1944 vera
2784 1890 3075 1944 satiantur.

2065 1979 2134 2032 Et
2163 1979 2297 2034 dixit
2323 1979 2392 2034 ad
2415 1979 2533 2034 illos
2562 1997 2579 2033 :
2609 1978 2739 2046 Ηωσ
2759 1989 2880 2034 sunt
2909 1979 3063 2033 verba
3087 1997 3207 2049 qua:
3233 1981 3436 2036 locutus
3463 2001 3578 2037 sum

1995 2070 2063 2122 ad
2105 2085 2210 2132 vos,
2256 2085 2375 2123 cum
2406 2069 2577 2124 adhuc
2617 2086 2780 2124 essem
2813 2070 3091 2124 vobiscum.
3141 2071 3253 2126 lloc
3297 2081 3416 2139 est,
3454 2091 3578 2128 cum

1995 2161 2169 2215 adhuc
2202 2173 2378 2216 essem
2421 2162 2472 2214 in
2501 2176 2665 2216 carne
2707 2160 2956 2225 mortali,
3003 2161 3055 2215 in
3089 2176 3193 2230 qua
3221 2163 3353 2217 estis
3377 2171 3433 2217 et
3458 2179 3575 2218 vos.

1996 2250 2145 2306 Tunc
2175 2252 2320 2305 enim
2365 2252 2415 2305 in
2443 2252 2632 2306 cadent
2660 2267 2844 2316 carne,
2883 2253 2976 2306 sed
3007 2267 3130 2306 cum
3161 2253 3268 2308 illis
3293 2254 3346 2307 in
3386 2255 3578 2310 eadem

1995 2341 2327 2396 mortalitate
2366 2358 2470 2397 non
2511 2352 2656 2408 erat,
2687 2353 2744 2400 et
2787 2360 2910 2400 cum
2955 2344 3062 2400 illis
3091 2346 3332 2414 quidem,
3362 2355 3582 2417 postea-
3637 2389 3644 2397 τ

1994 2436 2156 2501 quam
2188 2435 2502 2500 resurrexit,
2533 2434 2634 2489 fuit
2658 2435 3015 2506 quadraginta
3043 2436 3250 2497 diebus,
3271 2445 3330 2491 ut
3358 2437 3578 2507 legitur,

1994 2524 2325 2579 exhibitione
2350 2525 2648 2593 corporalis
2685 2527 3004 2596 praesentius,
3037 2528 3130 2581 sed
3173 2542 3278 2580 non
3314 2542 3438 2581 eum
3471 2528 3582 2583 illis

1995 2611 2096 2664 fuit
2121 2614 2394 2667 consortio
2420 2613 2754 2669 inﬁrmitatis
2786 2616 3056 2670 humana}.

2067 2705 2328 2771 Quoniam
2360 2723 2582 2770 necesse,
2611 2716 2668 2760 ut
2697 2707 3015 2777 impleantur
3041 2710 3213 2763 omnia
3236 2726 3351 2781 qua:
3381 2712 3580 2782 scripta

1994 2810 2113 2853 sunt
2141 2801 2195 2853 in
2226 2799 2335 2870 lege
2361 2799 2519 2863 Mosi,
2543 2810 2591 2853 et
2623 2800 2887 2870 prophetis
2927 2810 2975 2854 et
3003 2801 3218 2871 psalmis
3244 2802 3310 2855 de
3343 2818 3443 2855 me.
3477 2803 3577 2873 (Es

1994 2892 2180 2963 Beda.)
2226 2892 2358 2947 Vide
2404 2893 2672 2961 quomodo
2713 2891 2834 2945 tulit
2879 2906 3067 2948 omnes
3109 2893 3381 2963 ambages,
3432 2895 3582 2964 visus

1995 2989 2098 3045 est,
2131 2991 2306 3036 tactus
2331 2993 2436 3048 est,
2477 2983 2846 3048 manducavit,
2874 2982 2989 3052 ipse
3014 2994 3162 3038 certe
3203 2993 3339 3039 erat.
3369 2985 3578 3039 Tamen

1995 3088 2064 3126 ne
2096 3074 2150 3127 in
2194 3073 2374 3143 aliquo
2405 3087 2599 3128 sensus
2629 3073 2895 3128 humanos
2941 3073 3251 3128 ludiﬁcasse
3279 3074 3578 3136 videretur,

312 3140 445 3221 velit
468 3165 668 3228 curari,
695 3172 875 3217 utnec
899 3161 1120 3229 vestigia
1145 3159 1427 3213 vulnerum
1450 3160 1556 3213 ulla
1583 3160 1887 3226 resedeant,
1919 3140 1962 3200 (ἶ
1996 3162 2142 3214 misit
2183 3140 2373 3216 manus
2402 3162 2468 3216 ad
2489 3158 2816 3232 Scripturas.
2867 3163 3061 3217 Dicant
3085 3165 3283 3233 pagani
3312 3164 3581 3235 quidquid

311 3275 380 3313 an
427 3257 600 3326 magis
630 3256 734 3320 ita,
773 3261 833 3308 ut
874 3253 1160 3308 cicatrices
1184 3251 1386 3306 eaedem
1426 3258 1762 3316 remaneant,
1793 3251 1889 3306 de-

313 3349 558 3404 formitas
584 3361 714 3401 vero
741 3359 964 3415 prorsus
996 3343 1231 3398 hominis
1267 3351 1322 3397 et
1360 3342 1575 3397 {reditas
1613 3343 1773 3407 absit,
1805 3357 1888 3396 re-

310 3442 574 3513 spondeat
614 3455 672 3496 se
702 3439 879 3509 potius
922 3437 993 3490 ita
1025 3435 1162 3490 velle
1205 3437 1419 3501 sanari,
1449 3445 1509 3490 ut
1546 3443 1657 3491 toto
1699 3437 1890 3490 salutis

309 3535 626 3602 decorisque
654 3530 866 3601 pristini
887 3531 1032 3584 statu
1061 3536 1398 3598 recuperato,
1426 3535 1682 3598 perpetua
1706 3543 1888 3582 secum

308 3626 445 3680 tanti
485 3620 834 3678 circumferat
873 3620 1027 3690 signa
1060 3617 1337 3687 triumphi.
1369 3616 1461 3672 Sic
1499 3615 1742 3687 profecto
1783 3617 1887 3671 Do-

311 3719 489 3773 minus
521 3713 758 3786 perpetis
781 3713 852 3767 ob
889 3713 1102 3780 signum
1139 3710 1378 3764 victoriae
1403 3724 1508 3764 non
1537 3720 1756 3780 excepta
1791 3726 1888 3779 pro

309 3810 466 3866 nobis
492 3808 710 3862 vulnera
740 3804 1027 3876 passionis,
1057 3803 1151 3857 sed
1177 3802 1416 3872 ipsorum
1438 3802 1725 3856 cicatrices
1751 3803 1890 3856 coelo

307 3915 490 3958 secum
520 3899 720 3954 inferre
757 3911 918 3968 quam
962 3893 1178 3950 abolere
1215 3893 1434 3959 maluit,
1475 3908 1574 3948 nec
1607 3903 1785 3948 tamen
1823 3910 1888 3948 ex

307 3995 392 4049 his
417 3991 691 4064 quippiam
729 3989 850 4044 ﬁdei
883 3997 1081 4042 nostrae
1109 3988 1523 4044 resurrectionis
1552 3987 1884 4058 prtejudicat.

306 4087 382 4140 De
422 4100 526 4155 qua
556 4083 735 4138 veraci
781 4080 1138 4151 promissione
1182 4079 1529 4148 prmdicitur:
1560 4079 1626 4132 Et
1664 4079 1888 4149 capillus

305 4179 369 4231 de
399 4179 564 4247 capite
589 4185 754 4231 vestro
782 4191 885 4228 non
913 4173 1095 4244 peribit
1127 4172 1277 4244 (Luc.
1303 4170 1437 4242 xm).

375 4268 559 4321 Adhuc
601 4277 776 4321 autem
821 4281 925 4318 non
969 4263 1296 4317 credentibus
1336 4273 1384 4318 et
1427 4263 1738 4317 mirantibus
1778 4279 1887 4333 prae

304 4357 521 4428 gaudio,
545 4357 676 4411 dixit
701 4371 718 4408 :
751 4354 968 4410 Habetis
997 4356 1081 4407 hic
1109 4353 1310 4426 aliquid
1334 4353 1473 4425 quod
1503 4354 1887 4408 mandaretur?

303 4446 386 4500 Ad
416 4446 791 4501 insinuandam
836 4443 1251 4498 resurrectionis
1277 4458 1387 4498 suae
1415 4444 1729 4508 veritatem,
1772 4461 1880 4498 non

305 4537 479 4591 solum
512 4537 659 4604 tangi
704 4551 734 4588 a
775 4533 1072 4599 discipulis,
1115 4533 1207 4587 sed
1253 4533 1417 4586 etiam
1458 4535 1708 4587 convesci
1755 4549 1878 4589 cum

306 4625 412 4680 illis
454 4625 726 4695 dignatur,
768 4637 874 4677 non
912 4621 1066 4690 quasi
1115 4622 1332 4689 quidem
1365 4629 1490 4688 post
1521 4625 1879 4678 resurrectio-

305 4731 430 4772 nem
454 4715 578 4770 cibo
616 4714 884 4783 indigens,
925 4727 1028 4767 nec
1055 4713 1210 4781 quasi
1238 4727 1339 4767 nos
1385 4714 1440 4766 in
1484 4716 1882 4772 resurrectione

305 4822 469 4877 quam
505 4813 900 4876 exspectamus,
925 4802 1065 4858 cibis
1109 4817 1269 4875 egere
1314 4802 1644 4872 signiﬁcans,
1686 4806 1777 4860 sed
1822 4815 1883 4862 ut

303 4914 371 4952 eo
399 4898 558 4954 modo
583 4907 829 4952 naturam
855 4896 1100 4965 corporis
1133 4894 1466 4965 resurgentis
1489 4903 1777 4961 astrueret,
1810 4914 1878 4954 ne

305 4990 434 5044 illud
461 5006 566 5043 non
593 5003 805 5058 corpus,
831 4989 925 5043 sed
953 4988 1202 5056 spiritum
1229 5001 1352 5042 esse
1377 4987 1794 5054 arbitrarentur,
1822 4998 1876 5044 et

304 5080 406 5135 sibi
436 5095 544 5134 non
572 5078 759 5143 solide,
790 5078 885 5132 sed
930 5077 1291 5148 imaginaliter
1329 5091 1610 5146 apparere.
1647 5076 1873 5132 hianda-

252 5220 260 5237 ,_
303 5168 444 5224 cavit
468 5174 749 5237 potestate,
774 5181 878 5221 non
903 5167 1240 5220 necessitate.
1263 5166 1437 5219 Aliter
1457 5166 1600 5220 enim
1620 5166 1876 5225 absorbet

251 5232 261 5256 ⁸
304 5232 498 5329 aquam
533 5268 677 5314 terra
703 5258 912 5323 sitiens,
931 5257 1090 5312 aliter
1115 5258 1243 5313 solis
1269 5259 1448 5314 radius
1476 5259 1752 5316 candens:
1787 5263 1874 5318 ille

303 5350 619 5421 indigentia,
650 5349 752 5406 iste
779 5349 1038 5420 potentia.

371 5447 438 5498 At
477 5443 554 5499 illi
602 5442 896 5498 obtulerunt
936 5443 983 5496 ei
1031 5451 1227 5513 partem
1257 5443 1414 5514 piscis
1456 5445 1562 5498 assi
1606 5454 1656 5499 et
1697 5446 1873 5515 favum

301 5533 489 5598 mellis,
519 5543 715 5588 etcum
757 5533 1126 5587 manducasset
1170 5549 1346 5586 coram
1382 5535 1457 5588 eis
1501 5551 1710 5588 sumens
1757 5536 1875 5589 reli-

303 5624 453 5689 quius
500 5625 638 5678 dedit
675 5626 772 5679 eis.
819 5623 958 5690 Quid
1006 5621 1309 5692 signiﬁcare
1354 5625 1626 5681 credimus
1670 5625 1872 5693 piscem

301 5726 506 5778 assum,
536 5715 636 5768 nisi
661 5715 835 5785 ipsum
866 5714 1213 5771 mediatorem
1245 5714 1338 5769 Dei
1364 5725 1418 5771 et
1447 5718 1723 5772 hominum
1752 5735 1877 5787 pas-

1993 3253 2212 3317 volunt,
2252 3267 2443 3323 magus
2487 3253 2618 3319 fuit,
2652 3255 2827 3322 potuit
2863 3254 2942 3309 sic
2981 3269 3040 3309 se
3077 3255 3382 3310 ostendere.
3431 3254 3583 3308 Nun-

1991 3345 2120 3413 quid
2163 3357 2353 3411 magus
2390 3351 2677 3414 antequam
2719 3354 2897 3410 natus,
2927 3346 3102 3415 potuit
3137 3347 3217 3400 sic
3243 3361 3302 3402 se
3341 3346 3583 3416 prophe-

1993 3435 2142 3489 tare?
2166 3433 2242 3488 Da
2261 3434 2586 3503 Seripturas,
2608 3435 2732 3504 quia
2754 3437 2896 3505 quod
2918 3437 3129 3503 videtis,
3153 3445 3280 3492 ante
3302 3438 3583 3507 provisum

1989 3538 2091 3592 est,
2116 3529 2260 3597 quod
2285 3528 2525 3590 cernitis,
2558 3535 2684 3580 ante
2715 3527 3031 3596 praedictum
3059 3534 3140 3581 est
3173 3545 3184 3579 :
3217 3527 3357 3581 Audi
3384 3526 3494 3580 ﬁlia
3524 3537 3580 3581 et

1991 3619 2136 3684 vide,
2163 3619 2286 3674 audi
2317 3619 2595 3688 praedicta,
2621 3619 2744 3674 vide
2771 3618 3062 3687 completa.
3434 3684 3449 3697 .

2061 3709 2204 3764 Tunc
2255 3712 2456 3781 aperuit
2503 3709 2621 3764 illis.
2662 3726 2901 3774 sensum,
2943 3719 2999 3762 ut
3043 3709 3385 3778 intelligerent
3426 3707 3574 3762 Scri-

1987 3813 2187 3872 pturas.
2228 3801 2298 3856 Et
2340 3803 2473 3858 dixit
2507 3804 2622 3856 eis:
2656 3802 2918 3867 Quoniam
2957 3803 3032 3856 sic
3093 3803 3496 3873 scriptum‘est,
3528 3813 3575 3856 et

1987 3893 2062 3945 sic
2107 3892 2369 3962 oportebat
2411 3890 2676 3948 Christum
2721 3895 2830 3964 pati
2867 3905 2917 3948 et
2963 3911 3229 3964 resurgere
3271 3912 3304 3948 a
3349 3898 3571 3948 mortuis

1988 3982 2072 4034 d'e
2111 3983 2285 4036 tertia.
2327 3981 2540 4038 Praebet
2582 3999 2639 4039 se
2670 3983 2957 4039 videndum
2998 3985 3193 4049 oculis,
3224 3986 3430 4054 praebet
3459 4001 3576 4040 ma-

1988 4072 2148 4127 nibus
2201 4075 2677 4140 contrectandum,
2715 4091 2901 4144 parum
2949 4085 3034 4131 est
3067 4076 3216 4147 lege?
3245 4089 3588 4134 commemo-‘

1990 4172 2073 4218 rat
2106 4159 2432 4234 Scripturas,
2475 4175 2531 4220 et
2567 4167 2669 4222 hoc
2701 4184 2890 4238 parum
2936 4171 3055 4224 est?
3103 4169 3280 4239 aperit
3315 4184 3573 4238 sensum,

1988 4265 2046 4310 ut
2079 4257 2222 4326 quod
2259 4257 2391 4328 legis
2439 4257 2727 4330 intelligas,
2759 4261 2955 4316 deinde
2997 4277 3094 4332 per
3133 4263 3572 4318 commendatam

1985 4348 2068 4402 sui
2109 4350 2350 4426 corporis
2393 4350 2711 4417 veritatem,
2753 4355 3092 4409 commendat
3145 4354 3404 4411 Ecclesia:
3445 4356 3573 4410 uni-

1988 4446 2039 4491 ta
2048 4448 2172 4493 tem.

2055 4537 2122 4592 Et
2165 4540 2446 4610 prtedicari
2494 4542 2551 4596 in
2589 4543 2796 4597 nomine
2843 4544 2957 4614 ejus
3025 4546 3412 4615 pmnitentiam,
3459 4555 3568 4600 etc.

1983 4627 2099 4684 Non
2148 4630 2309 4684 latret
2352 4634 2590 4700 pravitas
2637 4635 3045 4703 haareticorum,
3090 4637 3159 4692 de
3208 4637 3407 4709 angulo
3451 4647 3572 4694 toto

1982 4723 2113 4778 orbe
2162 4731 2428 4779 terrarum
2469 4726 2709 4781 Ecclesia
2755 4727 2947 4783 diﬂ‘usa
2991 4736 3103 4794 est,
3145 4744 3337 4785 omnes
3380 4739 3571 4800 gentes

1984 4814 2183 4869 habent
2221 4815 2538 4871 Ecclesiam.
2589 4817 2758 4872 Nemo
2796 4835 2895 4875 nos
2941 4819 3107 4885 fallat,
3154 4821 3268 4892 ipsa
3298 4830 3382 4877 €31
3411 4838 3568 4885 vera,

1984 4906 2099 4974 ipsa
2128 4915 2211 4960 est
2241 4907 2521 4969 catholica,
2552 4911 2719 4979 cmpit
2747 4912 2814 4965 ab
2841 4911 3198 4977 Hierusalem,
3225 4915 3472 4983 pervenit
3499 4915 3570 4968 ad

1988 5012 2105 5062 nos,
2134 5004 2192 5052 et
2219 4997 2289 5052 ibi
2318 5008 2422 5062 est,
2451 5009 2504 5053 et
2532 5000 2638 5056 hic.
2669 5001 2781 5056 Non
2807 5004 2950 5057 enim
2976 5014 3036 5059 nt
3064 5004 3169 5058 huc
3195 5005 3405 5059 veniret
3437 5005 3568 5059 inde

1983 5089 2255 5156 discessit,
2286 5093 2479 5156 crevit,
2519 5109 2624 5147 non
2671 5095 2943 5166 migravit.
2980 5097 3047 5151 Et
3088 5098 3282 5151 merito
3312 5097 3389 5151 sic
3427 5098 3568 5151 scri-

1984 5188 2135 5251 ptum
2185 5191 2294 5244 est,
2349 5182 2490 5236 inter
2538 5191 2731 5238 caetera
2785 5186 3072 5242 dominica:
3110 5187 3326 5255 pietatis
3373 5201 3562 5242 sacra-

1983 5282 2161 5327 menta
2189 5289 2201 5325 :
2235 5273 2303 5327 Et
2349 5273 2427 5328 sic
2454 5276 2757 5344 oportebat,
2789 5287 2849 5331 ut
2881 5278 3112 5332 ministri
3144 5278 3434 5343 sermonis,
3467 5280 3563 5348 qui

1981 5362 2032 5414 in
2067 5363 2283 5417 nomine
2311 5362 2511 5418 Christi
2542 5365 2785 5421 cruciﬁxi
2815 5374 2872 5422 et
2903 5369 3207 5423 resuscitati
3241 5385 3271 5423 a
3302 5372 3556 5431 mortuis,

1977 5453 2349 5521 pmnitentiam
2393 5465 2550 5509 erant
2595 5464 2650 5509 et
2697 5457 3068 5512 remissionem
3118 5466 3462 5529 peccatorum
3506 5459 3560 5512 in

1975 5559 2164 5598 mune;
2201 5554 2388 5614 gentes
2431 5547 2797 5616 prmdicaturi,
2830 5549 2897 5602 ab
2927 5547 3314 5619 Hierosolymis
3357 5550 3561 5617 incipe-

1979 5648 2116 5701 rent,
2149 5655 2252 5694 non
2287 5640 2458 5694 solum
2479 5683 2492 5701 ,
2522 5642 2646 5710 quia
2675 5643 2878 5696 credita
2912 5653 3035 5698 sunt
3065 5644 3170 5698 illis
3197 5645 3407 5713 eloquia
3440 5644 3558 5707 Dei,

1979 5732 2101 5794 quia
2144 5745 2328 5782 eorum
2380 5746 2409 5783 a
2433 5731 2650 5798 lnptntio
2677 5740 2760 5792 est
2801 5731 3052 5796 ﬁliorum,
3085 5744 3135 5787 ct
3169 5734 3357 5803 gloria,
3389 5743 3446 5787 et
3483 5744 3564 5787 te-
