3994 6206
1203 328 1725 392 COLLECTIONES
1764 335 1830 390 ΙΝ
1869 334 2248 393 EPISTOLAS
2287 334 2373 392 ΕΤ
2415 339 2826 396 ΕἻΑΝΟΕῘᾸᾸ.

3523 352 3638 406 ἳῑῖ

370 440 654 499 sustenta,
695 441 752 491 et
780 401 1069 506 legislatio,
1107 447 1163 495 et
1197 442 1513 513 obsequium
1532 486 1547 513 ,
1575 455 1632 503 et
1660 450 1949 519 promiSsa,
1981 457 2028 511 Α
2056 465 2154 519 pro
2184 459 2365 505 nostra
2388 451 2724 517 liberatione,
2762 457 2926 511 tradit
2958 460 3309 530 semetipsum
3338 463 3506 519 Filius
3530 481 3635 537 pro

366 526 491 597 quia
515 539 703 581 eorum
731 536 929 597 patres,
959 540 1015 586 et
1040 546 1108 588 ex
1133 534 1218 590 bis
1240 535 1487 593 Christus
1509 542 1804 598 secundum
1833 558 1951 598 car-

365 632 515 684 nem,
541 620 635 690 qui
672 628 757 675 est
788 636 954 692 super
992 627 1174 682 omnia
1209 628 1352 686 Deus
1393 631 1709 691 benedictus
1755 637 1807 691 in
1848 653 1951 693 sa:-

363 706 482 765 Culs
513 706 693 776 (Rom.
718 710 823 781 ix).
855 712 1057 768 Verum
1090 717 1256 773 etiam
1296 726 1355 774 ut
1390 729 1598 793 gentes,
1631 740 1751 794 quae
1782 728 1950 784 variis

362 808 520 855 erant
555 803 833 858 erroribus
872 812 926 860 et
962 805 1293 868 facinoribus
1314 812 1620 884 implicatae,
1648 818 1751 875 hoc
1774 823 1943 876 maxi-

363 907 464 947 mm
515 894 712 951 divinae
752 897 972 966 pietatis
1006 900 1283 970 indicium,
1313 906 1379 962 ad
1416 923 1566 979 spem
1592 910 1944 980 impetrandae

363 982 533 1038 venia
562 997 917 1055 provocaret,
956 994 1100 1061 quod
1144 994 1225 1050 eis
1251 1011 1465 1068 quoque
1509 1006 1599 1072 qui
1619 997 1815 1057 Filium
1846 1004 1939 1060 Dei

360 1072 790 1142 crucifixerunt,
842 1095 949 1134 non
1006 1091 1216 1140 tantum
1269 1088 1482 1144 veniam
1537 1101 1720 1148 reatus
1762 1108 1791 1148 a
1832 1089 1939 1148 Pa-

362 1171 465 1228 tre,
496 1163 591 1219 sed
618 1173 674 1222 et
708 1168 833 1226 vita:
855 1179 1074 1229 aeternae
1111 1177 1364 1248 gaudium
1407 1180 1657 1239 viderent
1701 1199 1821 1241 esse
1847 1185 1942 1241 do-

359 1260 567 1311 natum.

816 1332 1021 1390 rsum
1059 1338 1127 1393 ιν
1163 1338 1474 1399 ρΑεοηΑε.
1542 1428 1545 1432 ἓ

730 1438 946 1482 Αστυωι
974 1444 1355 1488 Ανοετοιοῑιυιι
1384 1450 1503 1490 CAP.
1530 1451 1611 1493 Ill.

434 1547 453 1580 ι
486 1529 753 1600 Aperiens
787 1533 980 1594 Petrus
1003 1555 1065 1595 os
1097 1556 1254 1598 suum
1298 1544 1470 1600 dixit:
1503 1548 1617 1602 Viri
1659 1550 1937 1618 lsraelitm,

359 1639 380 1672 ‹
416 1630 475 1677 et
504 1623 599 1693 qui
637 1625 840 1683 timetis
887 1628 1087 1693 Deum,
1134 1635 1333 1689 audite.
1386 1635 1528 1694 Deus
1573 1639 1841 1698 Abraham
1884 1653 1939 1700 et

358 1729 379 1762 σ
418 1711 562 1769 Deus
583 1713 734 1773 lsaac
758 1726 814 1773 et
841 1719 982 1776 Deus
1004 1721 1190 1790 Iacob,
1222 1726 1364 1782 Deus
1390 1735 1603 1798 patrum
1627 1740 1935 1790 nostrorum

2054 548 2236 597 nostra
2283 544 2589 600 dilectione.
2641 545 2715 601 De
2764 547 2926 603 Patre
2976 550 3121 604 enim
3169 552 3244 605 ait
3288 552 3626 622 Apostolus:

2053 630 2158 696 Qui
2178 635 2389 704 proprio
2419 633 2560 691 Filio
2583 652 2687 692 non
2712 640 2957 709 pepercit,
2986 642 3077 695 sed
3099 660 3192 712 pro
3218 643 3363 699 nobis
3389 646 3628 706 omnibus

2051 723 2269 779 tradidit
2288 742 2426 779 eum.
2452 723 2672 783 DeFilio
2700 737 2878 784 autem
2922 749 2935 784 :
2978 730 3082 797 Qui
3112 733 3297 788 dilexit
3324 750 3420 791 nos
3443 747 3495 791 et
3521 749 3618 792 trao

2050 811 2185 868 didit
2216 816 2547 886 semetipsum
2573 835 2668 888 pro
2692 821 2862 875 nobis.

2123 903 2191 959 Et
2221 908 2445 979 negastis
2466 918 2588 964 ante
2601 912 2792 981 faciem
2816 910 2995 967 Pilati.
3023 915 3273 971 Dicentes
3303 934 3316 970 :
3347 916 3627 992 Crueiﬁge,

2049 997 2315 1068 crueiﬁge,
2358 1000 2519 1081 talem
2551 1018 2649 1058 nos
2677 1020 2782 1059 non
2812 1006 3062 1062 habemus
3102 1025 3268 1079 regem
3309 1013 3410 1065 nisi
3448 1010 3630 1068 (Σανδα-

2047 1104 2189 1153 rem,
2236 1107 2329 1145 nos
2355 1091 2517 1162 legem
2555 1096 2837 1162 habemus,
2872 1108 2920 1152 et
2957 1101 3243 1170 secundum
3278 1100 3439 1172 legem
3481 1103 3632 1158 debet

2048 1181 2202 1244 mori,
2230 1179 2514 1253 quiFilium
2542 1185 2640 1241 Dei
2667 1204 2722 1242 se
2749 1190 2890 1259 fecit.

2112 1270 2397 1331 Iudicante
2432 1276 2526 1331 illo
2548 1280 2759 1335 dimitti.
2787 1280 3064 1348 Quaerebat
3089 1286 3246 1348 enim,
3276 1286 3352 1340 ait
3374 1286 3621 1359 Evange-

2044 1360 2208 1430 lium,
2270 1364 2478 1423 Pilatus
2517 1373 2957 1440 opportunitatem
2998 1384 3057 1427 ut
3104 1375 3388 1430 dimitteret
3413 1375 3622 1439 Iesum,

2046 1453 2232 1510 dicens
2263 1474 2274 1508 :
2310 1456 2424 1528 Ego
2466 1476 2571 1514 non
2609 1461 2817 1516 invenio
2850 1464 2905 1517 in
2941 1479 3002 1517 eo
3036 1480 3278 1530 causam,
3327 1467 3422 1521 sed
3454 1482 3627 1538 neque

2046 1540 2308 1608 Herodes,
2343 1545 2548 1603 Pilatus
2575 1549 2741 1606 mittit
2767 1552 2836 1607 ad
2858 1550 3147 1618 Herodem,
3183 1553 3422 1610 Herodes
3449 1557 3631 1612 remit-

2046 1634 2110 1688 tit
2136 1635 2204 1690 ad
2233 1636 2480 1694 Pilatum.
2517 1640 2660 1696 inter
2680 1644 2815 1698 duas
2851 1643 3189 1714 impietates,
3222 1645 3481 1701 discurrit
3508 1649 3625 1716 pie-

2044 1732 2145 1789 tas,
2176 1737 2230 1781 et
2255 1736 2435 1793 tamen
2461 1730 2710 1802 impietas
2736 1734 2990 1803 pietatem
3028 1750 3131 1789 non
3160 1742 3339 1806 potest
3373 1735 3630 1792 condem-

357 1820 377 1852 ι
415 1802 741 1874 gloriﬁcavit
774 1808 941 1866 lilium
971 1828 1126 1869 suum
1153 1813 1358 1884 Iesum,
1389 1834 1548 1889 quem
1585 1837 1681 1879 vos
1721 1826 1938 1896 quidem

2046 1828 2193 1869 nare.
2227 1816 2472 1873 Praesens
2511 1829 2593 1877 est
2636 1802 2800 1889 reus,
2849 1832 2906 1879 et
2948 1840 3055 1880 non
3110 1824 3623 1882 invenitur'reatus.

363 1911 382 1945 α
428 1894 747 1963 tradidistis,
777 1908 833 1956 et
866 1905 1105 1974 negastis
1154 1914 1282 1962 ante
1329 1907 1523 1965 faciem
1574 1894 1770 1979 Pilatii,
1800 1915 1948 1986 judi-

360 2003 381 2035 ι
424 1995 586 2043 caute
618 1988 711 2045 illo
752 1991 972 2048 dimitti.
1004 1993 1113 2053 Vos
1152 2009 1329 2059 autem
1351 1999 1557 2069 justum
1600 2012 1655 2059 et
1697 2014 1945 2062 sanctum

352 2094 371 2126 ο
418 2085 674 2149 negastis,
701 2091 757 2138 et
782 2084 997 2154 petistis
1029 2088 1202 2144 virum
1250 2091 1575 2148 homicidam
1614 2096 1807 2151 donari
1852 2114 1947 2153 vo-

354 2185 371 2215 σ
414 2167 520 2234 bis,
549 2181 829 2231 auctorem
856 2192 987 2232 vero
1019 2180 1143 2235 vitae
1183 2182 1556 2249 iuterfecistis,
1599 2202 1759 2256 quem
1803 2188 1943 2245 Deus

351 2276 370 2309 r
414 2258 697 2318 suscitavit
724 2280 755 2319 a
801 2269 1047 2333 mortuis,
1080 2272 1234 2343 cujus
1280 2288 1378 2330 nos
1417 2283 1584 2331 testes
1622 2292 1829 2333 sumus.
1873 2279 1941 2334 Et

351 2373 369 2406 ε
416 2370 581 2421 nunc,
625 2355 841 2423 fratres,
877 2360 1012 2427 scio,
1041 2363 1166 2433 quia
1197 2379 1294 2435 per
1320 2367 1682 2439 ignorantiam
1711 2368 1938 2439 fecistis,

351 2467 367 2496 ί
412 2446 553 2502 sicut
575 2456 630 2502 et
649 2450 925 2522 principes
950 2458 1140 2511 vestri.
1168 2457 1308 2513 Deus
1338 2468 1542 2527 autem,
1569 2463 1658 2532 qui
1687 2480 1941 2535 przenun-

351 2555 369 2588 ι
416 2538 572 2593 tiavit
596 2554 693 2609 per
716 2556 780 2597 os
812 2545 1053 2601 omnium
1090 2546 1483 2619 Pr0phetarum
1515 2555 1625 2624 pati
1660 2553 1936 2613 Christum

350 2647 368 2679 ι
412 2643 567 2684 suum
597 2631 838 2702 implevit
862 2635 961 2690 sic.
1000 2635 1341 2694 Pmnitemini
1386 2642 1550 2713 igitur
1572 2651 1627 2700 et
1663 2648 1934 2702 converti-

350 2735 367 2757 ι
410 2719 565 2784 mini,
592 2729 654 2775 ut
678 2721 959 2779 deleantur
981 2737 1161 2782 vestra
1189 2738 1429 2798 peccata.
1446 2754 1464 2785 ι

418 2809 667 2880 Aperiens
713 2810 903 2870 Petrus
932 2832 990 2870 os
1038 2833 1191 2872 suum
1244 2820 1396 2875 dixit.
1441 2822 1742 2881 Notandum
1790 2831 1933 2899 quod

348 2899 493 2955 viros
519 2900 589 2957 de
633 2916 832 2972 genere
863 2905 1063 2974 Israel,
1099 2917 1155 2964 et
1201 2913 1455 2969 timentes
1502 2916 1671 2972 Deum
1716 2919 1783 2973 ad
1832 2937 1932 2976 au-

348 2990 602 3073 diendum
648 2996 859 3052 Dommi
908 3011 1168 3069 provocat
1212 3004 1455 3060 verbum.
1497 3006 1609 3065 Viri
1659 3013 1805 3068 enim
1849 3015 1931 3070 di-

347 3091 544 3139 suntur
573 3101 604 3141 a
646 3087 873 3153 viribus,
914 3093 1004 3162 qui
1050 3096 1301 3153 nesciunt
1346 3100 1628 3159 tolerando
1669 3104 1924 3174 deiicere,
1957 3154 1997 3174 ,.,

346 3185 436 3231 aut
485 3177 540 3233 in
597 3182 874 3253 prosperis
920 3184 1099 3257 aliqua
1149 3201 1207 3243 se
1264 3188 1497 3246 elatione
1554 3192 1788 3263 jactare,
1831 3201 1926 3255 sed

345 3268 528 3324 animo
575 3271 757 3327 stabili
804 3273 963 3330 deﬁxi
1010 3285 1068 3333 et
1107 3279 1407 3337 caelestium
1457 3298 1640 3340 rerum
1689 3297 1932 3346 contem-

344 3357 584 3428 platione
627 3362 847 3430 firmati,
877 3378 1097 3423 manent
1142 3385 1356 3442 semper
1398 3375 1692 3446 impavidi:
1725 3377 1830 3445 Qui
1864 3382 1933 3436 ti-

344 3451 493 3505 metis
522 3450 827 3521 Dominum,
866 3457 1068 3529 inquit,
1102 3461 1300 3527 audite,
1328 3463 1383 3519 id
1408 3471 1528 3529 est,
1559 3467 1650 3536 qui
1678 3482 1931 3526 reveren—

343 3540 473 3595 tiam
502 3542 719 3601 habetis
746 3548 981 3603 nominis
1015 3549 1152 3619 ejus,
1181 3554 1306 3621 quia
1335 3553 1451 3622 ejus
1482 3558 1649 3613 verba
1676 3574 1784 3615 non
1824 3576 1935 3618 me-

344 3637 495 3685 retur
536 3633 749 3700 audire,
775 3637 878 3693 nisi
905 3639 998 3710 qui
1039 3643 1387 3712 cognoscitur
1422 3652 1478 3700 et
1507 3648 1718 3705 timere.
1747 3649 1932 3706 Timor

344 3731 526 3780 autem
574 3726 810 3791 Domini,
839 3732 966 3801 quia
990 3731 1170 3802 justus
1201 3745 1256 3789 et
1303 3744 1485 3794 rectus
1523 3745 1625 3795 est.
1674 3739 1931 3797 Auditum

345 3825 600 3883 renovat,
639 3832 877 3876 amorem
940 3822 1164 3885 tribuit,
1214 3825 1464 3882 ardorem
1519 3830 1791 3888 castitatis
1842 3834 1928 3889 in-

344 3907 604 3963 ﬂammat.

412 3999 560 4055 Deus
587 4002 873 4070 Abraham,
905 4005 1049 4061 Deus
1086 4007 1242 4064 Isaac
1277 4022 1325 4066 et
1373 4012 1513 4069 Deus
1544 4014 1736 4083 Iacob,
1789 4017 1928 4073 Deus

342 4098 555 4159 patrum
599 4103 920 4150 nostrorum.
970 4098 1185 4154 Poterat
1231 4101 1412 4159 dicere
1450 4105 1593 4163 Deus
1628 4107 1928 4181 Abraham,

345 4179 495 4238 [sane
531 4190 588 4237 et
626 4180 791 4240 Iacob
816 4227 830 4251 ,
880 4188 974 4243 sed
1018 4198 1102 4246 ter
1135 4194 1381 4249 nominat
1424 4194 1592 4252 Deum
1630 4198 1925 4265 Abraham,

344 4270 520 4326 Deum
552 4271 722 4343 Isaac,
751 4277 916 4334 Deum
943 4278 1127 4347 Iacob,
1163 4293 1223 4339 ut
1249 4292 1307 4340 tu
1335 4285 1607 4359 intelligas
1630 4289 1847 4348 Patrem
1874 4304 1931 4350 et

344 4360 543 4418 Filium
582 4373 639 4418 et
668 4365 928 4437 Spiritum
971 4382 1250 4441 sanetum,
1282 4384 1337 4433 et
1378 4393 1448 4433 ne
1488 4379 1584 4435 tibi
1614 4383 1927 4439 scandalum

2051 1905 2373 1964 Tradidistis
2398 1913 2527 1967 mihi
2558 1913 2704 1970 hunc
2728 1914 3020 1980 hominem,
3056 1917 3259 1986 inquit,
3285 1918 3440 1987 quasi
3472 1934 3629 1993 aver-

2048 2006 2247 2053 tentem
2286 2002 2534 2071 populum
2557 2044 2570 2068 ,
2612 2014 2666 2059 et
2697 2019 2825 2061 ecce
2859 2021 3041 2062 coram
3069 2007 3222 2063 vobis
3261 2009 3622 2080 interrogans,

2046 2088 2248 2143 nullam
2280 2106 2497 2148 causam
2529 2095 2741 2151 invenio
2776 2095 2829 2152 in
2866 2113 2952 2160 eo,
2995 2098 3048 2153 in
3079 2094 3163 2153 bis
3194 2098 3249 2153 in
3277 2099 3473 2168 quibus
3500 2116 3625 2155 eum

2045 2182 2333 2237 accusatis.
2378 2183 2595 2250 Dicitis,
2641 2187 2784 2256 quod
2813 2188 3092 2258 praecipiat
3127 2188 3331 2243 tributa
3354 2204 3462 2245 non
3488 2189 3624 2244 solvi

2044 2267 2242 2327 Ctesari
2268 2292 2282 2328 :
2315 2277 2659 2348 comprobavi
2685 2278 2879 2336 falsum
2909 2281 3209 2352 esse,quod
3235 2282 3490 2354 objicitis.
3520 2284 3623 2339 Do-

2044 2376 2169 2418 cere
2203 2364 2347 2422 hunc
2385 2375 2575 2424 contra
2611 2368 2784 2441 legem
2813 2370 2994 2427 dicitis
3029 2391 3041 2426 :
3086 2372 3313 2442 probavi
3348 2387 3474 2429 eum
3512 2389 3620 2429 non

2043 2455 2324 2515 destruere
2348 2458 2549 2532 legem,
2581 2462 2674 2519 sed
2707 2462 3032 2533 adimplere;
3063 2464 3244 2519 omnia
3274 2477 3394 2534 qua
3423 2463 3623 2536 objeci-

2042 2548 2141 2603 stis
2178 2549 2230 2602 in
2264 2549 2537 2607 diversum
2564 2552 2782 2608 inventa
2809 2560 2952 2609 sunt.

2105 2633 2173 2685 Et
2194 2631 2400 2700 petistis
2414 2632 2587 2685 virum
2616 2631 2939 2686 homicidam
2952 2631 3147 2686 donari
3158 2632 3323 2687 vobis.
3344 2632 3476 2688 Erat
3518 2650 3617 2687 au-

2033 2735 2155 2786 tem,
2177 2726 2253 2778 ait
2277 2724 2652 2794 Evangellum,
2669 2726 2759 2795 qui
2775 2725 3053 2780 dicebatur
3068 2725 3362 2791 Barrabas,
3386 2728 3613 2790 vinctus,

2006 2819 2119 2887 ‘qut'
2139 2817 2193 2870 in
2219 2815 2468 2871 seditione
2503 2817 2699 2886 fecerat
2737 2816 3103 2872 homicidium.
3143 2818 3408 2873 Barrabas
3442 2820 3612 2883 cutim,

2029 2910 2122 2980 qui
2169 2909 2312 2978 ﬁlius
2342 2911 2514 2979 patris
2555 2909 2973 2980 interpretatur,
3009 2909 3280 2978 signiﬁcat
3314 2911 3613 2970 diabolum,

2031 3003 2125 3074 qui
2157 3003 2355 3057 multas
2379 3002 2682 3058 seditiones
2702 3002 2757 3058 in
2777 3011 2892 3058 toto
2923 3001 3166 3059 concitat
3192 3003 3345 3067 orbe,
3378 3004 3618 3058 homici-

2034 3097 2123 3152 dia
2160 3096 2373 3151 scilicet
2402 3107 2455 3151 et
2490 3095 2757 3151 adulteria
2790 3104 2847 3152 et
2872 3096 3058 3151 omnia
3093 3094 3468 3163 crimina.Qui
3501 3108 3617 3152 sta-

2035 3193 2131 3246 tim
2165 3199 2224 3245 ut
2248 3191 2407 3246 Iesus
2439 3189 2740 3246 cruciﬁxus
2767 3199 2875 3254 est,
2901 3188 3170 3245 Barrabas
3199 3189 3301 3244 iste
3337 3189 3616 3251 dimissus,

2032 3285 2268 3341 suffocat
2295 3283 2557 3355 pupulum
2588 3284 2921 3339 Iudaeorum.

2107 3374 2379 3426 Auctorem
2406 3388 2521 3427 rero
2544 3375 2661 3428 vita:
2686 3374 3044 3446 interfecistis,
3061 3383 3165 3430 etc.
3183 3375 3334 3429 Illum
3352 3374 3444 3442 qui
3467 3373 3616 3445 plas-

2035 3459 2205 3513 mavit
2265 3460 2540 3515 hominem
2587 3461 2653 3516 de
2699 3462 2829 3517 limo
2878 3472 3036 3519 terra:
3064 3506 3078 3529 ,
3127 3472 3182 3520 et
3234 3462 3513 3532 inspiravit
3557 3463 3614 3516 in

2035 3548 2225 3605 faciem
2250 3549 2367 3619 ejus
2401 3552 2725 3622 spiraculum
2757 3553 2900 3617 vitae,
2939 3563 2993 3609 et
3037 3553 3211 3610 factus
3245 3562 3329 3609 est
3354 3553 3516 3609 homo
3556 3553 3608 3606 in

2034 3641 2269 3696 animam
2315 3643 2604 3699 viventem.
2644 3642 2797 3699 illum
2835 3646 2928 3716 qui
2975 3646 3113 3702 dixit
3142 3665 3161 3702 τη
3192 3646 3303 3718 Ego
3334 3662 3451 3702 sum
3490 3646 3609 3708 uia,

2000 3785 2003 3789 .
2034 3735 2222 3788 veritas
2268 3743 2317 3788 et
2355 3735 2459 3790 rita
2486 3733 2667 3809 (Ioan.
2698 3736 2841 3804 xiv),
2881 3745 2937 3794 et
2964 3738 3029 3793 de
3064 3751 3172 3810 quo
3201 3737 3474 3794 Ioannes:
3508 3734 3607 3790 Hic

2032 3833 2106 3878 est
2137 3841 2286 3879 verus
2329 3824 2468 3881 Deus
2501 3835 2550 3881 et
2580 3827 2685 3881 vita
2708 3838 2904 3883 aeterna
2940 3827 2993 3898 (I
3013 3827 3175 3882 Ioan.
3229 3822 3306 3888 ν).

2102 3916 2170 3972 Et
2200 3934 2360 3981 nunc,
2383 3917 2595 3989 fratres,
2619 3920 2745 3982 scio,
2762 3919 2886 3992 quia
2900 3936 2994 3991 per
3016 3918 3367 3989 ignorantiam
3393 3918 3608 3987 fecistis.

2033 4009 2094 4064 Si
2119 4012 2258 4065 enim
2287 4014 2661 4082 cognovissent,
2702 4012 2779 4067 ait
2803 4011 3112 4082 Apostolus,
3140 4025 3402 4081 nunquam
3426 4007 3610 4063 Domi-

2033 4122 2154 4160 num
2176 4103 2360 4175 gloria:
2381 4104 2782 4174 cruciﬁxissent.

2103 4194 2239 4249 Deus
2266 4203 2440 4249 autem
2477 4196 2567 4265 qui
2599 4193 2969 4265 praenuntiavit
2994 4207 3086 4262 per
3122 4207 3180 4244 os
3213 4189 3447 4242 ontnium
3476 4204 3603 4257 pro-

2028 4285 2320 4353 phetarum,
2346 4285 2456 4354 pati
2486 4282 2752 4337 Christum
2780 4298 2933 4336 suum
2960 4279 3223 4351 impletum
3256 4279 3350 4333 sic.
3382 4276 3519 4332 Hinc
3549 4287 3605 4330 et

2031 4376 2143 4443 ipse
2173 4373 2431 4429 Dominus
2459 4372 2708 4443 Cleophae
2728 4378 2781 4426 et
2806 4371 2913 4427 alio
2934 4369 3196 4440 discipulo
3227 4370 3302 4423 ait
3334 4386 3345 4422 :
3384 4366 3429 4422 0
3456 4370 3608 4422 stulti

346 4464 502 4512 terna
535 4457 630 4513 Dei
666 4463 962 4519 nominatio
993 4477 1299 4537 generaret,
1325 4471 1475 4526 addit
1511 4491 1523 4526 :
1552 4472 1692 4528 Deus
1717 4485 1926 4545 patrum
1955 4505 2005 4564 Β
2032 4478 2079 4522 ει
2119 4464 2259 4520 lardi
2291 4465 2449 4564 ερνάε
2469 4464 2548 4564 αξ(
2571 4463 2883 4564 σνεάςπάιιηι
2903 4505 2916 4529 ν
2945 4464 3001 4564 ill
3030 4462 3417 4564 _Q"l"l£_"ﬁ.‘llf‘?
3445 4461 3609 4564 ίοοατξ

346 4557 668 4614 nostrorum,
696 4555 986 4621 prudenter
1009 4559 1152 4612 enim
1190 4575 1449 4630 personas
1478 4563 1727 4621 distinxit
1748 4576 1803 4623 et
1831 4585 1925 4623 na-

347 4648 526 4695 turam
565 4644 757 4698 uuivit.

302 4716 313 4723 ’
415 4731 744 4803 Cleri/ienuit
764 4732 938 4792 Flium
964 4757 1117 4794 suum
1149 4741 1351 4797 Iesum.
1394 4744 1728 4804 Glorillcavit
1759 4748 1925 4806 lilium

344 4839 530 4889 suum,
553 4825 769 4894 quando
795 4837 913 4898 post
946 4833 1396 4889 resurrectionem
1426 4835 1588 4892 nimis
1622 4839 1921 4894 mirabilem

343 4915 516 4971 totius
534 4916 717 4971 mundi
749 4920 1141 4985 credulitatem,
1173 4924 1311 4978 Deus
1337 4925 1385 4980 ei
1427 4928 1479 4980 iu
1507 4942 1572 4981 eo
1595 4930 1736 4999 quod
1764 4932 1925 4986 homo

344 5002 522 5062 factus
562 5016 669 5074 est,
709 4998 908 5065 habere
949 5013 1236 5068 concessit.
1279 4998 1627 5074 Glorilicavit
1652 5036 1774 5075 eum
1811 5023 1924 5094 glo-

344 5098 424 5152 ria
462 5099 906 5179 resurrectionis,
933 5103 1253 5172 gloriﬁcavit
1283 5106 1449 5178 gloria
1487 5112 1837 5179 ascensionis,
1872 5123 1925 5170 et

344 5170 805 5256 gloriﬁcavitsuze
828 5192 1029 5245 dextra:
1059 5195 1316 5248 sessione.

420 5273 586 5338 Quem
612 5292 700 5331 vos
727 5278 934 5348 quidem
971 5279 1285 5336 tradidistis.
1312 5282 1453 5340 Hinc
1472 5285 1615 5341 enim
1648 5291 1926 5360 respondit

346 5364 551 5422 Pilatus
574 5366 821 5433 Domino,
853 5368 1043 5424 dicens
1070 5387 1081 5422 :
1110 5368 1365 5440 Nunquid
1391 5388 1489 5444 ego
1510 5373 1737 5430 Iudreus
1772 5381 1929 5433 sum?

346 5454 486 5512 Gens
519 5467 613 5512 tua
651 5466 699 5512 et
733 5459 1005 5529 pontiﬁces
1044 5461 1377 5519 tradiderunt
1405 5473 1454 5518 te
1493 5465 1644 5531 mihi,
1685 5468 1811 5538 quid
1846 5468 1924 5538 [e-

345 5550 466 5603 cisti
517 5550 699 5620 (Ioan.
734 5552 1286 5624 xvm)?subaudilur,
1329 5564 1390 5610 ut
1430 5555 1719 5613 tradereris
1767 5560 1926 5616 mihi.

346 5639 714 5696 Tradiderunt
759 5644 905 5699 enim
960 5645 1243 5701 Dominum
1294 5648 1603 5704 sacerdotes
1639 5663 1737 5718 per
1793 5651 1927 5705 invi-

348 5734 518 5805 diam,
552 5734 772 5792 tradidit
802 5734 963 5792 Iudas
989 5754 1084 5808 per
1109 5739 1483 5808 cupiditatem,
1517 5739 1735 5794 tradidit
1767 5739 1928 5795 Pater

2029 4565 2150 4611 sunt
2178 4554 2460 4626 praphette.
2495 4553 2684 4608 Nonne
2704 4553 2815 4608 ha'c
2838 4553 3063 4625 oportuit
3095 4554 3203 4623 pali
3232 4550 3518 4608 Christum.
3554 4560 3605 4604 et

2030 4646 2104 4699 ita
2136 4646 2335 4698 intrare
2381 4645 2437 4698 in
2467 4642 2692 4714 gloriam
2720 4643 2910 4698 suam?
2938 4641 3008 4697 Et
3035 4642 3287 4713 incipiens
3311 4660 3344 4696 a
3373 4640 3519 4696 Mose
3550 4652 3617 4695 etv

2016 4735 2264 4789 omnibus
2305 4734 2566 4805 prophetis
2594 4774 2609 4797 ,
2649 4732 3090 4804 interpretabatur
3127 4732 3230 4785 illis
3270 4731 3334 4785 de
3362 4731 3611 4786 omnibus

2017 4825 2330 4898 Scripturis,
2359 4841 2476 4897 quit
2503 4826 2569 4879 de
2594 4827 2704 4895 ipso
2748 4834 2893 4880 erant
2936 4824 3087 4897 (Luc.
3116 4823 3342 4896 ultima).
3370 4824 3428 4880 Si
3456 4826 3600 4879 enim

2030 4916 2205 4973 Moses
2240 4921 2297 4972 et
2330 4932 2518 4973 omnes
2554 4916 2830 4987 prophetae
2861 4915 3135 4970 Christum
3171 4914 3332 4970 locuti
3362 4924 3518 4979 sunt,
3548 4925 3609 4970 et

2030 5011 2173 5067 hunc
2199 5026 2298 5082 per
2326 5005 2628 5079 angustiam
2654 5008 2922 5080 passionis
2941 5008 2996 5061 in
3020 5008 3243 5077 gloriam
3266 5022 3418 5062 suam
3435 5008 3608 5061 intra-

2034 5110 2243 5169 turum,
2278 5116 2385 5173 qua
2425 5103 2635 5157 ratione
2669 5115 2728 5156 se
2756 5100 3057 5172 gloriantur
3091 5109 3210 5154 esse
3242 5098 3597 5165 Christianos,

2030 5194 2121 5264 qui
2165 5194 2316 5263 juxta
2358 5193 2552 5248 virium
2598 5206 2818 5247 suarum
2866 5190 3139 5246 modulum
3169 5232 3182 5255 ,
3239 5204 3414 5260 neque
3450 5188 3596 5244 Serio

2032 5294 2235 5355 pturas,
2262 5283 2495 5355 qualiter
2517 5281 2585 5336 ad
2614 5280 2887 5337 Christum
2916 5281 3223 5352 pertineant
3258 5278 3593 5347 investigare,

2032 5392 2206 5448 neque
2233 5375 2301 5430 ad
2325 5373 2552 5445 gloriam
2565 5388 2747 5445 quam,
2771 5388 2893 5428 cum
2907 5373 3122 5428 Christo
3144 5372 3343 5427 habere
3358 5369 3593 5437 cupiunt,

2027 5481 2124 5535 per
2163 5464 2444 5536 passiones
2472 5462 2878 5518 tribulationum
2907 5462 3216 5518 desiderant
3243 5460 3523 5526 attingere.

2298 5570 2633 5611 ενΑΝῦεωυκ
2662 5570 2894 5617 ιοληκιε,
2924 5568 3041 5608 CAP.
3074 5563 3333 5607 υιτικυκ.

2105 5667 2122 5699 σ
2171 5646 2534 5703 Manifestavit
2569 5661 2629 5702 se
2667 5646 2821 5702 Iesus
2851 5646 3042 5700 iterum
3074 5639 3347 5710 discipulis
3385 5639 3497 5695 suis
3530 5639 3598 5695 ad

2036 5757 2053 5789 ι
2101 5754 2247 5794 mare
2276 5735 2608 5809 Tybcriadis.
2640 5734 2997 5791 Manifestavit
3053 5738 3231 5787 autem
3267 5732 3345 5787 sic
3375 5749 3387 5785 :
3430 5729 3596 5787 Erant
