3994 6206
369 348 477 404 Ζίδ

1662 334 2011 395 διωωιθι
2045 331 2345 388 ΑΒΕΔΉὸ

3520 332 3627 388 est

375 484 397 518 4
438 462 600 521 simul
632 460 821 516 Simon
843 459 1036 514 Petrus
1064 467 1119 513 et
1145 456 1403 519 Thomas,
1436 451 1538 523 qui
1560 451 1758 507 dicitur
1784 449 1945 519 Didy-
1974 452 2021 510 Α
2047 447 2230 503 littore
2264 446 2446 511 stetit,
2468 444 2562 515 qui
2588 453 2713 501 ante
2751 447 3203 502 resurrectionem
3228 461 3406 512 suam,
3442 462 3630 503 eorum

374 571 399 607 ‹
440 568 583 617 mus,
603 558 662 606 et
676 547 998 614 Nathanael,
1012 548 1104 617 qui
1127 553 1246 602 erat
1268 559 1299 598 a
1321 541 1469 598 Cana
1486 538 1742 605 Galilteac,
1767 547 1822 595 et
1846 537 1944 593 ﬁlii

373 661 399 696 ι
442 641 711 707 Zebedtci,
741 649 799 696 et
823 638 915 693 alii
939 652 1006 691 ex
1023 634 1303 704 discipulis
1325 632 1444 702 ejus
1456 631 1583 687 duo.
1602 629 1744 685 Dicit
1763 629 1845 686 eis
1859 628 1946 703 Si:

375 752 397 789 ‹
443 750 567 791 mon
586 732 813 789 Petrus:
832 728 981 785 Vade
1006 726 1225 800 piscari.
1254 720 1450 783 Dicunt
1476 724 1527 779 ei
1562 741 1575 777 :
1611 722 1872 777 Venimus
1892 729 1948 777 et

378 846 398 879 ο
443 840 540 881 nos
563 832 764 879 tecum.
792 819 861 876 Et
885 820 1134 874 exierunt
1171 824 1226 871 et
1256 815 1617 872 ascenderunt
1651 814 1705 869 in
1742 813 1945 877 navim,

378 939 394 966 ε
440 924 498 972 et
532 914 622 971 illa
653 919 813 969 nocte
839 911 973 967 nihil
1005 909 1416 982 prendiderunt.
1446 907 1603 963 Mane
1639 917 1822 962 autem
1862 903 1946 959 ia-

378 1030 397 1062 s
440 1019 528 1067 cto
555 1007 706 1064 stetit
725 1004 882 1062 Iesus
910 1004 965 1060 in
995 1004 1196 1071 littore,
1219 1018 1326 1058 non
1353 1009 1532 1056 tamen
1552 1004 1952 1071 cognoverunt,

376 1118 396 1153 ι
441 1100 569 1169 quia
602 1097 761 1154 Iesus
779 1103 886 1153 est.
922 1093 1071 1149 Dixit
1097 1107 1227 1165 ergo
1256 1092 1338 1147 eis
1364 1090 1524 1147 Iesus
1555 1108 1568 1143 :
1594 1089 1777 1155 Pueri,
1808 1104 1949 1144 nun-

378 1210 397 1241 c
437 1189 567 1260 quid
618 1186 1036 1259 pulmentarium
1087 1183 1342 1240 habetis?
1387 1181 1801 1251 Responderunt
1839 1181 1892 1235 ei
1931 1194 1946 1232 :

376 1298 396 1331 ι
442 1278 583 1334 Νοιι.
613 1277 759 1332 Dixit
782 1276 864 1333 eis
893 1290 907 1330 :
938 1274 1132 1330 Mittite
1170 1274 1227 1328 in
1257 1273 1533 1328 dexteram
1572 1269 1772 1341 navigii
1811 1278 1945 1333 rete,

376 1388 395 1420 σ
440 1376 497 1425 et
527 1367 832 1423 invenietis.
878 1364 1140 1422 Miserum
1180 1379 1311 1434 ergo
1338 1373 1393 1417 et
1421 1362 1535 1432 jam
1570 1376 1677 1416 non
1701 1358 1954 1415 valebant

374 1476 395 1509 ο
440 1458 569 1514 illud
598 1458 818 1512 trahere
855 1470 968 1525 pm
1000 1453 1345 1510 multitudine
1371 1452 1621 1523 piscium.
1654 1449 1801 1505 Dixit
1821 1462 1952 1519 ergo

377 1568 395 1600 ι
440 1546 741 1618 discipulus
770 1545 861 1600 ille
886 1560 1049 1614 quem
1074 1543 1329 1613 diligebat
1351 1540 1513 1597 Iesus
1537 1539 1699 1596 Petro
1724 1554 1739 1593 :
1772 1538 1952 1594 Domi-

377 1658 396 1691 ι
440 1653 546 1694 nus
567 1646 669 1693 est.
700 1635 887 1691 Simon
912 1635 1106 1690 Petrus
1126 1648 1248 1688 cum
1276 1632 1516 1687 audisset
1538 1630 1666 1701 quia
1690 1628 1953 1684 Dominus

376 1747 395 1780 ο
435 1736 543 1793 est,
573 1727 757 1782 tunica
786 1724 1054 1780 succinxit
1074 1738 1151 1778 se.
1180 1720 1311 1776 Erat
1330 1721 1475 1776 enim
1500 1720 1678 1776 nudus
1722 1728 1779 1775 et
1807 1718 1954 1773 misit

2044 536 2323 607 discipulis
2345 537 2401 591 in
2424 535 2677 592 ﬂuctibus
2704 538 2877 592 maris
2902 535 3219 592 ambulavit.
3249 536 3418 606 Cujus
3440 538 3523 594 rei
3542 554 3632 593 ra-

2046 628 2121 684 tio
2138 625 2333 683 festiue
2359 627 2726 699 cognoscitur,
2749 626 2795 682 si
2820 628 2934 697 ipsa
2964 643 3087 698 qua:
3108 635 3237 683 tune
3262 629 3438 684 inerat
3463 644 3634 686 causa

2044 726 2318 788 pensetur.
2352 716 2490 785 Quid
2529 718 2673 774 enim
2701 732 2852 774 mare
2876 757 2891 783 ,
2946 717 3051 773 nisi
3091 732 3335 789 praesens
3371 719 3632 776 saeculum

2046 807 2343 881 signiﬁcat,
2374 810 2518 881 quod
2552 824 2610 865 sc
2647 823 2935 871 causarum
2963 807 3197 863 tumultu
3223 819 3279 864 et
3303 808 3466 865 undis
3504 810 3633 866 vita:

2046 899 2415 971 corruptibilis
2454 899 2712 955 illiditur?
2751 898 2891 966 Quid
2925 913 3025 969 per
3049 897 3381 955 soliditatem
3408 898 3630 966 littoris,

2048 990 2151 1046 nisi
2187 988 2274 1044 illa
2302 991 2636 1060 perpetuitas
2675 989 2872 1059 quietis
2910 1000 3125 1045 aeterna:
3165 988 3455 1061 ﬁguratur,
3501 991 3631 1061 quia

2050 1082 2215 1152 igitur
2234 1079 2479 1149 discipuli
2506 1082 2682 1138 adhuc
2702 1081 2954 1137 llue'.ibus
2980 1080 3227 1137 mortalis
3241 1082 3367 1138 vitae
3392 1082 3626 1147 inerant,

2050 1171 2103 1225 in
2131 1170 2266 1225 niari
2291 1168 2624 1233 laborabant,
2652 1172 2777 1240 quia
2798 1185 2928 1226 vero
2949 1169 3278 1241 Redemptor
3303 1180 3493 1228 noster
3507 1173 3627 1245 jam

2049 1261 2450 1331 corruptionem
2472 1260 2652 1315 carnis
2680 1268 3008 1327 excesserat,
3027 1271 3151 1332 post
3172 1263 3630 1318 resurrectionem

2050 1367 2203 1411 suam
2235 1352 2291 1406 in
2319 1351 2501 1406 littore
2545 1351 2746 1418 stabat,
2796 1366 2861 1408 ac
2906 1353 2953 1408 sl
2998 1353 3174 1422 ipsum
3214 1353 3630 1410 resurrectionis

2052 1463 2162 1504 sua:
2186 1447 2503 1518 mysterium
2548 1447 2726 1516 reipsa
2754 1444 3031 1516 discipulis
3048 1444 3380 1516 loqueretur,
3403 1446 3586 1503 dicens
3615 1465 3629 1500 :

2051 1539 2172 1597 Iam
2209 1539 2363 1595 vobis
2408 1539 2465 1593 in
2494 1538 2634 1593 mari
2660 1553 2768 1593 non
2797 1553 3060 1609 appareo,
3098 1539 3225 1608 quia
3271 1538 3554 1594 vobisetun
3577 1539 3636 1593 in

2053 1630 2473 1701 perturbationis
2510 1628 2761 1684 ﬂuctibus
2803 1645 2911 1685 non
2955 1645 3095 1684 sum.
3141 1628 3307 1685 Facta
3340 1638 3427 1686 est
3452 1638 3635 1686 autem

2053 1722 2328 1792 discipulis
2356 1719 2669 1790 placationis
2701 1736 2897 1790 magna
2920 1719 3211 1776 diliicultas
3231 1761 3247 1786 ,
3284 1727 3343 1777 ut
3375 1721 3641 1792 magistro

376 1838 394 1870 ‹
439 1835 496 1875 se
523 1819 587 1873 in.
606 1833 774 1873 mare.
815 1815 920 1870 Alii
953 1823 1131 1869 autem
1155 1812 1402 1883 discipuli
1427 1812 1644 1883 navigio
1670 1818 1956 1866 venerunt.
1990 1803 2034 1861 Β
2063 1814 2309 1867 veniente
2339 1810 2493 1866 ﬁeret
2515 1811 2886 1867 admirationis
2914 1826 3122 1882 magna:
3143 1812 3467 1867 sublimitas.

376 1931 392 1962 ι
442 1909 555 1964 Non
590 1909 736 1964 enim
778 1908 935 1977 longe
963 1914 1120 1960 erant
1161 1921 1190 1959 a
1222 1913 1387 1970 terra,
1430 1903 1524 1959 sed
1554 1903 1712 1973 quasi
1751 1901 1954 1957 cubitis

375 2023 391 2050 ι
439 2000 708 2064 ducentis,
741 1999 1017 2053 trahentes
1046 2008 1160 2053 rete
1185 1997 1437 2067 piscium.
1479 1995 1550 2051 Ut
1576 2010 1709 2062 ergo
1734 1995 1955 2050 descen-

375 2110 394 2140 ι
441 2089 638 2144 derunt
666 2089 718 2142 in
743 2095 981 2151 terram,
1008 2086 1265 2141 viderunt
1291 2100 1491 2155 prunas
1522 2085 1746 2155 positas,
1780 2092 1835 2138 et
1867 2082 1952 2153 pi-

374 2197 393 2231 ι
438 2193 593 2234 seem.
631 2177 1029 2247 superpositum
1070 2183 1126 2231 et
1164 2190 1379 2245 panem.
1432 2174 1569 2229 Dicit
1616 2174 1700 2228 eis
1742 2171 1902 2228 Iesus
1936 2190 1948 2223 :

377 2291 394 2322 ε
436 2268 639 2325 Aﬁ‘erte
658 2268 726 2323 d‘e
738 2268 1119 2340 piscibusqnos
1138 2266 1487 2336 prendidistis
1507 2281 1669 2321 nunc.
1695 2263 1954 2320 Ascendit

377 2381 404 2414 τ
440 2376 568 2432 ergo
597 2360 782 2417 Simon
821 2359 1034 2425 Petrus,
1075 2368 1130 2414 et
1160 2360 1325 2414 traxit
1352 2366 1468 2414 rete
1502 2359 1555 2412 in
1587 2367 1809 2422 terram,
1843 2358 1954 2427 ple-

377 2473 394 2503 ι
444 2466 570 2507 num
597 2452 808 2522 magnis
833 2452 1072 2522 piscibus
1095 2459 1311 2507 centum
1338 2450 1726 2521 quinquaginta
1754 2450 1944 2504 tribus.

378 2561 396 2594 ‹
445 2541 507 2596 Et
532 2554 654 2595 cum
679 2540 811 2595 tanti
835 2550 1036 2605 essent,
1064 2555 1168 2595 non
1191 2549 1274 2594 est
1293 2540 1523 2595 scissum
1545 2547 1679 2594 rete.
1705 2538 1845 2593 Dicit
1868 2539 1950 2594 eis

378 2656 405 2687 ι
440 2634 599 2691 Iesus
624 2655 637 2690 :
661 2634 873 2698 Venite,
888 2632 1166 2704 prandete.
1193 2631 1259 2686 Et
1284 2645 1444 2687 nemo
1462 2629 1694 2686 audebat
1714 2629 1948 2685 discum-

377 2747 396 2778 ι
440 2726 684 2782 bentium
732 2726 1070 2797 interrogare
1114 2739 1238 2779 eum
1273 2741 1285 2776 :
1321 2721 1399 2777 Tu
1419 2721 1542 2792 Quis
1575 2722 1668 2776 es?
1712 2723 1946 2778 scientes

376 2838 396 2871 ι
442 2819 567 2889 quia
592 2818 853 2875 Dominus
870 2827 973 2873 est.
996 2816 1064 2873 Et
1089 2817 1232 2871 venit
1252 2813 1409 2871 Iesus
1420 2823 1472 2870 et
1498 2814 1708 2885 accepit
1725 2829 1942 2885 panem,
1992 2846 1995 2847 ν

376 2930 399 2962 ε
441 2919 507 2964 et
525 2909 669 2965 dedit
689 2909 771 2964 eis
782 2916 836 2963 et
856 2909 1061 2979 piscem
1089 2906 1361 2962 similiter.
1384 2904 1495 2959 iloc
1510 2903 1623 2973 jam
1648 2904 1809 2958 tertio
1832 2920 1945 2959 ma-

364 3020 409 3055 1:
442 2999 727 3056 nilestatus
765 3009 848 3056 est
893 2998 1053 3054 Iesus
1101 2997 1380 3067 discipulis
1416 2998 1548 3061 suis,
1597 3011 1721 3051 cum
1766 2998 1943 3051 resur-

378 3114 396 3145 ι
442 3092 677 3149 rexisset
699 3106 729 3146 a
752 3090 999 3146 mortuis.
1047 3111 1065 3141 ι

2127 1901 2277 1955 Ditrit
2326 1902 2401 1955 eis
2444 1918 2460 1956 :
2509 1898 2699 1955 Mittite
2750 1902 2805 1956 in
2860 1901 3127 1955 dexteram
3180 1902 3372 1971 navigii
3428 1911 3534 1957 rete
3587 1912 3637 1956 et

2055 1995 2344 2048 invenietis.
2399 1992 2488 2047 Bis
2536 1993 2590 2047 in
2646 2002 2833 2047 sancto
2887 1992 3173 2063 Evangelio
3223 1992 3461 2064 legitur,
3511 1996 3640 2064 quia

2057 2085 2316 2140 Dominus
2347 2084 2543 2154 jussit,
2575 2094 2633 2138 ut
2662 2085 2728 2138 ad
2754 2084 3075 2154 piscandum
3104 2085 3240 2140 retia
3272 2085 3637 2141 mitterentur.

2052 2172 2194 2231 Ante
2234 2175 2542 2245 passionem
2588 2174 2871 2241 videlicet,
2904 2184 2959 2230 et
2992 2184 3115 2244 post
3152 2176 3485 2244 passionem.
3529 2174 3640 2232 Sed

2052 2265 2369 2336 priusquam
2399 2264 2727 2335 Redemptor
2753 2273 2941 2321 noster
2982 2274 3264 2336 pateretur
3290 2274 3348 2321 et
3382 2280 3639 2339 resurge-

2054 2367 2154 2424 ret,
2180 2357 2322 2413 mitti
2343 2357 2560 2429 quidem
2590 2367 2705 2413 rete
2726 2357 2793 2412 ad
2815 2358 3318 2428 plscandumjubet.
3336 2360 3430 2416 sed
3453 2368 3639 2416 utrum

2053 2452 2107 2504 in
2157 2450 2407 2506 dextram
2451 2465 2519 2504 an
2569 2452 2623 2505 in
2669 2451 2948 2506 sinistram
2999 2438 3140 2506 mitti
3195 2450 3472 2508 debuisset
3526 2467 3640 2508 non

2043 2538 2215 2608 jubet.
2242 2541 2367 2597 Post
2401 2543 2853 2598 resurrectionem
2887 2557 3018 2597 vero
3039 2543 3315 2614 discipulis
3348 2559 3639 2614 apparens,

2049 2633 2190 2686 mitti
2221 2642 2335 2687 rete
2377 2633 2431 2687 in
2475 2633 2721 2687 dextram
2754 2631 2925 2703 jubet.
2957 2631 3014 2687 ln
3056 2633 3145 2688 illa
3168 2634 3464 2704 piscatione
3504 2636 3643 2691 tanti

2048 2725 2190 2794 capti
2240 2736 2385 2790 sunt,
2442 2735 2501 2780 ut
2542 2727 2675 2781 retia
2723 2735 3136 2795 rumperentur,
3192 2727 3247 2781 in
3295 2726 3399 2782 ista
3453 2736 3643 2782 autem

2047 2823 2101 2870 ct
2143 2815 2297 2870 multi
2326 2816 2467 2886 capti
2512 2826 2668 2882 sunt,
2715 2825 2771 2871 et
2812 2816 2947 2871 retia
2981 2826 3141 2886 rupta
3180 2832 3288 2873 non
3324 2825 3467 2872 sunt.
3505 2816 3640 2884 Quis

2053 2922 2182 2962 vero
2204 2908 2412 2963 neseiat
2450 2909 2622 2963 bonos
2645 2911 2833 2963 dextra
2861 2920 2915 2964 et
2933 2909 3105 2966 malos
3131 2909 3353 2965 sinistra
3378 2906 3640 2981 ﬁgurari?

2052 2996 2144 3051 illa
2171 3013 2302 3068 ergo
2329 2998 2558 3068 piscatio
2586 3000 2639 3053 in
2673 3014 2780 3069 qua
2809 2999 3119 3070 specialiter
3144 2999 3199 3055 in
3226 3015 3390 3070 quam
3421 3008 3637 3070 partem

2054 3089 2196 3142 mitti
2226 3097 2341 3143 rete
2366 3087 2557 3144 debeat
2593 3106 2700 3145 non
2720 3089 2963 3161 jubetur,
2988 3100 3309 3162 praesentem
3335 3091 3639 3147 Eeciesiam

444 3183 798 3255 llanifestavit
838 3199 897 3237 se
923 3181 1080 3237 Iesu:
1111 3185 1178 3237 ad
1215 3200 1360 3238 mare
1406 3182 1711 3253 Tyberiadis
1732 3223 1747 3247 ,
1778 3183 1950 3235 mani—
1979 3150 2022 3210 (λ
2054 3177 2375 3247 designavit,
2414 3194 2535 3249 qua:
2559 3150 2741 3237 bonos
2767 3180 2927 3237 simul
2951 3150 3034 3238 ac
3058 3181 3231 3237 malos
3253 3181 3488 3253 colligit,
3531 3198 3639 3238 nec

374 3275 578 3345 frstavit
598 3284 772 3330 autem
794 3276 888 3328 sic.
927 3272 1096 3330 Erant
1123 3274 1282 3329 simul
1318 3273 1498 3329 Simon
1522 3272 1715 3330 Petrus
1730 3284 1777 3330 et
1811 3268 1947 3331 Tho-

374 3382 510 3433 mas,
537 3365 627 3436 qui
654 3365 848 3420 dicitur
873 3364 1166 3435 Didymus,
1199 3376 1246 3419 et
1289 3363 1615 3431 Nathanael,
1648 3365 1739 3436 qui
1770 3376 1882 3419 erat
1917 3384 1950 3419 η

374 3456 522 3511 ts’ana
557 3453 816 3522 Galilaur,
856 3466 905 3510 et
944 3454 1047 3525 ﬁlii
1074 3452 1339 3518 Zebedtvi,
1374 3466 1422 3509 et
1452 3455 1545 3509 alii
1579 3471 1644 3509 ea:
1680 3456 1949 3527 discipulis

373 3547 486 3616 ejus
517 3546 642 3600 duo.
678 3542 818 3602 Dicit
845 3546 917 3601 eis
943 3543 1126 3600 Simon
1162 3540 1353 3599 Petrus
1381 3558 1398 3597 :
1444 3541 1587 3599 Vada
1618 3547 1831 3616 piscari.
1855 3545 1950 3600 Di-

373 3639 597 3693 cuntei:
634 3635 884 3693 Venimus
902 3646 952 3691 et
977 3652 1071 3691 nos
1103 3647 1293 3691 tecum.
1329 3633 1395 3707 Et
1420 3637 1658 3691 exierunt
1686 3648 1732 3690 et
1762 3654 1947 3692 ascen-

372 3730 560 3783 derunt
591 3730 645 3782 in
687 3729 890 3792 navim,
918 3737 966 3782 et
996 3728 1089 3782 illa
1124 3739 1270 3782 nocte
1308 3728 1439 3781 nillil
1467 3739 1729 3799 ceperunt.
1773 3729 1950 3797 Quaeri

372 3818 517 3871 enim
541 3825 717 3886 potest
738 3830 833 3870 cur
866 3815 1081 3881 Petrus,
1110 3816 1202 3885 qui
1234 3817 1469 3885 piscator
1493 3825 1618 3870 ante
1643 3819 1950 3873 conversio-

375 3921 498 3961 nem
522 3904 652 3972 fuit,
682 3916 804 3976 post
833 3907 1237 3963 conversionem
1276 3906 1343 3962 ad
1375 3908 1732 3978 piscationem
1758 3911 1952 3965 rediit?

373 4007 429 4057 et
452 4012 575 4052 eum
596 3994 805 4054 Veritas
831 3999 978 4054 dicat
1008 4018 1020 4052 :
1057 3999 1220 4054 Nemo
1248 4001 1453 4055 mittens
1478 4018 1691 4056 manum
1714 4020 1863 4057 suam
1892 4006 1947 4058 in

373 4100 630 4154 aratrum,
661 4099 708 4144 et
735 4092 994 4161 aspiciens
1016 4100 1173 4155 retro,
1206 4100 1357 4162 aptus
1382 4101 1457 4147 est
1483 4110 1636 4164 regno
1664 4093 1765 4149 Dei
1793 4095 1945 4169 (Luc.

376 4181 473 4251 is),
503 4196 601 4235 cur
623 4181 836 4251 repetiit
852 4181 995 4252 quod
1018 4180 1331 4252 dereliquit?
1355 4181 1459 4239 Sed
1483 4185 1527 4240 si
1549 4184 1723 4241 virtus
1746 4186 1948 4241 discre-

374 4272 537 4328 tionis
563 4273 856 4327 intenditur
886 4275 1046 4329 citius
1075 4275 1306 4339 vidctur,
1338 4277 1461 4346 quia
1492 4277 1749 4333 nimirum
1782 4292 1946 4351 nego-

374 4365 509 4418 tium
537 4365 678 4433 quod
710 4374 836 4420 ante
859 4365 1269 4420 conversionem
1311 4366 1427 4421 sine
1455 4378 1679 4436 peccato
1718 4371 1945 4435 exstitit,

372 4459 477 4512 hoc
494 4458 658 4510 etiam
682 4467 799 4525 post
819 4457 1227 4512 conversionem
1249 4459 1404 4529 culpa
1431 4470 1674 4529 repetere
1690 4478 1794 4516 non
1824 4463 1944 4524 fuit,
1976 4486 2027 4543 Ι)

373 4560 497 4603 nam
520 4545 845 4614 piscatorem
869 4542 1111 4608 Petrum,
1139 4543 1443 4599 lllattliatum
1473 4562 1603 4602 vero
1628 4547 1946 4603 telonarinm

371 4635 591 4688 scimus.
624 4632 689 4686 Et
713 4641 834 4701 post
863 4632 1272 4687 conversionem
1298 4649 1451 4688 suam
1495 4636 1561 4690 ad
1591 4638 1946 4706 piscationem

372 4725 564 4781 Petrus
607 4726 797 4791 rediit,
835 4721 1122 4778 Mattlucus
1163 4738 1290 4778 veto
1332 4727 1399 4779 ad
1431 4727 1624 4781 telonei
1669 4731 1944 4799 negotiqu

373 4833 479 4872 non
510 4813 684 4872 rediit.
719 4812 857 4881 Quia
885 4822 942 4868 et
968 4812 1111 4868 aliud
1140 4822 1223 4869 cst
1250 4815 1450 4870 victum
1476 4831 1574 4885 per
1593 4817 1947 4887 piscationem

372 4922 634 4978 qumrcre,
675 4904 819 4961 aliud
848 4905 1040 4960 telonei
1072 4903 1237 4960 luetis
1262 4906 1520 4976 pecunias
1561 4922 1779 4978 augere.
1812 4908 1948 4965 Sunt

373 5000 519 5053 enim
544 4993 804 5068 pleraque
840 4997 1053 5068 negotia
1074 5038 1091 5062 ,
1126 5012 1245 5067 qutc
1273 4998 1391 5053 sine
1418 5006 1645 5067 peccato
1672 4999 1945 5065 exhiberi,

374 5100 467 5146 aut
490 5089 599 5152 vis,
634 5099 729 5142 aut
754 5086 1058 5143 nullatenus
1084 5098 1327 5158 possunt.
1364 5088 1494 5157 Quae
1517 5104 1645 5161 ergo
1672 5089 1738 5144 ad
1760 5106 1950 5161 pecca-

375 5193 488 5236 tum
518 5177 824 5250 implicant,
853 5179 921 5234 ad
945 5179 1061 5237 hmo
1092 5195 1314 5236 necesse
1338 5190 1445 5246 est,
1480 5190 1539 5235 ut
1564 5190 1687 5251 post
1724 5196 1948 5240 conver-

370 5273 579 5327 sionem
600 5269 814 5325 animus
832 5284 940 5327 non
967 5282 1235 5326 recurrat.

442 5357 602 5416 Hane
622 5367 799 5414 autem
821 5360 941 5430 jam
972 5358 1133 5429 facto.
1174 5364 1312 5415 stetit
1344 5360 1499 5415 Iesus
1528 5363 1579 5414 in
1610 5360 1801 5427 littore,
1839 5380 1941 5418 non

368 5462 541 5508 tamen
566 5462 912 5524 cognoverunt
932 5451 1197 5523 discipuli,
1217 5454 1339 5523 quia
1367 5450 1519 5505 Iesus
1546 5462 1639 5505 est.
1670 5449 1804 5506 Dicit
1819 5470 1940 5522 ergo

370 5546 443 5596 eis
463 5543 619 5599 Iesus
639 5558 658 5596 :
684 5539 868 5610 Pueri,
898 5543 1132 5613 nunquid
1154 5541 1559 5612 pulmentarium
1579 5541 1694 5596 habt
1712 5544 1777 5596 tis
1793 5542 1819 5596 ?
1838 5540 1940 5597 Re-

370 5635 689 5701 sponderunt
723 5636 806 5700 ei,
849 5650 970 5689 non.
1002 5633 1179 5700 ρυπί
1209 5641 1407 5702 potest,
1448 5646 1547 5686 cur
1581 5631 1856 5701 discipulis
1885 5633 1936 5687 iu

369 5727 507 5780 mari
542 5726 940 5796 laborantibus,
961 5735 1087 5798 post
1116 5726 1571 5781 resurrectionem
1593 5725 1849 5782 Dominus
1883 5727 1937 5781 in

2051 3269 2202 3341 eligit
2227 3284 2373 3339 quos
2389 3272 2601 3337 trahat,
2632 3273 2760 3343 quia
2788 3282 2843 3328 et
2869 3288 3006 3342 quos
3042 3273 3242 3345 eligere
3268 3274 3442 3344 possit
3478 3275 3639 3346 igno-

2054 3370 2153 3417 rat.
2180 3359 2306 3418 llzee
2326 3372 2506 3418 autem
2534 3362 2761 3432 piscatio
2782 3375 2905 3435 post
2932 3365 3144 3420 Domini
3182 3367 3637 3421 resurrectionem

2055 3454 2195 3509 facta
2220 3456 2275 3509 in
2298 3453 2468 3509 solam
2494 3453 2773 3512 dexteram
2804 3457 2970 3513 missa
2989 3466 3095 3523 est,
3118 3458 3244 3527 quia
3257 3457 3325 3512 ad
3348 3455 3638 3515 videndam

2052 3544 2319 3601 claritatis
2347 3544 2466 3613 ejus
2495 3546 2721 3615 gloriam
2753 3546 2865 3603 sola
2906 3547 3201 3604 electorum
3239 3547 3482 3603 Ecclesia
3511 3563 3637 3623 per-

2053 3638 2240 3705 tinget,
2271 3652 2391 3707 qum
2421 3638 2486 3693 de
2514 3637 2739 3693 sinistro
2763 3653 2928 3708 opere
2965 3638 3037 3693 nil
3068 3636 3307 3694 habebit.
3339 3636 3400 3694 lu
3429 3637 3520 3692 illa
3547 3639 3635 3707 pi-

2051 3730 2290 3784 scatione
2340 3745 2453 3799 pne
2492 3727 2835 3784 multitudine
2878 3731 3108 3800 piscium
3164 3739 3279 3786 rete
3329 3733 3632 3800 rumpitur,

2050 3817 2179 3887 quia
2216 3832 2359 3872 nunc
2389 3816 2458 3872 ad
2489 3814 2889 3873 confessionem
2931 3815 3053 3873 ﬁdei
3093 3819 3257 3873 etiam
3286 3834 3410 3874 cum
3438 3819 3627 3879 electis

2052 3906 2265 3976 reprobi
2296 3908 2428 3961 tanti
2467 3896 2707 3972 intrant,
2754 3907 2844 3976 qui
2876 3908 3047 3977 ipsam
3084 3923 3299 3979 quoque
3331 3908 3633 3965 Ecelcsiam

2052 3997 2349 4053 lncresibus
2375 3997 2642 4053 scindant.
2678 3996 2733 4051 lu
2766 3999 2868 4054 ista
2892 4013 3020 4053 vero
3041 3999 3358 4070 piscatione,
3386 4008 3444 4055 et
3473 4001 3637 4060 multi

2050 4090 2225 4159 pisces
2267 4098 2321 4143 et
2374 4090 2553 4159 magni
2584 4090 2889 4160 capiuntur,
2932 4097 2989 4145 et
3029 4099 3142 4146 rete
3188 4091 3630 4162 nonrumpitur,

2050 4178 2174 4249 quia
2203 4189 2390 4234 sancta
2415 4179 2711 4234 electorum
2734 4178 2997 4245 Ecclesia,
3022 4179 3076 4234 in
3107 4182 3363 4237 continua
3392 4183 3635 4237 auctoris

2051 4272 2132 4326 sui
2162 4286 2296 4342 pace
2325 4271 2703 4342 requiescens,
2741 4269 2901 4325 nullis
2932 4270 3047 4339 jam
3086 4271 3513 4329 dissensionibus
3552 4273 3630 4328 di—

2051 4363 2301 4416 laniatur.

2122 4452 2379 4509 Miserum
2422 4470 2543 4524 ergo
2592 4455 2752 4519 retia,
2812 4466 2859 4509 et
2898 4458 3013 4526 jam
3062 4475 3164 4511 non
3214 4458 3452 4514 valebant
3496 4461 3633 4514 illud

2055 4544 2258 4597 trahere
2301 4562 2331 4596 a
2366 4544 2700 4599 multitudine
2730 4547 2973 4616 piscium.
3016 4546 3155 4601 Dixit
3187 4565 3307 4619 ergo
3342 4549 3632 4619 discipulus

2054 4633 2142 4687 ille
2178 4650 2328 4704 quem
2370 4630 2616 4705 diligebat
2661 4634 2816 4691 Iesus
2860 4636 3057 4692 Petro:
3103 4638 3361 4694 Dominus
3398 4650 3495 4693 est.
3545 4639 3631 4693 Si-

2053 4744 2172 4780 mon
2201 4724 2389 4781 Petrus
2425 4745 2543 4782 cum
2575 4730 2827 4795 audisset,
2869 4731 2992 4801 quia
3025 4728 3279 4786 Dominus
3310 4742 3406 4795 est,
3448 4734 3628 4789 tunica

2050 4816 2306 4871 succinxit
2347 4834 2421 4883 se,
2459 4829 2571 4871 erat
2605 4820 2741 4873 enim
2779 4822 2971 4887 nudus,
3015 4832 3060 4875 et
3104 4822 3244 4875 misit
3280 4839 3336 4875 se
3374 4824 3430 4876 in
3459 4841 3633 4888 mare;

2051 4908 2144 4961 alii
2172 4920 2344 4962 autent
2372 4910 2614 4980 discipuli
2638 4912 2847 4981 navigio
2876 4922 3143 4975 venerunt,
3187 4930 3289 4966 non
3315 4912 3452 4968 enim
3478 4914 3631 4987 longe

2050 5010 2198 5052 erant
2241 5016 2271 5051 η
2318 5009 2481 5064 terra,
2527 5000 2618 5053 sed
2657 5001 2809 5071 quasi
2858 4998 3044 5053 cubitis
3087 5002 3322 5055 ducentis
3362 5005 3631 5061 trahentes

2052 5100 2153 5142 rete
2176 5089 2418 5160 piscium.
2472 5086 2536 5142 Ut
2561 5107 2683 5160 ergo
2705 5089 3080 5143 descenderunt
3125 5091 3177 5142 in
3217 5100 3444 5157 terram,
3490 5095 3629 5148 ride-

2049 5188 2167 5231 runt
2187 5194 2383 5248 prunas
2406 5178 2604 5248 positas
2629 5188 2675 5231 et
2702 5180 2894 5249 piscem
2930 5178 3308 5248 superpositum
3341 5191 3387 5234 et
3412 5199 3625 5252 panem.

2049 5265 2149 5321 libi
2175 5276 2389 5321 nonest
2417 5265 2817 5339 intelligendum
2843 5269 3007 5323 etiam
3034 5282 3226 5337 panem
3250 5269 3414 5325 fuisse
3441 5288 3628 5343 super-

2046 5357 2280 5426 positum
2312 5359 2520 5427 prunis,
2549 5356 2639 5413 sed
2670 5367 2878 5413 tantum
2907 5359 3330 5414 subaudiendum
3356 5361 3627 5421 viderunt.

2048 5448 2171 5503 Ideo
2191 5448 2435 5503 viderunt
2462 5466 2663 5519 prunas
2685 5452 2908 5520 positas,
2930 5460 2982 5504 et
3002 5450 3203 5519 piscem
3225 5453 3629 5523 superpositum

2048 5540 2317 5606 viderunt,
2336 5551 2390 5594 et
2409 5554 2602 5611 panem
2625 5541 2889 5596 viderunt.
2918 5540 3013 5594 Vel
3038 5541 3109 5594 ita
3131 5542 3338 5609 potius:
3367 5542 3626 5596 Viderunt

2046 5647 2245 5702 prunas
2273 5635 2501 5704 positas,
2531 5642 2583 5689 et
2610 5633 2811 5705 piscem
2841 5633 3263 5706 superpositum,
3294 5632 3549 5691 viderunt
3572 5643 3629 5709 opt

2046 5741 2262 5799 pdtn'ttl.
