3954 6200
375 327 484 384 9.ὶὸ

1189 325 1708 382 COLLECTIONES
1748 324 1813 378 IN
1859 321 2248 385 EPISTULAS
2282 321 2369 374 ΕΤ
2410 320 2822 376 EVANGEUA.

3549 319 3654 374 25-6

442 441 638 511 Αἶρε-τε
668 437 735 492 de
754 436 984 509 piscibus
1015 455 1144 508 quos
1169 438 1514 510 prehendistis
1537 455 1672 492 nunc
1699 454 1714 491 :
1740 435 1969 490 ascendit
2001 437 2050 495 Α
2077 443 2134 487 ut
2166 442 2245 487 tot
2280 435 2455 504 pisces
2492 444 2739 504 caperet,
2783 435 2924 504 quod
2959 435 3296 491 solummodo
3326 436 3528 493 electos
3566 453 3659 497 Sur

373 535 562 593 Simon
608 529 800 586 Petrus
847 538 895 583 et
939 529 1100 582 traxit
1149 539 1252 583 rete
1297 529 1352 583 in
1399 538 1613 582 terram.
1647 527 1748 598 (Ex
1777 526 1965 598 Greg.)

371 626 562 698 Captis
591 630 773 676 autem
805 630 919 674 tam
949 621 1163 690 magnis
1202 620 1470 691 piscibus,
1505 619 1750 674 ascendit
1779 617 1966 673 Simon

373 715 572 772 Petrus
617 720 674 766 et
719 709 886 764 traxit
926 717 1045 764 rete
1087 709 1142 762 in
1193 717 1416 762 terram.
1465 706 1585 762 Jam
1625 707 1787 762 credo
1823 705 1966 777 quod

374 814 556 860 vestra
598 800 841 858 charitas
887 799 1150 863 advertit,
1198 799 1328 869 quid
1369 807 1452 855 est
1499 801 1643 870 quod
1676 799 1865 854 Petrus
1899 800 1966 854 ad

372 908 581 953 terram
624 901 739 948 rete
777 891 984 945 trahit:
1018 891 1117 961 ipsi
1155 891 1353 960 quippe
1392 899 1580 945 sancta
1612 889 1853 944 Ecclesia
1883 899 1966 945 est

371 986 701 1050 commissa,
744 983 844 1054 ipsi
889 983 1198 1054 specialiter
1227 982 1462 1036 dicitur:
1495 980 1678 1036 Simon
1716 979 1962 1044 Joannis,

371 1095 526 1134 amas
551 1093 636 1130 me
661 1077 686 1129 ?
730 1090 887 1145 pasce
915 1090 1030 1126 oves
1058 1089 1219 1126 meas.
1269 1071 1425 1139 Quod
1461 1086 1588 1141 ergo
1625 1071 1966 1140 postmodum

373 1168 621 1239 aperitur
648 1165 895 1228 invoce,
938 1162 1042 1217 hoc
1074 1178 1215 1217 nunc
1241 1163 1485 1234 signatur
1511 1162 1566 1215 in
1595 1176 1778 1231 opere.
1831 1160 1966 1228 Quia

373 1260 541 1329 igitur
584 1255 907 1325 praedicator
934 1252 1188 1308 Ecclesiae
1228 1267 1328 1307 nos
1371 1267 1401 1304 a
1439 1251 1626 1306 mundi
1654 1251 1780 1304 vita:
1809 1249 1969 1318 hujus

373 1350 634 1406 ﬂuctibus
663 1355 905 1419 separat.
941 1347 1196 1402 nimirum
1228 1361 1447 1402 necesse
1473 1355 1588 1410 est,
1626 1354 1684 1401 ut
1716 1355 1826 1402 rete
1856 1346 1970 1417 ple-

375 1459 508 1497 num
552 1439 794 1510 piscibus
834 1437 1030 1493 Petrus
1071 1437 1138 1491 ad
1186 1446 1385 1492 terram
1429 1437 1608 1491 ducat.
1665 1437 1781 1508 Ipse
1824 1437 1970 1492 enim

375 1535 560 1604 pisces
603 1530 672 1587 ad
716 1529 1049 1587 soliditatem
1077 1529 1277 1585 littoris
1305 1531 1604 1599 pertrahit,
1649 1530 1739 1599 qui
1771 1539 1970 1585 sancta:

372 1623 785 1704 praedicationis
810 1636 967 1687 voce,
999 1621 1352 1677 stabilitatem
1381 1631 1598 1677 azternze
1625 1622 1816 1690 patria:
1841 1621 1970 1676 ﬁde-

373 1718 517 1773 libus
545 1715 804 1772 ostendit.
862 1712 977 1768 lloc
1003 1711 1353 1782 egitverbis,
1401 1713 1504 1767 hoc
1545 1712 1818 1784 epistolis,
1866 1713 1970 1767 hoc

371 1807 492 1878 agit
516 1805 757 1878 quotidie
783 1803 1167 1860 miraculorum
1188 1803 1377 1875 signis,
1397 1804 1730 1873 quotiesper
1749 1820 1873 1859 eum
1900 1804 1968 1858 ad
1999 1788 2044 1845 Β

377 1913 626 1954 amorem
649 1897 848 1968 quietis
867 1905 936 1951 tet
971 1911 1084 1950 rna:
1103 1896 1487 1961 convertimur,
1511 1897 1724 1966 quoties
1746 1912 1778 1950 a
1804 1905 1971 1952 terre-

373 2004 574 2046 narum
592 2004 776 2044 rerum
795 1987 1112 2043 tumultibus
1130 2003 1463 2058 separamur,
1479 1988 1608 2058 quid
1626 1989 1792 2054 aliud,
1806 2004 1968 2059 quam

374 2080 534 2134 missi
565 2081 706 2134 intra
735 2087 848 2134 rete
877 2079 998 2133 tidci
1028 2080 1202 2148 pisces
1228 2080 1295 2133 ad
1325 2078 1474 2134 littus
1501 2079 1811 2134 trahimus?

451 2167 677 2224 Plenum
707 2171 908 2240 magnis
936 2169 1188 2239 piscibus,
1218 2179 1424 2224 centum
1454 2171 1840 2242 quinquaginta
1871 2172 1971 2225 tri-

375 2261 495 2315 bas.
549 2260 600 2315 Α
646 2275 841 2332 magno
885 2260 1146 2331 mysterio
1193 2275 1452 2315 numerus
1501 2276 1608 2314 non
1652 2269 1841 2326 vacat,
1876 2261 1969 2316 sed

376 2353 623 2423 intentos
663 2366 759 2406 vos
805 2351 937 2406 tanti
989 2350 1235 2420 mystcrii
1283 2348 1620 2420 profunditas
1669 2359 1967 2422 exspectat.

378 2439 569 2512 Neque
603 2442 803 2497 etenim
833 2441 1153 2514 quantitaiis
1183 2455 1450 2496 summam
1488 2441 1717 2496 solerter
1742 2458 1973 2513 evange-

375 2534 509 2589 lista
540 2535 899 2603 exprimeret,
936 2533 1043 2588 nisi
1073 2533 1211 2587 hanc
1243 2541 1582 2587 sacramento
1610 2531 1824 2602 plenam
1854 2548 1975 2588 esse

372 2627 697 2697 judicasset.
736 2626 901 2681 Scitis
927 2640 1160 2693 nazizque
1182 2623 1327 2694 quod
1353 2623 1406 2678 in
1431 2623 1780 2678 Testamento
1796 2624 1976 2679 Veteri

380 2717 567 2772 omnis
597 2716 837 2785 operatio
864 2731 962 2786 per
990 2714 1238 2786 Decalogi
1270 2713 1523 2768 mandata
1555 2714 1888 2784 prtecipitur,
1920 2715 1974 2769 in

379 2805 539 2861 Novo
580 2814 759 2860 autem
781 2845 795 2869 ,
845 2803 1086 2874 ejusdem
1118 2804 1449 2873 operationis
1480 2804 1652 2857 virtus
1679 2819 1777 2873 per
1805 2805 1974 2874 septi-

380 2893 618 2949 !ormem
666 2895 895 2966 gratiam
937 2897 1113 2948 sancti
1161 2892 1401 2964 Spiritus
1443 2893 1814 2964 multiplicatis
1845 2894 1976 2950 fide-

380 2987 532 3042 libus
558 2987 734 3051 datur,
767 3002 930 3057 quem
962 2986 1222 3057 propheta
1253 2987 1601 3052 denuntians,
1631 2989 1764 3044 dicit
1791 3004 1804 3044 :
1847 2990 1973 3058 Siti-

379 3077 520 3130 ritus
557 3077 825 3146 sapientia:
857 3085 905 3130 et
940 3075 1252 3142 intellectus,
1294 3077 1510 3148 spiritus
1551 3077 1759 3134 consilii
1785 3088 1835 3133 et
1860 3079 1978 3149 for-

375 3168 645 3233 titudinis,
682 3170 899 3238 spiritus
932 3170 1163 3224 scientite
1195 3179 1242 3224 et
1276 3171 1504 3240 pietatis,
1541 3181 1588 3224 et
1625 3169 1832 3241 replevit
1860 3189 1980 3226 eum

379 3260 606 3331 spiritus
651 3261 856 3314 timoris
902 3260 1116 3314 Domini
1158 3261 1295 3332 (Isa.
1324 3260 1424 3330 χι).
1484 3260 1591 3316 Sed
1641 3262 1730 3316 ille
1779 3263 1831 3316 in
1877 3263 1980 3318 hoc

377 3351 581 3421 spiritu
630 3351 1000 3421 operationem
1048 3352 1314 3422 percipit,
1365 3351 1455 3420 qui
1508 3351 1665 3406 ﬁdem
1697 3351 1981 3410 Trinitatis

383 3441 667 3512 agnoscit,
699 3451 760 3498 ut
787 3452 842 3498 et
869 3443 1118 3510 Patrem,
1149 3453 1205 3498 et
1230 3443 1424 3498 Filium
1446 3485 1460 3509 ,
1493 3452 1546 3499 et
1574 3445 1822 3500 eumdem
1861 3444 1983 3516 Spi-

380 3533 553 3587 ritum
583 3543 852 3600 sanctum,
880 3537 1040 3591 unius
1065 3536 1280 3590 virtutis
1307 3531 1512 3602 credat,
1543 3537 1703 3591 unius
1732 3537 1980 3592 substan-

383 3623 477 3678 tia:
505 3637 627 3679 esse
656 3623 910 3679 fateatur.
968 3625 1103 3693 Quia
1147 3626 1310 3696 igitur
1339 3636 1545 3696 septem
1577 3642 1697 3696 quae
1729 3626 1981 3696 superius

385 3714 576 3768 diximt
601 3730 644 3778 s,
677 3729 774 3784 per
802 3713 1008 3770 Novum
1039 3715 1444 3770 Testamentum
1477 3715 1638 3770 latius
1673 3715 1796 3771 data
1835 3727 1976 3771 sunt.

381 3803 583 3858 Decem
607 3820 734 3859 vero
758 3819 857 3874 per
881 3803 1047 3860 Vetus
1073 3816 1367 3878 praecepta,
1391 3807 1568 3861 omnis
1595 3815 1782 3861 nostra
1809 3808 1980 3862 virtus

380 3907 437 3950 et
467 3897 714 3964 operatio
743 3913 840 3966 per
868 3899 1053 3952 decem
1087 3907 1141 3953 et
1167 3906 1373 3968 septem
1413 3906 1594 3969 potest
1632 3899 1789 3967 plene
1830 3915 1980 3955 com-

377 3984 668 4054 prehendi.
725 3984 999 4041 Ducantus
1047 4002 1176 4058 ergo
1226 4002 1322 4057 per
1363 3989 1636 4060 trigonum
1687 3989 1874 4045 decem
1925 3999 1980 4045 et

381 4087 624 4146 septem,
657 4086 712 4134 et
740 4079 966 4134 veniunt
992 4079 1384 4150 quinquaginta
1413 4088 1469 4135 et
1497 4096 1694 4146 unum,
1728 4082 1821 4151 qui
1854 4098 1979 4152 pro-

383 4171 531 4225 fecto
568 4185 827 4226 numerus
868 4187 898 4225 a
936 4186 1133 4240 magno
1174 4171 1434 4242 mysterio
1473 4187 1580 4226 non
1620 4180 1811 4237 vacat,
1854 4175 1978 4241 quia

373 4260 494 4330 jam
524 4263 577 4316 in
607 4262 956 4317 Testamento
982 4261 1163 4318 Veteri
1199 4264 1430 4335 legimus
1455 4264 1598 4334 quod
1622 4281 1798 4320 annus
1822 4269 1977 4337 quin-

383 4352 731 4424 quagesimus
758 4351 1018 4407 JUblltBllS
1046 4355 1228 4408 vocari
1257 4354 1444 4424 jussus
1471 4361 1582 4418 cst,
1615 4354 1669 4407 in
1696 4368 1802 4424 quo
1825 4356 1977 4410 vide—

382 4441 514 4497 licet
551 4449 778 4496 eunctus
815 4441 1044 4513 populus
1089 4443 1157 4498 ab
1199 4444 1346 4498 omni
1382 4458 1545 4512 opere
1581 4445 1969 4514 requiesceret.

387 4531 498 4585 Sed
520 4545 646 4585 vera
679 4531 894 4602 requies
926 4532 978 4586 in
1011 4531 1215 4586 unitate
1243 4540 1346 4587 est.
1383 4533 1556 4588 Dividi
1585 4535 1783 4604 quippe
1808 4552 1973 4590 unum

383 4639 494 4678 non
534 4629 747 4693 potest,
785 4623 874 4677 ubi
911 4625 1055 4678 enim
1094 4624 1330 4679 scissura
1371 4623 1653 4680 divisionis
1690 4635 1806 4689 est,
1848 4641 1974 4681 vera

384 4715 604 4786 requies
650 4731 755 4770 non
800 4723 902 4769 est.
956 4714 1228 4770 Ducamus
1269 4730 1366 4784 per
1393 4715 1662 4785 trigonum
1702 4715 1971 4786 quinqua-

383 4809 533 4878 ginta
570 4816 625 4861 ct
661 4822 859 4871 unum,
900 4813 954 4859 et
993 4805 1127 4859 fiunt
1157 4817 1376 4861 centum
1408 4807 1796 4877 quinquaginta
1837 4815 1967 4860 tres.

384 4901 520 4967 Quia
568 4899 734 4969 igitur
773 4907 828 4954 et
869 4898 1046 4952 omnis
1077 4897 1322 4967 operatio
1351 4907 1533 4952 nostra
1579 4906 1634 4952 et
1679 4898 1871 4960 virtus,
1916 4898 1970 4952 in

383 4991 489 5044 {ille
515 4991 800 5045 Trinitatis
829 4989 1100 5053 exhibita,
1143 4989 1209 5043 ad
1244 4989 1482 5058 requiem
1513 4989 1701 5042 tendit.
1752 4987 1971 5057 Septem

383 5090 436 5136 et
464 5081 654 5138 decem
695 5089 775 5135 ter
804 5081 1075 5146 ducimus,
1115 5088 1173 5133 ut
1201 5079 1269 5132 ad
1299 5079 1686 5148 quinquaginta
1717 5087 1773 5133 et
1804 5094 1972 5132 unum

383 5177 568 5230 venire
606 5176 919 5240 debeamus,
960 5183 1012 5230 et
1048 5190 1176 5230 vera
1214 5184 1399 5229 nostra
1439 5177 1654 5244 requies
1691 5185 1816 5230 tunc
1853 5184 1970 5240 est,

381 5282 506 5321 cum
556 5267 728 5338 ipsam
774 5265 886 5334 jam
930 5267 1236 5322 claritatem
1283 5267 1542 5321 trinitatis
1589 5269 1972 5336 agnoscimus,

382 5371 544 5427 quam
594 5355 649 5412 in
700 5357 904 5411 unitate
936 5357 1234 5413 divinitatis
1281 5371 1404 5415 esse
1452 5366 1656 5412 certam
1701 5367 1967 5414 tenemus.

380 5447 781 5520 Quinquaginta
830 5457 886 5503 et
930 5465 1094 5502 unum
1146 5459 1228 5504 ter
1262 5450 1529 5512 ducimus,
1581 5457 1634 5502 et
1675 5449 1970 5504 electorum

381 5555 653 5594 summam
685 5540 739 5592 in
776 5555 1006 5609 superna
1039 5541 1208 5610 patria
1229 5581 1244 5604 ,
1275 5540 1428 5611 quasi
1459 5548 1676 5595 centum
1705 5541 1972 5610 quinqua-

381 5633 532 5702 ginta
563 5640 796 5700 quatuor
823 5633 1055 5703 piscium
1095 5649 1377 5688 numerum
1409 5640 1676 5697 tenemus.
1727 5631 1855 5688 Post
1887 5649 1973 5689 re-

381 5722 785 5779 surrectionem
808 5737 934 5780 vero
957 5725 1164 5780 Domini
1185 5726 1416 5784 missum
1445 5733 1557 5778 rete
1601 5724 1824 5796 dignum
1850 5723 1968 5794 fuit,

2000 4485 2052 4543 D

2069 540 2248 594 pernae
2280 526 2469 595 patria.-
2499 524 2868 597 designarent.
2903 524 3014 595 (Ea:
3042 525 3290 598 August.)
3322 526 3419 581 Est
3445 542 3660 598 quoque

2070 615 2175 670 alia
2205 617 2515 687 supputatio
2543 615 2706 686 hujus
2733 616 3025 685 septenarii
3067 624 3118 670 et
3162 616 3369 670 denarii
3397 618 3608 672 numeri
3635 635 3659 682 ς,

2069 723 2194 761 nam
2233 708 2278 762 si
2310 707 2378 762 ab
2406 723 2514 762 uno
2551 722 2740 762 omnes
2778 721 3032 762 numeros
3068 716 3349 776 computes
3385 721 3555 777 usque
3591 708 3661 761 ad

2068 799 2256 854 decem
2291 807 2345 854 et
2373 808 2603 870 septem,
2634 800 2737 853 hoc
2767 781 2947 860 modo,
2981 814 3166 861 unum,
3195 798 3323 862 duo,
3356 806 3468 854 tres
3499 796 3659 864 fiunt,

2069 890 2206 946 adde
2237 899 2370 955 tres,
2411 890 2547 944 fiunt
2573 905 2702 954 sex,
2743 889 2831 944 his
2860 889 3092 960 adjunge
3118 898 3370 957 quatuor,
3404 888 3540 942 liunt
3567 888 3660 943 de-

2069 996 2217 1045 cem,
2269 981 2354 1036 his
2403 981 2673 1051 quinque,
2722 989 2780 1034 et
2825 980 3053 1034 habebis
3093 979 3434 1050 quindecim,
3481 987 3536 1034 et
3579 979 3661 1034 sic

2069 1074 2438 1129 crescentibus
2465 1073 2705 1126 numeris
2743 1083 2798 1127 et
2839 1072 3214 1143 multiplicatis
3244 1086 3416 1142 usque
3455 1072 3524 1127 ad
3559 1069 3658 1127 de—

2070 1166 2208 1220 cem’
2217 1174 2274 1220 et
2298 1173 2530 1234 septem,
2558 1164 2619 1219 fit
2644 1166 2886 1220 omnium
2915 1180 3267 1221 numerorum
3295 1180 3507 1220 summa
3532 1165 3663 1220 isto-

2072 1275 2190 1313 rum
2214 1299 2228 1319 .
2260 1259 2352 1328 qui
2383 1257 2778 1329 multiplicatur
2805 1259 2873 1314 ab
2903 1274 3012 1313 uno
3042 1273 3214 1328 usque
3256 1257 3324 1312 ad
3367 1258 3556 1314 decem
3605 1269 3662 1312 et

2070 1360 2299 1420 septem,
2341 1360 2558 1406 centum
2585 1351 2976 1422 quinquaginta
3006 1360 3138 1416 trcs,
3181 1365 3302 1420 quae
3328 1352 3662 1421 computatio

2071 1439 2339 1510 superiori
2368 1439 2773 1510 significationi,
2805 1441 2909 1495 hoc
2936 1449 3040 1504 est,
3079 1440 3213 1510 legis
3240 1441 3297 1494 in
3328 1441 3570 1504 denario,
3608 1450 3666 1496 et

2071 1535 2248 1604 gratia
2293 1535 2350 1589 in
2393 1536 2720 1604 septenario,
2768 1535 2901 1589 satis
2943 1543 3310 1605 congruenter
3350 1537 3659 1592 conveniet.

2074 1625 2182 1680 Sed
2213 1625 2370 1695 plura
2408 1635 2636 1696 possunt
2663 1625 2789 1680 inde
2822 1625 3158 1680 considerari
3192 1627 3553 1684 admiratione
3583 1628 3664 1683 di-

2073 1729 2210 1785 gna,
2267 1730 2389 1786 quae
2437 1714 2597 1783 hujus
2644 1716 2903 1786 temporis
2955 1717 3205 1787 angustia
3257 1717 3510 1788 prohibet
3561 1736 3662 1775 nos

2071 1804 2253 1859 omnia
2281 1805 2484 1860 dicere.

2142 1895 2212 1949 Et
2243 1913 2360 1950 cum
2388 1896 2522 1949 tanti
2553 1905 2756 1960 essent,
2795 1915 2900 1950 non
2930 1906 3004 1951 est
3036 1898 3255 1952 scissum
3289 1908 3410 1952 rete.
3449 1899 3664 1969 Adjecit

2073 1985 2403 2056 evangelista
2433 2001 2547 2040 rem
2593 1987 2959 2041 necessariam
2993 1987 3218 2044 dicens:
3266 1987 3333 2041 Et
3367 2003 3490 2042 cum
3526 1991 3663 2044 tanti

2071 2086 2276 2140 essent,
2305 2077 2418 2131 sive
2448 2085 2554 2131 tam
2585 2078 2788 2148 magni,
2815 2078 2955 2133 sicut
2983 2081 3232 2149 superius
3258 2079 3421 2135 dicit:
3446 2080 3662 2151 plenum

2074 2168 2288 2239 magnis
2313 2167 2572 2237 piscibus,
2606 2183 2710 2223 non
2740 2177 2822 2223 est
2855 2170 3087 2224 scissum
3115 2178 3248 2235 rete,
3274 2170 3328 2225 id
3352 2179 3454 2236 est,
3483 2172 3663 2242 magni

2073 2269 2253 2325 erant,
2281 2260 2377 2316 sed
2406 2261 2550 2316 inter
2573 2275 2669 2315 eos
2698 2261 2921 2316 hzeresis
2950 2277 3058 2317 non
3089 2269 3228 2328 erat,
3257 2270 3314 2317 et
3341 2261 3463 2318 ideo
3490 2265 3665 2335 magis

2075 2352 2310 2406 haereses
2336 2367 2441 2406 non
2469 2362 2644 2416 erant,
2671 2351 2763 2422 qui
2791 2352 2972 2421 magni
2995 2359 3171 2406 erant.

2145 2441 2288 2496 Dicit
2315 2443 2390 2496 eis
2417 2443 2571 2497 Iesus
2597 2457 2615 2493 :
2646 2440 2852 2507 Venite,
2882 2443 3153 2512 prandete,
3185 2452 3233 2497 et
3261 2461 3410 2498 nemo
3436 2444 3664 2500 audebat

2076 2533 2515 2588 discumbentium
2545 2551 2665 2588 eum
2693 2536 3049 2605 interrogare:
3065 2532 3138 2588 Tu
3166 2536 3284 2606 quis
3313 2553 3366 2590 es
3389 2537 3415 2589 ?
3462 2535 3666 2592 Sensus

2077 2641 2206 2696 ergo
2249 2625 2340 2682 hic
2380 2633 2505 2680 est:
2544 2624 2719 2680 Tanta
2758 2633 2878 2680 erat
2916 2624 3187 2681 evidentia
3217 2625 3494 2690 veritatis,
3539 2627 3667 2696 quia

2076 2713 2234 2769 Jesus
2263 2715 2368 2770 illis
2396 2715 2674 2784 discipulis
2705 2715 3017 2784 apparebat,
3050 2722 3110 2769 ut
3135 2730 3324 2770 eorum
3351 2731 3457 2770 non
3488 2713 3662 2769 solum

2079 2823 2300 2878 negare,
2331 2808 2424 2862 sed
2453 2823 2520 2864 ne
2549 2807 2800 2862 dubitare
2829 2807 3048 2876 quidem
3077 2806 3218 2860 ullus
3240 2805 3486 2861 auderet.
3523 2804 3668 2873 Quo-

2080 2899 2227 2952 niam
2257 2899 2300 2952 si
2332 2898 2618 2967 quisquam
2649 2896 2954 2960 dubitaret,
2986 2896 3174 2964 utique
3203 2895 3544 2966 interrogare
3569 2896 3665 2951 de-

2080 2989 2254 3043 beret.
2296 2986 2386 3041 Sic
2416 3000 2543 3039 vero
2574 2985 2774 3038 dictum
2803 2993 2924 3039 est:
2966 2981 3136 3038 Nemo
3166 2984 3401 3039 audebat
3427 2984 3666 3039 interro-

2084 3093 2211 3149 gare
2230 3090 2389 3132 eum:
2417 3075 2494 3129 Tu
2519 3075 2641 3144 quis
2661 3076 2756 3130 es?
2783 3089 2848 3130 ac
2871 3076 2916 3129 si
2940 3074 3232 3138 diceretur,
3258 3087 3417 3129 nemo
3437 3073 3668 3128 audebat

2007 3136 2051 3198 C
2085 3136 2354 3228 dubitare,
2380 3136 2664 3235 quod-ipse
2689 3171 2852 3219 esset.

2156 3255 2224 3310 Et
2260 3256 2394 3309 venit
2427 3255 2614 3318 Jesus,
2655 3263 2702 3307 et
2742 3254 2938 3322 accepit
2975 3267 3161 3322 panem
3196 3261 3242 3306 et
3277 3251 3438 3305 dabat
3474 3253 3585 3316 eis,
3621 3261 3670 3304 et

2082 3351 2274 3420 piscem
2317 3346 2579 3400 similiter.
2633 3345 2939 3400 Notandum
2975 3357 3189 3413 quoque
3233 3344 3378 3413 quod
3421 3342 3668 3397 ultimum

2083 3439 2386 3494 convivium
2422 3437 2680 3492 Dominus
2713 3452 2835 3491 cum
2871 3445 3077 3505 septem
3105 3433 3385 3503 discipulis
3415 3433 3671 3486 habuisse

2083 3530 2435 3594 describitur,
2457 3528 2649 3584 Petrus
2679 3543 2913 3597 namque
2943 3535 2995 3582 et
3019 3527 3277 3590 Thomas,
3349 3525 3666 3588 Nathanacl,

2082 3631 2136 3675 ct
2178 3620 2270 3675 ﬁlii
2313 3620 2591 3684 Zebedaci,
2643 3627 2700 3675 et
2740 3618 2828 3673 alii
2867 3634 2932 3673 ex
2980 3616 3261 3688 discipulis
3301 3615 3419 3686 ejus
3461 3616 3567 3670 duo
3615 3617 3668 3670 in

2081 3728 2146 3767 eo
2187 3710 2355 3766 fuisse
2394 3719 2787 3766 memorantur.
2809 3699 2939 3765 ‘Cur
2974 3725 3098 3765 cmn
3138 3717 3348 3779 septem
3392 3708 3672 3780 discipulis

2081 3804 2329 3860 ulimum
2357 3804 2664 3860 convivium
2689 3803 2973 3859 celebrat?
3017 3803 3120 3858 nisi
3160 3804 3285 3872 quia
3309 3817 3404 3858 eos
3427 3811 3666 3857 tantum—

2082 3896 2243 3952 modo
2287 3896 2378 3966 qui
2424 3893 2725 3966 septiformi
2777 3894 2951 3964 gratia
3005 3893 3182 3949 sancti
3235 3891 3477 3963 Spiritus
3524 3890 3665 3962 pleni

2081 3997 2242 4052 sunt,
2286 3989 2498 4043 futuros
2538 4003 2723 4044 secum
2768 3989 2822 4042 in
2866 3995 3068 4042 astcrna
3119 3985 3417 4040 refectione
3461 3984 3664 4038 denun-

2083 4082 2196 4136 tiat.
2241 4079 2460 4150 Septem
2485 4096 2699 4150 quoque
2725 4079 2912 4135 diebus
2949 4093 3108 4132 omne
3151 4078 3254 4132 hoe
3286 4084 3496 4145 tempus
3523 4072 3668 4127 evol-

2080 4172 2245 4236 vitur,
2293 4180 2348 4224 et
2385 4185 2527 4239 saepe
2573 4169 2884 4239 septenario
2936 4183 3165 4223 numero
3216 4165 3479 4237 perfectio
3521 4163 3664 4217 desi-

2080 4271 2294 4332 gnatur.
2363 4260 2441 4314 llli
2507 4275 2637 4331 ergo
2697 4261 2888 4316 ultimo
2943 4259 3192 4315 convivio
3254 4259 3320 4313 de
3378 4259 3668 4327 prmsentia

2079 4352 2326 4406 veritatis
2366 4350 2674 4420 epulantur,
2732 4351 2824 4420 qui
2885 4365 3030 4404 nunc
3084 4347 3430 4419 perfectionis
3487 4347 3666 4400 studio

2081 4453 2297 4500 terrena
2341 4442 2752 4506 transcendunt,
2790 4455 2927 4512 quos
2965 4440 3150 4494 mundi
3187 4439 3347 4510 hujus
3373 4453 3528 4492 amor
3555 4452 3664 4491 non

2083 4536 2250 4607 ligat,
2303 4535 2503 4605 quibus
2547 4543 2602 4588 et
2645 4534 2690 4588 si
2735 4541 3011 4602 utcunque
3054 4545 3152 4601 per
3193 4537 3523 4586 tentamenta
3565 4529 3665 4582 oh—

2082 4629 2304 4698 strepit,
2341 4637 2520 4696 empta
2546 4636 2727 4683 tamen
2751 4642 2942 4682 eorum
2967 4626 3235 4682 desideria
3264 4640 3372 4680 non
3403 4622 3664 4682 retundit;

2081 4719 2156 4772 De
2181 4719 2286 4774 hoc
2308 4727 2554 4774 extremo
2577 4718 2844 4782 convivio,
2870 4716 3004 4772 alias
3025 4731 3122 4786 per
3144 4715 3406 4772 Joannem
3433 4714 3662 4772 dicitur:

2079 4808 2229 4863 Beati
2249 4812 2338 4881 qui
2363 4809 2432 4866 ad
2458 4826 2657 4866 canam
2681 4808 2962 4879 nuptialem
2990 4809 3112 4879 agni
3139 4810 3306 4863 uocati
3327 4817 3448 4862 sunt
3477 4806 3660 4878 (Apoc.

2082 4900 2216 4969 xix).
2265 4901 2469 4956 Idcirco
2494 4901 2641 4956 enim
2664 4915 2770 4955 non
2795 4899 2861 4953 ad
2894 4899 3198 4969 prandium,
3230 4899 3325 4953 sed
3353 4898 3421 4953 ad
3449 4911 3663 4951 ccenam

2077 5001 2296 5047 vocatos
2338 5002 2560 5057 narrat,
2619 4991 2745 5062 quia
2789 4991 3045 5046 nimirum
3089 4991 3141 5045 in
3185 4990 3292 5044 line
3329 4989 3434 5045 diei
3475 4989 3664 5044 convi-

2075 5081 2222 5135 vium
2279 5096 2433 5137 cinna
2481 5089 2583 5135 est.
2655 5081 2758 5148 Qui
2813 5095 2944 5150 ergo
3001 5079 3154 5134 linito
3213 5079 3497 5150 praisentis
3540 5078 3666 5133 vita:

2079 5183 2321 5248 tempore
2373 5176 2441 5230 ad
2499 5174 2846 5230 refectionem
2895 5188 3144 5243 supernae
3188 5173 3673 5243 contemplationis

2077 5270 2335 5332 veniunt,
2389 5283 2496 5324 non
2538 5268 2606 5322 ad
2651 5268 2772 5337 agni
2821 5267 3141 5338 prandium,
3197 5267 3293 5320 sed
3337 5265 3405 5319 ad
3449 5277 3662 5318 orenam

2077 5371 2360 5425 vocantur,
2401 5375 2521 5430 qua:
2545 5360 2796 5414 videlicet
2833 5374 3009 5424 omna,
3050 5360 3153 5415 hoc
3186 5359 3373 5413 ultimo
3410 5355 3673 5414 convivio.

2076 5451 2420 5520 exprimitur,
2439 5452 2525 5507 cui
2551 5458 2756 5522 septem
2780 5451 3030 5522 discipuli
3055 5452 3245 5506 adesse
3268 5453 3656 5503 memorantur.

2077 5544 2212 5610 Quia
2241 5543 2380 5607 illos,
2409 5553 2469 5598 ut
2496 5545 2754 5610 diximus,
2782 5553 2908 5600 tunc
2935 5545 2989 5600 in
3016 5552 3216 5599 attenta
3251 5538 3546 5594 refectione
3574 5554 3662 5594 rc-

2077 5634 2271 5703 cipiet,
2313 5634 2404 5704 qui
2443 5633 2587 5704 pleni
2617 5651 2762 5691 nunc
2791 5632 3120 5706 scptiformis
3160 5629 3346 5702 gratia:
3377 5627 3438 5683 in
3474 5643 3678 5686 amore.

2077 5727 2299 5800 spiritus
2330 5726 2600 5784 anhelant.
