3954 6200
325 248 430 302 247

1602 248 1955 304 sumsum
1994 250 2289 307 ABBATIS
2382 326 2386 330 _

3485 264 3588 322 148

394 359 534 429 Quid
576 368 660 415 est
704 360 846 430 quod
884 361 1210 431 Redemptor
1252 368 1434 415 noster
1471 361 1673 430 piscem
1716 376 1898 415 assum
1927 367 1975 424 Α
2002 358 2122 432 qua:
2162 366 2321 419 hodie
2362 366 2583 421 recitata
2627 377 2727 433 est,
2771 370 2911 424 facta
2954 380 3039 425 est
3078 373 3223 426 enim
3263 383 3385 444 post
3416 391 3592 431 resur-

325 462 448 525 post
491 450 943 508 resurrectionem
987 451 1350 515 manducavit,
1388 460 1443 505 et
1487 452 1539 505 in
1579 450 1687 505 alio
1726 449 1900 505 Evan-

324 545 465 616 gelio
498 544 719 608 dicitur,
762 559 884 598 cum
918 543 1066 612 pisce
1099 557 1223 616 asso
1266 541 1445 597 favum
1488 543 1680 609 mellis,
1714 543 1767 598 in
1798 545 1900 599 isto

324 613 453 689 vero
501 648 694 705 panem
744 649 866 688 cum
916 632 1111 703 pisce?
1170 613 1308 699 Quid
1352 633 1496 686 enim
1538 633 1700 704 piscis
1745 650 1901 690 assus

323 727 610 797 significat,
635 724 738 779 nisi
766 722 1039 778 Christum
1081 737 1321 792 passum,
1348 723 1476 792 quid
1518 723 1571 777 in
1615 723 1736 777 favo
1776 725 1902 778 mel-

322 819 409 882 lis,
437 815 540 871 nisi
566 814 865 870 divinitatis
894 813 1249 868 dulcedinem.
1296 812 1467 868 Piscis
1504 822 1607 878 est,
1634 816 1757 884 quia
1785 816 1898 885 ipse

322 909 493 962 latere
530 904 785 975 dignatus
832 903 884 958 in
925 903 1081 973 aquis
1119 904 1334 976 generis
1374 904 1594 958 humani
1638 914 1747 967 est,
1777 906 1895 975 capi

321 996 489 1051 voluit
530 996 724 1067 laqueo
765 996 957 1050 mortis
996 1003 1214 1059 nostrae,
1256 1003 1311 1049 et
1351 994 1504 1063 quasi
1552 995 1897 1050 tribulatione

323 1095 537 1142 assatus
577 1095 663 1141 est
704 1093 944 1156 tempore
984 1085 1253 1157 passionis
1292 1100 1423 1149 stur,
1470 1086 1562 1140 sed
1601 1085 1693 1155 qui
1733 1086 1900 1156 piscis

322 1192 478 1232 assus
517 1176 635 1232 ﬁeri
676 1176 926 1246 dignatus
966 1183 1048 1231 est
1090 1176 1144 1229 in
1191 1175 1474 1245 passione,
1526 1174 1678 1230 favus
1724 1175 1898 1231 mellis

321 1266 476 1320 nobis
496 1265 705 1320 exstitit
738 1266 792 1319 in
824 1249 1361 1321 resurrectioncfAn
1389 1265 1477 1333 qui
1515 1266 1568 1319 in
1600 1265 1749 1334 pisce
1776 1280 1899 1320 assa

322 1356 543 1424 ﬁgurari
583 1356 752 1412 voluit
796 1356 1194 1411 tribulationem
1231 1356 1499 1426 passionis
1538 1370 1666 1419 suae,
1695 1356 1748 1410 in
1777 1356 1901 1410 favo

323 1449 499 1504 mellis
534 1457 819 1519 utramque
855 1458 1101 1503 naturam
1128 1448 1435 1519 exprimere
1458 1448 1619 1502 voluit
1655 1463 1901 1518 persona:

323 1557 454 1595 sum.
504 1540 679 1594 Favus
718 1541 917 1611 quippe
956 1540 1060 1594 mel
1106 1541 1158 1594 in
1201 1554 1327 1593 cera
1367 1547 1483 1605 est,
1528 1540 1641 1594 mel‘
1674 1555 1805 1594 vero
1845 1541 1898 1593 in

323 1647 450 1687 cera
476 1672 492 1696 ,
549 1639 634 1686 est
686 1631 939 1687 divinitas
983 1632 1037 1686 in
1080 1632 1450 1695 humanitate,
1501 1632 1641 1700 quod
1684 1632 1752 1686 ab
1798 1633 1899 1687 hac

2003 454 2299 507 rectionem
2338 455 2584 520 Domini,
2627 466 2689 511 ut
2727 446 3091 528 signiﬁca-ret,
3140 459 3303 515 talem
3346 459 3588 518 futuram

2002 544 2299 617 Ecclesium
2340 556 2461 618 post
2509 557 2749 604 nostram
2796 552 3253 606 resurrectionem
3297 572 3308 607 :
3363 552 3591 621 Mittite,

2001 636 2191 705 inquit,
2238 646 2341 691 rete
2378 639 2431 692 in
2472 639 2713 693 dextram
2752 647 2977 710 partem.
3022 639 3303 696 Discretus
3341 651 3426 697 est
3459 658 3591 717 ergo

2000 741 2258 781 numerus
2289 742 2476 782 eorum
2520 729 2610 799 qui
2638 728 2704 782 ad
2727 728 2971 783 dextram
3001 729 3239 784 stabant.
3277 730 3418 787 Oves
3442 734 3587 789 enim

1999 825 2161 885 ponet
2203 817 2269 871 ad
2314 816 2598 884 dextram,
2643 817 2827 874 haedos
2870 818 2936 873 ad
2976 819 3303 874 sinistram:
3353 819 3585 888 Mittite,

2000 904 2195 976 inquit,
2237 908 2290 960 in
2332 907 2604 973 dextram,
2648 915 2906 978 tanquam
2951 909 3196 966 diceret:
3242 911 3313 967 Et
3345 913 3456 984 jam
3500 931 3589 970 re-

1998 997 2234 1061 surrexi,
2280 994 2573 1051 Ecclesiam
2609 998 2733 1053 volo
2771 996 3102 1069 signiﬁcare,
3143 1015 3265 1070 quae
3305 1011 3365 1056 ut
3396 1003 3500 1057 erit
3532 1005 3586 1058 in

1998 1085 2396 1140 resurrectione
2436 1094 2792 1142 mortuorum.
2836 1087 2913 1143 ibi
2955 1088 3100 1144 dicta
3139 1098 3225 1145 est
3277 1092 3584 1159 multitudo,

1999 1176 2051 1230 id
2071 1184 2174 1242 est,
2200 1175 2253 1229 in
2275 1175 2446 1245 prima
2475 1176 2794 1245 piscatione,
2835 1178 2929 1233 sed
2957 1193 3066 1235 non
3092 1186 3274 1236 certus
3302 1198 3581 1238 numerus.

1997 1268 2056 1323 ln
2104 1269 2340 1325 secunda
2390 1278 2571 1324 autem
2610 1277 2665 1324 et
2706 1269 2994 1325 multitudo
3041 1280 3096 1327 et
3138 1274 3485 1343 magnitudo,
3533 1286 3588 1332 et

1998 1368 2179 1413 certus
2218 1359 2392 1413 dictus
2428 1368 2514 1413 est
2549 1375 2825 1415 numerus.
2874 1360 3032 1418 Modo
3071 1372 3362 1435 antequam
3404 1368 3588 1423 veniat

2000 1448 2324 1503 resurrectio
2365 1457 2421 1502 et
2460 1458 2780 1518 separentur
2817 1451 2943 1507 boni
2987 1467 3019 1507 a
3061 1453 3253 1521 malis,
3304 1455 3432 1511 illud
3480 1460 3583 1513 im-

1998 1537 2177 1606 pletur
2194 1537 2335 1608 quod
2362 1538 2439 1592 ait
2459 1536 2729 1609 Propheta
2754 1559 2767 1593 :
2796 1541 3119 1597 Annuntiavi
3139 1553 3185 1598 et
3211 1543 3418 1602 locutus
3442 1565 3585 1613 sum;

2002 1626 2337 1697 multiplicati
2357 1637 2476 1681 sunt
2504 1645 2660 1700 super
2687 1646 2959 1684 numerum
2991 1628 3165 1704 (Psal.
3196 1634 3404 1707 xxxix).
3447 1636 3585 1703 Quid

325 1736 540 1790 quoque
581 1720 811 1776 lectione
867 1735 972 1775 non
1025 1720 1336 1790 discrepat,
1398 1734 1524 1774 nam
1564 1721 1765 1790 piscem
1806 1735 1901 1774 co-
1932 1706 2088 1770 Bet
2145 1717 2501 1771 annuntiari.’
2550 1718 2684 1773 retia
2735 1719 2881 1774 misi.
2936 1719 3000 1774 Et
3052 1722 3186 1791 quid
3248 1706 3587 1795 multiplicati

326 1810 492 1865 medit
527 1820 583 1864 et
612 1825 803 1880 panem
828 1811 919 1880 qui
956 1810 1099 1864 enim
1140 1811 1310 1863 assari
1346 1818 1406 1864 ut
1432 1811 1596 1880 piscis
1630 1810 1803 1880 potuit
1832 1825 1898 1864 ex

328 1903 681 1968 humanitate,
707 1916 859 1973 pane
883 1917 981 1957 nos
1022 1901 1194 1957 reﬁcit
1226 1917 1291 1956 ex
1332 1902 1635 1967 divinitate,
1662 1903 1755 1974 qui
1784 1903 1858 1957 ait
1883 1923 1895 1958 :

324 1991 441 2062 Ego
466 2008 580 2046 sunt
614 1993 768 2063 panis
792 1993 938 2047 rivus
963 1992 1053 2063 qui
1077 1992 1142 2046 de
1172 1991 1296 2046 ctelo
1324 1991 1567 2047 descendi
1591 1992 1773 2065 (Joan.
1797 1994 1895 2064 γι).

323 2083 517 2137 Assum
558 2097 688 2138 vero
732 2084 933 2154 piscem
982 2082 1218 2138 comedit
1260 2091 1317 2137 et
1365 2097 1559 2153 panem
1587 2126 1601 2149 ,
1663 2092 1724 2139 ut
1783 2085 1900 2154 ipso

322 2188 423 2229 suo
462 2173 585 2228 cibo
624 2174 783 2229 nobis
822 2174 1169 2233 ostenderet,
1225 2173 1351 2243 quia
1392 2180 1447 2227 et
1485 2174 1789 2242 passionem
1831 2189 1897 2229 ex

323 2274 509 2321 nostra
554 2265 890 2321 humanitate
931 2266 1172 2336 pertulit,
1216 2273 1271 2319 et
1312 2264 1764 2319 resurrectionem
1798 2280 1898 2319 no-

322 2367 491 2412 stram
531 2371 597 2411 ex
638 2372 735 2413 sua
777 2358 1055 2413 divinitate
1095 2357 1422 2427 procuravit.

397 2445 516 2502 Hoc
538 2448 657 2517 jam
685 2449 841 2502 tertio
860 2448 1216 2517 manifestarit
1241 2463 1295 2501 se
1315 2443 1471 2501 Iesus
1494 2446 1765 2517 discipulis
1788 2448 1897 2501 suis

321 2555 444 2592 cum
477 2539 863 2602 «surrexisset,
892 2546 998 2592 etc.
1042 2535 1152 2591 Hoc
1176 2550 1283 2591 non
1310 2536 1378 2591 ad
1402 2538 1547 2608 ipsas
1567 2537 1900 2593 demonstra-

323 2633 515 2696 tiones,
541 2631 635 2687 sed
659 2631 733 2686 ad
770 2633 886 2687 dies
923 2630 1127 2686 referre
1156 2630 1438 2697 debemus,
1470 2632 1573 2687 hoc
1607 2639 1691 2688 est
1724 2632 1901 2702 primo

320 2721 444 2781 die.
499 2736 622 2777 cum
663 2723 1003 2786 resurrexit,
1059 2731 1115 2777 ct
1154 2730 1273 2791 post
1314 2722 1430 2777 dies
1468 2730 1593 2777 octo
1617 2764 1630 2786 ,
1684 2723 1898 2792 quando

320 2810 615 2880 discipulus
659 2809 896 2866 Thomas
934 2810 1106 2874 vidit,
1155 2816 1211 2864 et
1254 2811 1525 2876 credidit,
1571 2822 1625 2866 et
1666 2812 1767 2866 hoc
1812 2811 1899 2866 die

320 2903 543 2973 quando
572 2905 676 2959 hoc
704 2904 769 2959 de
803 2903 1043 2975 piscibus
1083 2902 1231 2967 iccit,
1257 2911 1378 2973 post
1411 2912 1541 2973 quot
1574 2911 1755 2958 autem
1783 2903 1898 2956 dies

322 3000 424 3053 hoc
464 2997 678 3064 fecerit,
721 2998 812 3054 hic
846 2997 1047 3053 dictum
1089 3011 1195 3052 non
1235 3005 1351 3062 est,
1392 3012 1515 3051 nam
1560 2998 1675 3066 ipso
1718 2996 1896 3065 primo

319 3089 408 3143 die
445 3104 551 3143 non
595 3087 760 3144 semel
797 3089 947 3142 visus
990 3097 1096 3154 est,
1134 3087 1276 3141 sicut
1298 3086 1749 3157 evangelistarum
1775 3100 1895 3139 om-

321 3181 473 3234 nium
515 3180 824 3235 testimonia
867 3178 1062 3233 collata
1105 3179 1497 3243 demonstrant,
1524 3176 1619 3231 sed
1647 3176 1790 3231 sicut
1817 3178 1895 3230 tli-

321 3280 468 3325 ctum
504 3278 618 3336 est,
661 3269 955 3325 secundum
1000 3270 1116 3325 dies
1159 3268 1505 3323 numeranda:
1550 3276 1677 3322 sunt
1721 3269 1897 3322 mani-

321 3359 640 3416 festationes
678 3358 818 3429 ej‘us‘,
862 3366 922 3413 ut
966 3358 1067 3412 ista
1110 3358 1180 3411 sit
1219 3357 1401 3412 tertia.

545 3467 675 3509 ΓΙῈΠ
716 3466 1041 3510 Αυςυετικω
1078 3468 1130 3507 ΙΝ
1170 3466 1387 3508 πονιιιλ
1430 3466 1657 3507 ΡΑδθΠΛΕ.

391 3545 721 3601 Liberatoris
756 3544 924 3600 nostri
957 3543 1270 3615 praedicatio
1307 3553 1488 3598 nostra
1515 3554 1599 3599 est
1623 3545 1890 3599 liberatio.

322 3635 465 3690 Duas
501 3644 680 3690 autem
720 3636 1047 3690 advertimus
1085 3637 1138 3689 in
1176 3643 1365 3690 sancto
1396 3633 1687 3706 Evangelio
1720 3636 1896 3704 pisca-

320 3730 515 3793 tiones,
544 3727 597 3781 id
630 3736 731 3791 est,
774 3726 987 3795 quando
1023 3726 1089 3779 ad
1116 3726 1339 3780 verbum
1376 3724 1545 3795 ipsius
1581 3725 1744 3780 missa
1771 3735 1895 3779 sunt

320 3820 476 3882 retia,
504 3832 668 3873 unam
703 3817 871 3887 prius,
897 3816 1112 3885 quando
1142 3814 1432 3884 discipulos
1463 3814 1644 3883 elegit,
1677 3824 1729 3867 et
1756 3816 1895 3868 hanc

318 3909 565 3971 alteram,
597 3905 811 3975 quando
850 3920 880 3958 a
922 3905 1151 3960 mortuis
1190 3904 1506 3958 resurrexit.
1546 3902 1639 3957 illa
1667 3904 1895 3974 piscatio

319 3999 641 4070 significavit
666 3996 962 4052 Ecclesium
985 3993 1159 4065 qualis
1184 4005 1267 4049 est
1289 3992 1471 4059 modo,
1492 3995 1592 4048 ista
1621 4008 1747 4048 vero
1775 4004 1896 4064 post

319 4089 770 4146 resurrectionem
795 4086 1005 4140 Domini
1035 4084 1356 4155 signiﬁcavit
1379 4083 1695 4146 Ecclesiam,
1719 4082 1894 4153 qualis

317 4182 497 4235 futura
519 4180 679 4238 estin
710 4178 815 4232 ﬁne
844 4174 1045 4231 s'eculi.
1090 4175 1330 4244 Denique
1363 4175 1416 4227 in
1451 4174 1538 4228 ilia
1566 4173 1729 4249 jussit
1754 4173 1891 4227 mitti

317 4274 481 4336 retia,
516 4279 575 4325 et
612 4284 718 4324 non
759 4268 894 4324 dixit
945 4267 1000 4321 in
1039 4281 1200 4337 quam
1238 4274 1467 4335 partem,
1513 4264 1620 4319 non
1649 4265 1785 4319 dixit
1839 4265 1890 4318 in

317 4363 560 4417 dextram
604 4368 698 4414 aut
733 4359 787 4413 in
828 4358 1128 4421 sinistram,
1169 4358 1345 4427 pisces
1367 4356 1511 4411 enim
1537 4356 1787 4411 homines
1812 4356 1889 4410 si-
1918 4393 1969 4451 Β

317 4449 662 4523 gniﬁcabant.
710 4448 777 4504 Si
790 4462 924 4518 ergo
946 4447 1220 4502 diceretur
1251 4447 1309 4501 in
1339 4446 1608 4511 dextram,
1637 4444 1734 4499 soli
1761 4444 1890 4499 boni

317 4540 485 4595 futuri
527 4546 702 4594 erant.
752 4536 808 4592 Si
850 4537 1125 4592 diceretur
1162 4536 1219 4590 in
1255 4534 1565 4597 sinistram,
1606 4533 1705 4589 soli
1742 4533 1887 4587 mali.

317 4629 458 4697 Quia
492 4643 621 4684 vero
658 4626 913 4697 permixti
949 4623 1163 4681 fuerant
1200 4624 1367 4680 futuri
1402 4626 1454 4680 in
1490 4625 1730 4680 Ecclesia
1766 4623 1894 4678 boui

320 4737 383 4777 ac
423 4720 586 4785 mali,
623 4720 741 4775 sine
777 4717 1080 4774 diﬁ‘erentia
1120 4718 1283 4773 missa
1326 4727 1451 4774 sunt
1489 4717 1624 4772 retia
1646 4758 1661 4780 ,
1706 4724 1767 4769 ut
1804 4730 1894 4770 ca-

319 4821 587 4883 perentur
615 4812 829 4882 pisces,
877 4808 1247 4881 signiﬁcantes
1290 4811 1586 4865 mixturam
1626 4811 1888 4863 honorum

322 4919 386 4958 ac
425 4902 707 4975 malorum.

391 4994 521 5050 Tria
542 5010 672 5066 ergo
703 4995 756 5049 in
786 4994 881 5048 illa
898 4994 1203 5065 piscatione
1218 4993 1391 5063 prima
1418 4992 1716 5061 signiﬁcata
1743 4995 1886 5043 sunt.

322 5083 551 5139 lixtura
577 5084 840 5139 bonorum
872 5091 928 5139 et
954 5082 1216 5146 maiorum
1241 5100 1254 5134 :
1289 5094 1546 5151 pressura
1576 5078 1887 5134 turbarum:

322 5175 691 5246 separatione:
714 5175 1109 5231 hasreticorum.
1150 5172 1381 5227 Mixtura
1406 5172 1669 5225 bonorum
1693 5177 1755 5223 et
1780 5185 1892 5223 ma-
1940 5216 1945 5217 γ

320 5270 514 5333 lorum,
559 5268 685 5338 quia
726 5281 828 5322 nec
867 5267 920 5321 in
959 5267 1180 5329 dextra,
1227 5278 1329 5318 nec
1370 5262 1422 5316 in
1465 5261 1685 5316 sinistra
1732 5260 1890 5315 missa

320 5368 447 5414 amnt
465 5359 625 5415 retia.
672 5358 933 5413 Prcssura
956 5356 1255 5416 turbarum,
1284 5355 1409 5423 quia
1442 5360 1649 5405 tantum
1679 5356 1893 5421 cap‘tum

322 5458 405 5505 est
429 5491 444 5515 ,
502 5458 562 5504 ut
611 5447 911 5503 naviculam
965 5452 1293 5516 premerent.
1342 5441 1493 5496 Tunc
1529 5441 1897 5511 separationes

322 5540 719 5603 increticorum,
760 5536 885 5606 quia
929 5541 1078 5589 tanta
1117 5532 1298 5588 fuerat
1340 5531 1646 5597 multitudo,
1674 5539 1734 5586 ut
1759 5532 1891 5585 retia

325 5639 718 5701 "imperentur.
759 5627 1026 5697 Respieite
1059 5639 1201 5681 nunc
1230 5625 1295 5679 ad
1330 5623 1486 5679 istam
1517 5622 1890 5693 piscationem,

2000 1814 2125 1861 sunt
2170 1824 2328 1878 super
2378 1809 2702 1863 numerum?
2754 1808 3023 1865 Numerus
3054 1810 3123 1864 ad
3163 1820 3380 1867 sanctos
3410 1815 3583 1883 perti-

2000 1898 2219 1967 net,qui
2247 1906 2372 1951 sunt
2397 1900 2671 1969 regnaturi
2696 1914 2822 1954 cum
2845 1898 3080 1956 Christo.
3103 1900 3278 1973 Super
3299 1892 3584 1961 numerum

2000 1989 2160 2044 modo
2189 1990 2243 2043 in
2271 1988 2569 2046 Ecclesiam
2599 1991 2804 2048 intrare
2829 2003 3077 2063 possunt,
3107 1994 3160 2051 in
3200 2011 3423 2068 regnum
3471 2014 3585 2055 ca:-

2000 2080 2174 2135 lorum
2204 2095 2310 2136 non
2338 2090 2579 2152 possunt.

2071 2169 2260 2227 Petrus
2302 2175 2521 2227 retraxit
2564 2177 2694 2230 retia
2739 2178 2809 2230 ad
2849 2176 3015 2232 littus.
3062 2178 3218 2234 Modo
3255 2195 3383 2236 cum
3417 2197 3586 2237 evan-

2000 2264 2196 2333 gelium
2242 2264 2437 2335 legitur
2475 2266 2720 2322 audistis.
2777 2267 2876 2324 Ubi
2917 2269 3072 2326 audis
3113 2269 3295 2338 littus,
3344 2273 3583 2346 intellige

2002 2354 2163 2410 ﬁnem
2190 2357 2395 2411 maris:
2441 2356 2529 2412 ubi
2568 2358 2721 2414 audis
2759 2357 2918 2415 ﬁnem
2945 2362 3132 2426 maris,
3157 2362 3392 2434 intellige
3418 2363 3580 2420 ﬁnem

2000 2447 2200 2502 seculi.
2258 2447 2316 2502 in
2360 2448 2449 2503 illa
2492 2449 2827 2521 piscatione,
2879 2466 2987 2507 non
3032 2453 3101 2508 ad
3147 2454 3298 2510 littus
3351 2464 3581 2511 attracta

2001 2549 2125 2593 sunt
2168 2540 2327 2604 retia,
2370 2540 2463 2595 sed
2506 2539 2606 2611 ipsi
2646 2541 2845 2610 pisces,
2886 2543 2979 2613 qui
3019 2545 3162 2614 capti
3200 2556 3346 2612 sunt,
3390 2545 3446 2600 in
3485 2563 3582 2602 na-

2000 2627 2205 2684 viculas
2255 2630 2357 2684 l’usi
2399 2639 2560 2696 sunt,
2607 2632 2696 2687 hic
2736 2641 2917 2689 autem
2963 2642 3247 2691 traxerunt
3287 2636 3352 2690 ad
3398 2636 3574 2693 littus.

2002 2717 2168 2789 Spera
2213 2720 2373 2774 ﬁnem
2413 2720 2616 2785 steculi,
2659 2730 2918 2777 venturus
2957 2732 3041 2778 est
3079 2721 3221 2788 ﬁnis,
3266 2724 3410 2780 bono
3444 2725 3578 2781 dex-

2000 2819 2232 2875 trorum,
2277 2810 2421 2865 malo
2477 2813 2843 2868 sinistrorum.
2900 2813 3081 2881 Quid?
3120 2814 3297 2885 pisces
3338 2823 3577 2871 attraxe-

2001 2909 2155 2967 runt,
2204 2901 2413 2971 inquit,
2464 2904 2598 2957 retia
2641 2902 2892 2958 habentia
2938 2904 3116 2973 pisces
3158 2913 3375 2959 centum
3418 2906 3578 2974 quin-

1999 2990 2256 3061 quaginta
2291 2998 2419 3046 tres.
2471 2991 2536 3045 Et
2578 2992 2774 3061 adjecit
2805 2991 3146 3064 Evangelista
3177 3008 3290 3048 rem
3334 3008 3582 3048 necessa-

2002 3079 2180 3134 riam:
2228 3079 2292 3134 Et
2328 3095 2449 3135 cum
2494 3090 2602 3135 tam
2644 3082 2822 3153 magni
2866 3090 3067 3149 essent,
3108 3098 3215 3139 non
3240 3092 3325 3139 est
3348 3084 3580 3139 scissum

1998 3180 2131 3225 rete.
2178 3171 2355 3242 Magni
2394 3182 2575 3237 erunt,
2610 3173 2706 3228 sed
2748 3174 2982 3230 haereses
3021 3191 3128 3231 non
3172 3184 3351 3241 erunt,
3377 3185 3431 3231 et
3458 3177 3583 3231 ideo

1997 3264 2167 3332 magis
2206 3264 2440 3317 hzereses
2482 3280 2588 3318 non
2630 3262 2809 3329 erunt,
2838 3265 2963 3336 quia
3003 3267 3185 3338 magni
3221 3276 3398 3321 erunt.
3441 3267 3583 3334 Quid

1996 3362 2121 3409 sunt
2166 3356 2385 3423 magni?
2443 3356 2583 3426 Lege
2625 3358 2787 3411 verba
2832 3358 3005 3427 ipsius
3049 3357 3261 3414 Domini
3306 3360 3358 3413 in
3403 3359 3580 3413 Evan-

1995 3447 2155 3514 gelio,
2194 3456 2247 3501 et
2290 3448 2532 3502 invenies
2576 3462 2816 3518 magnos,
2863 3449 2938 3503 ait
2975 3448 3119 3503 enim
3155 3449 3386 3519 quodam
3418 3450 3578 3503 loco:

1998 3536 2121 3590 Non
2180 3537 2295 3591 veni
2355 3537 2517 3609 legem
2576 3538 2809 3604 soluere,
2873 3540 2965 3594 sed
3026 3540 3367 3611 adimplere:
3412 3542 3579 3597 Amen

1994 3642 2146 3681 amen
2186 3627 2306 3681 dico
2351 3628 2513 3694 robis,
2551 3630 2799 3698 quoniam
2836 3630 3128 3701 quicunque
3167 3629 3375 3685 soluerit
3416 3648 3581 3685 unum

1994 3717 2059 3769 de
2102 3717 2368 3771 mandatis
2409 3719 2523 3773 istis
2564 3719 2813 3784 minimis,
2858 3730 2907 3774 et
2949 3720 3188 3775 docuerit
3232 3721 3326 3785 sic,
3375 3721 3428 3776 id
3470 3732 3579 3787 est,

1996 3808 2221 3864 solverit
2261 3809 2400 3864 male
2442 3810 2693 3875 vivendo,
2730 3821 2799 3867 tet
2845 3813 3089 3867 docuerit
3130 3814 3269 3869 bona
3314 3814 3575 3875 docendo,

1993 3903 2240 3957 minimus
2280 3904 2545 3958 vocabitur
2577 3905 2632 3959 in
2676 3921 2834 3976 regno
2877 3904 3125 3960 caelorum
3154 3904 3367 3979 (Matth.
3401 3906 3478 3976 ν),
3525 3906 3578 3960 id

1993 4000 2077 4046 est
2110 3994 2162 4047 in
2187 3994 2446 4060 Ecclesia,
2473 4010 2592 4064 qua:
2630 3996 2791 4050 modo
2828 4006 2928 4052 est.
2973 3996 3108 4065 Quia
3135 4007 3189 4053 et
3214 3999 3328 4069 ipsa
3355 4006 3581 4053 vocatur

1993 4099 2219 4156 regnum
2264 4085 2545 4151 etelorum,
2588 4086 2751 4141 habet
2789 4090 2967 4158 pisces
3005 4089 3165 4144 simul
3206 4099 3471 4153 natantes,
3521 4100 3578 4144 et

1995 4174 2166 4227 honos
2199 4182 2255 4227 et
2279 4173 2469 4228 malos.
2514 4171 2574 4227 lu
2614 4175 2720 4228 isto
2767 4190 2933 4247 regno
2973 4176 3257 4241 caelorum,
3297 4177 3347 4231 id
3386 4188 3489 4242 est,
3519 4178 3573 4232 in

1995 4265 2235 4319 Ecclesia
2275 4264 2435 4333 hujus
2476 4268 2761 4335 temporis,
2796 4268 3051 4322 minimus
3083 4276 3310 4323 vocatur
3344 4267 3452 4333 ille,
3481 4270 3577 4338 qui

1994 4357 2150 4413 docet
2186 4357 2326 4411 bona
2364 4348 2421 4412 et
2453 4358 2563 4427 agit
2601 4357 2757 4421 mala,
2796 4357 2920 4427 quia
2956 4358 3028 4413 ibi
3066 4366 3151 4414 est
3186 4366 3243 4413 et
3280 4358 3412 4429 ipse.
3455 4357 3572 4413 Non

1991 4449 2134 4501 enim
2166 4446 2287 4501 talis
2325 4447 2395 4501 ibi
2433 4458 2519 4501 est
2557 4448 2623 4501 in‘
2651 4462 2819 4516 regno
2856 4448 3140 4513 castorum,
3164 4448 3218 4503 id
3251 4458 3336 4503 est
3372 4449 3426 4503 in
3469 4447 3576 4502 Ec-

1993 4536 2176 4599 clesia,
2215 4536 2393 4605 qualis
2427 4546 2511 4591 est
2546 4536 2599 4590 in
2642 4537 2732 4591 illo
2768 4547 3031 4607 tempore.
3074 4538 3241 4594 Docet
3268 4538 3427 4602 bona,
3461 4539 3572 4608 agit

1994 4624 2150 4685 mala,
2178 4626 2518 4681 necessarius
2550 4634 2653 4691 est,
2690 4628 3057 4683 mercenarius
3089 4637 3210 4683 est:
3251 4627 3425 4682 Amen
3453 4629 3579 4681 dico

1995 4715 2164 4779 vobis,
2190 4717 2264 4770 ait
2291 4734 2303 4769 :
2332 4725 2687 4786 perceperunt
2709 4719 3009 4773 mercedem
3041 4733 3217 4774 suam.
3263 4717 3364 4785 Qui
3392 4726 3575 4773 autem

1996 4807 2183 4863 fecerit
2224 4817 2280 4865 et
2316 4810 2395 4864 sic
2435 4809 2702 4874 docuerit,
2730 4824 2955 4881 magnus
2990 4811 3271 4866 vocabitur
3309 4812 3362 4865 in
3409 4826 3581 4881 regno

1996 4899 2276 4955 ctelorum.
2322 4900 2460 4955 Ecce
2492 4909 2617 4955 sunt
2653 4899 2727 4955 illi
2764 4900 2941 4970 pisces
2977 4902 3157 4973 magni
3198 4900 3266 4955 ad
3299 4900 3582 4955 dexteram

1998 4991 2172 5060 capti,
2216 4991 2309 5061 qui
2346 4990 2538 5046 fecerit
2576 4999 2633 5046 et
2672 4991 2752 5046 sic
2791 4991 3064 5057 docuerit,
3108 4992 3249 5047 bona
3292 4991 3577 5055 docuerit,

1999 5097 2106 5143 non
2135 5082 2237 5138 sibi
2272 5082 2533 5152 loquenti,
2569 5081 2711 5137 male
2739 5081 2967 5137 vivendo
3003 5081 3421 5148 contradixeuit,
3450 5097 3578 5137 cum

1999 5170 2153 5226 malae
2179 5170 2305 5226 vita:
2337 5178 2533 5225 testem
2564 5170 2765 5225 habeat
2795 5168 3033 5242 linguam
3064 5170 3284 5226 bonam.
3319 5169 3420 5238 Qui
3447 5158 3581 5239 ergo

1998 5259 2192 5315 fecerit
2233 5268 2290 5315 et
2330 5260 2409 5315 sic
2450 5258 2730 5325 docuerit,
2772 5273 2999 5329 magnus
3025 5259 3306 5314 vocabitur
3329 5260 3382 5314 in
3409 5273 3580 5331 regno

1998 5350 2277 5406 caelorum.

2068 5440 2199 5493 Dico
2236 5450 2412 5495 autem
2454 5441 2629 5506 vobis,
2681 5441 2804 5511 quia
2845 5441 2944 5495 nisi
2983 5439 3324 5494 abundaverit
3359 5438 3581 5509 justitits

1997 5541 2184 5596 vestra,
2227 5547 2383 5600 super
2403 5530 2705 5584 Scribarum
2745 5540 2791 5583 et
2828 5527 3383 5592 Pharisa'orum,.non
3407 5528 3580 5580 intra-

1997 5625 2143 5685 bitis,
2188 5633 2292 5680 etc.
2350 5625 2504 5679 Modo
2547 5626 2817 5695 quomodo
2858 5624 3111 5694 intelligis
3150 5639 3375 5696 regnum
3412 5621 3581 5678 cmic-
