  <div class='ocr_page' id='page_1' title='image "/cluster/home/n/w/nwhite01/storage/ocr_20150623/102/hvd.32044052820032/130.png"; bbox 0 0 3994 6206; ppageno 0'>
   <div class='ocr_carea' id='block_1_1' title="bbox 257 284 358 340">
    <p class='ocr_par' dir='ltr' id='par_1_1' title="bbox 257 284 358 340">
     <span class='ocr_line' id='line_1_1' title="bbox 257 284 358 340; baseline -0.01 -1"><span class='ocrx_word' id='word_1_1' title='bbox 257 284 358 340; x_wconf 66' lang='grc'><strong><em>249</em></strong></span> 
     </span>
    </p>
   </div>
   <div class='ocr_carea' id='block_1_2' title="bbox 1074 274 2697 334">
    <p class='ocr_par' dir='ltr' id='par_1_2' title="bbox 1074 274 2697 334">
     <span class='ocr_line' id='line_1_2' title="bbox 1074 274 2697 334; baseline -0.002 -1"><span class='ocrx_word' id='word_1_2' title='bbox 1074 274 1595 334; x_wconf 80' lang='lat' dir='ltr'><strong><em>COLLECTIONES</em></strong></span> <span class='ocrx_word' id='word_1_3' title='bbox 1626 274 1694 331; x_wconf 86' lang='lat' dir='ltr'><strong><em>IN</em></strong></span> <span class='ocrx_word' id='word_1_4' title='bbox 1732 274 2113 333; x_wconf 77' lang='lat' dir='ltr'><strong><em>EPISTOLAS</em></strong></span> <span class='ocrx_word' id='word_1_5' title='bbox 2153 274 2241 331; x_wconf 79' lang='lat' dir='ltr'><strong>ET</strong></span> <span class='ocrx_word' id='word_1_6' title='bbox 2282 276 2697 334; x_wconf 76' lang='lat' dir='ltr'><strong><em>EVANGELIA.</em></strong></span> 
     </span>
    </p>
   </div>
   <div class='ocr_carea' id='block_1_3' title="bbox 3417 272 3522 327">
    <p class='ocr_par' dir='ltr' id='par_1_3' title="bbox 3417 272 3522 327">
     <span class='ocr_line' id='line_1_3' title="bbox 3417 272 3522 327; baseline 0 0"><span class='ocrx_word' id='word_1_7' title='bbox 3417 272 3522 327; x_wconf 65' lang='grc' dir='ltr'><strong><em>ΞΣΞο</em></strong></span> 
     </span>
    </p>
   </div>
   <div class='ocr_carea' id='block_1_4' title="bbox 256 385 3521 458">
    <p class='ocr_par' dir='ltr' id='par_1_4' title="bbox 256 385 3521 458">
     <span class='ocr_line' id='line_1_4' title="bbox 256 385 3521 458; baseline -0.003 -5"><span class='ocrx_word' id='word_1_8' title='bbox 256 394 419 453; x_wconf 90' lang='lat' dir='ltr'><strong><em>rum?</em></strong></span> <span class='ocrx_word' id='word_1_9' title='bbox 461 389 591 447; x_wconf 90' lang='lat' dir='ltr'><strong><em>illud</em></strong></span> <span class='ocrx_word' id='word_1_10' title='bbox 632 391 772 446; x_wconf 90' lang='lat' dir='ltr'><strong><em>unde</em></strong></span> <span class='ocrx_word' id='word_1_11' title='bbox 815 390 1015 446; x_wconf 89' lang='lat' dir='ltr'><strong><em>dicitur</em></strong></span> <span class='ocrx_word' id='word_1_12' title='bbox 1051 387 1301 445; x_wconf 77' lang='lat' dir='ltr'><strong><em>dextris:</em></strong></span> <span class='ocrx_word' id='word_1_13' title='bbox 1342 385 1542 453; x_wconf 79' lang='lat' dir='ltr'><strong><em>Venite,</em></strong></span> <span class='ocrx_word' id='word_1_14' title='bbox 1583 385 1841 440; x_wconf 76' lang='lat' dir='ltr'><strong><em>benedicti</em></strong></span> <span class='ocrx_word' id='word_1_15' title='bbox 1866 393 1915 453; x_wconf 81' lang='grc' dir='ltr'><strong>Α</strong></span> <span class='ocrx_word' id='word_1_16' title='bbox 1942 388 2171 444; x_wconf 88' lang='lat' dir='ltr'><strong><em>occidat.</em></strong></span> <span class='ocrx_word' id='word_1_17' title='bbox 2215 388 2307 444; x_wconf 88' lang='lat' dir='ltr'><strong><em>Isti</em></strong></span> <span class='ocrx_word' id='word_1_18' title='bbox 2352 397 2478 444; x_wconf 91' lang='lat' dir='ltr'><strong><em>sunt</em></strong></span> <span class='ocrx_word' id='word_1_19' title='bbox 2518 389 2711 454; x_wconf 89' lang='lat' dir='ltr'><strong><em>sancti,</em></strong></span> <span class='ocrx_word' id='word_1_20' title='bbox 2751 388 2842 458; x_wconf 90' lang='lat' dir='ltr'><strong><em>qui</em></strong></span> <span class='ocrx_word' id='word_1_21' title='bbox 2883 387 3090 445; x_wconf 82' lang='lat' dir='ltr'><strong><em>faciunt</em></strong></span> <span class='ocrx_word' id='word_1_22' title='bbox 3127 385 3299 457; x_wconf 87' lang='lat' dir='ltr'><strong><em>legem</em></strong></span> <span class='ocrx_word' id='word_1_23' title='bbox 3329 386 3521 445; x_wconf 85' lang='lat' dir='ltr'><strong><em>Deiex</em></strong></span> 
     </span>
    </p>
   </div>
   <div class='ocr_carea' id='block_1_5' title="bbox 258 476 1842 554">
    <p class='ocr_par' dir='ltr' id='par_1_5' title="bbox 258 476 1842 554">
     <span class='ocr_line' id='line_1_5' title="bbox 258 476 1842 554; baseline -0.009 -9"><span class='ocrx_word' id='word_1_24' title='bbox 258 488 438 545; x_wconf 82' lang='lat' dir='ltr'><strong><em>Patris</em></strong></span> <span class='ocrx_word' id='word_1_25' title='bbox 477 485 603 549; x_wconf 80' lang='lat' dir='ltr'><strong><em>mei,</em></strong></span> <span class='ocrx_word' id='word_1_26' title='bbox 637 482 885 554; x_wconf 83' lang='lat' dir='ltr'><strong><em>percipite</em></strong></span> <span class='ocrx_word' id='word_1_27' title='bbox 928 497 1140 552; x_wconf 80' lang='lat' dir='ltr'><strong><em>regnum</em></strong></span> <span class='ocrx_word' id='word_1_28' title='bbox 1163 480 1190 535; x_wconf 82' lang='lat'><strong><em>.’</em></strong></span> <span class='ocrx_word' id='word_1_29' title='bbox 1230 479 1350 534; x_wconf 87' lang='lat' dir='ltr'><strong><em>Nisi</em></strong></span> <span class='ocrx_word' id='word_1_30' title='bbox 1383 477 1724 533; x_wconf 74' lang='lat' dir='ltr'><strong><em>abundaverit</em></strong></span> <span class='ocrx_word' id='word_1_31' title='bbox 1749 476 1842 547; x_wconf 84' lang='lat' dir='ltr'><strong><em>ju-</em></strong></span> 
     </span>
    </p>
   </div>
   <div class='ocr_carea' id='block_1_6' title="bbox 254 570 1837 647">
    <p class='ocr_par' dir='ltr' id='par_1_6' title="bbox 254 570 1837 647">
     <span class='ocr_line' id='line_1_6' title="bbox 254 570 1837 647; baseline -0.01 -10"><span class='ocrx_word' id='word_1_32' title='bbox 254 581 398 639; x_wconf 85' lang='lat' dir='ltr'><strong><em>stitia</em></strong></span> <span class='ocrx_word' id='word_1_33' title='bbox 438 587 607 635; x_wconf 60' lang='lat' dir='ltr'><strong><em>astra</em></strong></span> <span class='ocrx_word' id='word_1_34' title='bbox 648 574 766 647; x_wconf 84' lang='lat' dir='ltr'><strong><em>plus</em></strong></span> <span class='ocrx_word' id='word_1_35' title='bbox 805 589 961 646; x_wconf 81' lang='lat' dir='ltr'><strong><em>quam</em></strong></span> <span class='ocrx_word' id='word_1_36' title='bbox 1000 572 1307 628; x_wconf 77' lang='lat' dir='ltr'><strong><em>Scribarum</em></strong></span> <span class='ocrx_word' id='word_1_37' title='bbox 1347 580 1398 625; x_wconf 85' lang='lat' dir='ltr'><strong><em>et</em></strong></span> <span class='ocrx_word' id='word_1_38' title='bbox 1425 570 1837 624; x_wconf 66' lang='lat' dir='ltr'><strong><em>Pharisaeorum.</em></strong></span> 
     </span>
    </p>
   </div>
   <div class='ocr_carea' id='block_1_7' title="bbox 255 658 1845 738">
    <p class='ocr_par' dir='ltr' id='par_1_7' title="bbox 255 658 1845 738">
     <span class='ocr_line' id='line_1_7' title="bbox 255 658 1845 738; baseline -0.008 -14"><span class='ocrx_word' id='word_1_39' title='bbox 255 668 394 738; x_wconf 91' lang='lat' dir='ltr'><strong><em>Quid</em></strong></span> <span class='ocrx_word' id='word_1_40' title='bbox 433 674 555 730; x_wconf 88' lang='lat' dir='ltr'><strong><em>est,</em></strong></span> <span class='ocrx_word' id='word_1_41' title='bbox 599 662 719 735; x_wconf 72' lang='lat' dir='ltr'><strong><em>plus</em></strong></span> <span class='ocrx_word' id='word_1_42' title='bbox 757 679 916 733; x_wconf 79' lang='lat' dir='ltr'><strong><em>quam</em></strong></span> <span class='ocrx_word' id='word_1_43' title='bbox 960 659 1263 727; x_wconf 75' lang='lat' dir='ltr'><strong><em>Scribarum</em></strong></span> <span class='ocrx_word' id='word_1_44' title='bbox 1304 668 1355 715; x_wconf 85' lang='lat' dir='ltr'><strong><em>et</em></strong></span> <span class='ocrx_word' id='word_1_45' title='bbox 1397 658 1791 713; x_wconf 62' lang='lat' dir='ltr'><strong><em>Pharisaeorum</em></strong></span> <span class='ocrx_word' id='word_1_46' title='bbox 1820 658 1845 710; x_wconf 82' lang='lat'><strong><em>?</em></strong></span> 
     </span>
    </p>
   </div>
   <div class='ocr_carea' id='block_1_8' title="bbox 256 751 1842 830">
    <p class='ocr_par' dir='ltr' id='par_1_8' title="bbox 256 751 1842 830">
     <span class='ocr_line' id='line_1_8' title="bbox 256 751 1842 830; baseline -0.008 -13"><span class='ocrx_word' id='word_1_47' title='bbox 256 759 484 830; x_wconf 79' lang='lat' dir='ltr'><strong><em>Respice</em></strong></span> <span class='ocrx_word' id='word_1_48' title='bbox 522 755 745 811; x_wconf 90' lang='lat' dir='ltr'><strong><em>Scribas</em></strong></span> <span class='ocrx_word' id='word_1_49' title='bbox 783 754 905 809; x_wconf 89' lang='lat' dir='ltr'><strong><em>illos</em></strong></span> <span class='ocrx_word' id='word_1_50' title='bbox 944 759 1000 807; x_wconf 91' lang='lat' dir='ltr'><strong><em>et</em></strong></span> <span class='ocrx_word' id='word_1_51' title='bbox 1035 751 1357 816; x_wconf 72' lang='lat' dir='ltr'><strong><em>Pharismos,</em></strong></span> <span class='ocrx_word' id='word_1_52' title='bbox 1384 752 1477 821; x_wconf 97' lang='lat' dir='ltr'><strong><em>qui</em></strong></span> <span class='ocrx_word' id='word_1_53' title='bbox 1505 752 1557 805; x_wconf 92' lang='lat' dir='ltr'><strong><em>in</em></strong></span> <span class='ocrx_word' id='word_1_54' title='bbox 1584 751 1842 805; x_wconf 78' lang='lat' dir='ltr'><strong><em>cathedra</em></strong></span> 
     </span>
    </p>
   </div>
   <div class='ocr_carea' id='block_1_9' title="bbox 258 841 1839 916">
    <p class='ocr_par' dir='ltr' id='par_1_9' title="bbox 258 841 1839 916">
     <span class='ocr_line' id='line_1_9' title="bbox 258 841 1839 916; baseline -0.004 -12"><span class='ocrx_word' id='word_1_55' title='bbox 258 848 387 903; x_wconf 77' lang='lat' dir='ltr'><strong><em>Mosi</em></strong></span> <span class='ocrx_word' id='word_1_56' title='bbox 426 846 619 902; x_wconf 87' lang='lat' dir='ltr'><strong><em>sedent</em></strong></span> <span class='ocrx_word' id='word_1_57' title='bbox 648 843 867 916; x_wconf 67' lang='lat' dir='ltr'><strong><em>(Matth.</em></strong></span> <span class='ocrx_word' id='word_1_58' title='bbox 897 842 1080 907; x_wconf 64' lang='grc' dir='ltr'>χχιιι).</span> <span class='ocrx_word' id='word_1_59' title='bbox 1127 842 1206 896; x_wconf 85' lang='lat' dir='ltr'><strong><em>De</em></strong></span> <span class='ocrx_word' id='word_1_60' title='bbox 1240 842 1437 911; x_wconf 83' lang='lat' dir='ltr'><strong><em>quibus</em></strong></span> <span class='ocrx_word' id='word_1_61' title='bbox 1476 841 1680 897; x_wconf 89' lang='lat' dir='ltr'><strong><em>dictum</em></strong></span> <span class='ocrx_word' id='word_1_62' title='bbox 1718 851 1839 897; x_wconf 88' lang='lat' dir='ltr'><strong><em>est:</em></strong></span> 
     </span>
    </p>
   </div>
   <div class='ocr_carea' id='block_1_10' title="bbox 257 932 1841 1005">
    <p class='ocr_par' dir='ltr' id='par_1_10' title="bbox 257 932 1841 1005">
     <span class='ocr_line' id='line_1_10' title="bbox 257 932 1841 1005; baseline -0.003 -13"><span class='ocrx_word' id='word_1_63' title='bbox 257 939 385 1005; x_wconf 68' lang='lat' dir='ltr'><strong><em>Quae</em></strong></span> <span class='ocrx_word' id='word_1_64' title='bbox 415 938 609 991; x_wconf 88' lang='lat' dir='ltr'><strong><em>dicunt</em></strong></span> <span class='ocrx_word' id='word_1_65' title='bbox 640 934 824 1000; x_wconf 82' lang='lat' dir='ltr'><strong><em>facite,</em></strong></span> <span class='ocrx_word' id='word_1_66' title='bbox 847 948 969 1003; x_wconf 77' lang='lat' dir='ltr'><strong><em>qua:</em></strong></span> <span class='ocrx_word' id='word_1_67' title='bbox 988 939 1166 987; x_wconf 91' lang='lat' dir='ltr'><strong><em>autem</em></strong></span> <span class='ocrx_word' id='word_1_68' title='bbox 1191 932 1417 998; x_wconf 79' lang='lat' dir='ltr'><strong><em>faciunt,</em></strong></span> <span class='ocrx_word' id='word_1_69' title='bbox 1447 932 1627 988; x_wconf 84' lang='lat' dir='ltr'><strong><em>facere</em></strong></span> <span class='ocrx_word' id='word_1_70' title='bbox 1653 934 1841 988; x_wconf 78' lang='lat' dir='ltr'><strong><em>nolite.</em></strong></span> 
     </span>
    </p>
   </div>
   <div class='ocr_carea' id='block_1_11' title="bbox 259 1022 1841 1094">
    <p class='ocr_par' dir='ltr' id='par_1_11' title="bbox 259 1022 1841 1094">
     <span class='ocr_line' id='line_1_11' title="bbox 259 1022 1841 1094; baseline -0.004 -11"><span class='ocrx_word' id='word_1_71' title='bbox 259 1029 458 1084; x_wconf 86' lang='lat' dir='ltr'><strong><em>Dicunt</em></strong></span> <span class='ocrx_word' id='word_1_72' title='bbox 497 1026 644 1082; x_wconf 89' lang='lat' dir='ltr'><strong><em>enim</em></strong></span> <span class='ocrx_word' id='word_1_73' title='bbox 688 1033 745 1079; x_wconf 90' lang='lat' dir='ltr'><strong><em>et</em></strong></span> <span class='ocrx_word' id='word_1_74' title='bbox 783 1039 895 1079; x_wconf 85' lang='lat' dir='ltr'><strong><em>non</em></strong></span> <span class='ocrx_word' id='word_1_75' title='bbox 940 1023 1165 1079; x_wconf 78' lang='lat' dir='ltr'><strong><em>faciunt.</em></strong></span> <span class='ocrx_word' id='word_1_76' title='bbox 1215 1022 1356 1094; x_wconf 86' lang='lat' dir='ltr'><strong><em>Ergo</em></strong></span> <span class='ocrx_word' id='word_1_77' title='bbox 1391 1023 1603 1093; x_wconf 89' lang='lat' dir='ltr'><strong><em>iustitia</em></strong></span> <span class='ocrx_word' id='word_1_78' title='bbox 1645 1023 1841 1078; x_wconf 89' lang='lat' dir='ltr'><strong><em>Phari-</em></strong></span> 
     </span>
    </p>
   </div>
   <div class='ocr_carea' id='block_1_12' title="bbox 259 1114 1843 1185">
    <p class='ocr_par' dir='ltr' id='par_1_12' title="bbox 259 1114 1843 1185">
     <span class='ocr_line' id='line_1_12' title="bbox 259 1114 1843 1185; baseline -0.004 -8"><span class='ocrx_word' id='word_1_79' title='bbox 259 1135 492 1177; x_wconf 69' lang='lat' dir='ltr'><strong><em>saeon</em></strong></span> <span class='ocrx_word' id='word_1_80' title='bbox 533 1127 639 1183; x_wconf 87' lang='lat' dir='ltr'><strong><em>est,</em></strong></span> <span class='ocrx_word' id='word_1_81' title='bbox 665 1118 849 1173; x_wconf 86' lang='lat' dir='ltr'><strong><em>dicere</em></strong></span> <span class='ocrx_word' id='word_1_82' title='bbox 882 1125 938 1171; x_wconf 88' lang='lat' dir='ltr'><strong><em>et</em></strong></span> <span class='ocrx_word' id='word_1_83' title='bbox 971 1133 1077 1173; x_wconf 91' lang='lat' dir='ltr'><strong><em>non</em></strong></span> <span class='ocrx_word' id='word_1_84' title='bbox 1115 1115 1317 1172; x_wconf 78' lang='lat' dir='ltr'><strong><em>facere.</em></strong></span> <span class='ocrx_word' id='word_1_85' title='bbox 1362 1114 1613 1171; x_wconf 86' lang='lat' dir='ltr'><strong><em>Abundet</em></strong></span> <span class='ocrx_word' id='word_1_86' title='bbox 1630 1115 1843 1185; x_wconf 88' lang='lat' dir='ltr'><strong><em>iustitia</em></strong></span> 
     </span>
    </p>
   </div>
   <div class='ocr_carea' id='block_1_13' title="bbox 258 1207 1844 1282">
    <p class='ocr_par' dir='ltr' id='par_1_13' title="bbox 258 1207 1844 1282">
     <span class='ocr_line' id='line_1_13' title="bbox 258 1207 1844 1282; baseline -0.001 -17"><span class='ocrx_word' id='word_1_87' title='bbox 258 1221 439 1267; x_wconf 79' lang='lat' dir='ltr'><strong><em>vestra</em></strong></span> <span class='ocrx_word' id='word_1_88' title='bbox 465 1226 634 1282; x_wconf 83' lang='lat' dir='ltr'><strong><em>super</em></strong></span> <span class='ocrx_word' id='word_1_89' title='bbox 654 1207 1060 1266; x_wconf 78' lang='lat' dir='ltr'><strong><em>Scribarumet</em></strong></span> <span class='ocrx_word' id='word_1_90' title='bbox 1089 1208 1509 1274; x_wconf 65' lang='lat' dir='ltr'><strong><em>Pharisaeorum,</em></strong></span> <span class='ocrx_word' id='word_1_91' title='bbox 1534 1217 1596 1263; x_wconf 91' lang='lat' dir='ltr'><strong><em>ut</em></strong></span> <span class='ocrx_word' id='word_1_92' title='bbox 1622 1217 1678 1264; x_wconf 91' lang='lat' dir='ltr'><strong><em>et</em></strong></span> <span class='ocrx_word' id='word_1_93' title='bbox 1703 1210 1844 1264; x_wconf 89' lang='lat' dir='ltr'><strong><em>bona</em></strong></span> 
     </span>
    </p>
   </div>
   <div class='ocr_carea' id='block_1_14' title="bbox 258 1298 1846 1373">
    <p class='ocr_par' dir='ltr' id='par_1_14' title="bbox 258 1298 1846 1373">
     <span class='ocr_line' id='line_1_14' title="bbox 258 1298 1846 1373; baseline -0.001 -16"><span class='ocrx_word' id='word_1_94' title='bbox 258 1304 473 1366; x_wconf 80' lang='lat' dir='ltr'><strong><em>dicatis,</em></strong></span> <span class='ocrx_word' id='word_1_95' title='bbox 518 1310 577 1356; x_wconf 91' lang='lat' dir='ltr'><strong><em>et</em></strong></span> <span class='ocrx_word' id='word_1_96' title='bbox 617 1302 755 1355; x_wconf 90' lang='lat' dir='ltr'><strong><em>bene</em></strong></span> <span class='ocrx_word' id='word_1_97' title='bbox 791 1300 1003 1354; x_wconf 86' lang='lat' dir='ltr'><strong><em>vivatis.</em></strong></span> <span class='ocrx_word' id='word_1_98' title='bbox 1047 1298 1167 1355; x_wconf 86' lang='lat' dir='ltr'><strong><em>Jam</em></strong></span> <span class='ocrx_word' id='word_1_99' title='bbox 1200 1316 1333 1373; x_wconf 85' lang='lat' dir='ltr'><strong><em>ergo</em></strong></span> <span class='ocrx_word' id='word_1_100' title='bbox 1367 1302 1434 1356; x_wconf 90' lang='lat' dir='ltr'><strong><em>de</em></strong></span> <span class='ocrx_word' id='word_1_101' title='bbox 1466 1316 1694 1358; x_wconf 89' lang='lat' dir='ltr'><strong><em>numero</em></strong></span> <span class='ocrx_word' id='word_1_102' title='bbox 1719 1316 1846 1357; x_wconf 89' lang='lat' dir='ltr'><strong><em>cen-</em></strong></span> 
     </span>
    </p>
   </div>
   <div class='ocr_carea' id='block_1_15' title="bbox 259 1391 1846 1463">
    <p class='ocr_par' dir='ltr' id='par_1_15' title="bbox 259 1391 1846 1463">
     <span class='ocr_line' id='line_1_15' title="bbox 259 1391 1846 1463; baseline -0.001 -15"><span class='ocrx_word' id='word_1_103' title='bbox 259 1392 810 1463; x_wconf 74' lang='lat' dir='ltr'><strong><em>tumquinquaginta</em></strong></span> <span class='ocrx_word' id='word_1_104' title='bbox 855 1394 1018 1444; x_wconf 90' lang='lat' dir='ltr'><strong><em>trium</em></strong></span> <span class='ocrx_word' id='word_1_105' title='bbox 1062 1392 1291 1461; x_wconf 89' lang='lat' dir='ltr'><strong><em>piscium</em></strong></span> <span class='ocrx_word' id='word_1_106' title='bbox 1319 1432 1334 1456; x_wconf 94' lang='lat'><strong><em>,</em></strong></span> <span class='ocrx_word' id='word_1_107' title='bbox 1394 1391 1521 1460; x_wconf 90' lang='lat' dir='ltr'><strong><em>quid</em></strong></span> <span class='ocrx_word' id='word_1_108' title='bbox 1577 1407 1712 1462; x_wconf 89' lang='lat' dir='ltr'><strong><em>opus</em></strong></span> <span class='ocrx_word' id='word_1_109' title='bbox 1762 1402 1846 1447; x_wconf 87' lang='lat' dir='ltr'><strong><em>est</em></strong></span> 
     </span>
    </p>
   </div>
   <div class='ocr_carea' id='block_1_16' title="bbox 258 1479 1844 1553">
    <p class='ocr_par' dir='ltr' id='par_1_16' title="bbox 258 1479 1844 1553">
     <span class='ocr_line' id='line_1_16' title="bbox 258 1479 1844 1553; baseline -0.001 -14"><span class='ocrx_word' id='word_1_110' title='bbox 258 1484 449 1539; x_wconf 89' lang='lat' dir='ltr'><strong><em>eadem</em></strong></span> <span class='ocrx_word' id='word_1_111' title='bbox 491 1480 786 1537; x_wconf 78' lang='lat' dir='ltr'><strong><em>retexere?</em></strong></span> <span class='ocrx_word' id='word_1_112' title='bbox 839 1480 1011 1534; x_wconf 87' lang='lat' dir='ltr'><strong><em>nostis</em></strong></span> <span class='ocrx_word' id='word_1_113' title='bbox 1054 1479 1165 1535; x_wconf 92' lang='lat' dir='ltr'><strong><em>illa.</em></strong></span> <span class='ocrx_word' id='word_1_114' title='bbox 1225 1480 1271 1534; x_wconf 80' lang='grc' dir='ltr'><strong>Α</strong></span> <span class='ocrx_word' id='word_1_115' title='bbox 1314 1481 1500 1536; x_wconf 89' lang='lat' dir='ltr'><strong><em>decem</em></strong></span> <span class='ocrx_word' id='word_1_116' title='bbox 1542 1489 1597 1536; x_wconf 92' lang='lat' dir='ltr'><strong><em>et</em></strong></span> <span class='ocrx_word' id='word_1_117' title='bbox 1638 1492 1844 1553; x_wconf 84' lang='lat' dir='ltr'><strong><em>septem</em></strong></span> 
     </span>
    </p>
   </div>
   <div class='ocr_carea' id='block_1_17' title="bbox 258 1572 1842 1644">
    <p class='ocr_par' dir='ltr' id='par_1_17' title="bbox 258 1572 1842 1644">
     <span class='ocr_line' id='line_1_17' title="bbox 258 1572 1842 1644; baseline 0.001 -16"><span class='ocrx_word' id='word_1_118' title='bbox 258 1575 504 1629; x_wconf 87' lang='lat' dir='ltr'><strong><em>nascitur</em></strong></span> <span class='ocrx_word' id='word_1_119' title='bbox 544 1587 803 1627; x_wconf 86' lang='lat' dir='ltr'><strong><em>numerus</em></strong></span> <span class='ocrx_word' id='word_1_120' title='bbox 842 1586 1115 1637; x_wconf 77' lang='lat' dir='ltr'><strong><em>crescens,</em></strong></span> <span class='ocrx_word' id='word_1_121' title='bbox 1138 1572 1317 1643; x_wconf 88' lang='lat' dir='ltr'><strong><em>incipe</em></strong></span> <span class='ocrx_word' id='word_1_122' title='bbox 1355 1573 1425 1627; x_wconf 88' lang='lat' dir='ltr'><strong><em>ab</em></strong></span> <span class='ocrx_word' id='word_1_123' title='bbox 1468 1588 1597 1638; x_wconf 91' lang='lat' dir='ltr'><strong><em>uno,</em></strong></span> <span class='ocrx_word' id='word_1_124' title='bbox 1623 1575 1842 1644; x_wconf 77' lang='lat' dir='ltr'><strong><em>perveni</em></strong></span> 
     </span>
    </p>
   </div>
   <div class='ocr_carea' id='block_1_18' title="bbox 256 1661 1842 1731">
    <p class='ocr_par' dir='ltr' id='par_1_18' title="bbox 256 1661 1842 1731">
     <span class='ocr_line' id='line_1_18' title="bbox 256 1661 1842 1731; baseline 0.001 -16"><span class='ocrx_word' id='word_1_125' title='bbox 256 1663 321 1716; x_wconf 86' lang='lat' dir='ltr'><strong><em>ad</em></strong></span> <span class='ocrx_word' id='word_1_126' title='bbox 363 1663 555 1716; x_wconf 85' lang='lat' dir='ltr'><strong><em>decem</em></strong></span> <span class='ocrx_word' id='word_1_127' title='bbox 594 1668 648 1716; x_wconf 87' lang='lat' dir='ltr'><strong><em>et</em></strong></span> <span class='ocrx_word' id='word_1_128' title='bbox 685 1668 913 1731; x_wconf 86' lang='lat' dir='ltr'><strong><em>septem,</em></strong></span> <span class='ocrx_word' id='word_1_129' title='bbox 938 1669 997 1714; x_wconf 90' lang='lat' dir='ltr'><strong><em>ut</em></strong></span> <span class='ocrx_word' id='word_1_130' title='bbox 1020 1675 1209 1716; x_wconf 90' lang='lat' dir='ltr'><strong><em>omnes</em></strong></span> <span class='ocrx_word' id='word_1_131' title='bbox 1252 1661 1439 1727; x_wconf 88' lang='lat' dir='ltr'><strong><em>addas,</em></strong></span> <span class='ocrx_word' id='word_1_132' title='bbox 1469 1662 1520 1716; x_wconf 92' lang='lat' dir='ltr'><strong><em>id</em></strong></span> <span class='ocrx_word' id='word_1_133' title='bbox 1547 1671 1650 1728; x_wconf 90' lang='lat' dir='ltr'><strong><em>est,</em></strong></span> <span class='ocrx_word' id='word_1_134' title='bbox 1673 1679 1842 1717; x_wconf 90' lang='lat' dir='ltr'><strong><em>unum</em></strong></span> 
     </span>
    </p>
   </div>
   <div class='ocr_carea' id='block_1_19' title="bbox 1942 481 3518 554">
    <p class='ocr_par' dir='ltr' id='par_1_19' title="bbox 1942 481 3518 554">
     <span class='ocr_line' id='line_1_19' title="bbox 1942 481 3518 554; baseline -0.001 -15"><span class='ocrx_word' id='word_1_135' title='bbox 1942 484 2085 540; x_wconf 91' lang='lat' dir='ltr'><strong><em>dono</em></strong></span> <span class='ocrx_word' id='word_1_136' title='bbox 2126 485 2239 539; x_wconf 91' lang='lat' dir='ltr'><strong><em>Dei.</em></strong></span> <span class='ocrx_word' id='word_1_137' title='bbox 2298 485 2407 540; x_wconf 79' lang='lat' dir='ltr'><strong><em>Lex</em></strong></span> <span class='ocrx_word' id='word_1_138' title='bbox 2448 483 2640 553; x_wconf 86' lang='lat' dir='ltr'><strong><em>jubere</em></strong></span> <span class='ocrx_word' id='word_1_139' title='bbox 2682 489 2903 554; x_wconf 87' lang='lat' dir='ltr'><strong><em>potest,</em></strong></span> <span class='ocrx_word' id='word_1_140' title='bbox 2944 481 3137 551; x_wconf 89' lang='lat' dir='ltr'><strong><em>iuvare</em></strong></span> <span class='ocrx_word' id='word_1_141' title='bbox 3174 498 3283 538; x_wconf 91' lang='lat' dir='ltr'><strong><em>non</em></strong></span> <span class='ocrx_word' id='word_1_142' title='bbox 3322 492 3518 553; x_wconf 85' lang='lat' dir='ltr'><strong><em>potest.</em></strong></span> 
     </span>
    </p>
   </div>
   <div class='ocr_carea' id='block_1_20' title="bbox 1941 572 3523 646">
    <p class='ocr_par' dir='ltr' id='par_1_20' title="bbox 1941 572 3523 646">
     <span class='ocr_line' id='line_1_20' title="bbox 1941 572 3523 646; baseline -0.002 -16"><span class='ocrx_word' id='word_1_143' title='bbox 1941 576 2165 632; x_wconf 84' lang='lat' dir='ltr'><strong><em>Accedit</em></strong></span> <span class='ocrx_word' id='word_1_144' title='bbox 2187 575 2401 645; x_wconf 88' lang='lat' dir='ltr'><strong><em>adiutor</em></strong></span> <span class='ocrx_word' id='word_1_145' title='bbox 2423 576 2667 646; x_wconf 84' lang='lat' dir='ltr'><strong><em>spiritus,</em></strong></span> <span class='ocrx_word' id='word_1_146' title='bbox 2694 584 2748 629; x_wconf 90' lang='lat' dir='ltr'><strong><em>et</em></strong></span> <span class='ocrx_word' id='word_1_147' title='bbox 2778 573 2838 627; x_wconf 80' lang='lat' dir='ltr'><strong><em>ﬁt</em></strong></span> <span class='ocrx_word' id='word_1_148' title='bbox 2866 572 3078 641; x_wconf 88' lang='lat' dir='ltr'><strong><em>iussum</em></strong></span> <span class='ocrx_word' id='word_1_149' title='bbox 3115 573 3210 628; x_wconf 89' lang='lat' dir='ltr'><strong><em>Dei</em></strong></span> <span class='ocrx_word' id='word_1_150' title='bbox 3245 587 3369 629; x_wconf 91' lang='lat' dir='ltr'><strong><em>cum</em></strong></span> <span class='ocrx_word' id='word_1_151' title='bbox 3393 589 3523 645; x_wconf 64' lang='lat' dir='ltr'><strong><em>gano</em></strong></span> 
     </span>
    </p>
   </div>
   <div class='ocr_carea' id='block_1_21' title="bbox 1943 666 3521 733">
    <p class='ocr_par' dir='ltr' id='par_1_21' title="bbox 1943 666 3521 733">
     <span class='ocr_line' id='line_1_21' title="bbox 1943 666 3521 733; baseline -0.001 -10"><span class='ocrx_word' id='word_1_152' title='bbox 1943 668 2053 733; x_wconf 90' lang='lat' dir='ltr'><strong><em>dio,</em></strong></span> <span class='ocrx_word' id='word_1_153' title='bbox 2099 684 2223 723; x_wconf 90' lang='lat' dir='ltr'><strong><em>cum</em></strong></span> <span class='ocrx_word' id='word_1_154' title='bbox 2263 667 2568 723; x_wconf 86' lang='lat' dir='ltr'><strong><em>dilectione.</em></strong></span> <span class='ocrx_word' id='word_1_155' title='bbox 2610 667 2744 721; x_wconf 83' lang='lat' dir='ltr'><strong><em>Nam</em></strong></span> <span class='ocrx_word' id='word_1_156' title='bbox 2787 667 2939 721; x_wconf 88' lang='lat' dir='ltr'><strong><em>multi</em></strong></span> <span class='ocrx_word' id='word_1_157' title='bbox 2980 666 3187 722; x_wconf 79' lang='lat' dir='ltr'><strong><em>faciunt</em></strong></span> <span class='ocrx_word' id='word_1_158' title='bbox 3228 682 3259 721; x_wconf 86' lang='lat' dir='ltr'><strong><em>a</em></strong></span> <span class='ocrx_word' id='word_1_159' title='bbox 3306 668 3521 732; x_wconf 87' lang='lat' dir='ltr'><strong><em>timore,</em></strong></span> 
     </span>
    </p>
   </div>
   <div class='ocr_carea' id='block_1_22' title="bbox 1943 746 3521 830">
    <p class='ocr_par' dir='ltr' id='par_1_22' title="bbox 1943 746 3521 830">
     <span class='ocr_line' id='line_1_22' title="bbox 1943 746 3521 830; baseline -0.003 -15"><span class='ocrx_word' id='word_1_160' title='bbox 1943 759 2037 815; x_wconf 87' lang='lat' dir='ltr'><strong><em>sed</em></strong></span> <span class='ocrx_word' id='word_1_161' title='bbox 2068 760 2159 830; x_wconf 86' lang='lat' dir='ltr'><strong><em>qui</em></strong></span> <span class='ocrx_word' id='word_1_162' title='bbox 2194 758 2395 814; x_wconf 83' lang='lat' dir='ltr'><strong><em>faciunt</em></strong></span> <span class='ocrx_word' id='word_1_163' title='bbox 2425 758 2600 830; x_wconf 80' lang='lat' dir='ltr'><strong><em>legem</em></strong></span> <span class='ocrx_word' id='word_1_164' title='bbox 2635 759 2874 813; x_wconf 79' lang='lat' dir='ltr'><strong><em>timendo</em></strong></span> <span class='ocrx_word' id='word_1_165' title='bbox 2905 772 3140 828; x_wconf 79' lang='lat' dir='ltr'><strong><em>ptenam,</em></strong></span> <span class='ocrx_word' id='word_1_166' title='bbox 3170 746 3395 813; x_wconf 83' lang='lat' dir='ltr'><strong><em>mallent</em></strong></span> <span class='ocrx_word' id='word_1_167' title='bbox 3416 775 3521 813; x_wconf 89' lang='lat' dir='ltr'><strong><em>non</em></strong></span> 
     </span>
    </p>
   </div>
   <div class='ocr_carea' id='block_1_23' title="bbox 1942 847 3524 920">
    <p class='ocr_par' dir='ltr' id='par_1_23' title="bbox 1942 847 3524 920">
     <span class='ocr_line' id='line_1_23' title="bbox 1942 847 3524 920; baseline -0.004 -13"><span class='ocrx_word' id='word_1_168' title='bbox 1942 865 2063 907; x_wconf 90' lang='lat' dir='ltr'><strong><em>esse</em></strong></span> <span class='ocrx_word' id='word_1_169' title='bbox 2083 850 2225 920; x_wconf 87' lang='lat' dir='ltr'><strong><em>quod</em></strong></span> <span class='ocrx_word' id='word_1_170' title='bbox 2248 849 2526 905; x_wconf 70' lang='lat' dir='ltr'><strong><em>timebant.</em></strong></span> <span class='ocrx_word' id='word_1_171' title='bbox 2545 848 2644 916; x_wconf 87' lang='lat' dir='ltr'><strong><em>Qui</em></strong></span> <span class='ocrx_word' id='word_1_172' title='bbox 2668 856 2847 903; x_wconf 88' lang='lat' dir='ltr'><strong><em>autem</em></strong></span> <span class='ocrx_word' id='word_1_173' title='bbox 2872 848 3074 903; x_wconf 85' lang='lat' dir='ltr'><strong><em>faciunt</em></strong></span> <span class='ocrx_word' id='word_1_174' title='bbox 3100 847 3270 918; x_wconf 80' lang='lat' dir='ltr'><strong><em>legem</em></strong></span> <span class='ocrx_word' id='word_1_175' title='bbox 3293 850 3524 903; x_wconf 89' lang='lat' dir='ltr'><strong><em>amando</em></strong></span> 
     </span>
    </p>
   </div>
   <div class='ocr_carea' id='block_1_24' title="bbox 1935 938 3521 1013">
    <p class='ocr_par' dir='ltr' id='par_1_24' title="bbox 1935 938 3521 1013">
     <span class='ocr_line' id='line_1_24' title="bbox 1935 938 3521 1013; baseline -0.003 -17"><span class='ocrx_word' id='word_1_176' title='bbox 1935 941 2220 1011; x_wconf 85' lang='lat' dir='ltr'><strong><em>justitiam,</em></strong></span> <span class='ocrx_word' id='word_1_177' title='bbox 2252 941 2485 1013; x_wconf 81' lang='lat' dir='ltr'><strong><em>gaudent</em></strong></span> <span class='ocrx_word' id='word_1_178' title='bbox 2520 948 2575 996; x_wconf 92' lang='lat' dir='ltr'><strong><em>et</em></strong></span> <span class='ocrx_word' id='word_1_179' title='bbox 2608 939 2679 994; x_wconf 87' lang='lat' dir='ltr'><strong><em>ibi</em></strong></span> <span class='ocrx_word' id='word_1_180' title='bbox 2701 939 2825 1009; x_wconf 83' lang='lat' dir='ltr'><strong><em>quia</em></strong></span> <span class='ocrx_word' id='word_1_181' title='bbox 2862 954 2967 993; x_wconf 92' lang='lat' dir='ltr'><strong><em>non</em></strong></span> <span class='ocrx_word' id='word_1_182' title='bbox 2998 938 3201 994; x_wconf 87' lang='lat' dir='ltr'><strong><em>habent</em></strong></span> <span class='ocrx_word' id='word_1_183' title='bbox 3229 939 3521 993; x_wconf 85' lang='lat' dir='ltr'><strong><em>inimicam.</em></strong></span> 
     </span>
    </p>
   </div>
   <div class='ocr_carea' id='block_1_25' title="bbox 1940 1028 3526 1087">
    <p class='ocr_par' dir='ltr' id='par_1_25' title="bbox 1940 1028 3526 1087">
     <span class='ocr_line' id='line_1_25' title="bbox 1940 1028 3526 1087; baseline -0.002 -2"><span class='ocrx_word' id='word_1_184' title='bbox 1940 1030 2066 1087; x_wconf 69' lang='lat' dir='ltr'><strong><em>Ideo</em></strong></span> <span class='ocrx_word' id='word_1_185' title='bbox 2104 1031 2233 1086; x_wconf 87' lang='lat' dir='ltr'><strong><em>dicit</em></strong></span> <span class='ocrx_word' id='word_1_186' title='bbox 2273 1031 2569 1086; x_wconf 65' lang='lat' dir='ltr'><strong><em>Dominus:</em></strong></span> <span class='ocrx_word' id='word_1_187' title='bbox 2615 1028 2894 1085; x_wconf 85' lang='lat' dir='ltr'><strong><em>Concorda</em></strong></span> <span class='ocrx_word' id='word_1_188' title='bbox 2934 1046 3052 1083; x_wconf 87' lang='lat' dir='ltr'><strong><em>cum</em></strong></span> <span class='ocrx_word' id='word_1_189' title='bbox 3093 1029 3395 1083; x_wconf 78' lang='lat' dir='ltr'><strong><em>adversario</em></strong></span> <span class='ocrx_word' id='word_1_190' title='bbox 3436 1039 3526 1084; x_wconf 83' lang='lat' dir='ltr'><strong><em>tuo</em></strong></span> 
     </span>
    </p>
   </div>
   <div class='ocr_carea' id='block_1_26' title="bbox 1944 1118 3528 1191">
    <p class='ocr_par' dir='ltr' id='par_1_26' title="bbox 1944 1118 3528 1191">
     <span class='ocr_line' id='line_1_26' title="bbox 1944 1118 3528 1191; baseline -0.003 -14"><span class='ocrx_word' id='word_1_191' title='bbox 1944 1124 2081 1189; x_wconf 86' lang='lat' dir='ltr'><strong><em>cito,</em></strong></span> <span class='ocrx_word' id='word_1_192' title='bbox 2130 1140 2244 1176; x_wconf 85' lang='lat' dir='ltr'><strong><em>cum</em></strong></span> <span class='ocrx_word' id='word_1_193' title='bbox 2282 1140 2336 1177; x_wconf 84' lang='lat' dir='ltr'><strong><em>es</em></strong></span> <span class='ocrx_word' id='word_1_194' title='bbox 2374 1139 2492 1175; x_wconf 86' lang='lat' dir='ltr'><strong><em>cum</em></strong></span> <span class='ocrx_word' id='word_1_195' title='bbox 2534 1120 2624 1175; x_wconf 82' lang='lat' dir='ltr'><strong><em>illo</em></strong></span> <span class='ocrx_word' id='word_1_196' title='bbox 2668 1121 2721 1174; x_wconf 90' lang='lat' dir='ltr'><strong><em>in</em></strong></span> <span class='ocrx_word' id='word_1_197' title='bbox 2762 1121 2844 1173; x_wconf 86' lang='lat' dir='ltr'><strong><em>via</em></strong></span> <span class='ocrx_word' id='word_1_198' title='bbox 2889 1118 3105 1191; x_wconf 74' lang='lat' dir='ltr'><strong><em>(.llattlt.</em></strong></span> <span class='ocrx_word' id='word_1_199' title='bbox 3135 1119 3212 1191; x_wconf 89' lang='lat' dir='ltr'><strong><em>v).</em></strong></span> <span class='ocrx_word' id='word_1_200' title='bbox 3269 1118 3402 1186; x_wconf 87' lang='lat' dir='ltr'><strong><em>Quis</em></strong></span> <span class='ocrx_word' id='word_1_201' title='bbox 3443 1129 3528 1173; x_wconf 88' lang='lat' dir='ltr'><strong><em>est</em></strong></span> 
     </span>
    </p>
   </div>
   <div class='ocr_carea' id='block_1_27' title="bbox 1944 1210 3525 1281">
    <p class='ocr_par' dir='ltr' id='par_1_27' title="bbox 1944 1210 3525 1281">
     <span class='ocr_line' id='line_1_27' title="bbox 1944 1210 3525 1281; baseline -0.003 -14"><span class='ocrx_word' id='word_1_202' title='bbox 1944 1214 2290 1269; x_wconf 84' lang='lat' dir='ltr'><strong><em>adversarius</em></strong></span> <span class='ocrx_word' id='word_1_203' title='bbox 2329 1213 2495 1268; x_wconf 86' lang='lat' dir='ltr'><strong><em>tuus?</em></strong></span> <span class='ocrx_word' id='word_1_204' title='bbox 2537 1228 2718 1267; x_wconf 88' lang='lat' dir='ltr'><strong><em>sermo</em></strong></span> <span class='ocrx_word' id='word_1_205' title='bbox 2760 1211 2913 1281; x_wconf 82' lang='lat' dir='ltr'><strong><em>legis.</em></strong></span> <span class='ocrx_word' id='word_1_206' title='bbox 2958 1211 3089 1278; x_wconf 75' lang='lat' dir='ltr'><strong><em>Qua:</em></strong></span> <span class='ocrx_word' id='word_1_207' title='bbox 3131 1219 3214 1265; x_wconf 86' lang='lat' dir='ltr'><strong><em>est</em></strong></span> <span class='ocrx_word' id='word_1_208' title='bbox 3251 1211 3377 1264; x_wconf 83' lang='lat' dir='ltr'><strong><em>via?</em></strong></span> <span class='ocrx_word' id='word_1_209' title='bbox 3417 1210 3525 1263; x_wconf 77' lang='lat' dir='ltr'><strong><em>vita</em></strong></span> 
     </span>
    </p>
   </div>
   <div class='ocr_carea' id='block_1_28' title="bbox 1945 1300 3528 1370">
    <p class='ocr_par' dir='ltr' id='par_1_28' title="bbox 1945 1300 3528 1370">
     <span class='ocr_line' id='line_1_28' title="bbox 1945 1300 3528 1370; baseline -0.003 -13"><span class='ocrx_word' id='word_1_210' title='bbox 1945 1302 2067 1358; x_wconf 89' lang='lat' dir='ltr'><strong><em>ista.</em></strong></span> <span class='ocrx_word' id='word_1_211' title='bbox 2136 1302 2414 1370; x_wconf 86' lang='lat' dir='ltr'><strong><em>Quomodo</em></strong></span> <span class='ocrx_word' id='word_1_212' title='bbox 2455 1312 2539 1358; x_wconf 91' lang='lat' dir='ltr'><strong><em>est</em></strong></span> <span class='ocrx_word' id='word_1_213' title='bbox 2594 1301 2685 1357; x_wconf 89' lang='lat' dir='ltr'><strong><em>illa</em></strong></span> <span class='ocrx_word' id='word_1_214' title='bbox 2745 1301 3135 1356; x_wconf 86' lang='lat' dir='ltr'><strong><em>adversarius?</em></strong></span> <span class='ocrx_word' id='word_1_215' title='bbox 3179 1300 3353 1354; x_wconf 90' lang='lat' dir='ltr'><strong><em>dicit:</em></strong></span> <span class='ocrx_word' id='word_1_216' title='bbox 3404 1300 3528 1354; x_wconf 80' lang='lat' dir='ltr'><strong><em>Non</em></strong></span> 
     </span>
    </p>
   </div>
   <div class='ocr_carea' id='block_1_29' title="bbox 1943 1388 3529 1458">
    <p class='ocr_par' dir='ltr' id='par_1_29' title="bbox 1943 1388 3529 1458">
     <span class='ocr_line' id='line_1_29' title="bbox 1943 1388 3529 1458; baseline -0.006 -10"><span class='ocrx_word' id='word_1_217' title='bbox 1943 1393 2301 1458; x_wconf 67' lang='lat' dir='ltr'><strong><em>maechaberis,</em></strong></span> <span class='ocrx_word' id='word_1_218' title='bbox 2336 1401 2389 1447; x_wconf 90' lang='lat' dir='ltr'><strong><em>et</em></strong></span> <span class='ocrx_word' id='word_1_219' title='bbox 2421 1401 2475 1446; x_wconf 90' lang='lat' dir='ltr'><strong><em>tu</em></strong></span> <span class='ocrx_word' id='word_1_220' title='bbox 2511 1392 2594 1447; x_wconf 72' lang='lat' dir='ltr'><strong><em>vis</em></strong></span> <span class='ocrx_word' id='word_1_221' title='bbox 2634 1391 2917 1446; x_wconf 75' lang='lat' dir='ltr'><strong><em>mmchari.</em></strong></span> <span class='ocrx_word' id='word_1_222' title='bbox 2966 1390 3139 1444; x_wconf 91' lang='lat' dir='ltr'><strong><em>Dicit:</em></strong></span> <span class='ocrx_word' id='word_1_223' title='bbox 3189 1388 3312 1443; x_wconf 88' lang='lat' dir='ltr'><strong><em>Non</em></strong></span> <span class='ocrx_word' id='word_1_224' title='bbox 3340 1405 3529 1442; x_wconf 79' lang='lat' dir='ltr'><strong><em>cancu-</em></strong></span> 
     </span>
    </p>
   </div>
   <div class='ocr_carea' id='block_1_30' title="bbox 1942 1478 3531 1555">
    <p class='ocr_par' dir='ltr' id='par_1_30' title="bbox 1942 1478 3531 1555">
     <span class='ocr_line' id='line_1_30' title="bbox 1942 1478 3531 1555; baseline -0.005 -17"><span class='ocrx_word' id='word_1_225' title='bbox 1942 1484 2111 1555; x_wconf 87' lang='lat' dir='ltr'><strong><em>piscas</em></strong></span> <span class='ocrx_word' id='word_1_226' title='bbox 2154 1499 2270 1538; x_wconf 89' lang='lat' dir='ltr'><strong><em>rem</em></strong></span> <span class='ocrx_word' id='word_1_227' title='bbox 2309 1483 2543 1553; x_wconf 75' lang='lat' dir='ltr'><strong><em>proximi</em></strong></span> <span class='ocrx_word' id='word_1_228' title='bbox 2585 1483 2683 1547; x_wconf 90' lang='lat' dir='ltr'><strong><em>tui,</em></strong></span> <span class='ocrx_word' id='word_1_229' title='bbox 2727 1490 2781 1536; x_wconf 90' lang='lat' dir='ltr'><strong><em>et</em></strong></span> <span class='ocrx_word' id='word_1_230' title='bbox 2822 1490 2880 1534; x_wconf 90' lang='lat' dir='ltr'><strong><em>tu</em></strong></span> <span class='ocrx_word' id='word_1_231' title='bbox 2919 1482 3002 1535; x_wconf 89' lang='lat' dir='ltr'><strong><em>vis</em></strong></span> <span class='ocrx_word' id='word_1_232' title='bbox 3041 1494 3233 1550; x_wconf 87' lang='lat' dir='ltr'><strong><em>rapere</em></strong></span> <span class='ocrx_word' id='word_1_233' title='bbox 3272 1493 3359 1533; x_wconf 86' lang='lat' dir='ltr'><strong><em>res</em></strong></span> <span class='ocrx_word' id='word_1_234' title='bbox 3401 1478 3531 1531; x_wconf 87' lang='lat' dir='ltr'><strong><em>alie-</em></strong></span> 
     </span>
    </p>
   </div>
   <div class='ocr_carea' id='block_1_31' title="bbox 1942 1572 3534 1644">
    <p class='ocr_par' dir='ltr' id='par_1_31' title="bbox 1942 1572 3534 1644">
     <span class='ocr_line' id='line_1_31' title="bbox 1942 1572 3534 1644; baseline -0.004 -15"><span class='ocrx_word' id='word_1_235' title='bbox 1942 1590 2059 1629; x_wconf 88' lang='lat' dir='ltr'><strong><em>nas.</em></strong></span> <span class='ocrx_word' id='word_1_236' title='bbox 2109 1574 2289 1629; x_wconf 88' lang='lat' dir='ltr'><strong><em>Dicit:</em></strong></span> <span class='ocrx_word' id='word_1_237' title='bbox 2334 1572 2555 1627; x_wconf 81' lang='lat' dir='ltr'><strong><em>Honora</em></strong></span> <span class='ocrx_word' id='word_1_238' title='bbox 2594 1582 2795 1644; x_wconf 86' lang='lat' dir='ltr'><strong><em>patrem</em></strong></span> <span class='ocrx_word' id='word_1_239' title='bbox 2833 1581 2879 1625; x_wconf 88' lang='lat' dir='ltr'><strong><em>et</em></strong></span> <span class='ocrx_word' id='word_1_240' title='bbox 2924 1580 3165 1634; x_wconf 87' lang='lat' dir='ltr'><strong><em>matrem,</em></strong></span> <span class='ocrx_word' id='word_1_241' title='bbox 3210 1579 3265 1625; x_wconf 92' lang='lat' dir='ltr'><strong><em>et</em></strong></span> <span class='ocrx_word' id='word_1_242' title='bbox 3306 1578 3363 1623; x_wconf 90' lang='lat' dir='ltr'><strong><em>tu</em></strong></span> <span class='ocrx_word' id='word_1_243' title='bbox 3405 1585 3534 1625; x_wconf 87' lang='lat' dir='ltr'><strong><em>cou-</em></strong></span> 
     </span>
    </p>
   </div>
   <div class='ocr_carea' id='block_1_32' title="bbox 1943 1660 3534 1734">
    <p class='ocr_par' dir='ltr' id='par_1_32' title="bbox 1943 1660 3534 1734">
     <span class='ocr_line' id='line_1_32' title="bbox 1943 1660 3534 1734; baseline -0.002 -16"><span class='ocrx_word' id='word_1_244' title='bbox 1943 1665 2259 1719; x_wconf 89' lang='lat' dir='ltr'><strong><em>tumeliosus</em></strong></span> <span class='ocrx_word' id='word_1_245' title='bbox 2282 1680 2343 1718; x_wconf 89' lang='lat' dir='ltr'><strong><em>es</em></strong></span> <span class='ocrx_word' id='word_1_246' title='bbox 2376 1663 2432 1717; x_wconf 92' lang='lat' dir='ltr'><strong><em>in</em></strong></span> <span class='ocrx_word' id='word_1_247' title='bbox 2466 1663 2802 1734; x_wconf 88' lang='lat' dir='ltr'><strong><em>parentibus.</em></strong></span> <span class='ocrx_word' id='word_1_248' title='bbox 2838 1661 2978 1716; x_wconf 90' lang='lat' dir='ltr'><strong><em>Dicit</em></strong></span> <span class='ocrx_word' id='word_1_249' title='bbox 3000 1662 3124 1716; x_wconf 79' lang='lat' dir='ltr'><strong><em>lex:</em></strong></span> <span class='ocrx_word' id='word_1_250' title='bbox 3164 1660 3282 1716; x_wconf 78' lang='lat' dir='ltr'><strong><em>Noli</em></strong></span> <span class='ocrx_word' id='word_1_251' title='bbox 3310 1661 3534 1732; x_wconf 88' lang='lat' dir='ltr'><strong><em>diligere</em></strong></span> 
     </span>
    </p>
   </div>
   <div class='ocr_carea' id='block_1_33' title="bbox 255 1747 3529 1820">
    <p class='ocr_par' dir='ltr' id='par_1_33' title="bbox 255 1747 3529 1820">
     <span class='ocr_line' id='line_1_33' title="bbox 255 1747 3529 1820; baseline 0 -13"><span class='ocrx_word' id='word_1_252' title='bbox 255 1755 425 1809; x_wconf 84' lang='lat' dir='ltr'><strong><em>addas</em></strong></span> <span class='ocrx_word' id='word_1_253' title='bbox 468 1760 526 1807; x_wconf 90' lang='lat' dir='ltr'><strong><em>et</em></strong></span> <span class='ocrx_word' id='word_1_254' title='bbox 568 1752 724 1816; x_wconf 91' lang='lat' dir='ltr'><strong><em>duos,</em></strong></span> <span class='ocrx_word' id='word_1_255' title='bbox 770 1759 827 1806; x_wconf 90' lang='lat' dir='ltr'><strong><em>et</em></strong></span> <span class='ocrx_word' id='word_1_256' title='bbox 873 1753 1006 1806; x_wconf 76' lang='lat' dir='ltr'><strong><em>[iant</em></strong></span> <span class='ocrx_word' id='word_1_257' title='bbox 1045 1761 1178 1818; x_wconf 89' lang='lat' dir='ltr'><strong><em>tres,</em></strong></span> <span class='ocrx_word' id='word_1_258' title='bbox 1221 1752 1389 1807; x_wconf 88' lang='lat' dir='ltr'><strong><em>addas</em></strong></span> <span class='ocrx_word' id='word_1_259' title='bbox 1431 1761 1564 1819; x_wconf 89' lang='lat' dir='ltr'><strong><em>tres,</em></strong></span> <span class='ocrx_word' id='word_1_260' title='bbox 1610 1760 1665 1808; x_wconf 89' lang='lat' dir='ltr'><strong><em>et</em></strong></span> <span class='ocrx_word' id='word_1_261' title='bbox 1708 1753 1847 1810; x_wconf 81' lang='lat' dir='ltr'><strong><em>ﬁunt</em></strong></span> <span class='ocrx_word' id='word_1_262' title='bbox 1872 1747 1920 1805; x_wconf 87' lang='lat' dir='ltr'><strong>B</strong></span> <span class='ocrx_word' id='word_1_263' title='bbox 1949 1754 2141 1809; x_wconf 81' lang='lat' dir='ltr'><strong><em>falsum</em></strong></span> <span class='ocrx_word' id='word_1_264' title='bbox 2186 1755 2550 1810; x_wconf 89' lang='lat' dir='ltr'><strong><em>testimonium</em></strong></span> <span class='ocrx_word' id='word_1_265' title='bbox 2579 1795 2593 1820; x_wconf 94' lang='lat'><strong><em>,</em></strong></span> <span class='ocrx_word' id='word_1_266' title='bbox 2643 1762 2699 1808; x_wconf 90' lang='lat' dir='ltr'><strong><em>tu</em></strong></span> <span class='ocrx_word' id='word_1_267' title='bbox 2744 1767 2774 1807; x_wconf 90' lang='lat' dir='ltr'><strong><em>a</em></strong></span> <span class='ocrx_word' id='word_1_268' title='bbox 2818 1752 3102 1808; x_wconf 91' lang='lat' dir='ltr'><strong><em>mendacio</em></strong></span> <span class='ocrx_word' id='word_1_269' title='bbox 3144 1769 3253 1807; x_wconf 91' lang='lat' dir='ltr'><strong><em>non</em></strong></span> <span class='ocrx_word' id='word_1_270' title='bbox 3300 1754 3529 1808; x_wconf 89' lang='lat' dir='ltr'><strong><em>recedis.</em></strong></span> 
     </span>
    </p>
   </div>
   <div class='ocr_carea' id='block_1_34' title="bbox 256 1842 1847 1912">
    <p class='ocr_par' dir='ltr' id='par_1_34' title="bbox 256 1842 1847 1912">
     <span class='ocr_line' id='line_1_34' title="bbox 256 1842 1847 1912; baseline 0 -13"><span class='ocrx_word' id='word_1_271' title='bbox 256 1859 373 1909; x_wconf 81' lang='lat' dir='ltr'><strong><em>sex,</em></strong></span> <span class='ocrx_word' id='word_1_272' title='bbox 400 1842 573 1898; x_wconf 86' lang='lat' dir='ltr'><strong><em>addas</em></strong></span> <span class='ocrx_word' id='word_1_273' title='bbox 603 1850 838 1912; x_wconf 80' lang='lat' dir='ltr'><strong><em>quatuor</em></strong></span> <span class='ocrx_word' id='word_1_274' title='bbox 870 1849 927 1896; x_wconf 92' lang='lat' dir='ltr'><strong><em>et</em></strong></span> <span class='ocrx_word' id='word_1_275' title='bbox 965 1842 1101 1897; x_wconf 86' lang='lat' dir='ltr'><strong><em>ﬂant</em></strong></span> <span class='ocrx_word' id='word_1_276' title='bbox 1139 1842 1346 1907; x_wconf 90' lang='lat' dir='ltr'><strong><em>decem,</em></strong></span> <span class='ocrx_word' id='word_1_277' title='bbox 1378 1843 1457 1898; x_wconf 92' lang='lat' dir='ltr'><strong><em>sic</em></strong></span> <span class='ocrx_word' id='word_1_278' title='bbox 1481 1859 1670 1898; x_wconf 91' lang='lat' dir='ltr'><strong><em>omnes</em></strong></span> <span class='ocrx_word' id='word_1_279' title='bbox 1709 1845 1847 1899; x_wconf 89' lang='lat' dir='ltr'><strong><em>adde</em></strong></span> 
     </span>
    </p>
   </div>
   <div class='ocr_carea' id='block_1_35' title="bbox 257 1934 1846 2004">
    <p class='ocr_par' dir='ltr' id='par_1_35' title="bbox 257 1934 1846 2004">
     <span class='ocr_line' id='line_1_35' title="bbox 257 1934 1846 2004; baseline 0.001 -17"><span class='ocrx_word' id='word_1_280' title='bbox 257 1950 430 2004; x_wconf 82' lang='lat' dir='ltr'><strong><em>usque</em></strong></span> <span class='ocrx_word' id='word_1_281' title='bbox 469 1934 540 1988; x_wconf 89' lang='lat' dir='ltr'><strong><em>ad</em></strong></span> <span class='ocrx_word' id='word_1_282' title='bbox 579 1934 764 1989; x_wconf 88' lang='lat' dir='ltr'><strong><em>decem</em></strong></span> <span class='ocrx_word' id='word_1_283' title='bbox 809 1941 865 1988; x_wconf 91' lang='lat' dir='ltr'><strong><em>et</em></strong></span> <span class='ocrx_word' id='word_1_284' title='bbox 904 1941 1134 2003; x_wconf 85' lang='lat' dir='ltr'><strong><em>septem,</em></strong></span> <span class='ocrx_word' id='word_1_285' title='bbox 1158 1943 1213 1988; x_wconf 92' lang='lat' dir='ltr'><strong><em>et</em></strong></span> <span class='ocrx_word' id='word_1_286' title='bbox 1251 1935 1504 2003; x_wconf 85' lang='lat' dir='ltr'><strong><em>pervenis</em></strong></span> <span class='ocrx_word' id='word_1_287' title='bbox 1534 1935 1602 1989; x_wconf 90' lang='lat' dir='ltr'><strong><em>ad</em></strong></span> <span class='ocrx_word' id='word_1_288' title='bbox 1630 1942 1846 1990; x_wconf 87' lang='lat' dir='ltr'><strong><em>centum</em></strong></span> 
     </span>
    </p>
   </div>
   <div class='ocr_carea' id='block_1_36' title="bbox 257 2024 1889 2096">
    <p class='ocr_par' dir='ltr' id='par_1_36' title="bbox 257 2024 1889 2096">
     <span class='ocr_line' id='line_1_36' title="bbox 257 2024 1889 2096; baseline 0.001 -16"><span class='ocrx_word' id='word_1_289' title='bbox 257 2025 650 2096; x_wconf 78' lang='lat' dir='ltr'><strong><em>quinquaginta</em></strong></span> <span class='ocrx_word' id='word_1_290' title='bbox 691 2033 825 2079; x_wconf 90' lang='lat' dir='ltr'><strong><em>tres.</em></strong></span> <span class='ocrx_word' id='word_1_291' title='bbox 878 2024 1012 2079; x_wconf 79' lang='lat' dir='ltr'><strong><em>Tuta</em></strong></span> <span class='ocrx_word' id='word_1_292' title='bbox 1058 2038 1189 2094; x_wconf 88' lang='lat' dir='ltr'><strong><em>ergo</em></strong></span> <span class='ocrx_word' id='word_1_293' title='bbox 1233 2024 1461 2080; x_wconf 87' lang='lat' dir='ltr'><strong><em>intentio</em></strong></span> <span class='ocrx_word' id='word_1_294' title='bbox 1498 2033 1686 2079; x_wconf 89' lang='lat' dir='ltr'><strong><em>nostra</em></strong></span> <span class='ocrx_word' id='word_1_295' title='bbox 1726 2040 1848 2081; x_wconf 87' lang='lat' dir='ltr'><strong><em>esse</em></strong></span> <span class='ocrx_word' id='word_1_296' title='bbox 1883 2057 1889 2062; x_wconf 93' lang='lat'>-</span> 
     </span>
    </p>
   </div>
   <div class='ocr_carea' id='block_1_37' title="bbox 256 2116 1847 2188">
    <p class='ocr_par' dir='ltr' id='par_1_37' title="bbox 256 2116 1847 2188">
     <span class='ocr_line' id='line_1_37' title="bbox 256 2116 1847 2188; baseline -0.002 -15"><span class='ocrx_word' id='word_1_297' title='bbox 256 2135 363 2174; x_wconf 88' lang='lat' dir='ltr'><strong><em>non</em></strong></span> <span class='ocrx_word' id='word_1_298' title='bbox 411 2120 609 2184; x_wconf 87' lang='lat' dir='ltr'><strong><em>debet,</em></strong></span> <span class='ocrx_word' id='word_1_299' title='bbox 663 2118 768 2173; x_wconf 89' lang='lat' dir='ltr'><strong><em>nisi</em></strong></span> <span class='ocrx_word' id='word_1_300' title='bbox 821 2117 950 2188; x_wconf 84' lang='lat' dir='ltr'><strong><em>quid</em></strong></span> <span class='ocrx_word' id='word_1_301' title='bbox 1007 2118 1111 2173; x_wconf 91' lang='lat' dir='ltr'><strong><em>sibi</em></strong></span> <span class='ocrx_word' id='word_1_302' title='bbox 1166 2116 1356 2173; x_wconf 85' lang='lat' dir='ltr'><strong><em>volunt</em></strong></span> <span class='ocrx_word' id='word_1_303' title='bbox 1411 2117 1598 2172; x_wconf 86' lang='lat' dir='ltr'><strong><em>decem</em></strong></span> <span class='ocrx_word' id='word_1_304' title='bbox 1653 2126 1708 2172; x_wconf 91' lang='lat' dir='ltr'><strong><em>et</em></strong></span> <span class='ocrx_word' id='word_1_305' title='bbox 1756 2134 1847 2172; x_wconf 82' lang='lat' dir='ltr'><strong><em>se-</em></strong></span> 
     </span>
    </p>
   </div>
   <div class='ocr_carea' id='block_1_38' title="bbox 258 2208 1846 2280">
    <p class='ocr_par' dir='ltr' id='par_1_38' title="bbox 258 2208 1846 2280">
     <span class='ocr_line' id='line_1_38' title="bbox 258 2208 1846 2280; baseline -0.002 -15"><span class='ocrx_word' id='word_1_306' title='bbox 258 2219 442 2280; x_wconf 86' lang='lat' dir='ltr'><strong><em>ptem,</em></strong></span> <span class='ocrx_word' id='word_1_307' title='bbox 506 2210 581 2265; x_wconf 88' lang='lat' dir='ltr'><strong><em>ibi</em></strong></span> <span class='ocrx_word' id='word_1_308' title='bbox 630 2219 716 2265; x_wconf 88' lang='lat' dir='ltr'><strong><em>est</em></strong></span> <span class='ocrx_word' id='word_1_309' title='bbox 769 2210 913 2265; x_wconf 86' lang='lat' dir='ltr'><strong><em>enim</em></strong></span> <span class='ocrx_word' id='word_1_310' title='bbox 968 2208 1377 2264; x_wconf 77' lang='lat' dir='ltr'><strong><em>fundamentum</em></strong></span> <span class='ocrx_word' id='word_1_311' title='bbox 1425 2218 1643 2263; x_wconf 88' lang='lat' dir='ltr'><strong><em>centum</em></strong></span> <span class='ocrx_word' id='word_1_312' title='bbox 1685 2209 1846 2278; x_wconf 90' lang='lat' dir='ltr'><strong><em>quiu-</em></strong></span> 
     </span>
    </p>
   </div>
   <div class='ocr_carea' id='block_1_39' title="bbox 257 2300 1846 2374">
    <p class='ocr_par' dir='ltr' id='par_1_39' title="bbox 257 2300 1846 2374">
     <span class='ocr_line' id='line_1_39' title="bbox 257 2300 1846 2374; baseline -0.001 -18"><span class='ocrx_word' id='word_1_313' title='bbox 257 2303 518 2374; x_wconf 82' lang='lat' dir='ltr'><strong><em>quagiuta</em></strong></span> <span class='ocrx_word' id='word_1_314' title='bbox 558 2302 745 2357; x_wconf 89' lang='lat' dir='ltr'><strong><em>trium.</em></strong></span> <span class='ocrx_word' id='word_1_315' title='bbox 788 2300 927 2369; x_wconf 87' lang='lat' dir='ltr'><strong><em>Quid</em></strong></span> <span class='ocrx_word' id='word_1_316' title='bbox 964 2301 1064 2356; x_wconf 92' lang='lat' dir='ltr'><strong><em>sibi</em></strong></span> <span class='ocrx_word' id='word_1_317' title='bbox 1095 2301 1286 2357; x_wconf 86' lang='lat' dir='ltr'><strong><em>volunt</em></strong></span> <span class='ocrx_word' id='word_1_318' title='bbox 1322 2301 1511 2356; x_wconf 90' lang='lat' dir='ltr'><strong><em>decem</em></strong></span> <span class='ocrx_word' id='word_1_319' title='bbox 1538 2308 1593 2356; x_wconf 91' lang='lat' dir='ltr'><strong><em>et</em></strong></span> <span class='ocrx_word' id='word_1_320' title='bbox 1620 2309 1846 2371; x_wconf 80' lang='lat' dir='ltr'><strong><em>Septem,</em></strong></span> 
     </span>
    </p>
   </div>
   <div class='ocr_carea' id='block_1_40' title="bbox 259 2393 1844 2465">
    <p class='ocr_par' dir='ltr' id='par_1_40' title="bbox 259 2393 1844 2465">
     <span class='ocr_line' id='line_1_40' title="bbox 259 2393 1844 2465; baseline 0 -18"><span class='ocrx_word' id='word_1_321' title='bbox 259 2393 311 2447; x_wconf 92' lang='lat' dir='ltr'><strong><em>in</em></strong></span> <span class='ocrx_word' id='word_1_322' title='bbox 355 2394 480 2465; x_wconf 84' lang='lat' dir='ltr'><strong><em>lege</em></strong></span> <span class='ocrx_word' id='word_1_323' title='bbox 521 2409 753 2465; x_wconf 88' lang='lat' dir='ltr'><strong><em>agnosce</em></strong></span> <span class='ocrx_word' id='word_1_324' title='bbox 794 2395 1003 2459; x_wconf 88' lang='lat' dir='ltr'><strong><em>decem,</em></strong></span> <span class='ocrx_word' id='word_1_325' title='bbox 1038 2395 1222 2450; x_wconf 90' lang='lat' dir='ltr'><strong><em>decem</em></strong></span> <span class='ocrx_word' id='word_1_326' title='bbox 1250 2402 1520 2464; x_wconf 73' lang='lat' dir='ltr'><strong><em>praecepta</em></strong></span> <span class='ocrx_word' id='word_1_327' title='bbox 1547 2395 1673 2449; x_wconf 88' lang='lat' dir='ltr'><strong><em>data</em></strong></span> <span class='ocrx_word' id='word_1_328' title='bbox 1702 2403 1844 2450; x_wconf 90' lang='lat' dir='ltr'><strong><em>sunt.</em></strong></span> 
     </span>
    </p>
   </div>
   <div class='ocr_carea' id='block_1_41' title="bbox 258 2481 1849 2555">
    <p class='ocr_par' dir='ltr' id='par_1_41' title="bbox 258 2481 1849 2555">
     <span class='ocr_line' id='line_1_41' title="bbox 258 2481 1849 2555; baseline 0.001 -18"><span class='ocrx_word' id='word_1_329' title='bbox 258 2482 446 2539; x_wconf 84' lang='lat' dir='ltr'><strong><em>Primo</em></strong></span> <span class='ocrx_word' id='word_1_330' title='bbox 478 2481 772 2555; x_wconf 80' lang='lat' dir='ltr'><strong><em>Dccalogus</em></strong></span> <span class='ocrx_word' id='word_1_331' title='bbox 811 2484 1028 2548; x_wconf 84' lang='lat' dir='ltr'><strong><em>dicitur,</em></strong></span> <span class='ocrx_word' id='word_1_332' title='bbox 1074 2484 1308 2555; x_wconf 87' lang='lat' dir='ltr'><strong><em>scriptus</em></strong></span> <span class='ocrx_word' id='word_1_333' title='bbox 1348 2483 1404 2539; x_wconf 89' lang='lat' dir='ltr'><strong><em>in</em></strong></span> <span class='ocrx_word' id='word_1_334' title='bbox 1449 2484 1647 2539; x_wconf 89' lang='lat' dir='ltr'><strong><em>tabulis</em></strong></span> <span class='ocrx_word' id='word_1_335' title='bbox 1680 2484 1849 2555; x_wconf 77' lang='lat' dir='ltr'><strong><em>digito</em></strong></span> 
     </span>
    </p>
   </div>
   <div class='ocr_carea' id='block_1_42' title="bbox 258 2572 1848 2646">
    <p class='ocr_par' dir='ltr' id='par_1_42' title="bbox 258 2572 1848 2646">
     <span class='ocr_line' id='line_1_42' title="bbox 258 2572 1848 2646; baseline -0.002 -15"><span class='ocrx_word' id='word_1_336' title='bbox 258 2572 388 2638; x_wconf 82' lang='lat' dir='ltr'><strong><em>Dei,</em></strong></span> <span class='ocrx_word' id='word_1_337' title='bbox 432 2574 491 2628; x_wconf 91' lang='lat' dir='ltr'><strong><em>in</em></strong></span> <span class='ocrx_word' id='word_1_338' title='bbox 529 2574 714 2630; x_wconf 64' lang='lat' dir='ltr'><strong><em>decem</em></strong></span> <span class='ocrx_word' id='word_1_339' title='bbox 760 2586 991 2644; x_wconf 79' lang='lat' dir='ltr'><strong><em>agnosce</em></strong></span> <span class='ocrx_word' id='word_1_340' title='bbox 1027 2573 1223 2644; x_wconf 89' lang='lat' dir='ltr'><strong><em>legem,</em></strong></span> <span class='ocrx_word' id='word_1_341' title='bbox 1266 2574 1323 2629; x_wconf 92' lang='lat' dir='ltr'><strong><em>in</em></strong></span> <span class='ocrx_word' id='word_1_342' title='bbox 1367 2585 1573 2646; x_wconf 78' lang='lat' dir='ltr'><strong><em>septem</em></strong></span> <span class='ocrx_word' id='word_1_343' title='bbox 1614 2589 1848 2645; x_wconf 86' lang='lat' dir='ltr'><strong><em>agnosce</em></strong></span> 
     </span>
    </p>
   </div>
   <div class='ocr_carea' id='block_1_43' title="bbox 260 2664 1852 2738">
    <p class='ocr_par' dir='ltr' id='par_1_43' title="bbox 260 2664 1852 2738">
     <span class='ocr_line' id='line_1_43' title="bbox 260 2664 1852 2738; baseline -0.002 -16"><span class='ocrx_word' id='word_1_344' title='bbox 260 2667 530 2738; x_wconf 84' lang='lat' dir='ltr'><strong><em>Spiritum</em></strong></span> <span class='ocrx_word' id='word_1_345' title='bbox 568 2674 836 2721; x_wconf 89' lang='lat' dir='ltr'><strong><em>sanctum.</em></strong></span> <span class='ocrx_word' id='word_1_346' title='bbox 884 2664 1208 2737; x_wconf 86' lang='lat' dir='ltr'><strong><em>Septenario</em></strong></span> <span class='ocrx_word' id='word_1_347' title='bbox 1246 2667 1394 2722; x_wconf 89' lang='lat' dir='ltr'><strong><em>enim</em></strong></span> <span class='ocrx_word' id='word_1_348' title='bbox 1436 2681 1661 2721; x_wconf 90' lang='lat' dir='ltr'><strong><em>numero</em></strong></span> <span class='ocrx_word' id='word_1_349' title='bbox 1701 2681 1852 2721; x_wconf 79' lang='lat' dir='ltr'><strong><em>com-</em></strong></span> 
     </span>
    </p>
   </div>
   <div class='ocr_carea' id='block_1_44' title="bbox 260 2753 1845 2827">
    <p class='ocr_par' dir='ltr' id='par_1_44' title="bbox 260 2753 1845 2827">
     <span class='ocr_line' id='line_1_44' title="bbox 260 2753 1845 2827; baseline 0 -16"><span class='ocrx_word' id='word_1_350' title='bbox 260 2756 553 2811; x_wconf 81' lang='lat' dir='ltr'><strong><em>mendatur</em></strong></span> <span class='ocrx_word' id='word_1_351' title='bbox 578 2753 815 2826; x_wconf 86' lang='lat' dir='ltr'><strong><em>Spiritus</em></strong></span> <span class='ocrx_word' id='word_1_352' title='bbox 854 2765 1091 2813; x_wconf 89' lang='lat' dir='ltr'><strong><em>sanctus.</em></strong></span> <span class='ocrx_word' id='word_1_353' title='bbox 1139 2757 1265 2812; x_wconf 86' lang='lat' dir='ltr'><strong><em>Ideo</em></strong></span> <span class='ocrx_word' id='word_1_354' title='bbox 1306 2757 1620 2812; x_wconf 87' lang='lat' dir='ltr'><strong><em>nominatur</em></strong></span> <span class='ocrx_word' id='word_1_355' title='bbox 1644 2756 1695 2811; x_wconf 91' lang='lat' dir='ltr'><strong><em>in</em></strong></span> <span class='ocrx_word' id='word_1_356' title='bbox 1728 2756 1845 2827; x_wconf 85' lang='lat' dir='ltr'><strong><em>lege</em></strong></span> 
     </span>
    </p>
   </div>
   <div class='ocr_carea' id='block_1_45' title="bbox 259 2845 1848 2918">
    <p class='ocr_par' dir='ltr' id='par_1_45' title="bbox 259 2845 1848 2918">
     <span class='ocr_line' id='line_1_45' title="bbox 259 2845 1848 2918; baseline -0.001 -15"><span class='ocrx_word' id='word_1_357' title='bbox 259 2847 708 2903; x_wconf 71' lang='lat' dir='ltr'><strong><em>sancziﬂcationis</em></strong></span> <span class='ocrx_word' id='word_1_358' title='bbox 733 2861 749 2901; x_wconf 93' lang='lat'><strong><em>:</em></strong></span> <span class='ocrx_word' id='word_1_359' title='bbox 786 2845 1030 2918; x_wconf 86' lang='lat' dir='ltr'><strong><em>Septimo</em></strong></span> <span class='ocrx_word' id='word_1_360' title='bbox 1063 2847 1153 2903; x_wconf 90' lang='lat' dir='ltr'><strong><em>die</em></strong></span> <span class='ocrx_word' id='word_1_361' title='bbox 1184 2847 1314 2904; x_wconf 77' lang='lat' dir='ltr'><strong><em>fecit</em></strong></span> <span class='ocrx_word' id='word_1_362' title='bbox 1344 2849 1489 2903; x_wconf 90' lang='lat' dir='ltr'><strong><em>Deus</em></strong></span> <span class='ocrx_word' id='word_1_363' title='bbox 1522 2846 1716 2913; x_wconf 89' lang='lat' dir='ltr'><strong><em>lucem,</em></strong></span> <span class='ocrx_word' id='word_1_364' title='bbox 1740 2862 1848 2902; x_wconf 89' lang='lat' dir='ltr'><strong><em>non</em></strong></span> 
     </span>
    </p>
   </div>
   <div class='ocr_carea' id='block_1_46' title="bbox 258 2920 1844 3003">
    <p class='ocr_par' dir='ltr' id='par_1_46' title="bbox 258 2920 1844 3003">
     <span class='ocr_line' id='line_1_46' title="bbox 258 2920 1844 3003; baseline 0 -11"><span class='ocrx_word' id='word_1_365' title='bbox 258 2939 464 2994; x_wconf 85' lang='lat' dir='ltr'><strong><em>dictum</em></strong></span> <span class='ocrx_word' id='word_1_366' title='bbox 504 2946 610 3002; x_wconf 85' lang='lat' dir='ltr'><strong><em>est,</em></strong></span> <span class='ocrx_word' id='word_1_367' title='bbox 650 2938 1016 2994; x_wconf 79' lang='lat' dir='ltr'><strong><em>sanctiﬁcavit</em></strong></span> <span class='ocrx_word' id='word_1_368' title='bbox 1048 2954 1197 2994; x_wconf 91' lang='lat' dir='ltr'><strong><em>eum.</em></strong></span> <span class='ocrx_word' id='word_1_369' title='bbox 1241 2937 1395 2994; x_wconf 85' lang='lat' dir='ltr'><strong><em>Fecit</em></strong></span> <span class='ocrx_word' id='word_1_370' title='bbox 1419 2920 1844 3003; x_wconf 78' lang='lat' dir='ltr'><strong><em>ﬁrmamentum,</em></strong></span> 
     </span>
    </p>
   </div>
   <div class='ocr_carea' id='block_1_47' title="bbox 261 3027 1848 3095">
    <p class='ocr_par' dir='ltr' id='par_1_47' title="bbox 261 3027 1848 3095">
     <span class='ocr_line' id='line_1_47' title="bbox 261 3027 1848 3095; baseline -0.001 -11"><span class='ocrx_word' id='word_1_371' title='bbox 261 3044 363 3084; x_wconf 85' lang='lat' dir='ltr'><strong><em>non</em></strong></span> <span class='ocrx_word' id='word_1_372' title='bbox 402 3029 610 3083; x_wconf 88' lang='lat' dir='ltr'><strong><em>dictum</em></strong></span> <span class='ocrx_word' id='word_1_373' title='bbox 648 3036 755 3095; x_wconf 87' lang='lat' dir='ltr'><strong><em>est,</em></strong></span> <span class='ocrx_word' id='word_1_374' title='bbox 781 3027 1141 3085; x_wconf 74' lang='lat' dir='ltr'><strong><em>sanctiﬁcavit</em></strong></span> <span class='ocrx_word' id='word_1_375' title='bbox 1170 3027 1591 3084; x_wconf 82' lang='lat' dir='ltr'><strong><em>ﬁrmamentum.</em></strong></span> <span class='ocrx_word' id='word_1_376' title='bbox 1636 3028 1848 3084; x_wconf 89' lang='lat' dir='ltr'><strong><em>Discre-</em></strong></span> 
     </span>
    </p>
   </div>
   <div class='ocr_carea' id='block_1_48' title="bbox 260 3099 1919 3191">
    <p class='ocr_par' dir='ltr' id='par_1_48' title="bbox 260 3099 1919 3191">
     <span class='ocr_line' id='line_1_48' title="bbox 260 3099 1919 3191; baseline -0.001 -17"><span class='ocrx_word' id='word_1_377' title='bbox 260 3122 333 3175; x_wconf 80' lang='lat' dir='ltr'><strong><em>vit</em></strong></span> <span class='ocrx_word' id='word_1_378' title='bbox 378 3136 537 3177; x_wconf 86' lang='lat' dir='ltr'><strong><em>mare</em></strong></span> <span class='ocrx_word' id='word_1_379' title='bbox 583 3137 614 3176; x_wconf 93' lang='lat' dir='ltr'><strong><em>a</em></strong></span> <span class='ocrx_word' id='word_1_380' title='bbox 659 3128 806 3177; x_wconf 84' lang='lat' dir='ltr'><strong><em>terra</em></strong></span> <span class='ocrx_word' id='word_1_381' title='bbox 831 3161 848 3186; x_wconf 93' lang='lat'><strong><em>,</em></strong></span> <span class='ocrx_word' id='word_1_382' title='bbox 897 3121 1063 3191; x_wconf 82' lang='lat' dir='ltr'><strong><em>jussit</em></strong></span> <span class='ocrx_word' id='word_1_383' title='bbox 1102 3121 1407 3191; x_wconf 86' lang='lat' dir='ltr'><strong><em>germinare</em></strong></span> <span class='ocrx_word' id='word_1_384' title='bbox 1445 3126 1648 3174; x_wconf 90' lang='lat' dir='ltr'><strong><em>terram</em></strong></span> <span class='ocrx_word' id='word_1_385' title='bbox 1674 3158 1690 3183; x_wconf 92' lang='lat'><strong><em>,</em></strong></span> <span class='ocrx_word' id='word_1_386' title='bbox 1740 3134 1847 3174; x_wconf 91' lang='lat' dir='ltr'><strong><em>non</em></strong></span> <span class='ocrx_word' id='word_1_387' title='bbox 1875 3099 1919 3159; x_wconf 65' lang='grc' dir='ltr'><strong>(ἶ</strong></span> 
     </span>
    </p>
   </div>
   <div class='ocr_carea' id='block_1_49' title="bbox 260 3209 1849 3275">
    <p class='ocr_par' dir='ltr' id='par_1_49' title="bbox 260 3209 1849 3275">
     <span class='ocr_line' id='line_1_49' title="bbox 260 3209 1849 3275; baseline 0.001 -13"><span class='ocrx_word' id='word_1_388' title='bbox 260 3210 467 3265; x_wconf 90' lang='lat' dir='ltr'><strong><em>dictum</em></strong></span> <span class='ocrx_word' id='word_1_389' title='bbox 511 3219 632 3275; x_wconf 89' lang='lat' dir='ltr'><strong><em>est,</em></strong></span> <span class='ocrx_word' id='word_1_390' title='bbox 678 3210 1057 3266; x_wconf 77' lang='lat' dir='ltr'><strong><em>sanctiﬁcavit.</em></strong></span> <span class='ocrx_word' id='word_1_391' title='bbox 1120 3209 1273 3266; x_wconf 85' lang='lat' dir='ltr'><strong><em>Fecit</em></strong></span> <span class='ocrx_word' id='word_1_392' title='bbox 1315 3210 1503 3265; x_wconf 90' lang='lat' dir='ltr'><strong><em>lunam</em></strong></span> <span class='ocrx_word' id='word_1_393' title='bbox 1544 3217 1601 3264; x_wconf 88' lang='lat' dir='ltr'><strong><em>et</em></strong></span> <span class='ocrx_word' id='word_1_394' title='bbox 1650 3209 1849 3273; x_wconf 84' lang='lat' dir='ltr'><strong><em>sidera,</em></strong></span> 
     </span>
    </p>
   </div>
   <div class='ocr_carea' id='block_1_50' title="bbox 262 3299 1851 3371">
    <p class='ocr_par' dir='ltr' id='par_1_50' title="bbox 262 3299 1851 3371">
     <span class='ocr_line' id='line_1_50' title="bbox 262 3299 1851 3371; baseline 0 -15"><span class='ocrx_word' id='word_1_395' title='bbox 262 3318 363 3356; x_wconf 88' lang='lat' dir='ltr'><strong><em>non</em></strong></span> <span class='ocrx_word' id='word_1_396' title='bbox 423 3301 632 3356; x_wconf 87' lang='lat' dir='ltr'><strong><em>dictum</em></strong></span> <span class='ocrx_word' id='word_1_397' title='bbox 673 3311 758 3357; x_wconf 89' lang='lat' dir='ltr'><strong><em>est</em></strong></span> <span class='ocrx_word' id='word_1_398' title='bbox 797 3300 1178 3357; x_wconf 83' lang='lat' dir='ltr'><strong><em>sanetilleavit.</em></strong></span> <span class='ocrx_word' id='word_1_399' title='bbox 1222 3299 1394 3357; x_wconf 84' lang='lat' dir='ltr'><strong><em>Jussit</em></strong></span> <span class='ocrx_word' id='word_1_400' title='bbox 1431 3300 1697 3356; x_wconf 77' lang='lat' dir='ltr'><strong><em>animalia</em></strong></span> <span class='ocrx_word' id='word_1_401' title='bbox 1724 3317 1851 3371; x_wconf 84' lang='lat' dir='ltr'><strong><em>pro-</em></strong></span> 
     </span>
    </p>
   </div>
   <div class='ocr_carea' id='block_1_51' title="bbox 262 3383 1854 3460">
    <p class='ocr_par' dir='ltr' id='par_1_51' title="bbox 262 3383 1854 3460">
     <span class='ocr_line' id='line_1_51' title="bbox 262 3383 1854 3460; baseline -0.001 -14"><span class='ocrx_word' id='word_1_402' title='bbox 262 3390 456 3446; x_wconf 83' lang='lat' dir='ltr'><strong><em>cedere</em></strong></span> <span class='ocrx_word' id='word_1_403' title='bbox 498 3383 568 3446; x_wconf 83' lang='lat' dir='ltr'><strong><em>de</em></strong></span> <span class='ocrx_word' id='word_1_404' title='bbox 603 3390 786 3460; x_wconf 84' lang='lat' dir='ltr'><strong><em>aquis,</em></strong></span> <span class='ocrx_word' id='word_1_405' title='bbox 830 3392 1098 3456; x_wconf 89' lang='lat' dir='ltr'><strong><em>natantia,</em></strong></span> <span class='ocrx_word' id='word_1_406' title='bbox 1141 3398 1197 3445; x_wconf 91' lang='lat' dir='ltr'><strong><em>et</em></strong></span> <span class='ocrx_word' id='word_1_407' title='bbox 1228 3390 1488 3457; x_wconf 87' lang='lat' dir='ltr'><strong><em>volatilia,</em></strong></span> <span class='ocrx_word' id='word_1_408' title='bbox 1517 3407 1625 3447; x_wconf 90' lang='lat' dir='ltr'><strong><em>non</em></strong></span> <span class='ocrx_word' id='word_1_409' title='bbox 1650 3391 1854 3447; x_wconf 85' lang='lat' dir='ltr'><strong><em>dictum</em></strong></span> 
     </span>
    </p>
   </div>
   <div class='ocr_carea' id='block_1_52' title="bbox 264 3481 1849 3546">
    <p class='ocr_par' dir='ltr' id='par_1_52' title="bbox 264 3481 1849 3546">
     <span class='ocr_line' id='line_1_52' title="bbox 264 3481 1849 3546; baseline -0.001 -9"><span class='ocrx_word' id='word_1_410' title='bbox 264 3490 361 3546; x_wconf 85' lang='lat' dir='ltr'><strong><em>est,</em></strong></span> <span class='ocrx_word' id='word_1_411' title='bbox 410 3481 796 3537; x_wconf 85' lang='lat' dir='ltr'><strong><em>sanetitlcavit.</em></strong></span> <span class='ocrx_word' id='word_1_412' title='bbox 845 3481 1017 3537; x_wconf 80' lang='lat' dir='ltr'><strong><em>.lussit</em></strong></span> <span class='ocrx_word' id='word_1_413' title='bbox 1068 3481 1134 3537; x_wconf 91' lang='lat' dir='ltr'><strong><em>de</em></strong></span> <span class='ocrx_word' id='word_1_414' title='bbox 1174 3490 1320 3536; x_wconf 89' lang='lat' dir='ltr'><strong><em>terra</em></strong></span> <span class='ocrx_word' id='word_1_415' title='bbox 1362 3482 1514 3537; x_wconf 83' lang='lat' dir='ltr'><strong><em>exire</em></strong></span> <span class='ocrx_word' id='word_1_416' title='bbox 1558 3481 1849 3545; x_wconf 88' lang='lat' dir='ltr'><strong><em>animalia,</em></strong></span> 
     </span>
    </p>
   </div>
   <div class='ocr_carea' id='block_1_53' title="bbox 263 3571 1851 3642">
    <p class='ocr_par' dir='ltr' id='par_1_53' title="bbox 263 3571 1851 3642">
     <span class='ocr_line' id='line_1_53' title="bbox 263 3571 1851 3642; baseline -0.003 -14"><span class='ocrx_word' id='word_1_417' title='bbox 263 3571 666 3642; x_wconf 75' lang='lat' dir='ltr'><strong><em>quadrupedia,</em></strong></span> <span class='ocrx_word' id='word_1_418' title='bbox 709 3580 766 3627; x_wconf 90' lang='lat' dir='ltr'><strong><em>et</em></strong></span> <span class='ocrx_word' id='word_1_419' title='bbox 806 3571 987 3627; x_wconf 85' lang='lat' dir='ltr'><strong><em>omnia</em></strong></span> <span class='ocrx_word' id='word_1_420' title='bbox 1031 3571 1310 3641; x_wconf 88' lang='lat' dir='ltr'><strong><em>repentia,</em></strong></span> <span class='ocrx_word' id='word_1_421' title='bbox 1355 3586 1464 3626; x_wconf 90' lang='lat' dir='ltr'><strong><em>non</em></strong></span> <span class='ocrx_word' id='word_1_422' title='bbox 1505 3571 1710 3626; x_wconf 89' lang='lat' dir='ltr'><strong><em>dictum</em></strong></span> <span class='ocrx_word' id='word_1_423' title='bbox 1750 3581 1851 3635; x_wconf 87' lang='lat' dir='ltr'><strong><em>est,</em></strong></span> 
     </span>
    </p>
   </div>
   <div class='ocr_carea' id='block_1_54' title="bbox 250 3660 1857 3730">
    <p class='ocr_par' dir='ltr' id='par_1_54' title="bbox 250 3660 1857 3730">
     <span class='ocr_line' id='line_1_54' title="bbox 250 3660 1857 3730; baseline -0.004 -9"><span class='ocrx_word' id='word_1_424' title='bbox 250 3660 651 3721; x_wconf 64' lang='lat' dir='ltr'><strong><em>.sanctilleavit.</em></strong></span> <span class='ocrx_word' id='word_1_425' title='bbox 700 3660 850 3716; x_wconf 81' lang='lat' dir='ltr'><strong><em>Fecit</em></strong></span> <span class='ocrx_word' id='word_1_426' title='bbox 890 3661 1065 3730; x_wconf 90' lang='lat' dir='ltr'><strong><em>ipsum</em></strong></span> <span class='ocrx_word' id='word_1_427' title='bbox 1102 3660 1397 3726; x_wconf 89' lang='lat' dir='ltr'><strong><em>hominem,</em></strong></span> <span class='ocrx_word' id='word_1_428' title='bbox 1422 3676 1528 3716; x_wconf 88' lang='lat' dir='ltr'><strong><em>non</em></strong></span> <span class='ocrx_word' id='word_1_429' title='bbox 1552 3661 1707 3726; x_wconf 81' lang='lat' dir='ltr'><strong><em>dixit,</em></strong></span> <span class='ocrx_word' id='word_1_430' title='bbox 1734 3675 1857 3715; x_wconf 89' lang='lat' dir='ltr'><strong><em>san-</em></strong></span> 
     </span>
    </p>
   </div>
   <div class='ocr_carea' id='block_1_55' title="bbox 265 3752 1856 3822">
    <p class='ocr_par' dir='ltr' id='par_1_55' title="bbox 265 3752 1856 3822">
     <span class='ocr_line' id='line_1_55' title="bbox 265 3752 1856 3822; baseline 0 -16"><span class='ocrx_word' id='word_1_431' title='bbox 265 3752 547 3808; x_wconf 73' lang='lat' dir='ltr'><strong><em>ctiﬁcavit.</em></strong></span> <span class='ocrx_word' id='word_1_432' title='bbox 588 3753 822 3808; x_wconf 76' lang='lat' dir='ltr'><strong><em>Ventum</em></strong></span> <span class='ocrx_word' id='word_1_433' title='bbox 866 3761 950 3808; x_wconf 88' lang='lat' dir='ltr'><strong><em>est</em></strong></span> <span class='ocrx_word' id='word_1_434' title='bbox 991 3753 1058 3806; x_wconf 89' lang='lat' dir='ltr'><strong><em>ad</em></strong></span> <span class='ocrx_word' id='word_1_435' title='bbox 1097 3752 1387 3822; x_wconf 88' lang='lat' dir='ltr'><strong><em>septimum</em></strong></span> <span class='ocrx_word' id='word_1_436' title='bbox 1430 3753 1595 3815; x_wconf 89' lang='lat' dir='ltr'><strong><em>diem,</em></strong></span> <span class='ocrx_word' id='word_1_437' title='bbox 1638 3754 1730 3806; x_wconf 90' lang='lat' dir='ltr'><strong><em>ubi</em></strong></span> <span class='ocrx_word' id='word_1_438' title='bbox 1773 3768 1856 3807; x_wconf 87' lang='lat' dir='ltr'><strong><em>re-</em></strong></span> 
     </span>
    </p>
   </div>
   <div class='ocr_carea' id='block_1_56' title="bbox 267 3841 1854 3911">
    <p class='ocr_par' dir='ltr' id='par_1_56' title="bbox 267 3841 1854 3911">
     <span class='ocr_line' id='line_1_56' title="bbox 267 3841 1854 3911; baseline 0 -13"><span class='ocrx_word' id='word_1_439' title='bbox 267 3842 492 3910; x_wconf 75' lang='lat' dir='ltr'><strong><em>quievit,</em></strong></span> <span class='ocrx_word' id='word_1_440' title='bbox 539 3849 597 3898; x_wconf 81' lang='grc' dir='ltr'><strong><em>ει</em></strong></span> <span class='ocrx_word' id='word_1_441' title='bbox 635 3842 811 3911; x_wconf 86' lang='lat' dir='ltr'><strong><em>ipsum</em></strong></span> <span class='ocrx_word' id='word_1_442' title='bbox 854 3842 1230 3898; x_wconf 81' lang='lat' dir='ltr'><strong><em>sanctiﬁcavit.</em></strong></span> <span class='ocrx_word' id='word_1_443' title='bbox 1276 3841 1383 3896; x_wconf 87' lang='lat' dir='ltr'><strong><em>Per</em></strong></span> <span class='ocrx_word' id='word_1_444' title='bbox 1421 3842 1663 3910; x_wconf 80' lang='lat' dir='ltr'><strong><em>requiem</em></strong></span> <span class='ocrx_word' id='word_1_445' title='bbox 1704 3858 1854 3898; x_wconf 89' lang='lat' dir='ltr'><strong><em>suam</em></strong></span> 
     </span>
    </p>
   </div>
   <div class='ocr_carea' id='block_1_57' title="bbox 269 3929 1859 4005">
    <p class='ocr_par' dir='ltr' id='par_1_57' title="bbox 269 3929 1859 4005">
     <span class='ocr_line' id='line_1_57' title="bbox 269 3929 1859 4005; baseline 0.002 -19"><span class='ocrx_word' id='word_1_446' title='bbox 269 3929 407 3987; x_wconf 82' lang='lat' dir='ltr'><strong><em>Deus</em></strong></span> <span class='ocrx_word' id='word_1_447' title='bbox 449 3931 786 4002; x_wconf 78' lang='lat' dir='ltr'><strong><em>signiﬁcavit</em></strong></span> <span class='ocrx_word' id='word_1_448' title='bbox 834 3933 1076 4002; x_wconf 86' lang='lat' dir='ltr'><strong><em>requiem</em></strong></span> <span class='ocrx_word' id='word_1_449' title='bbox 1128 3941 1392 3987; x_wconf 89' lang='lat' dir='ltr'><strong><em>nostram.</em></strong></span> <span class='ocrx_word' id='word_1_450' title='bbox 1458 3932 1536 3987; x_wconf 91' lang='lat' dir='ltr'><strong><em>lbi</em></strong></span> <span class='ocrx_word' id='word_1_451' title='bbox 1582 3947 1713 4005; x_wconf 86' lang='lat' dir='ltr'><strong><em>ergo</em></strong></span> <span class='ocrx_word' id='word_1_452' title='bbox 1753 3936 1859 3989; x_wconf 90' lang='lat' dir='ltr'><strong><em>erit</em></strong></span> 
     </span>
    </p>
   </div>
   <div class='ocr_carea' id='block_1_58' title="bbox 269 4021 1858 4092">
    <p class='ocr_par' dir='ltr' id='par_1_58' title="bbox 269 4021 1858 4092">
     <span class='ocr_line' id='line_1_58' title="bbox 269 4021 1858 4092; baseline 0.002 -16"><span class='ocrx_word' id='word_1_453' title='bbox 269 4021 630 4078; x_wconf 75' lang='lat' dir='ltr'><strong><em>sanctiﬁcatio</em></strong></span> <span class='ocrx_word' id='word_1_454' title='bbox 667 4031 852 4077; x_wconf 85' lang='lat' dir='ltr'><strong><em>nostra</em></strong></span> <span class='ocrx_word' id='word_1_455' title='bbox 891 4023 1049 4092; x_wconf 90' lang='lat' dir='ltr'><strong><em>plena</em></strong></span> <span class='ocrx_word' id='word_1_456' title='bbox 1076 4063 1092 4088; x_wconf 95' lang='lat'><strong><em>,</em></strong></span> <span class='ocrx_word' id='word_1_457' title='bbox 1141 4021 1236 4076; x_wconf 91' lang='lat' dir='ltr'><strong><em>ubi</em></strong></span> <span class='ocrx_word' id='word_1_458' title='bbox 1282 4036 1406 4078; x_wconf 89' lang='lat' dir='ltr'><strong><em>cum</em></strong></span> <span class='ocrx_word' id='word_1_459' title='bbox 1457 4021 1548 4076; x_wconf 89' lang='lat' dir='ltr'><strong><em>illo</em></strong></span> <span class='ocrx_word' id='word_1_460' title='bbox 1593 4024 1712 4078; x_wconf 84' lang='lat' dir='ltr'><strong><em>sine</em></strong></span> <span class='ocrx_word' id='word_1_461' title='bbox 1752 4024 1858 4079; x_wconf 84' lang='lat' dir='ltr'><strong><em>line</em></strong></span> 
     </span>
    </p>
   </div>
   <div class='ocr_carea' id='block_1_59' title="bbox 271 4114 1857 4187">
    <p class='ocr_par' dir='ltr' id='par_1_59' title="bbox 271 4114 1857 4187">
     <span class='ocr_line' id='line_1_59' title="bbox 271 4114 1857 4187; baseline 0.003 -17"><span class='ocrx_word' id='word_1_462' title='bbox 271 4115 699 4186; x_wconf 83' lang='lat' dir='ltr'><strong><em>requiescamus.</em></strong></span> <span class='ocrx_word' id='word_1_463' title='bbox 745 4114 878 4169; x_wconf 79' lang='lat' dir='ltr'><strong><em>Nam</em></strong></span> <span class='ocrx_word' id='word_1_464' title='bbox 921 4131 1091 4186; x_wconf 86' lang='lat' dir='ltr'><strong><em>quare</em></strong></span> <span class='ocrx_word' id='word_1_465' title='bbox 1134 4116 1279 4171; x_wconf 89' lang='lat' dir='ltr'><strong><em>Deus</em></strong></span> <span class='ocrx_word' id='word_1_466' title='bbox 1321 4118 1707 4187; x_wconf 88' lang='lat' dir='ltr'><strong><em>requiesceret,</em></strong></span> <span class='ocrx_word' id='word_1_467' title='bbox 1750 4135 1857 4174; x_wconf 92' lang='lat' dir='ltr'><strong><em>non</em></strong></span> 
     </span>
    </p>
   </div>
   <div class='ocr_carea' id='block_1_60' title="bbox 270 4206 1855 4285">
    <p class='ocr_par' dir='ltr' id='par_1_60' title="bbox 270 4206 1855 4285">
     <span class='ocr_line' id='line_1_60' title="bbox 270 4206 1855 4285; baseline 0.003 -23"><span class='ocrx_word' id='word_1_468' title='bbox 270 4208 414 4262; x_wconf 87' lang='lat' dir='ltr'><strong><em>enim</em></strong></span> <span class='ocrx_word' id='word_1_469' title='bbox 463 4208 744 4278; x_wconf 88' lang='lat' dir='ltr'><strong><em>operando</em></strong></span> <span class='ocrx_word' id='word_1_470' title='bbox 782 4206 1044 4279; x_wconf 81' lang='lat' dir='ltr'><strong><em>fatigatus</em></strong></span> <span class='ocrx_word' id='word_1_471' title='bbox 1083 4218 1202 4274; x_wconf 90' lang='lat' dir='ltr'><strong><em>est,</em></strong></span> <span class='ocrx_word' id='word_1_472' title='bbox 1255 4217 1319 4285; x_wconf 27' lang='lat' dir='ltr'><strong><em>tu.</em></strong></span> <span class='ocrx_word' id='word_1_473' title='bbox 1360 4210 1405 4264; x_wconf 89' lang='lat' dir='ltr'><strong><em>si</em></strong></span> <span class='ocrx_word' id='word_1_474' title='bbox 1445 4211 1609 4265; x_wconf 75' lang='lat' dir='ltr'><strong><em>verLo</em></strong></span> <span class='ocrx_word' id='word_1_475' title='bbox 1652 4210 1855 4278; x_wconf 80' lang='lat' dir='ltr'><strong><em>facias,</em></strong></span> 
     </span>
    </p>
   </div>
   <div class='ocr_carea' id='block_1_61' title="bbox 273 4299 1860 4371">
    <p class='ocr_par' dir='ltr' id='par_1_61' title="bbox 273 4299 1860 4371">
     <span class='ocr_line' id='line_1_61' title="bbox 273 4299 1860 4371; baseline 0.003 -18"><span class='ocrx_word' id='word_1_476' title='bbox 273 4314 376 4354; x_wconf 89' lang='lat' dir='ltr'><strong><em>non</em></strong></span> <span class='ocrx_word' id='word_1_477' title='bbox 418 4299 695 4370; x_wconf 78' lang='lat' dir='ltr'><strong><em>fatigatis,</em></strong></span> <span class='ocrx_word' id='word_1_478' title='bbox 736 4300 783 4354; x_wconf 90' lang='lat' dir='ltr'><strong><em>si</em></strong></span> <span class='ocrx_word' id='word_1_479' title='bbox 817 4300 1010 4371; x_wconf 87' lang='lat' dir='ltr'><strong><em>iubeas</em></strong></span> <span class='ocrx_word' id='word_1_480' title='bbox 1049 4307 1105 4355; x_wconf 91' lang='lat' dir='ltr'><strong><em>et</em></strong></span> <span class='ocrx_word' id='word_1_481' title='bbox 1142 4302 1400 4357; x_wconf 90' lang='lat' dir='ltr'><strong><em>continuo</em></strong></span> <span class='ocrx_word' id='word_1_482' title='bbox 1439 4301 1553 4368; x_wconf 73' lang='lat' dir='ltr'><strong><em>flat,</em></strong></span> <span class='ocrx_word' id='word_1_483' title='bbox 1599 4311 1732 4369; x_wconf 88' lang='lat' dir='ltr'><strong><em>stas,</em></strong></span> <span class='ocrx_word' id='word_1_484' title='bbox 1778 4302 1860 4358; x_wconf 91' lang='lat' dir='ltr'><strong><em>in-</em></strong></span> 
     </span>
    </p>
   </div>
   <div class='ocr_carea' id='block_1_62' title="bbox 273 4386 1857 4459">
    <p class='ocr_par' dir='ltr' id='par_1_62' title="bbox 273 4386 1857 4459">
     <span class='ocr_line' id='line_1_62' title="bbox 273 4386 1857 4459; baseline 0.002 -17"><span class='ocrx_word' id='word_1_485' title='bbox 273 4395 423 4459; x_wconf 87' lang='lat' dir='ltr'><strong><em>teger</em></strong></span> <span class='ocrx_word' id='word_1_486' title='bbox 462 4402 677 4443; x_wconf 87' lang='lat' dir='ltr'><strong><em>manes.</em></strong></span> <span class='ocrx_word' id='word_1_487' title='bbox 723 4386 900 4443; x_wconf 84' lang='lat' dir='ltr'><strong><em>Pauca</em></strong></span> <span class='ocrx_word' id='word_1_488' title='bbox 936 4389 1099 4445; x_wconf 88' lang='lat' dir='ltr'><strong><em>verba</em></strong></span> <span class='ocrx_word' id='word_1_489' title='bbox 1139 4387 1297 4454; x_wconf 90' lang='lat' dir='ltr'><strong><em>dixit,</em></strong></span> <span class='ocrx_word' id='word_1_490' title='bbox 1346 4391 1489 4445; x_wconf 90' lang='lat' dir='ltr'><strong><em>unde</em></strong></span> <span class='ocrx_word' id='word_1_491' title='bbox 1514 4399 1685 4445; x_wconf 91' lang='lat' dir='ltr'><strong><em>totum</em></strong></span> <span class='ocrx_word' id='word_1_492' title='bbox 1708 4390 1857 4457; x_wconf 79' lang='lat' dir='ltr'><strong><em>fecit,</em></strong></span> 
     </span>
    </p>
   </div>
   <div class='ocr_carea' id='block_1_63' title="bbox 274 4482 1863 4555">
    <p class='ocr_par' dir='ltr' id='par_1_63' title="bbox 274 4482 1863 4555">
     <span class='ocr_line' id='line_1_63' title="bbox 274 4482 1863 4555; baseline 0.001 -18"><span class='ocrx_word' id='word_1_493' title='bbox 274 4494 327 4537; x_wconf 89' lang='lat' dir='ltr'><strong><em>et</em></strong></span> <span class='ocrx_word' id='word_1_494' title='bbox 360 4482 548 4538; x_wconf 82' lang='lat' dir='ltr'><strong><em>subito</em></strong></span> <span class='ocrx_word' id='word_1_495' title='bbox 585 4482 817 4537; x_wconf 83' lang='lat' dir='ltr'><strong><em>lassatus</em></strong></span> <span class='ocrx_word' id='word_1_496' title='bbox 856 4490 960 4548; x_wconf 90' lang='lat' dir='ltr'><strong><em>est,</em></strong></span> <span class='ocrx_word' id='word_1_497' title='bbox 1006 4497 1137 4553; x_wconf 80' lang='lat' dir='ltr'><strong><em>ergo</em></strong></span> <span class='ocrx_word' id='word_1_498' title='bbox 1180 4482 1351 4554; x_wconf 84' lang='lat' dir='ltr'><strong><em>legem</em></strong></span> <span class='ocrx_word' id='word_1_499' title='bbox 1396 4498 1630 4555; x_wconf 87' lang='lat' dir='ltr'><strong><em>agnosce</em></strong></span> <span class='ocrx_word' id='word_1_500' title='bbox 1668 4484 1723 4537; x_wconf 93' lang='lat' dir='ltr'><strong><em>in</em></strong></span> <span class='ocrx_word' id='word_1_501' title='bbox 1767 4484 1863 4539; x_wconf 90' lang='lat' dir='ltr'><strong><em>de-</em></strong></span> 
     </span>
    </p>
   </div>
   <div class='ocr_carea' id='block_1_64' title="bbox 274 4574 1865 4647">
    <p class='ocr_par' dir='ltr' id='par_1_64' title="bbox 274 4574 1865 4647">
     <span class='ocr_line' id='line_1_64' title="bbox 274 4574 1865 4647; baseline 0.001 -16"><span class='ocrx_word' id='word_1_502' title='bbox 274 4592 415 4642; x_wconf 87' lang='lat' dir='ltr'><strong><em>cem,</em></strong></span> <span class='ocrx_word' id='word_1_503' title='bbox 438 4576 705 4646; x_wconf 84' lang='lat' dir='ltr'><strong><em>Spiritum</em></strong></span> <span class='ocrx_word' id='word_1_504' title='bbox 730 4583 977 4631; x_wconf 90' lang='lat' dir='ltr'><strong><em>sanctum</em></strong></span> <span class='ocrx_word' id='word_1_505' title='bbox 1001 4591 1235 4647; x_wconf 88' lang='lat' dir='ltr'><strong><em>agnosce</em></strong></span> <span class='ocrx_word' id='word_1_506' title='bbox 1258 4576 1311 4630; x_wconf 91' lang='lat' dir='ltr'><strong><em>in</em></strong></span> <span class='ocrx_word' id='word_1_507' title='bbox 1336 4584 1562 4647; x_wconf 90' lang='lat' dir='ltr'><strong><em>septem.</em></strong></span> <span class='ocrx_word' id='word_1_508' title='bbox 1598 4574 1865 4647; x_wconf 83' lang='lat' dir='ltr'><strong><em>Jungatur</em></strong></span> 
     </span>
    </p>
   </div>
   <div class='ocr_carea' id='block_1_65' title="bbox 274 4666 1868 4738">
    <p class='ocr_par' dir='ltr' id='par_1_65' title="bbox 274 4666 1868 4738">
     <span class='ocr_line' id='line_1_65' title="bbox 274 4666 1868 4738; baseline 0.001 -17"><span class='ocrx_word' id='word_1_509' title='bbox 274 4668 504 4737; x_wconf 72' lang='lat' dir='ltr'><strong><em>spiritus</em></strong></span> <span class='ocrx_word' id='word_1_510' title='bbox 546 4666 690 4735; x_wconf 86' lang='lat' dir='ltr'><strong><em>legi,</em></strong></span> <span class='ocrx_word' id='word_1_511' title='bbox 733 4667 863 4736; x_wconf 87' lang='lat' dir='ltr'><strong><em>quia</em></strong></span> <span class='ocrx_word' id='word_1_512' title='bbox 909 4667 956 4721; x_wconf 89' lang='lat' dir='ltr'><strong><em>si</em></strong></span> <span class='ocrx_word' id='word_1_513' title='bbox 1002 4667 1279 4736; x_wconf 84' lang='lat' dir='ltr'><strong><em>acceperis</em></strong></span> <span class='ocrx_word' id='word_1_514' title='bbox 1322 4666 1495 4738; x_wconf 90' lang='lat' dir='ltr'><strong><em>legem</em></strong></span> <span class='ocrx_word' id='word_1_515' title='bbox 1538 4674 1594 4722; x_wconf 91' lang='lat' dir='ltr'><strong><em>et</em></strong></span> <span class='ocrx_word' id='word_1_516' title='bbox 1635 4666 1868 4723; x_wconf 76' lang='lat' dir='ltr'><strong><em>defuerit</em></strong></span> 
     </span>
    </p>
   </div>
   <div class='ocr_carea' id='block_1_66' title="bbox 276 4757 1862 4830">
    <p class='ocr_par' dir='ltr' id='par_1_66' title="bbox 276 4757 1862 4830">
     <span class='ocr_line' id='line_1_66' title="bbox 276 4757 1862 4830; baseline -0.001 -16"><span class='ocrx_word' id='word_1_517' title='bbox 276 4759 371 4814; x_wconf 83' lang='lat' dir='ltr'><strong><em>tibi</em></strong></span> <span class='ocrx_word' id='word_1_518' title='bbox 396 4757 729 4828; x_wconf 84' lang='lat' dir='ltr'><strong><em>adiutorium</em></strong></span> <span class='ocrx_word' id='word_1_519' title='bbox 753 4757 999 4827; x_wconf 85' lang='lat' dir='ltr'><strong><em>spiritus,</em></strong></span> <span class='ocrx_word' id='word_1_520' title='bbox 1031 4773 1138 4813; x_wconf 90' lang='lat' dir='ltr'><strong><em>non</em></strong></span> <span class='ocrx_word' id='word_1_521' title='bbox 1172 4757 1364 4827; x_wconf 89' lang='lat' dir='ltr'><strong><em>imples</em></strong></span> <span class='ocrx_word' id='word_1_522' title='bbox 1397 4760 1540 4828; x_wconf 91' lang='lat' dir='ltr'><strong><em>quod</em></strong></span> <span class='ocrx_word' id='word_1_523' title='bbox 1574 4758 1725 4830; x_wconf 83' lang='lat' dir='ltr'><strong><em>legis,</em></strong></span> <span class='ocrx_word' id='word_1_524' title='bbox 1756 4774 1862 4813; x_wconf 88' lang='lat' dir='ltr'><strong><em>non</em></strong></span> 
     </span>
    </p>
   </div>
   <div class='ocr_carea' id='block_1_67' title="bbox 278 4847 1865 4921">
    <p class='ocr_par' dir='ltr' id='par_1_67' title="bbox 278 4847 1865 4921">
     <span class='ocr_line' id='line_1_67' title="bbox 278 4847 1865 4921; baseline 0.001 -19"><span class='ocrx_word' id='word_1_525' title='bbox 278 4849 474 4920; x_wconf 80' lang='lat' dir='ltr'><strong><em>imples</em></strong></span> <span class='ocrx_word' id='word_1_526' title='bbox 513 4847 659 4917; x_wconf 87' lang='lat' dir='ltr'><strong><em>quod</em></strong></span> <span class='ocrx_word' id='word_1_527' title='bbox 700 4848 798 4903; x_wconf 87' lang='lat' dir='ltr'><strong><em>tibi</em></strong></span> <span class='ocrx_word' id='word_1_528' title='bbox 832 4847 1075 4917; x_wconf 91' lang='lat' dir='ltr'><strong><em>iubetur.</em></strong></span> <span class='ocrx_word' id='word_1_529' title='bbox 1123 4847 1232 4905; x_wconf 87' lang='lat' dir='ltr'><strong><em>Sed</em></strong></span> <span class='ocrx_word' id='word_1_530' title='bbox 1272 4849 1434 4904; x_wconf 90' lang='lat' dir='ltr'><strong><em>homo</em></strong></span> <span class='ocrx_word' id='word_1_531' title='bbox 1472 4850 1574 4904; x_wconf 90' lang='lat' dir='ltr'><strong><em>sub</em></strong></span> <span class='ocrx_word' id='word_1_532' title='bbox 1611 4849 1751 4921; x_wconf 83' lang='lat' dir='ltr'><strong><em>lege,</em></strong></span> <span class='ocrx_word' id='word_1_533' title='bbox 1783 4851 1865 4904; x_wconf 88' lang='lat' dir='ltr'><strong><em>in-</em></strong></span> 
     </span>
    </p>
   </div>
   <div class='ocr_carea' id='block_1_68' title="bbox 278 4938 1865 5010">
    <p class='ocr_par' dir='ltr' id='par_1_68' title="bbox 278 4938 1865 5010">
     <span class='ocr_line' id='line_1_68' title="bbox 278 4938 1865 5010; baseline 0 -15"><span class='ocrx_word' id='word_1_534' title='bbox 278 4954 446 5010; x_wconf 77' lang='lat' dir='ltr'><strong><em>super</em></strong></span> <span class='ocrx_word' id='word_1_535' title='bbox 481 4938 872 5008; x_wconf 69' lang='lat' dir='ltr'><strong><em>prmvaricator</em></strong></span> <span class='ocrx_word' id='word_1_536' title='bbox 914 4946 1146 4993; x_wconf 88' lang='lat' dir='ltr'><strong><em>tenetur.</em></strong></span> <span class='ocrx_word' id='word_1_537' title='bbox 1192 4938 1430 4993; x_wconf 84' lang='lat' dir='ltr'><strong><em>Accedat</em></strong></span> <span class='ocrx_word' id='word_1_538' title='bbox 1472 4938 1726 5009; x_wconf 84' lang='lat' dir='ltr'><strong><em>spiritus,</em></strong></span> <span class='ocrx_word' id='word_1_539' title='bbox 1769 4940 1865 4995; x_wconf 90' lang='lat' dir='ltr'><strong><em>ad-</em></strong></span> 
     </span>
    </p>
   </div>
   <div class='ocr_carea' id='block_1_69' title="bbox 273 5027 1867 5100">
    <p class='ocr_par' dir='ltr' id='par_1_69' title="bbox 273 5027 1867 5100">
     <span class='ocr_line' id='line_1_69' title="bbox 273 5027 1867 5100; baseline 0.002 -15"><span class='ocrx_word' id='word_1_540' title='bbox 273 5029 460 5098; x_wconf 83' lang='lat' dir='ltr'><strong><em>iuvet,</em></strong></span> <span class='ocrx_word' id='word_1_541' title='bbox 505 5038 563 5085; x_wconf 87' lang='lat' dir='ltr'><strong><em>et</em></strong></span> <span class='ocrx_word' id='word_1_542' title='bbox 602 5027 666 5083; x_wconf 83' lang='lat' dir='ltr'><strong><em>ﬁt</em></strong></span> <span class='ocrx_word' id='word_1_543' title='bbox 692 5030 839 5099; x_wconf 89' lang='lat' dir='ltr'><strong><em>quod</em></strong></span> <span class='ocrx_word' id='word_1_544' title='bbox 870 5030 1110 5100; x_wconf 89' lang='lat' dir='ltr'><strong><em>iubetur.</em></strong></span> <span class='ocrx_word' id='word_1_545' title='bbox 1162 5028 1219 5084; x_wconf 89' lang='lat' dir='ltr'><strong><em>Si</em></strong></span> <span class='ocrx_word' id='word_1_546' title='bbox 1245 5030 1399 5085; x_wconf 89' lang='lat' dir='ltr'><strong><em>deest</em></strong></span> <span class='ocrx_word' id='word_1_547' title='bbox 1418 5030 1659 5100; x_wconf 88' lang='lat' dir='ltr'><strong><em>spiritus,</em></strong></span> <span class='ocrx_word' id='word_1_548' title='bbox 1689 5031 1867 5088; x_wconf 86' lang='lat' dir='ltr'><strong><em>littera</em></strong></span> 
     </span>
    </p>
   </div>
   <div class='ocr_carea' id='block_1_70' title="bbox 280 5123 1874 5198">
    <p class='ocr_par' dir='ltr' id='par_1_70' title="bbox 280 5123 1874 5198">
     <span class='ocr_line' id='line_1_70' title="bbox 280 5123 1874 5198; baseline 0.003 -22"><span class='ocrx_word' id='word_1_549' title='bbox 280 5123 484 5178; x_wconf 81' lang='lat' dir='ltr'><strong><em>occidit</em></strong></span> <span class='ocrx_word' id='word_1_550' title='bbox 528 5132 619 5179; x_wconf 90' lang='lat' dir='ltr'><strong><em>te:</em></strong></span> <span class='ocrx_word' id='word_1_551' title='bbox 648 5140 818 5195; x_wconf 86' lang='lat' dir='ltr'><strong><em>quare</em></strong></span> <span class='ocrx_word' id='word_1_552' title='bbox 857 5125 1038 5180; x_wconf 88' lang='lat' dir='ltr'><strong><em>littera</em></strong></span> <span class='ocrx_word' id='word_1_553' title='bbox 1077 5125 1279 5180; x_wconf 89' lang='lat' dir='ltr'><strong><em>occidit</em></strong></span> <span class='ocrx_word' id='word_1_554' title='bbox 1318 5125 1411 5180; x_wconf 88' lang='lat' dir='ltr'><strong><em>te?</em></strong></span> <span class='ocrx_word' id='word_1_555' title='bbox 1454 5126 1579 5194; x_wconf 87' lang='lat' dir='ltr'><strong><em>quia</em></strong></span> <span class='ocrx_word' id='word_1_556' title='bbox 1621 5129 1874 5198; x_wconf 67' lang='lat' dir='ltr'><strong><em>praevari-</em></strong></span> 
     </span>
    </p>
   </div>
   <div class='ocr_carea' id='block_1_71' title="bbox 280 5214 1869 5289">
    <p class='ocr_par' dir='ltr' id='par_1_71' title="bbox 280 5214 1869 5289">
     <span class='ocr_line' id='line_1_71' title="bbox 280 5214 1869 5289; baseline 0.003 -20"><span class='ocrx_word' id='word_1_557' title='bbox 280 5222 527 5271; x_wconf 72' lang='lat' dir='ltr'><strong><em>catorem</em></strong></span> <span class='ocrx_word' id='word_1_558' title='bbox 558 5225 612 5271; x_wconf 92' lang='lat' dir='ltr'><strong><em>te</em></strong></span> <span class='ocrx_word' id='word_1_559' title='bbox 635 5214 818 5282; x_wconf 78' lang='lat' dir='ltr'><strong><em>faciet,</em></strong></span> <span class='ocrx_word' id='word_1_560' title='bbox 844 5233 950 5271; x_wconf 91' lang='lat' dir='ltr'><strong><em>non</em></strong></span> <span class='ocrx_word' id='word_1_561' title='bbox 989 5226 1144 5287; x_wconf 88' lang='lat' dir='ltr'><strong><em>potes</em></strong></span> <span class='ocrx_word' id='word_1_562' title='bbox 1179 5217 1427 5272; x_wconf 76' lang='lat' dir='ltr'><strong><em>excusari</em></strong></span> <span class='ocrx_word' id='word_1_563' title='bbox 1452 5218 1520 5273; x_wconf 90' lang='lat' dir='ltr'><strong><em>de</em></strong></span> <span class='ocrx_word' id='word_1_564' title='bbox 1548 5218 1869 5289; x_wconf 85' lang='lat' dir='ltr'><strong><em>ignorantia,</em></strong></span> 
     </span>
    </p>
   </div>
   <div class='ocr_carea' id='block_1_72' title="bbox 279 5307 1869 5379">
    <p class='ocr_par' dir='ltr' id='par_1_72' title="bbox 279 5307 1869 5379">
     <span class='ocr_line' id='line_1_72' title="bbox 279 5307 1869 5379; baseline 0.003 -19"><span class='ocrx_word' id='word_1_565' title='bbox 279 5307 409 5376; x_wconf 77' lang='lat' dir='ltr'><strong><em>quia</em></strong></span> <span class='ocrx_word' id='word_1_566' title='bbox 458 5308 631 5379; x_wconf 80' lang='lat' dir='ltr'><strong><em>legem</em></strong></span> <span class='ocrx_word' id='word_1_567' title='bbox 672 5309 966 5379; x_wconf 89' lang='lat' dir='ltr'><strong><em>accepisti,</em></strong></span> <span class='ocrx_word' id='word_1_568' title='bbox 1006 5308 1122 5379; x_wconf 90' lang='lat' dir='ltr'><strong><em>iam</em></strong></span> <span class='ocrx_word' id='word_1_569' title='bbox 1165 5309 1307 5378; x_wconf 89' lang='lat' dir='ltr'><strong><em>quod</em></strong></span> <span class='ocrx_word' id='word_1_570' title='bbox 1349 5308 1560 5364; x_wconf 82' lang='lat' dir='ltr'><strong><em>faceres</em></strong></span> <span class='ocrx_word' id='word_1_571' title='bbox 1598 5309 1869 5375; x_wconf 85' lang='lat' dir='ltr'><strong><em>didicisti,</em></strong></span> 
     </span>
    </p>
   </div>
   <div class='ocr_carea' id='block_1_73' title="bbox 282 5398 1867 5471">
    <p class='ocr_par' dir='ltr' id='par_1_73' title="bbox 282 5398 1867 5471">
     <span class='ocr_line' id='line_1_73' title="bbox 282 5398 1867 5471; baseline 0.001 -16"><span class='ocrx_word' id='word_1_572' title='bbox 282 5398 593 5469; x_wconf 73' lang='lat' dir='ltr'><strong><em>ignorantia</em></strong></span> <span class='ocrx_word' id='word_1_573' title='bbox 636 5408 690 5457; x_wconf 88' lang='lat' dir='ltr'><strong><em>te</em></strong></span> <span class='ocrx_word' id='word_1_574' title='bbox 727 5416 835 5457; x_wconf 89' lang='lat' dir='ltr'><strong><em>non</em></strong></span> <span class='ocrx_word' id='word_1_575' title='bbox 878 5410 1127 5464; x_wconf 80' lang='lat' dir='ltr'><strong><em>excusat,</em></strong></span> <span class='ocrx_word' id='word_1_576' title='bbox 1169 5402 1395 5471; x_wconf 72' lang='lat' dir='ltr'><strong><em>Spiritus</em></strong></span> <span class='ocrx_word' id='word_1_577' title='bbox 1420 5411 1474 5456; x_wconf 83' lang='lat' dir='ltr'><strong><em>te</em></strong></span> <span class='ocrx_word' id='word_1_578' title='bbox 1500 5416 1603 5456; x_wconf 92' lang='lat' dir='ltr'><strong><em>non</em></strong></span> <span class='ocrx_word' id='word_1_579' title='bbox 1632 5399 1867 5468; x_wconf 84' lang='lat' dir='ltr'><strong><em>adiuvat,</em></strong></span> 
     </span>
    </p>
   </div>
   <div class='ocr_carea' id='block_1_74' title="bbox 281 5490 1869 5563">
    <p class='ocr_par' dir='ltr' id='par_1_74' title="bbox 281 5490 1869 5563">
     <span class='ocr_line' id='line_1_74' title="bbox 281 5490 1869 5563; baseline -0.001 -16"><span class='ocrx_word' id='word_1_580' title='bbox 281 5507 415 5561; x_wconf 85' lang='lat' dir='ltr'><strong><em>ergo</em></strong></span> <span class='ocrx_word' id='word_1_581' title='bbox 460 5494 670 5561; x_wconf 88' lang='lat' dir='ltr'><strong><em>peristi.</em></strong></span> <span class='ocrx_word' id='word_1_582' title='bbox 713 5490 842 5547; x_wconf 82' lang='lat' dir='ltr'><strong><em>Sed&#39;</em></strong></span> <span class='ocrx_word' id='word_1_583' title='bbox 861 5492 990 5562; x_wconf 86' lang='lat' dir='ltr'><strong><em>quid</em></strong></span> <span class='ocrx_word' id='word_1_584' title='bbox 1015 5493 1092 5546; x_wconf 88' lang='lat' dir='ltr'><strong><em>ait</em></strong></span> <span class='ocrx_word' id='word_1_585' title='bbox 1112 5491 1386 5563; x_wconf 85' lang='lat' dir='ltr'><strong><em>apostolus</em></strong></span> <span class='ocrx_word' id='word_1_586' title='bbox 1407 5491 1604 5547; x_wconf 84' lang='lat' dir='ltr'><strong><em>Paulus</em></strong></span> <span class='ocrx_word' id='word_1_587' title='bbox 1628 5504 1643 5543; x_wconf 89' lang='lat'><strong><em>:</em></strong></span> <span class='ocrx_word' id='word_1_588' title='bbox 1674 5490 1869 5545; x_wconf 75' lang='lat' dir='ltr'><strong><em>Littera</em></strong></span> 
     </span>
    </p>
   </div>
   <div class='ocr_carea' id='block_1_75' title="bbox 285 5582 1867 5655">
    <p class='ocr_par' dir='ltr' id='par_1_75' title="bbox 285 5582 1867 5655">
     <span class='ocr_line' id='line_1_75' title="bbox 285 5582 1867 5655; baseline -0.003 -16"><span class='ocrx_word' id='word_1_589' title='bbox 285 5585 509 5648; x_wconf 72' lang='lat' dir='ltr'><strong><em>occidit,</em></strong></span> <span class='ocrx_word' id='word_1_590' title='bbox 555 5586 774 5655; x_wconf 81' lang='lat' dir='ltr'><strong><em>spiritus</em></strong></span> <span class='ocrx_word' id='word_1_591' title='bbox 816 5595 987 5638; x_wconf 86' lang='lat' dir='ltr'><strong><em>autem</em></strong></span> <span class='ocrx_word' id='word_1_592' title='bbox 1034 5584 1252 5651; x_wconf 79' lang='lat' dir='ltr'><strong><em>ririﬁcat</em></strong></span> <span class='ocrx_word' id='word_1_593' title='bbox 1287 5582 1372 5653; x_wconf 88' lang='grc'><strong><em>(11</em></strong></span> <span class='ocrx_word' id='word_1_594' title='bbox 1408 5582 1528 5637; x_wconf 86' lang='lat' dir='ltr'><strong><em>Cor.</em></strong></span> <span class='ocrx_word' id='word_1_595' title='bbox 1566 5582 1667 5651; x_wconf 87' lang='grc' dir='ltr'>ιιι).</span> <span class='ocrx_word' id='word_1_596' title='bbox 1721 5582 1867 5636; x_wconf 67' lang='lat' dir='ltr'><strong><em>[Inde</em></strong></span> 
     </span>
    </p>
   </div>
   <div class='ocr_carea' id='block_1_76' title="bbox 284 5673 1868 5745">
    <p class='ocr_par' dir='ltr' id='par_1_76' title="bbox 284 5673 1868 5745">
     <span class='ocr_line' id='line_1_76' title="bbox 284 5673 1868 5745; baseline -0.003 -16"><span class='ocrx_word' id='word_1_597' title='bbox 284 5675 515 5745; x_wconf 68' lang='lat' dir='ltr'><strong><em>spiritus</em></strong></span> <span class='ocrx_word' id='word_1_598' title='bbox 553 5675 831 5730; x_wconf 81' lang='lat' dir='ltr'><strong><em>vivilicat?</em></strong></span> <span class='ocrx_word' id='word_1_599' title='bbox 878 5675 999 5744; x_wconf 83' lang='lat' dir='ltr'><strong><em>quia</em></strong></span> <span class='ocrx_word' id='word_1_600' title='bbox 1048 5674 1176 5729; x_wconf 78' lang='lat' dir='ltr'><strong><em>facit</em></strong></span> <span class='ocrx_word' id='word_1_601' title='bbox 1223 5674 1432 5742; x_wconf 67' lang='lat' dir='ltr'><strong><em>impleri</em></strong></span> <span class='ocrx_word' id='word_1_602' title='bbox 1480 5673 1750 5736; x_wconf 82' lang='lat' dir='ltr'><strong><em>litteram,</em></strong></span> <span class='ocrx_word' id='word_1_603' title='bbox 1804 5689 1868 5725; x_wconf 77' lang='lat' dir='ltr'><strong><em>ne</em></strong></span> 
     </span>
    </p>
   </div>
   <div class='ocr_carea' id='block_1_77' title="bbox 1946 1844 3533 1918">
    <p class='ocr_par' dir='ltr' id='par_1_77' title="bbox 1946 1844 3533 1918">
     <span class='ocr_line' id='line_1_77' title="bbox 1946 1844 3533 1918; baseline -0.001 -16"><span class='ocrx_word' id='word_1_604' title='bbox 1946 1847 2175 1915; x_wconf 89' lang='lat' dir='ltr'><strong><em>Quando</em></strong></span> <span class='ocrx_word' id='word_1_605' title='bbox 2217 1847 2402 1913; x_wconf 88' lang='lat' dir='ltr'><strong><em>vides,</em></strong></span> <span class='ocrx_word' id='word_1_606' title='bbox 2450 1847 2576 1918; x_wconf 91' lang='lat' dir='ltr'><strong><em>quia</em></strong></span> <span class='ocrx_word' id='word_1_607' title='bbox 2618 1845 2707 1901; x_wconf 91' lang='lat' dir='ltr'><strong><em>ille</em></strong></span> <span class='ocrx_word' id='word_1_608' title='bbox 2746 1860 2925 1901; x_wconf 89' lang='lat' dir='ltr'><strong><em>sermo</em></strong></span> <span class='ocrx_word' id='word_1_609' title='bbox 2966 1846 3112 1901; x_wconf 91' lang='lat' dir='ltr'><strong><em>aliud</em></strong></span> <span class='ocrx_word' id='word_1_610' title='bbox 3148 1844 3335 1914; x_wconf 89' lang='lat' dir='ltr'><strong><em>iubet,</em></strong></span> <span class='ocrx_word' id='word_1_611' title='bbox 3378 1854 3432 1901; x_wconf 91' lang='lat' dir='ltr'><strong><em>et</em></strong></span> <span class='ocrx_word' id='word_1_612' title='bbox 3475 1856 3533 1901; x_wconf 91' lang='lat' dir='ltr'><strong><em>tu</em></strong></span> 
     </span>
    </p>
   </div>
   <div class='ocr_carea' id='block_1_78' title="bbox 1947 1936 3533 2003">
    <p class='ocr_par' dir='ltr' id='par_1_78' title="bbox 1947 1936 3533 2003">
     <span class='ocr_line' id='line_1_78' title="bbox 1947 1936 3533 2003; baseline 0.001 -12"><span class='ocrx_word' id='word_1_613' title='bbox 1947 1937 2093 1992; x_wconf 88' lang='lat' dir='ltr'><strong><em>aliud</em></strong></span> <span class='ocrx_word' id='word_1_614' title='bbox 2131 1936 2287 2002; x_wconf 79' lang='lat' dir='ltr'><strong><em>facis,</em></strong></span> <span class='ocrx_word' id='word_1_615' title='bbox 2330 1952 2438 1992; x_wconf 90' lang='lat' dir='ltr'><strong><em>non</em></strong></span> <span class='ocrx_word' id='word_1_616' title='bbox 2478 1944 2561 1991; x_wconf 92' lang='lat' dir='ltr'><strong><em>est</em></strong></span> <span class='ocrx_word' id='word_1_617' title='bbox 2601 1937 2948 1992; x_wconf 88' lang='lat' dir='ltr'><strong><em>adversarius</em></strong></span> <span class='ocrx_word' id='word_1_618' title='bbox 2987 1945 3130 2003; x_wconf 88' lang='lat' dir='ltr'><strong><em>tuus,</em></strong></span> <span class='ocrx_word' id='word_1_619' title='bbox 3161 1938 3533 1993; x_wconf 88' lang='lat' dir='ltr'><strong><em>adversarium</em></strong></span> 
     </span>
    </p>
   </div>
   <div class='ocr_carea' id='block_1_79' title="bbox 1948 2026 3534 2095">
    <p class='ocr_par' dir='ltr' id='par_1_79' title="bbox 1948 2026 3534 2095">
     <span class='ocr_line' id='line_1_79' title="bbox 1948 2026 3534 2095; baseline 0 -12"><span class='ocrx_word' id='word_1_620' title='bbox 1948 2028 2119 2083; x_wconf 90' lang='lat' dir='ltr'><strong><em>habes</em></strong></span> <span class='ocrx_word' id='word_1_621' title='bbox 2160 2027 2362 2083; x_wconf 90' lang='lat' dir='ltr'><strong><em>malum</em></strong></span> <span class='ocrx_word' id='word_1_622' title='bbox 2390 2069 2408 2094; x_wconf 91' lang='lat'><strong><em>,</em></strong></span> <span class='ocrx_word' id='word_1_623' title='bbox 2455 2043 2563 2082; x_wconf 90' lang='lat' dir='ltr'><strong><em>non</em></strong></span> <span class='ocrx_word' id='word_1_624' title='bbox 2607 2035 2789 2082; x_wconf 86' lang='lat' dir='ltr'><strong><em>tecum</em></strong></span> <span class='ocrx_word' id='word_1_625' title='bbox 2830 2026 2997 2082; x_wconf 90' lang='lat' dir='ltr'><strong><em>intret</em></strong></span> <span class='ocrx_word' id='word_1_626' title='bbox 3039 2028 3094 2082; x_wconf 90' lang='lat' dir='ltr'><strong><em>in</em></strong></span> <span class='ocrx_word' id='word_1_627' title='bbox 3138 2029 3489 2083; x_wconf 85' lang='lat' dir='ltr'><strong><em>secretarium</em></strong></span> <span class='ocrx_word' id='word_1_628' title='bbox 3516 2069 3534 2095; x_wconf 86' lang='lat'><strong><em>,</em></strong></span> 
     </span>
    </p>
   </div>
   <div class='ocr_carea' id='block_1_80' title="bbox 1948 2114 3537 2190">
    <p class='ocr_par' dir='ltr' id='par_1_80' title="bbox 1948 2114 3537 2190">
     <span class='ocr_line' id='line_1_80' title="bbox 1948 2114 3537 2190; baseline 0.001 -15"><span class='ocrx_word' id='word_1_629' title='bbox 1948 2114 2212 2190; x_wconf 80' lang='lat' dir='ltr'><strong><em>compone</em></strong></span> <span class='ocrx_word' id='word_1_630' title='bbox 2256 2136 2379 2175; x_wconf 87' lang='lat' dir='ltr'><strong><em>cum</em></strong></span> <span class='ocrx_word' id='word_1_631' title='bbox 2422 2135 2483 2175; x_wconf 92' lang='lat' dir='ltr'><strong><em>es</em></strong></span> <span class='ocrx_word' id='word_1_632' title='bbox 2525 2134 2648 2174; x_wconf 89' lang='lat' dir='ltr'><strong><em>cum</em></strong></span> <span class='ocrx_word' id='word_1_633' title='bbox 2686 2118 2782 2174; x_wconf 91' lang='lat' dir='ltr'><strong><em>illo</em></strong></span> <span class='ocrx_word' id='word_1_634' title='bbox 2825 2119 2881 2174; x_wconf 92' lang='lat' dir='ltr'><strong><em>in</em></strong></span> <span class='ocrx_word' id='word_1_635' title='bbox 2924 2119 3043 2187; x_wconf 87' lang='lat' dir='ltr'><strong><em>via,</em></strong></span> <span class='ocrx_word' id='word_1_636' title='bbox 3086 2122 3239 2176; x_wconf 88' lang='lat' dir='ltr'><strong><em>adest</em></strong></span> <span class='ocrx_word' id='word_1_637' title='bbox 3274 2119 3537 2176; x_wconf 90' lang='lat' dir='ltr'><strong><em>Dominus</em></strong></span> 
     </span>
    </p>
   </div>
   <div class='ocr_carea' id='block_1_81' title="bbox 1949 2209 3538 2280">
    <p class='ocr_par' dir='ltr' id='par_1_81' title="bbox 1949 2209 3538 2280">
     <span class='ocr_line' id='line_1_81' title="bbox 1949 2209 3538 2280; baseline 0.001 -16"><span class='ocrx_word' id='word_1_638' title='bbox 1949 2210 2040 2280; x_wconf 89' lang='lat' dir='ltr'><strong><em>qui</em></strong></span> <span class='ocrx_word' id='word_1_639' title='bbox 2074 2226 2172 2266; x_wconf 91' lang='lat' dir='ltr'><strong><em>vos</em></strong></span> <span class='ocrx_word' id='word_1_640' title='bbox 2208 2210 2522 2266; x_wconf 89' lang='lat' dir='ltr'><strong><em>concordet.</em></strong></span> <span class='ocrx_word' id='word_1_641' title='bbox 2574 2209 2855 2276; x_wconf 89' lang='lat' dir='ltr'><strong><em>Quomodo</em></strong></span> <span class='ocrx_word' id='word_1_642' title='bbox 2888 2224 2987 2265; x_wconf 88' lang='lat' dir='ltr'><strong><em>vos</em></strong></span> <span class='ocrx_word' id='word_1_643' title='bbox 3022 2211 3318 2266; x_wconf 87' lang='lat' dir='ltr'><strong><em>concordat</em></strong></span> <span class='ocrx_word' id='word_1_644' title='bbox 3354 2211 3538 2266; x_wconf 87' lang='lat' dir='ltr'><strong><em>Domi-</em></strong></span> 
     </span>
    </p>
   </div>
   <div class='ocr_carea' id='block_1_82' title="bbox 1950 2299 3541 2372">
    <p class='ocr_par' dir='ltr' id='par_1_82' title="bbox 1950 2299 3541 2372">
     <span class='ocr_line' id='line_1_82' title="bbox 1950 2299 3541 2372; baseline -0.001 -14"><span class='ocrx_word' id='word_1_645' title='bbox 1950 2303 2092 2358; x_wconf 86' lang='lat' dir='ltr'><strong><em>nus?</em></strong></span> <span class='ocrx_word' id='word_1_646' title='bbox 2134 2301 2385 2358; x_wconf 91' lang='lat' dir='ltr'><strong><em>donando</em></strong></span> <span class='ocrx_word' id='word_1_647' title='bbox 2422 2308 2670 2372; x_wconf 87' lang='lat' dir='ltr'><strong><em>peccata,</em></strong></span> <span class='ocrx_word' id='word_1_648' title='bbox 2713 2308 2769 2355; x_wconf 93' lang='lat' dir='ltr'><strong><em>et</em></strong></span> <span class='ocrx_word' id='word_1_649' title='bbox 2804 2299 3117 2372; x_wconf 89' lang='lat' dir='ltr'><strong><em>inspirando</em></strong></span> <span class='ocrx_word' id='word_1_650' title='bbox 3148 2299 3438 2370; x_wconf 87' lang='lat' dir='ltr'><strong><em>iustitiam,</em></strong></span> <span class='ocrx_word' id='word_1_651' title='bbox 3479 2312 3541 2356; x_wconf 91' lang='lat' dir='ltr'><strong><em>ut</em></strong></span> 
     </span>
    </p>
   </div>
   <div class='ocr_carea' id='block_1_83' title="bbox 1950 2389 3542 2462">
    <p class='ocr_par' dir='ltr' id='par_1_83' title="bbox 1950 2389 3542 2462">
     <span class='ocr_line' id='line_1_83' title="bbox 1950 2389 3542 2462; baseline 0 -17"><span class='ocrx_word' id='word_1_652' title='bbox 1950 2392 2086 2446; x_wconf 88' lang='lat' dir='ltr'><strong><em>tiant</em></strong></span> <span class='ocrx_word' id='word_1_653' title='bbox 2114 2405 2280 2462; x_wconf 88' lang='lat' dir='ltr'><strong><em>opera</em></strong></span> <span class='ocrx_word' id='word_1_654' title='bbox 2310 2391 2474 2446; x_wconf 88' lang='lat' dir='ltr'><strong><em>bona.</em></strong></span> <span class='ocrx_word' id='word_1_655' title='bbox 2523 2389 2659 2446; x_wconf 88' lang='lat' dir='ltr'><strong><em>Cum</em></strong></span> <span class='ocrx_word' id='word_1_656' title='bbox 2692 2404 2823 2461; x_wconf 79' lang='lat' dir='ltr'><strong><em>ergo</em></strong></span> <span class='ocrx_word' id='word_1_657' title='bbox 2854 2389 3271 2446; x_wconf 89' lang='lat' dir='ltr'><strong><em>concordaberis</em></strong></span> <span class='ocrx_word' id='word_1_658' title='bbox 3298 2406 3420 2446; x_wconf 89' lang='lat' dir='ltr'><strong><em>cum</em></strong></span> <span class='ocrx_word' id='word_1_659' title='bbox 3449 2392 3542 2445; x_wconf 88' lang='lat' dir='ltr'><strong><em>ad-</em></strong></span> 
     </span>
    </p>
   </div>
   <div class='ocr_carea' id='block_1_84' title="bbox 1950 2463 3539 2553">
    <p class='ocr_par' dir='ltr' id='par_1_84' title="bbox 1950 2463 3539 2553">
     <span class='ocr_line' id='line_1_84' title="bbox 1950 2463 3539 2553; baseline -0.002 -15"><span class='ocrx_word' id='word_1_660' title='bbox 1950 2482 2194 2538; x_wconf 85' lang='lat' dir='ltr'><strong><em>versario</em></strong></span> <span class='ocrx_word' id='word_1_661' title='bbox 2231 2489 2346 2548; x_wconf 90' lang='lat' dir='ltr'><strong><em>tuo,</em></strong></span> <span class='ocrx_word' id='word_1_662' title='bbox 2386 2481 2441 2537; x_wconf 90' lang='lat' dir='ltr'><strong><em>id</em></strong></span> <span class='ocrx_word' id='word_1_663' title='bbox 2480 2488 2584 2545; x_wconf 88' lang='lat' dir='ltr'><strong><em>est,</em></strong></span> <span class='ocrx_word' id='word_1_664' title='bbox 2625 2463 2751 2535; x_wconf 79' lang='lat' dir='ltr'><strong><em>cum</em></strong></span> <span class='ocrx_word' id='word_1_665' title='bbox 2787 2480 3047 2551; x_wconf 89' lang='lat' dir='ltr'><strong><em>decalogo</em></strong></span> <span class='ocrx_word' id='word_1_666' title='bbox 3088 2480 3243 2553; x_wconf 85' lang='lat' dir='ltr'><strong><em>legis,</em></strong></span> <span class='ocrx_word' id='word_1_667' title='bbox 3283 2497 3382 2552; x_wconf 92' lang='lat' dir='ltr'><strong><em>per</em></strong></span> <span class='ocrx_word' id='word_1_668' title='bbox 3418 2480 3539 2550; x_wconf 85' lang='lat' dir='ltr'><strong><em>Spi—</em></strong></span> 
     </span>
    </p>
   </div>
   <div class='ocr_carea' id='block_1_85' title="bbox 1951 2574 3539 2647">
    <p class='ocr_par' dir='ltr' id='par_1_85' title="bbox 1951 2574 3539 2647">
     <span class='ocr_line' id='line_1_85' title="bbox 1951 2574 3539 2647; baseline 0.001 -16"><span class='ocrx_word' id='word_1_669' title='bbox 1951 2578 2113 2631; x_wconf 87' lang='lat' dir='ltr'><strong><em>ritum</em></strong></span> <span class='ocrx_word' id='word_1_670' title='bbox 2149 2585 2399 2632; x_wconf 90' lang='lat' dir='ltr'><strong><em>sanctum</em></strong></span> <span class='ocrx_word' id='word_1_671' title='bbox 2434 2575 2733 2646; x_wconf 88' lang='lat' dir='ltr'><strong><em>pertinebis</em></strong></span> <span class='ocrx_word' id='word_1_672' title='bbox 2765 2574 2833 2630; x_wconf 89' lang='lat' dir='ltr'><strong><em>ad</em></strong></span> <span class='ocrx_word' id='word_1_673' title='bbox 2865 2574 3051 2631; x_wconf 87' lang='lat' dir='ltr'><strong><em>decem</em></strong></span> <span class='ocrx_word' id='word_1_674' title='bbox 3087 2587 3143 2631; x_wconf 86' lang='lat' dir='ltr'><strong><em>et</em></strong></span> <span class='ocrx_word' id='word_1_675' title='bbox 3172 2585 3401 2647; x_wconf 89' lang='lat' dir='ltr'><strong><em>septem,</em></strong></span> <span class='ocrx_word' id='word_1_676' title='bbox 3423 2576 3539 2647; x_wconf 82' lang='lat' dir='ltr'><strong><em>iam</em></strong></span> 
     </span>
    </p>
   </div>
   <div class='ocr_carea' id='block_1_86' title="bbox 1950 2666 3537 2738">
    <p class='ocr_par' dir='ltr' id='par_1_86' title="bbox 1950 2666 3537 2738">
     <span class='ocr_line' id='line_1_86' title="bbox 1950 2666 3537 2738; baseline -0.001 -15"><span class='ocrx_word' id='word_1_677' title='bbox 1950 2666 2145 2723; x_wconf 80' lang='lat' dir='ltr'><strong><em>exinde</em></strong></span> <span class='ocrx_word' id='word_1_678' title='bbox 2184 2675 2465 2722; x_wconf 77' lang='lat' dir='ltr'><strong><em>excrescet</em></strong></span> <span class='ocrx_word' id='word_1_679' title='bbox 2504 2682 2762 2722; x_wconf 89' lang='lat' dir='ltr'><strong><em>numerus</em></strong></span> <span class='ocrx_word' id='word_1_680' title='bbox 2796 2666 2865 2721; x_wconf 88' lang='lat' dir='ltr'><strong><em>ad</em></strong></span> <span class='ocrx_word' id='word_1_681' title='bbox 2900 2675 3119 2722; x_wconf 89' lang='lat' dir='ltr'><strong><em>centum</em></strong></span> <span class='ocrx_word' id='word_1_682' title='bbox 3154 2667 3537 2738; x_wconf 87' lang='lat' dir='ltr'><strong><em>quinquaginta</em></strong></span> 
     </span>
    </p>
   </div>
   <div class='ocr_carea' id='block_1_87' title="bbox 1952 2757 3541 2824">
    <p class='ocr_par' dir='ltr' id='par_1_87' title="bbox 1952 2757 3541 2824">
     <span class='ocr_line' id='line_1_87' title="bbox 1952 2757 3541 2824; baseline 0.001 -11"><span class='ocrx_word' id='word_1_683' title='bbox 1952 2767 2101 2824; x_wconf 89' lang='lat' dir='ltr'><strong><em>tres,</em></strong></span> <span class='ocrx_word' id='word_1_684' title='bbox 2139 2757 2249 2812; x_wconf 92' lang='lat' dir='ltr'><strong><em>eris</em></strong></span> <span class='ocrx_word' id='word_1_685' title='bbox 2291 2757 2360 2812; x_wconf 91' lang='lat' dir='ltr'><strong><em>ad</em></strong></span> <span class='ocrx_word' id='word_1_686' title='bbox 2402 2757 2680 2813; x_wconf 77' lang='lat' dir='ltr'><strong><em>dexteram</em></strong></span> <span class='ocrx_word' id='word_1_687' title='bbox 2727 2758 3107 2823; x_wconf 89' lang='lat' dir='ltr'><strong><em>coronandus,</em></strong></span> <span class='ocrx_word' id='word_1_688' title='bbox 3149 2774 3220 2813; x_wconf 90' lang='lat' dir='ltr'><strong><em>ne</em></strong></span> <span class='ocrx_word' id='word_1_689' title='bbox 3260 2774 3541 2815; x_wconf 87' lang='lat' dir='ltr'><strong><em>remaneas</em></strong></span> 
     </span>
    </p>
   </div>
   <div class='ocr_carea' id='block_1_88' title="bbox 1953 2847 3079 2904">
    <p class='ocr_par' dir='ltr' id='par_1_88' title="bbox 1953 2847 3079 2904">
     <span class='ocr_line' id='line_1_88' title="bbox 1953 2847 3079 2904; baseline -0.002 0"><span class='ocrx_word' id='word_1_690' title='bbox 1953 2849 2021 2904; x_wconf 87' lang='lat' dir='ltr'><strong><em>ad</em></strong></span> <span class='ocrx_word' id='word_1_691' title='bbox 2060 2847 2340 2904; x_wconf 88' lang='lat' dir='ltr'><strong><em>sinistram</em></strong></span> <span class='ocrx_word' id='word_1_692' title='bbox 2382 2848 2740 2904; x_wconf 90' lang='lat' dir='ltr'><strong><em>damnandus.</em></strong></span> <span class='ocrx_word' id='word_1_693' title='bbox 3075 2849 3079 2852; x_wconf 75' lang='grc'><em>’</em></span> 
     </span>
    </p>
   </div>
   <div class='ocr_carea' id='block_1_89' title="bbox 2594 2941 2904 2997">
    <p class='ocr_par' dir='ltr' id='par_1_89' title="bbox 2594 2941 2904 2997">
     <span class='ocr_line' id='line_1_89' title="bbox 2594 2941 2904 2997; baseline -0.003 -1"><span class='ocrx_word' id='word_1_694' title='bbox 2594 2941 2800 2997; x_wconf 81' lang='lat' dir='ltr'><strong><em>FERIA</em></strong></span> <span class='ocrx_word' id='word_1_695' title='bbox 2840 2941 2904 2997; x_wconf 63' lang='grc' dir='ltr'><strong><em>Υ.</em></strong></span> 
     </span>
    </p>
   </div>
   <div class='ocr_carea' id='block_1_90' title="bbox 2141 3045 3350 3096">
    <p class='ocr_par' dir='ltr' id='par_1_90' title="bbox 2141 3045 3350 3096">
     <span class='ocr_line' id='line_1_90' title="bbox 2141 3045 3350 3096; baseline -0.004 -6"><span class='ocrx_word' id='word_1_696' title='bbox 2141 3048 2337 3090; x_wconf 76' lang='grc' dir='ltr'>ιεοτιο</span> <span class='ocrx_word' id='word_1_697' title='bbox 2373 3047 2587 3088; x_wconf 73' lang='grc' dir='ltr'>Αοτυιιιι</span> <span class='ocrx_word' id='word_1_698' title='bbox 2628 3045 3034 3096; x_wconf 71' lang='grc' dir='ltr'>Αροετοιοιιιιιι,</span> <span class='ocrx_word' id='word_1_699' title='bbox 3073 3046 3193 3086; x_wconf 73' lang='lat' dir='ltr'><strong><em>CAP.</em></strong></span> <span class='ocrx_word' id='word_1_700' title='bbox 3229 3046 3350 3085; x_wconf 77' lang='grc' dir='ltr'>νιιι.</span> 
     </span>
    </p>
   </div>
   <div class='ocr_carea' id='block_1_91' title="bbox 2028 3120 3539 3196">
    <p class='ocr_par' dir='ltr' id='par_1_91' title="bbox 2028 3120 3539 3196">
     <span class='ocr_line' id='line_1_91' title="bbox 2028 3120 3539 3196; baseline -0.001 -19"><span class='ocrx_word' id='word_1_701' title='bbox 2028 3142 2048 3177; x_wconf 79' lang='grc' dir='ltr'><strong><em>ι</em></strong></span> <span class='ocrx_word' id='word_1_702' title='bbox 2069 3124 2309 3196; x_wconf 84' lang='lat' dir='ltr'><strong><em>Angelus</em></strong></span> <span class='ocrx_word' id='word_1_703' title='bbox 2326 3122 2543 3178; x_wconf 90' lang='lat' dir='ltr'><strong><em>Domini</em></strong></span> <span class='ocrx_word' id='word_1_704' title='bbox 2565 3122 2777 3178; x_wconf 90' lang='lat' dir='ltr'><strong><em>locutus</em></strong></span> <span class='ocrx_word' id='word_1_705' title='bbox 2797 3128 2884 3177; x_wconf 66' lang='grc' dir='ltr'>εδι</span> <span class='ocrx_word' id='word_1_706' title='bbox 2904 3121 2971 3177; x_wconf 90' lang='lat' dir='ltr'><strong><em>ad</em></strong></span> <span class='ocrx_word' id='word_1_707' title='bbox 2992 3120 3295 3192; x_wconf 88' lang='lat' dir='ltr'><strong><em>Philippum</em></strong></span> <span class='ocrx_word' id='word_1_708' title='bbox 3319 3120 3539 3177; x_wconf 87' lang='lat' dir='ltr'><strong><em>dicens:</em></strong></span> 
     </span>
    </p>
   </div>
   <div class='ocr_carea' id='block_1_92' title="bbox 1958 3211 3545 3286">
    <p class='ocr_par' dir='ltr' id='par_1_92' title="bbox 1958 3211 3545 3286">
     <span class='ocr_line' id='line_1_92' title="bbox 1958 3211 3545 3286; baseline -0.001 -19"><span class='ocrx_word' id='word_1_709' title='bbox 1958 3234 1977 3267; x_wconf 77' lang='grc' dir='ltr'><strong><em>ι</em></strong></span> <span class='ocrx_word' id='word_1_710' title='bbox 2009 3212 2183 3286; x_wconf 88' lang='lat' dir='ltr'><strong><em>Surge</em></strong></span> <span class='ocrx_word' id='word_1_711' title='bbox 2221 3222 2277 3270; x_wconf 90' lang='lat' dir='ltr'><strong><em>et</em></strong></span> <span class='ocrx_word' id='word_1_712' title='bbox 2310 3212 2449 3269; x_wconf 84' lang='lat' dir='ltr'><strong><em>vade</em></strong></span> <span class='ocrx_word' id='word_1_713' title='bbox 2492 3219 2683 3268; x_wconf 90' lang='lat' dir='ltr'><strong><em>contra</em></strong></span> <span class='ocrx_word' id='word_1_714' title='bbox 2724 3211 3084 3267; x_wconf 87' lang='lat' dir='ltr'><strong><em>meridianum</em></strong></span> <span class='ocrx_word' id='word_1_715' title='bbox 3124 3211 3192 3265; x_wconf 87' lang='lat' dir='ltr'><strong><em>ad</em></strong></span> <span class='ocrx_word' id='word_1_716' title='bbox 3232 3211 3377 3265; x_wconf 89' lang='lat' dir='ltr'><strong><em>viam</em></strong></span> <span class='ocrx_word' id='word_1_717' title='bbox 3420 3226 3545 3281; x_wconf 74' lang='lat' dir='ltr'><strong><em>qua:</em></strong></span> 
     </span>
    </p>
   </div>
   <div class='ocr_carea' id='block_1_93' title="bbox 1959 3300 3543 3366">
    <p class='ocr_par' dir='ltr' id='par_1_93' title="bbox 1959 3300 3543 3366">
     <span class='ocr_line' id='line_1_93' title="bbox 1959 3300 3543 3366; baseline -0.001 -11"><span class='ocrx_word' id='word_1_718' title='bbox 1959 3322 1977 3355; x_wconf 78' lang='grc' dir='ltr'><strong><em>ι</em></strong></span> <span class='ocrx_word' id='word_1_719' title='bbox 2010 3303 2293 3360; x_wconf 91' lang='lat' dir='ltr'><strong><em>descendit</em></strong></span> <span class='ocrx_word' id='word_1_720' title='bbox 2332 3302 2402 3358; x_wconf 89' lang='lat' dir='ltr'><strong><em>ab</em></strong></span> <span class='ocrx_word' id='word_1_721' title='bbox 2444 3300 2785 3357; x_wconf 81' lang='lat' dir='ltr'><strong><em>Hierusalem</em></strong></span> <span class='ocrx_word' id='word_1_722' title='bbox 2818 3302 2870 3357; x_wconf 91' lang='lat' dir='ltr'><strong><em>in</em></strong></span> <span class='ocrx_word' id='word_1_723' title='bbox 2900 3300 3123 3366; x_wconf 88' lang='lat' dir='ltr'><strong><em>Gazam,</em></strong></span> <span class='ocrx_word' id='word_1_724' title='bbox 3171 3300 3287 3356; x_wconf 83' lang='lat' dir='ltr'><strong><em>haec</em></strong></span> <span class='ocrx_word' id='word_1_725' title='bbox 3324 3310 3409 3356; x_wconf 90' lang='lat' dir='ltr'><strong><em>est</em></strong></span> <span class='ocrx_word' id='word_1_726' title='bbox 3447 3301 3543 3356; x_wconf 84' lang='lat' dir='ltr'><strong><em>de-</em></strong></span> 
     </span>
    </p>
   </div>
   <div class='ocr_carea' id='block_1_94' title="bbox 1960 3392 3546 3467">
    <p class='ocr_par' dir='ltr' id='par_1_94' title="bbox 1960 3392 3546 3467">
     <span class='ocr_line' id='line_1_94' title="bbox 1960 3392 3546 3467; baseline -0.003 -18"><span class='ocrx_word' id='word_1_727' title='bbox 1960 3417 1979 3449; x_wconf 76' lang='grc' dir='ltr'><strong><em>ι</em></strong></span> <span class='ocrx_word' id='word_1_728' title='bbox 2011 3408 2176 3453; x_wconf 85' lang='lat' dir='ltr'><strong><em>serta.</em></strong></span> <span class='ocrx_word' id='word_1_729' title='bbox 2215 3397 2282 3452; x_wconf 83' lang='lat' dir='ltr'><strong><em>Et</em></strong></span> <span class='ocrx_word' id='word_1_730' title='bbox 2310 3411 2541 3467; x_wconf 86' lang='lat' dir='ltr'><strong><em>surgens</em></strong></span> <span class='ocrx_word' id='word_1_731' title='bbox 2569 3395 2723 3461; x_wconf 88' lang='lat' dir='ltr'><strong><em>abiit,</em></strong></span> <span class='ocrx_word' id='word_1_732' title='bbox 2753 3404 2808 3448; x_wconf 88' lang='lat' dir='ltr'><strong><em>et</em></strong></span> <span class='ocrx_word' id='word_1_733' title='bbox 2834 3409 2962 3449; x_wconf 89' lang='lat' dir='ltr'><strong><em>ecce</em></strong></span> <span class='ocrx_word' id='word_1_734' title='bbox 2988 3394 3073 3447; x_wconf 91' lang='lat' dir='ltr'><strong><em>vir</em></strong></span> <span class='ocrx_word' id='word_1_735' title='bbox 3098 3392 3350 3462; x_wconf 65' lang='lat' dir='ltr'><strong><em>Ethiops</em></strong></span> <span class='ocrx_word' id='word_1_736' title='bbox 3376 3408 3546 3447; x_wconf 89' lang='lat' dir='ltr'><strong><em>eunu-</em></strong></span> 
     </span>
    </p>
   </div>
   <div class='ocr_carea' id='block_1_95' title="bbox 1960 3480 3548 3557">
    <p class='ocr_par' dir='ltr' id='par_1_95' title="bbox 1960 3480 3548 3557">
     <span class='ocr_line' id='line_1_95' title="bbox 1960 3480 3548 3557; baseline -0.003 -16"><span class='ocrx_word' id='word_1_737' title='bbox 1960 3507 1979 3541; x_wconf 85' lang='grc'><strong>‹</strong></span> <span class='ocrx_word' id='word_1_738' title='bbox 2011 3489 2165 3552; x_wconf 90' lang='lat' dir='ltr'><strong><em>chus,</em></strong></span> <span class='ocrx_word' id='word_1_739' title='bbox 2188 3495 2396 3557; x_wconf 88' lang='lat' dir='ltr'><strong><em>potens,</em></strong></span> <span class='ocrx_word' id='word_1_740' title='bbox 2423 3484 2691 3540; x_wconf 87' lang='lat' dir='ltr'><strong><em>Candacis</em></strong></span> <span class='ocrx_word' id='word_1_741' title='bbox 2719 3484 2917 3554; x_wconf 74' lang='lat' dir='ltr'><strong><em>regina:</em></strong></span> <span class='ocrx_word' id='word_1_742' title='bbox 2944 3481 3283 3550; x_wconf 68' lang='lat' dir='ltr'><strong><em>1Ethiopum,</em></strong></span> <span class='ocrx_word' id='word_1_743' title='bbox 3308 3480 3401 3551; x_wconf 89' lang='lat' dir='ltr'><strong><em>qui</em></strong></span> <span class='ocrx_word' id='word_1_744' title='bbox 3428 3492 3548 3537; x_wconf 89' lang='lat' dir='ltr'><strong><em>erat</em></strong></span> 
     </span>
    </p>
   </div>
   <div class='ocr_carea' id='block_1_96' title="bbox 1961 3571 3549 3647">
    <p class='ocr_par' dir='ltr' id='par_1_96' title="bbox 1961 3571 3549 3647">
     <span class='ocr_line' id='line_1_96' title="bbox 1961 3571 3549 3647; baseline -0.001 -20"><span class='ocrx_word' id='word_1_745' title='bbox 1961 3595 1979 3627; x_wconf 74' lang='grc' dir='ltr'><strong><em>ι</em></strong></span> <span class='ocrx_word' id='word_1_746' title='bbox 2011 3592 2175 3647; x_wconf 90' lang='lat' dir='ltr'><strong><em>super</em></strong></span> <span class='ocrx_word' id='word_1_747' title='bbox 2194 3590 2384 3631; x_wconf 90' lang='lat' dir='ltr'><strong><em>omnes</em></strong></span> <span class='ocrx_word' id='word_1_748' title='bbox 2413 3589 2575 3644; x_wconf 89' lang='lat' dir='ltr'><strong><em>gazas</em></strong></span> <span class='ocrx_word' id='word_1_749' title='bbox 2599 3571 2735 3641; x_wconf 89' lang='lat' dir='ltr'><strong><em>eius,</em></strong></span> <span class='ocrx_word' id='word_1_750' title='bbox 2766 3579 2990 3628; x_wconf 85' lang='lat' dir='ltr'><strong><em>venerat</em></strong></span> <span class='ocrx_word' id='word_1_751' title='bbox 3017 3571 3247 3627; x_wconf 89' lang='lat' dir='ltr'><strong><em>adorare</em></strong></span> <span class='ocrx_word' id='word_1_752' title='bbox 3277 3572 3330 3626; x_wconf 91' lang='lat' dir='ltr'><strong><em>in</em></strong></span> <span class='ocrx_word' id='word_1_753' title='bbox 3357 3571 3549 3627; x_wconf 83' lang='lat' dir='ltr'><strong><em>Hieru—</em></strong></span> 
     </span>
    </p>
   </div>
   <div class='ocr_carea' id='block_1_97' title="bbox 1961 3665 3546 3735">
    <p class='ocr_par' dir='ltr' id='par_1_97' title="bbox 1961 3665 3546 3735">
     <span class='ocr_line' id='line_1_97' title="bbox 1961 3665 3546 3735; baseline -0.001 -14"><span class='ocrx_word' id='word_1_754' title='bbox 1961 3688 1980 3721; x_wconf 78' lang='grc' dir='ltr'><strong><em>ι</em></strong></span> <span class='ocrx_word' id='word_1_755' title='bbox 2015 3670 2205 3734; x_wconf 87' lang='lat' dir='ltr'><strong><em>salem,</em></strong></span> <span class='ocrx_word' id='word_1_756' title='bbox 2228 3677 2283 3723; x_wconf 92' lang='lat' dir='ltr'><strong><em>et</em></strong></span> <span class='ocrx_word' id='word_1_757' title='bbox 2305 3667 2684 3723; x_wconf 80' lang='lat' dir='ltr'><strong><em>revertebatur</em></strong></span> <span class='ocrx_word' id='word_1_758' title='bbox 2706 3665 2902 3721; x_wconf 90' lang='lat' dir='ltr'><strong><em>sedens</em></strong></span> <span class='ocrx_word' id='word_1_759' title='bbox 2927 3679 3092 3735; x_wconf 88' lang='lat' dir='ltr'><strong><em>super</em></strong></span> <span class='ocrx_word' id='word_1_760' title='bbox 3116 3679 3335 3719; x_wconf 88' lang='lat' dir='ltr'><strong><em>currum</em></strong></span> <span class='ocrx_word' id='word_1_761' title='bbox 3364 3679 3546 3729; x_wconf 90' lang='lat' dir='ltr'><strong><em>suum,</em></strong></span> 
     </span>
    </p>
   </div>
   <div class='ocr_carea' id='block_1_98' title="bbox 1962 3753 3549 3831">
    <p class='ocr_par' dir='ltr' id='par_1_98' title="bbox 1962 3753 3549 3831">
     <span class='ocr_line' id='line_1_98' title="bbox 1962 3753 3549 3831; baseline -0.003 -18"><span class='ocrx_word' id='word_1_762' title='bbox 1962 3780 1982 3813; x_wconf 79' lang='grc' dir='ltr'><strong><em>ι</em></strong></span> <span class='ocrx_word' id='word_1_763' title='bbox 2015 3761 2303 3831; x_wconf 89' lang='lat' dir='ltr'><strong><em>legensque</em></strong></span> <span class='ocrx_word' id='word_1_764' title='bbox 2330 3757 2525 3813; x_wconf 85' lang='lat' dir='ltr'><strong><em>Isaiam</em></strong></span> <span class='ocrx_word' id='word_1_765' title='bbox 2553 3757 2896 3828; x_wconf 88' lang='lat' dir='ltr'><strong><em>prophetam.</em></strong></span> <span class='ocrx_word' id='word_1_766' title='bbox 2934 3753 3083 3809; x_wconf 80' lang='lat' dir='ltr'><strong><em>Dixit</em></strong></span> <span class='ocrx_word' id='word_1_767' title='bbox 3111 3762 3293 3809; x_wconf 88' lang='lat' dir='ltr'><strong><em>autem</em></strong></span> <span class='ocrx_word' id='word_1_768' title='bbox 3324 3754 3549 3825; x_wconf 88' lang='lat' dir='ltr'><strong><em>spiritus</em></strong></span> 
     </span>
    </p>
   </div>
   <div class='ocr_carea' id='block_1_99' title="bbox 1963 3845 3543 3923">
    <p class='ocr_par' dir='ltr' id='par_1_99' title="bbox 1963 3845 3543 3923">
     <span class='ocr_line' id='line_1_99' title="bbox 1963 3845 3543 3923; baseline -0.004 -18"><span class='ocrx_word' id='word_1_769' title='bbox 1963 3873 1981 3905; x_wconf 79' lang='grc' dir='ltr'><strong><em>ι</em></strong></span> <span class='ocrx_word' id='word_1_770' title='bbox 2014 3853 2301 3923; x_wconf 88' lang='lat' dir='ltr'><strong><em>Philippo:</em></strong></span> <span class='ocrx_word' id='word_1_771' title='bbox 2346 3851 2579 3913; x_wconf 86' lang='lat' dir='ltr'><strong><em>Accede,</em></strong></span> <span class='ocrx_word' id='word_1_772' title='bbox 2615 3849 2846 3920; x_wconf 82' lang='lat' dir='ltr'><strong><em>adiunge</em></strong></span> <span class='ocrx_word' id='word_1_773' title='bbox 2881 3855 2935 3902; x_wconf 90' lang='lat' dir='ltr'><strong><em>te</em></strong></span> <span class='ocrx_word' id='word_1_774' title='bbox 2982 3847 3049 3903; x_wconf 89' lang='lat' dir='ltr'><strong><em>ad</em></strong></span> <span class='ocrx_word' id='word_1_775' title='bbox 3093 3862 3317 3903; x_wconf 88' lang='lat' dir='ltr'><strong><em>currum</em></strong></span> <span class='ocrx_word' id='word_1_776' title='bbox 3359 3845 3543 3901; x_wconf 90' lang='lat' dir='ltr'><strong><em>istum.</em></strong></span> 
     </span>
    </p>
   </div>
   <div class='ocr_carea' id='block_1_100' title="bbox 1964 3938 3546 4012">
    <p class='ocr_par' dir='ltr' id='par_1_100' title="bbox 1964 3938 3546 4012">
     <span class='ocr_line' id='line_1_100' title="bbox 1964 3938 3546 4012; baseline -0.004 -14"><span class='ocrx_word' id='word_1_777' title='bbox 1964 3967 1981 3998; x_wconf 79' lang='grc' dir='ltr'><strong><em>ι</em></strong></span> <span class='ocrx_word' id='word_1_778' title='bbox 2014 3946 2319 4003; x_wconf 81' lang='lat' dir='ltr'><strong><em>Accurrens</em></strong></span> <span class='ocrx_word' id='word_1_779' title='bbox 2341 3952 2520 4000; x_wconf 86' lang='lat' dir='ltr'><strong><em>autem</em></strong></span> <span class='ocrx_word' id='word_1_780' title='bbox 2545 3943 2844 4012; x_wconf 85' lang='lat' dir='ltr'><strong><em>Philippus,</em></strong></span> <span class='ocrx_word' id='word_1_781' title='bbox 2868 3940 3074 3995; x_wconf 88' lang='lat' dir='ltr'><strong><em>audivit</em></strong></span> <span class='ocrx_word' id='word_1_782' title='bbox 3099 3939 3250 3993; x_wconf 93' lang='lat' dir='ltr'><strong><em>illum</em></strong></span> <span class='ocrx_word' id='word_1_783' title='bbox 3274 3938 3546 4009; x_wconf 89' lang='lat' dir='ltr'><strong><em>legentem</em></strong></span> 
     </span>
    </p>
   </div>
   <div class='ocr_carea' id='block_1_101' title="bbox 1964 4030 3549 4108">
    <p class='ocr_par' dir='ltr' id='par_1_101' title="bbox 1964 4030 3549 4108">
     <span class='ocr_line' id='line_1_101' title="bbox 1964 4030 3549 4108; baseline -0.006 -17"><span class='ocrx_word' id='word_1_784' title='bbox 1964 4058 1981 4091; x_wconf 82' lang='grc' dir='ltr'><strong><em>ι</em></strong></span> <span class='ocrx_word' id='word_1_785' title='bbox 2015 4038 2210 4094; x_wconf 83' lang='lat' dir='ltr'><strong><em>Isaiam</em></strong></span> <span class='ocrx_word' id='word_1_786' title='bbox 2238 4038 2560 4108; x_wconf 87' lang='lat' dir='ltr'><strong><em>prophetam</em></strong></span> <span class='ocrx_word' id='word_1_787' title='bbox 2591 4044 2648 4089; x_wconf 90' lang='lat' dir='ltr'><strong><em>et</em></strong></span> <span class='ocrx_word' id='word_1_788' title='bbox 2674 4034 2810 4089; x_wconf 85' lang='lat' dir='ltr'><strong><em>dixit</em></strong></span> <span class='ocrx_word' id='word_1_789' title='bbox 2834 4050 2847 4086; x_wconf 91' lang='lat'><strong><em>:</em></strong></span> <span class='ocrx_word' id='word_1_790' title='bbox 2888 4032 3122 4086; x_wconf 89' lang='lat' dir='ltr'><strong><em>Putasne</em></strong></span> <span class='ocrx_word' id='word_1_791' title='bbox 3149 4030 3403 4100; x_wconf 88' lang='lat' dir='ltr'><strong><em>intelligis</em></strong></span> <span class='ocrx_word' id='word_1_792' title='bbox 3426 4045 3549 4100; x_wconf 80' lang='lat' dir='ltr'><strong><em>quae</em></strong></span> 
     </span>
    </p>
   </div>
   <div class='ocr_carea' id='block_1_102' title="bbox 1964 4119 3549 4199">
    <p class='ocr_par' dir='ltr' id='par_1_102' title="bbox 1964 4119 3549 4199">
     <span class='ocr_line' id='line_1_102' title="bbox 1964 4119 3549 4199; baseline -0.006 -18"><span class='ocrx_word' id='word_1_793' title='bbox 1964 4148 1982 4181; x_wconf 77' lang='grc' dir='ltr'><strong><em>ι</em></strong></span> <span class='ocrx_word' id='word_1_794' title='bbox 2016 4128 2194 4199; x_wconf 87' lang='lat' dir='ltr'><strong><em>legis?</em></strong></span> <span class='ocrx_word' id='word_1_795' title='bbox 2238 4126 2340 4193; x_wconf 90' lang='lat' dir='ltr'><strong><em>Qui</em></strong></span> <span class='ocrx_word' id='word_1_796' title='bbox 2380 4126 2494 4179; x_wconf 90' lang='lat' dir='ltr'><strong><em>ait:</em></strong></span> <span class='ocrx_word' id='word_1_797' title='bbox 2535 4124 2603 4177; x_wconf 89' lang='lat' dir='ltr'><strong><em>Et</em></strong></span> <span class='ocrx_word' id='word_1_798' title='bbox 2640 4121 2912 4192; x_wconf 90' lang='lat' dir='ltr'><strong><em>quomodo</em></strong></span> <span class='ocrx_word' id='word_1_799' title='bbox 2948 4134 3168 4190; x_wconf 85' lang='lat' dir='ltr'><strong><em>possum</em></strong></span> <span class='ocrx_word' id='word_1_800' title='bbox 3208 4119 3507 4189; x_wconf 86' lang='lat' dir='ltr'><strong><em>intelligere</em></strong></span> <span class='ocrx_word' id='word_1_801' title='bbox 3530 4160 3549 4183; x_wconf 92' lang='lat'><strong><em>,</em></strong></span> 
     </span>
    </p>
   </div>
   <div class='ocr_carea' id='block_1_103' title="bbox 1965 4207 3556 4284">
    <p class='ocr_par' dir='ltr' id='par_1_103' title="bbox 1965 4207 3556 4284">
     <span class='ocr_line' id='line_1_103' title="bbox 1965 4207 3556 4284; baseline -0.003 -16"><span class='ocrx_word' id='word_1_802' title='bbox 1965 4235 1984 4268; x_wconf 81' lang='grc' dir='ltr'><strong><em>ι</em></strong></span> <span class='ocrx_word' id='word_1_803' title='bbox 2017 4217 2118 4271; x_wconf 91' lang='lat' dir='ltr'><strong><em>nisi</em></strong></span> <span class='ocrx_word' id='word_1_804' title='bbox 2150 4215 2348 4284; x_wconf 90' lang='lat' dir='ltr'><strong><em>aliquis</em></strong></span> <span class='ocrx_word' id='word_1_805' title='bbox 2367 4212 2668 4267; x_wconf 84' lang='lat' dir='ltr'><strong><em>ostenderit</em></strong></span> <span class='ocrx_word' id='word_1_806' title='bbox 2688 4211 2859 4266; x_wconf 83' lang='lat' dir='ltr'><strong><em>mihi?</em></strong></span> <span class='ocrx_word' id='word_1_807' title='bbox 2887 4208 3221 4280; x_wconf 79' lang='lat' dir='ltr'><strong><em>Rogavitque</em></strong></span> <span class='ocrx_word' id='word_1_808' title='bbox 3240 4207 3556 4277; x_wconf 82' lang='lat' dir='ltr'><strong><em>Philippum</em></strong></span> 
     </span>
    </p>
   </div>
   <div class='ocr_carea' id='block_1_104' title="bbox 1966 4296 3550 4363">
    <p class='ocr_par' dir='ltr' id='par_1_104' title="bbox 1966 4296 3550 4363">
     <span class='ocr_line' id='line_1_104' title="bbox 1966 4296 3550 4363; baseline -0.007 -2"><span class='ocrx_word' id='word_1_809' title='bbox 1966 4319 1983 4356; x_wconf 77' lang='grc' dir='ltr'><strong><em>ι</em></strong></span> <span class='ocrx_word' id='word_1_810' title='bbox 2016 4314 2079 4360; x_wconf 89' lang='grc' dir='ltr'><strong><em>ιιι</em></strong></span> <span class='ocrx_word' id='word_1_811' title='bbox 2101 4304 2422 4361; x_wconf 89' lang='lat' dir='ltr'><strong><em>ascenderet</em></strong></span> <span class='ocrx_word' id='word_1_812' title='bbox 2442 4310 2499 4357; x_wconf 92' lang='lat' dir='ltr'><strong><em>et</em></strong></span> <span class='ocrx_word' id='word_1_813' title='bbox 2522 4302 2737 4357; x_wconf 83' lang='lat' dir='ltr'><strong><em>sederet</em></strong></span> <span class='ocrx_word' id='word_1_814' title='bbox 2758 4314 2961 4355; x_wconf 89' lang='lat' dir='ltr'><strong><em>secum.</em></strong></span> <span class='ocrx_word' id='word_1_815' title='bbox 2994 4298 3171 4353; x_wconf 88' lang='lat' dir='ltr'><strong><em>Locus</em></strong></span> <span class='ocrx_word' id='word_1_816' title='bbox 3196 4305 3376 4363; x_wconf 88' lang='lat' dir='ltr'><strong><em>autem</em></strong></span> <span class='ocrx_word' id='word_1_817' title='bbox 3401 4296 3550 4351; x_wconf 80' lang='lat' dir='ltr'><strong><em>Scri-</em></strong></span> 
     </span>
    </p>
   </div>
   <div class='ocr_carea' id='block_1_105' title="bbox 1968 4389 3558 4468">
    <p class='ocr_par' dir='ltr' id='par_1_105' title="bbox 1968 4389 3558 4468">
     <span class='ocr_line' id='line_1_105' title="bbox 1968 4389 3558 4468; baseline -0.003 -20"><span class='ocrx_word' id='word_1_818' title='bbox 1968 4417 1985 4448; x_wconf 78' lang='grc' dir='ltr'><strong><em>ι</em></strong></span> <span class='ocrx_word' id='word_1_819' title='bbox 2019 4406 2192 4468; x_wconf 76' lang='lat' dir='ltr'><strong><em>plura:</em></strong></span> <span class='ocrx_word' id='word_1_820' title='bbox 2221 4395 2309 4450; x_wconf 90' lang='lat' dir='ltr'><strong><em>hic</em></strong></span> <span class='ocrx_word' id='word_1_821' title='bbox 2336 4402 2489 4459; x_wconf 91' lang='lat' dir='ltr'><strong><em>erat,</em></strong></span> <span class='ocrx_word' id='word_1_822' title='bbox 2535 4408 2697 4463; x_wconf 89' lang='lat' dir='ltr'><strong><em>quam</em></strong></span> <span class='ocrx_word' id='word_1_823' title='bbox 2734 4391 2983 4461; x_wconf 88' lang='lat' dir='ltr'><strong><em>legebat:</em></strong></span> <span class='ocrx_word' id='word_1_824' title='bbox 3018 4390 3297 4461; x_wconf 87' lang='lat' dir='ltr'><strong><em>Tanquam</em></strong></span> <span class='ocrx_word' id='word_1_825' title='bbox 3330 4390 3449 4444; x_wconf 86' lang='lat' dir='ltr'><strong><em>ovis</em></strong></span> <span class='ocrx_word' id='word_1_826' title='bbox 3480 4389 3558 4443; x_wconf 81' lang='lat' dir='ltr'><strong><em>ad</em></strong></span> 
     </span>
    </p>
   </div>
   <div class='ocr_carea' id='block_1_106' title="bbox 1970 4481 3545 4551">
    <p class='ocr_par' dir='ltr' id='par_1_106' title="bbox 1970 4481 3545 4551">
     <span class='ocr_line' id='line_1_106' title="bbox 1970 4481 3545 4551; baseline -0.003 -13"><span class='ocrx_word' id='word_1_827' title='bbox 1970 4505 1989 4538; x_wconf 84' lang='grc'>‹</span> <span class='ocrx_word' id='word_1_828' title='bbox 2022 4486 2346 4542; x_wconf 91' lang='lat' dir='ltr'><strong><em>occisionem</em></strong></span> <span class='ocrx_word' id='word_1_829' title='bbox 2374 4484 2567 4538; x_wconf 89' lang='lat' dir='ltr'><strong><em>ductus</em></strong></span> <span class='ocrx_word' id='word_1_830' title='bbox 2592 4489 2707 4548; x_wconf 89' lang='lat' dir='ltr'><strong><em>est,</em></strong></span> <span class='ocrx_word' id='word_1_831' title='bbox 2749 4491 2806 4538; x_wconf 89' lang='lat' dir='ltr'><strong><em>et</em></strong></span> <span class='ocrx_word' id='word_1_832' title='bbox 2836 4481 2977 4537; x_wconf 89' lang='lat' dir='ltr'><strong><em>sicut</em></strong></span> <span class='ocrx_word' id='word_1_833' title='bbox 3011 4495 3181 4551; x_wconf 86' lang='lat' dir='ltr'><strong><em>agnus</em></strong></span> <span class='ocrx_word' id='word_1_834' title='bbox 3210 4495 3394 4536; x_wconf 92' lang='lat' dir='ltr'><strong><em>coram</em></strong></span> <span class='ocrx_word' id='word_1_835' title='bbox 3424 4490 3545 4534; x_wconf 88' lang='lat' dir='ltr'><strong><em>ton-</em></strong></span> 
     </span>
    </p>
   </div>
   <div class='ocr_carea' id='block_1_107' title="bbox 1973 4572 3551 4645">
    <p class='ocr_par' dir='ltr' id='par_1_107' title="bbox 1973 4572 3551 4645">
     <span class='ocr_line' id='line_1_107' title="bbox 1973 4572 3551 4645; baseline -0.003 -14"><span class='ocrx_word' id='word_1_836' title='bbox 1973 4599 1990 4631; x_wconf 80' lang='grc' dir='ltr'><strong><em>ι</em></strong></span> <span class='ocrx_word' id='word_1_837' title='bbox 2024 4580 2185 4635; x_wconf 88' lang='lat' dir='ltr'><strong><em>dente</em></strong></span> <span class='ocrx_word' id='word_1_838' title='bbox 2215 4594 2295 4645; x_wconf 90' lang='lat' dir='ltr'><strong><em>se,</em></strong></span> <span class='ocrx_word' id='word_1_839' title='bbox 2336 4578 2456 4634; x_wconf 90' lang='lat' dir='ltr'><strong><em>sine</em></strong></span> <span class='ocrx_word' id='word_1_840' title='bbox 2481 4591 2637 4642; x_wconf 90' lang='lat' dir='ltr'><strong><em>voce,</em></strong></span> <span class='ocrx_word' id='word_1_841' title='bbox 2676 4576 2756 4631; x_wconf 92' lang='lat' dir='ltr'><strong><em>sic</em></strong></span> <span class='ocrx_word' id='word_1_842' title='bbox 2789 4589 2897 4630; x_wconf 91' lang='lat' dir='ltr'><strong><em>non</em></strong></span> <span class='ocrx_word' id='word_1_843' title='bbox 2934 4574 3147 4644; x_wconf 88' lang='lat' dir='ltr'><strong><em>aperuit</em></strong></span> <span class='ocrx_word' id='word_1_844' title='bbox 3173 4588 3235 4628; x_wconf 92' lang='lat' dir='ltr'><strong><em>os</em></strong></span> <span class='ocrx_word' id='word_1_845' title='bbox 3263 4588 3439 4627; x_wconf 88' lang='lat' dir='ltr'><strong><em>suum.</em></strong></span> <span class='ocrx_word' id='word_1_846' title='bbox 3487 4572 3551 4627; x_wconf 88' lang='lat' dir='ltr'><strong><em>ln</em></strong></span> 
     </span>
    </p>
   </div>
   <div class='ocr_carea' id='block_1_108' title="bbox 1973 4664 3552 4739">
    <p class='ocr_par' dir='ltr' id='par_1_108' title="bbox 1973 4664 3552 4739">
     <span class='ocr_line' id='line_1_108' title="bbox 1973 4664 3552 4739; baseline -0.004 -15"><span class='ocrx_word' id='word_1_847' title='bbox 1973 4692 1991 4724; x_wconf 85' lang='grc'>‹</span> <span class='ocrx_word' id='word_1_848' title='bbox 2024 4671 2326 4727; x_wconf 89' lang='lat' dir='ltr'><strong><em>humilitate</em></strong></span> <span class='ocrx_word' id='word_1_849' title='bbox 2358 4668 2622 4739; x_wconf 85' lang='lat' dir='ltr'><strong><em>iudicium</em></strong></span> <span class='ocrx_word' id='word_1_850' title='bbox 2661 4665 2779 4737; x_wconf 88' lang='lat' dir='ltr'><strong><em>ejus</em></strong></span> <span class='ocrx_word' id='word_1_851' title='bbox 2815 4666 3085 4723; x_wconf 88' lang='lat' dir='ltr'><strong><em>sublatum</em></strong></span> <span class='ocrx_word' id='word_1_852' title='bbox 3113 4673 3217 4729; x_wconf 90' lang='lat' dir='ltr'><strong><em>est,</em></strong></span> <span class='ocrx_word' id='word_1_853' title='bbox 3245 4664 3552 4735; x_wconf 87' lang='lat' dir='ltr'><strong><em>generatio-</em></strong></span> 
     </span>
    </p>
   </div>
   <div class='ocr_carea' id='block_1_109' title="bbox 1973 4757 3551 4834">
    <p class='ocr_par' dir='ltr' id='par_1_109' title="bbox 1973 4757 3551 4834">
     <span class='ocr_line' id='line_1_109' title="bbox 1973 4757 3551 4834; baseline -0.002 -20"><span class='ocrx_word' id='word_1_854' title='bbox 1973 4782 1990 4814; x_wconf 81' lang='grc' dir='ltr'><strong><em>ι</em></strong></span> <span class='ocrx_word' id='word_1_855' title='bbox 2024 4778 2147 4818; x_wconf 91' lang='lat' dir='ltr'><strong><em>nem</em></strong></span> <span class='ocrx_word' id='word_1_856' title='bbox 2171 4762 2287 4831; x_wconf 91' lang='lat' dir='ltr'><strong><em>eius</em></strong></span> <span class='ocrx_word' id='word_1_857' title='bbox 2310 4763 2432 4834; x_wconf 88' lang='lat' dir='ltr'><strong><em>quis</em></strong></span> <span class='ocrx_word' id='word_1_858' title='bbox 2456 4760 2770 4817; x_wconf 83' lang='lat' dir='ltr'><strong><em>enarrabit?</em></strong></span> <span class='ocrx_word' id='word_1_859' title='bbox 2798 4759 3053 4831; x_wconf 90' lang='lat' dir='ltr'><strong><em>quoniam</em></strong></span> <span class='ocrx_word' id='word_1_860' title='bbox 3075 4757 3295 4814; x_wconf 88' lang='lat' dir='ltr'><strong><em>tolletur</em></strong></span> <span class='ocrx_word' id='word_1_861' title='bbox 3314 4757 3381 4812; x_wconf 90' lang='lat' dir='ltr'><strong><em>de</em></strong></span> <span class='ocrx_word' id='word_1_862' title='bbox 3405 4765 3551 4811; x_wconf 86' lang='lat' dir='ltr'><strong><em>terra</em></strong></span> 
     </span>
    </p>
   </div>
   <div class='ocr_carea' id='block_1_110' title="bbox 1972 4847 3553 4923">
    <p class='ocr_par' dir='ltr' id='par_1_110' title="bbox 1972 4847 3553 4923">
     <span class='ocr_line' id='line_1_110' title="bbox 1972 4847 3553 4923; baseline -0.003 -16"><span class='ocrx_word' id='word_1_863' title='bbox 1972 4873 1992 4907; x_wconf 71' lang='grc' dir='ltr'><strong><em>ι</em></strong></span> <span class='ocrx_word' id='word_1_864' title='bbox 2026 4855 2129 4909; x_wconf 87' lang='lat' dir='ltr'><strong><em>vita</em></strong></span> <span class='ocrx_word' id='word_1_865' title='bbox 2169 4853 2305 4923; x_wconf 78' lang='lat' dir='ltr'><strong><em>eius.</em></strong></span> <span class='ocrx_word' id='word_1_866' title='bbox 2352 4851 2708 4923; x_wconf 84' lang='lat' dir='ltr'><strong><em>Respondens</em></strong></span> <span class='ocrx_word' id='word_1_867' title='bbox 2744 4858 2924 4906; x_wconf 87' lang='lat' dir='ltr'><strong><em>autem</em></strong></span> <span class='ocrx_word' id='word_1_868' title='bbox 2961 4849 3245 4905; x_wconf 88' lang='lat' dir='ltr'><strong><em>eunuchus</em></strong></span> <span class='ocrx_word' id='word_1_869' title='bbox 3276 4847 3553 4918; x_wconf 88' lang='lat' dir='ltr'><strong><em>Philippo,</em></strong></span> 
     </span>
    </p>
   </div>
   <div class='ocr_carea' id='block_1_111' title="bbox 1973 4943 3554 5015">
    <p class='ocr_par' dir='ltr' id='par_1_111' title="bbox 1973 4943 3554 5015">
     <span class='ocr_line' id='line_1_111' title="bbox 1973 4943 3554 5015; baseline -0.001 -16"><span class='ocrx_word' id='word_1_870' title='bbox 1973 4966 1992 4999; x_wconf 79' lang='grc' dir='ltr'><strong><em>ι</em></strong></span> <span class='ocrx_word' id='word_1_871' title='bbox 2025 4948 2163 5002; x_wconf 88' lang='lat' dir='ltr'><strong><em>dixit</em></strong></span> <span class='ocrx_word' id='word_1_872' title='bbox 2190 4966 2202 5001; x_wconf 94' lang='lat'><strong><em>:</em></strong></span> <span class='ocrx_word' id='word_1_873' title='bbox 2240 4946 2478 5003; x_wconf 90' lang='lat' dir='ltr'><strong><em>Obsecro</em></strong></span> <span class='ocrx_word' id='word_1_874' title='bbox 2506 4954 2592 5011; x_wconf 89' lang='lat' dir='ltr'><strong><em>te,</em></strong></span> <span class='ocrx_word' id='word_1_875' title='bbox 2632 4947 2699 5002; x_wconf 90' lang='lat' dir='ltr'><strong><em>de</em></strong></span> <span class='ocrx_word' id='word_1_876' title='bbox 2724 4959 2833 5015; x_wconf 91' lang='lat' dir='ltr'><strong><em>quo</em></strong></span> <span class='ocrx_word' id='word_1_877' title='bbox 2858 4945 3125 5015; x_wconf 89' lang='lat' dir='ltr'><strong><em>propheta</em></strong></span> <span class='ocrx_word' id='word_1_878' title='bbox 3154 4945 3285 5000; x_wconf 90' lang='lat' dir='ltr'><strong><em>dicit</em></strong></span> <span class='ocrx_word' id='word_1_879' title='bbox 3312 4944 3440 5009; x_wconf 91' lang='lat' dir='ltr'><strong><em>hoc,</em></strong></span> <span class='ocrx_word' id='word_1_880' title='bbox 3484 4943 3554 4998; x_wconf 87' lang='lat' dir='ltr'><strong><em>de</em></strong></span> 
     </span>
    </p>
   </div>
   <div class='ocr_carea' id='block_1_112' title="bbox 1977 5033 3553 5105">
    <p class='ocr_par' dir='ltr' id='par_1_112' title="bbox 1977 5033 3553 5105">
     <span class='ocr_line' id='line_1_112' title="bbox 1977 5033 3553 5105; baseline -0.003 -11"><span class='ocrx_word' id='word_1_881' title='bbox 1977 5058 1993 5089; x_wconf 73' lang='grc' dir='ltr'><strong><em>ι</em></strong></span> <span class='ocrx_word' id='word_1_882' title='bbox 2027 5054 2108 5104; x_wconf 89' lang='lat' dir='ltr'><strong><em>se,</em></strong></span> <span class='ocrx_word' id='word_1_883' title='bbox 2136 5054 2203 5093; x_wconf 89' lang='lat' dir='ltr'><strong><em>an</em></strong></span> <span class='ocrx_word' id='word_1_884' title='bbox 2227 5040 2292 5094; x_wconf 89' lang='lat' dir='ltr'><strong><em>de</em></strong></span> <span class='ocrx_word' id='word_1_885' title='bbox 2320 5038 2501 5102; x_wconf 88' lang='lat' dir='ltr'><strong><em>aliquo</em></strong></span> <span class='ocrx_word' id='word_1_886' title='bbox 2527 5036 2670 5091; x_wconf 82' lang='lat' dir='ltr'><strong><em>alio?</em></strong></span> <span class='ocrx_word' id='word_1_887' title='bbox 2701 5035 2971 5105; x_wconf 74' lang='lat' dir='ltr'><strong><em>Aper-iens.</em></strong></span> <span class='ocrx_word' id='word_1_888' title='bbox 2984 5041 3163 5089; x_wconf 89' lang='lat' dir='ltr'><strong><em>autem</em></strong></span> <span class='ocrx_word' id='word_1_889' title='bbox 3186 5033 3464 5105; x_wconf 79' lang='lat' dir='ltr'><strong><em>Philippus</em></strong></span> <span class='ocrx_word' id='word_1_890' title='bbox 3489 5050 3553 5089; x_wconf 89' lang='lat' dir='ltr'><strong><em>os</em></strong></span> 
     </span>
    </p>
   </div>
   <div class='ocr_carea' id='block_1_113' title="bbox 1979 5126 3551 5197">
    <p class='ocr_par' dir='ltr' id='par_1_113' title="bbox 1979 5126 3551 5197">
     <span class='ocr_line' id='line_1_113' title="bbox 1979 5126 3551 5197; baseline -0.001 -17"><span class='ocrx_word' id='word_1_891' title='bbox 1979 5147 1997 5180; x_wconf 78' lang='grc' dir='ltr'><strong><em>ι</em></strong></span> <span class='ocrx_word' id='word_1_892' title='bbox 2031 5144 2187 5185; x_wconf 88' lang='lat' dir='ltr'><strong><em>suum</em></strong></span> <span class='ocrx_word' id='word_1_893' title='bbox 2206 5169 2220 5195; x_wconf 92' lang='lat'><strong><em>,</em></strong></span> <span class='ocrx_word' id='word_1_894' title='bbox 2253 5137 2309 5183; x_wconf 88' lang='lat' dir='ltr'><strong><em>et</em></strong></span> <span class='ocrx_word' id='word_1_895' title='bbox 2335 5128 2597 5197; x_wconf 88' lang='lat' dir='ltr'><strong><em>incipiens</em></strong></span> <span class='ocrx_word' id='word_1_896' title='bbox 2627 5142 2658 5181; x_wconf 89' lang='lat' dir='ltr'><strong><em>a</em></strong></span> <span class='ocrx_word' id='word_1_897' title='bbox 2685 5126 2966 5195; x_wconf 87' lang='lat' dir='ltr'><strong><em>Scriptura</em></strong></span> <span class='ocrx_word' id='word_1_898' title='bbox 2997 5126 3131 5191; x_wconf 87' lang='lat' dir='ltr'><strong><em>ista,</em></strong></span> <span class='ocrx_word' id='word_1_899' title='bbox 3164 5126 3551 5197; x_wconf 81' lang='lat' dir='ltr'><strong><em>evangelizavit</em></strong></span> 
     </span>
    </p>
   </div>
   <div class='ocr_carea' id='block_1_114' title="bbox 1981 5216 3550 5285">
    <p class='ocr_par' dir='ltr' id='par_1_114' title="bbox 1981 5216 3550 5285">
     <span class='ocr_line' id='line_1_114' title="bbox 1981 5216 3550 5285; baseline -0.001 -15"><span class='ocrx_word' id='word_1_900' title='bbox 1981 5240 1997 5269; x_wconf 74' lang='grc' dir='ltr'><strong><em>ι</em></strong></span> <span class='ocrx_word' id='word_1_901' title='bbox 2035 5220 2106 5273; x_wconf 88' lang='lat' dir='ltr'><strong><em>illi</em></strong></span> <span class='ocrx_word' id='word_1_902' title='bbox 2146 5218 2350 5274; x_wconf 83' lang='lat' dir='ltr'><strong><em>Jesum.</em></strong></span> <span class='ocrx_word' id='word_1_903' title='bbox 2402 5219 2467 5273; x_wconf 85' lang='lat' dir='ltr'><strong><em>Et</em></strong></span> <span class='ocrx_word' id='word_1_904' title='bbox 2503 5218 2627 5273; x_wconf 90' lang='lat' dir='ltr'><strong><em>dum</em></strong></span> <span class='ocrx_word' id='word_1_905' title='bbox 2670 5216 2811 5271; x_wconf 90' lang='lat' dir='ltr'><strong><em>irent</em></strong></span> <span class='ocrx_word' id='word_1_906' title='bbox 2846 5230 2945 5285; x_wconf 89' lang='lat' dir='ltr'><strong><em>per</em></strong></span> <span class='ocrx_word' id='word_1_907' title='bbox 2981 5217 3146 5283; x_wconf 88' lang='lat' dir='ltr'><strong><em>viam,</em></strong></span> <span class='ocrx_word' id='word_1_908' title='bbox 3186 5224 3451 5272; x_wconf 88' lang='lat' dir='ltr'><strong><em>venerunt</em></strong></span> <span class='ocrx_word' id='word_1_909' title='bbox 3483 5216 3550 5269; x_wconf 87' lang='lat' dir='ltr'><strong><em>ad</em></strong></span> 
     </span>
    </p>
   </div>
   <div class='ocr_carea' id='block_1_115' title="bbox 1982 5304 3549 5377">
    <p class='ocr_par' dir='ltr' id='par_1_115' title="bbox 1982 5304 3549 5377">
     <span class='ocr_line' id='line_1_115' title="bbox 1982 5304 3549 5377; baseline -0.001 -20"><span class='ocrx_word' id='word_1_910' title='bbox 1982 5327 1999 5357; x_wconf 75' lang='grc' dir='ltr'><strong><em>ι</em></strong></span> <span class='ocrx_word' id='word_1_911' title='bbox 2035 5309 2324 5377; x_wconf 85' lang='lat' dir='ltr'><strong><em>quamdam</em></strong></span> <span class='ocrx_word' id='word_1_912' title='bbox 2352 5322 2570 5377; x_wconf 88' lang='lat' dir='ltr'><strong><em>aquam.</em></strong></span> <span class='ocrx_word' id='word_1_913' title='bbox 2623 5305 2691 5359; x_wconf 85' lang='lat' dir='ltr'><strong><em>Et</em></strong></span> <span class='ocrx_word' id='word_1_914' title='bbox 2727 5304 2804 5359; x_wconf 83' lang='lat' dir='ltr'><strong><em>ait</em></strong></span> <span class='ocrx_word' id='word_1_915' title='bbox 2844 5304 3175 5361; x_wconf 87' lang='lat' dir='ltr'><strong><em>Eunuchus:</em></strong></span> <span class='ocrx_word' id='word_1_916' title='bbox 3219 5305 3358 5360; x_wconf 87' lang='lat' dir='ltr'><strong><em>Ecce</em></strong></span> <span class='ocrx_word' id='word_1_917' title='bbox 3385 5318 3549 5373; x_wconf 86' lang='lat' dir='ltr'><strong><em>aqua,</em></strong></span> 
     </span>
    </p>
   </div>
   <div class='ocr_carea' id='block_1_116' title="bbox 1983 5395 3562 5469">
    <p class='ocr_par' dir='ltr' id='par_1_116' title="bbox 1983 5395 3562 5469">
     <span class='ocr_line' id='line_1_116' title="bbox 1983 5395 3562 5469; baseline -0.003 -18"><span class='ocrx_word' id='word_1_918' title='bbox 1983 5420 1999 5451; x_wconf 77' lang='grc' dir='ltr'><strong><em>ι</em></strong></span> <span class='ocrx_word' id='word_1_919' title='bbox 2033 5400 2154 5469; x_wconf 84' lang='lat' dir='ltr'><strong><em>quis</em></strong></span> <span class='ocrx_word' id='word_1_920' title='bbox 2176 5398 2424 5469; x_wconf 86' lang='lat' dir='ltr'><strong><em>prohibet</em></strong></span> <span class='ocrx_word' id='word_1_921' title='bbox 2444 5412 2530 5451; x_wconf 91' lang='lat' dir='ltr'><strong><em>me</em></strong></span> <span class='ocrx_word' id='word_1_922' title='bbox 2550 5397 2849 5469; x_wconf 50' lang='lat' dir='ltr'><strong><em>baptizari?</em></strong></span> <span class='ocrx_word' id='word_1_923' title='bbox 2871 5397 3014 5451; x_wconf 81' lang='lat' dir='ltr'><strong><em>Dixit</em></strong></span> <span class='ocrx_word' id='word_1_924' title='bbox 3034 5406 3215 5452; x_wconf 85' lang='lat' dir='ltr'><strong><em>autem</em></strong></span> <span class='ocrx_word' id='word_1_925' title='bbox 3235 5395 3511 5464; x_wconf 83' lang='lat' dir='ltr'><strong><em>Philippus</em></strong></span> <span class='ocrx_word' id='word_1_926' title='bbox 3534 5409 3562 5447; x_wconf 66' lang='grc' dir='ltr'>τ</span> 
     </span>
    </p>
   </div>
   <div class='ocr_carea' id='block_1_117' title="bbox 1983 5463 3547 5556">
    <p class='ocr_par' dir='ltr' id='par_1_117' title="bbox 1983 5463 3547 5556">
     <span class='ocr_line' id='line_1_117' title="bbox 1983 5463 3547 5556; baseline 0 -17"><span class='ocrx_word' id='word_1_927' title='bbox 1983 5510 1998 5539; x_wconf 80' lang='grc' dir='ltr'><strong><em>ι</em></strong></span> <span class='ocrx_word' id='word_1_928' title='bbox 2122 5463 2299 5543; x_wconf 71' lang='lat' dir='ltr'><strong><em>credis</em></strong></span> <span class='ocrx_word' id='word_1_929' title='bbox 2338 5489 2390 5542; x_wconf 87' lang='lat' dir='ltr'><strong><em>in</em></strong></span> <span class='ocrx_word' id='word_1_930' title='bbox 2432 5496 2543 5542; x_wconf 86' lang='lat' dir='ltr'><strong><em>toto</em></strong></span> <span class='ocrx_word' id='word_1_931' title='bbox 2580 5463 2763 5549; x_wconf 61' lang='grc' dir='ltr'>εει·ιῆε,</span> <span class='ocrx_word' id='word_1_932' title='bbox 2795 5489 2940 5544; x_wconf 90' lang='lat' dir='ltr'><strong><em>licet.</em></strong></span> <span class='ocrx_word' id='word_1_933' title='bbox 2982 5490 3045 5543; x_wconf 77' lang='lat' dir='ltr'><strong><em>Et</em></strong></span> <span class='ocrx_word' id='word_1_934' title='bbox 3072 5463 3547 5556; x_wconf 80' lang='lat' dir='ltr'><strong><em>respondensait:</em></strong></span> 
     </span>
    </p>
   </div>
   <div class='ocr_carea' id='block_1_118' title="bbox 1983 5572 3555 5642">
    <p class='ocr_par' dir='ltr' id='par_1_118' title="bbox 1983 5572 3555 5642">
     <span class='ocr_line' id='line_1_118' title="bbox 1983 5572 3555 5642; baseline -0.004 -9"><span class='ocrx_word' id='word_1_935' title='bbox 1983 5600 1999 5628; x_wconf 75' lang='grc' dir='ltr'><strong>σ</strong></span> <span class='ocrx_word' id='word_1_936' title='bbox 2033 5579 2208 5633; x_wconf 72' lang='lat' dir='ltr'><strong><em>(lt-edo</em></strong></span> <span class='ocrx_word' id='word_1_937' title='bbox 2238 5578 2429 5633; x_wconf 81' lang='lat' dir='ltr'><strong><em>Filium</em></strong></span> <span class='ocrx_word' id='word_1_938' title='bbox 2467 5577 2560 5632; x_wconf 76' lang='lat' dir='ltr'><strong><em>Dei</em></strong></span> <span class='ocrx_word' id='word_1_939' title='bbox 2601 5594 2721 5633; x_wconf 86' lang='lat' dir='ltr'><strong><em>esse</em></strong></span> <span class='ocrx_word' id='word_1_940' title='bbox 2748 5577 2931 5633; x_wconf 79' lang='lat' dir='ltr'><strong><em>Jesum</em></strong></span> <span class='ocrx_word' id='word_1_941' title='bbox 2962 5576 3255 5633; x_wconf 76' lang='lat' dir='ltr'><strong><em>Christum.</em></strong></span> <span class='ocrx_word' id='word_1_942' title='bbox 3303 5574 3367 5628; x_wconf 85' lang='lat' dir='ltr'><strong><em>Et</em></strong></span> <span class='ocrx_word' id='word_1_943' title='bbox 3391 5572 3555 5642; x_wconf 84' lang='lat' dir='ltr'><strong><em>jussit</em></strong></span> 
     </span>
    </p>
   </div>
   <div class='ocr_carea' id='block_1_119' title="bbox 1984 5664 3555 5735">
    <p class='ocr_par' dir='ltr' id='par_1_119' title="bbox 1984 5664 3555 5735">
     <span class='ocr_line' id='line_1_119' title="bbox 1984 5664 3555 5735; baseline -0.001 -14"><span class='ocrx_word' id='word_1_944' title='bbox 1984 5691 1997 5715; x_wconf 81' lang='grc'>‹</span> <span class='ocrx_word' id='word_1_945' title='bbox 2034 5682 2176 5723; x_wconf 75' lang='lat' dir='ltr'><strong><em>stare</em></strong></span> <span class='ocrx_word' id='word_1_946' title='bbox 2209 5685 2449 5733; x_wconf 82' lang='lat' dir='ltr'><strong><em>currum,</em></strong></span> <span class='ocrx_word' id='word_1_947' title='bbox 2482 5679 2532 5723; x_wconf 79' lang='lat' dir='ltr'><strong><em>et</em></strong></span> <span class='ocrx_word' id='word_1_948' title='bbox 2575 5668 2961 5723; x_wconf 77' lang='lat' dir='ltr'><strong><em>descenderunt</em></strong></span> <span class='ocrx_word' id='word_1_949' title='bbox 2990 5675 3213 5734; x_wconf 78' lang='lat' dir='ltr'><strong><em>uterque</em></strong></span> <span class='ocrx_word' id='word_1_950' title='bbox 3248 5664 3299 5717; x_wconf 82' lang='lat' dir='ltr'><strong><em>in</em></strong></span> <span class='ocrx_word' id='word_1_951' title='bbox 3334 5681 3555 5735; x_wconf 81' lang='lat' dir='ltr'><strong><em>aquam,</em></strong></span> 
     </span>
    </p>
   </div>
  </div>
