3954 6200
429 297 526 352 25!

1726 286 2070 342 SMARAGDI
2114 284 2401 340 ABBATIS

3576 280 3682 339 252

433 428 456 464 ι
483 411 762 482 Philippus
805 419 860 466 et
903 409 1201 471 eunuchus,
1249 416 1305 459 et
1342 404 1632 476 baptizavit
1669 418 1811 457 eum.
1864 402 1998 455 Cum
2027 402 2075 458 A
2103 415 2225 452 cum
2255 399 2469 453 ducitur
2495 397 2565 453 ad
2597 399 2870 453 victimam
2895 412 3000 454 non
3029 405 3316 468 repugnat,
3344 399 3423 453 sic
3451 399 3542 454 ille
3561 415 3680 470 pro-

433 520 454 555 ι
489 511 668 556 autem
697 499 1030 556 ascendisset
1055 497 1120 551 de
1148 495 1558 565 aqua,Spiritus
1586 493 1796 548 Domini
1825 491 2002 561 rapuit

343 576 364 649 ’Ξ
432 611 452 643 ι
485 590 788 660 Philippum
812 629 827 654 ,
877 596 931 643 et
972 586 1204 656 amplius
1244 601 1350 639 non
1382 585 1512 638 vidit
1547 599 1668 639 eum
1700 581 1998 636 eunuchus.

354 676 362 687 ’
432 699 452 732 ι
486 681 600 735 Ibat
621 687 807 733 autem
836 694 933 748 per
957 677 1098 731 viam
1128 691 1278 730 suam
1310 675 1567 746 gaudens.
1604 673 1881 742 Philippus
1908 687 2003 725 au-

432 787 450 819 ι
487 777 592 822 tem
620 768 874 822 "inventus
899 773 982 822 est
1009 767 1062 820 in
1085 764 1277 830 Azoto,
1306 773 1359 818 et
1387 763 1754 834 pertransiens
1781 775 2004 830 evange-

431 879 450 909 ι
482 858 680 913 lizabat
724 857 1033 913 civitatibus
1077 856 1306 918 cunctis,
1363 855 1532 910 donec
1577 853 1786 908 veniret
1828 851 2032 936 Caesa“

433 967 449 998 ι
487 965 648 1007 ream.
683 963 876 1002 nomen
903 947 1115 1001 Domini
1143 946 1313 1000 nostri
1339 944 1464 1000 Jesu
1490 944 1710 1000 Christi.
1746 963 1764 996 ι
1847 955 1849 958 ‘

496 1037 720 1107 Angelus
747 1038 961 1092 Domini
990 1035 1194 1091 locutus
1215 1047 1290 1091 est
1339 1037 1407 1090 ad
1437 1035 1760 1106 Philippum,
1783 1034 1958 1088 dicens
1982 1051 1999 1088 :

427 1128 596 1198 Surge
623 1137 670 1181 et
692 1129 840 1194 vade,
871 1136 978 1183 etc.
1022 1127 1122 1200 (Ex
1151 1126 1338 1198 Beda.)
1367 1128 1510 1182 Bene
1536 1127 1590 1181 in
1618 1125 1842 1180 meridie
1857 1141 2003 1194 quae-

426 1219 563 1272 ritur
599 1227 654 1273 et
683 1219 977 1284 invenitur,
1010 1227 1066 1273 et
1100 1217 1338 1273 abluitur
1368 1217 1457 1272 ille
1485 1216 1578 1285 qui
1606 1216 1890 1272 devotione
1912 1230 2004 1284 pe-

423 1314 591 1368 ctoris
620 1315 839 1379 ardens,
867 1313 1012 1368 velut
1037 1312 1282 1382 quaedam
1314 1310 1554 1382 gentium
1585 1308 1856 1379 primitiae,
1892 1308 2002 1362 Deo

423 1407 621 1460 meruit
669 1407 998 1471 consecrari,
1033 1407 1089 1459 in
1142 1420 1250 1474 quo
1295 1404 1645 1474 spiritualiter
1691 1403 1824 1457 illud
1852 1401 2001 1457 Psal-

421 1498 596 1550 mistae
654 1496 979 1566 completum
1028 1494 1459 1566 estzzEthiopia
1488 1495 1765 1566 pra’veniet
1814 1511 2002 1548 manus

415 1588 535 1656 ejus
559 1585 668 1640 Deo
714 1584 886 1658 (Psal.
915 1587 1101 1658 van).

497 1680 574 1730 Ad
608 1679 743 1732 viam
790 1696 906 1749 qua:
935 1679 1199 1733 descendit
1242 1680 1306 1733 ab
1338 1678 1667 1734 Hierusalem
1694 1680 1747 1732 in
1777 1676 1997 1743 Gazam,

2100 493 2217 560 pria
2243 507 2432 562 passus
2459 499 2542 547 est
2568 491 2860 557 voluntate,
2891 490 2977 546 vel
2997 490 3178 545 altiori
3214 489 3512 555 intellectu,
3540 491 3683 547 sicut

2101 597 2272 657 agnus
2301 582 2356 636 in
2383 581 2590 637 Pascha
2633 579 2902 636 immolari
2946 579 3175 645 solebat,
3228 578 3308 634 sic
3349 577 3558 634 Pascha
3586 594 3684 635 no-

2101 681 2273 727 strum
2303 671 2614 727 immolatus
2636 680 2719 726 est
2749 667 3014 726 Christus.

2141 760 2238 814 _Et
2267 762 2400 816 sicut
2452 778 2620 832 agnus
2649 777 2824 816 coram
2879 760 3194 815 tondentese
3233 760 3346 814 sine
3382 776 3521 814 uoce.
3563 759 3682 815 Non

2100 852 2271 906 solum
2302 853 2443 908 enim
2473 868 2572 908 nos
2599 853 2856 922 sanguine
2908 851 3155 916 redemit,
3181 851 3276 906 sed
3303 859 3362 906 et
3388 851 3528 906 lanis
3554 865 3685 921 ope-

2099 943 2228 1007 ruit,
2259 952 2318 997 ut
2342 944 2582 1014 algentes
2628 943 2684 998 in
2709 942 3040 1004 inﬁdelitate,
3095 957 3192 996 sua
3226 949 3379 997 veste
3407 941 3678 997 caleface-

2101 1040 2204 1096 ret,
2267 1041 2322 1088 et
2364 1034 2673 1090 audiremus
2730 1032 3048 1103 Apostolum
3108 1032 3267 1088 nobis
3326 1032 3677 1103 loquentem:

2103 1119 2366 1193 Quotquot
2392 1125 2448 1178 in
2473 1121 2682 1179 Christo
2726 1123 2977 1194 baptizati
3017 1124 3164 1189 estis,
3205 1119 3470 1183 Christum
3497 1123 3680 1178 indui-

2100 1212 2193 1266 stis
2243 1212 2387 1283 (Gal.
2427 1212 2535 1285 ιιι).

2174 1301 2266 1358 Sic
2318 1319 2421 1357 non
2485 1305 2686 1373 aperuit
2721 1320 2778 1358 os
2811 1322 2986 1359 suum.
3027 1304 3162 1359 Cum
3213 1305 3266 1360 in
3291 1305 3544 1374 passione
3578 1321 3676 1360 sua

2100 1393 2274 1448 Pilato
2303 1403 2358 1448 et
2383 1394 2728 1464 pontificibus
2781 1410 2976 1464 pauca,
3013 1394 3210 1450 Herodi
3266 1394 3411 1448 nulla
3456 1409 3683 1465 respono

2101 1483 2231 1539 dere
2261 1485 2493 1539 volebat.

2173 1572 2240 1626 In
2285 1573 2580 1628 humilitate
2618 1573 2882 1644 judicium
2941 1575 3054 1644 ejus
3089 1574 3355 1629 sublatum
3399 1585 3496 1629 est.
3537 1573 3676 1642 Quia

2097 1662 2260 1731 judex
2305 1663 2548 1716 omnium
2598 1663 2791 1733 judicii
2819 1679 2924 1718 non
2984 1666 3183 1734 reperit
3246 1665 3554 1729 veritatem,
3582 1666 3680 1720 sed

419 1772 530 1822 hac
561 1779 636 1822 est
663 1769 892 1834 deserta,
923 1779 1028 1825 etc.
1070 1771 1186 1825 Non
1218 1771 1322 1834 via,
1362 1772 1458 1826 sed
1489 1771 1635 1826 Gaza
1677 1771 1893 1825 deserta
1920 1771 1995 1825 di-

2102 1757 2306 1826 absque
2328 1756 2433 1810 ulla
2465 1756 2620 1826 culpa
2648 1757 2916 1812 seditione
2946 1755 3256 1812 Iudaeorum
3279 1766 3334 1813 et
3358 1757 3514 1813 Pilati
3547 1773 3683 1812 voco

414 1860 577 1918 citur.
613 1857 776 1918 Vetus
801 1860 942 1913 enim
975 1859 1064 1914 illa
1092 1861 1258 1926 Gaza,
1288 1877 1407 1930 qua:
1436 1863 1701 1916 terminus
1727 1862 2000 1932 quondam

413 1959 538 2004 erat
567 1950 995 2006 Chananazorum
1020 1951 1178 2020 juxta
1208 1951 1499 2023 .Egyptum
1529 1954 1593 2007 ad
1626 1953 1801 2008 solum
1832 1968 2001 2023 usque

414 2042 718 2107 destructa,
768 2050 823 2098 et
849 2043 954 2096 alia
1002 2058 1099 2112 pro
1126 2043 1218 2097 illa
1265 2043 1370 2098 alio
1402 2043 1519 2098 loco
1556 2051 1864 2099 constructa
1894 2052 1996 2108 est,

414 2149 539 2202 qtue
579 2132 867 2204 allegorice
892 2135 1132 2203 gentium
1161 2132 1369 2202 plebem
1401 2133 1660 2203 designat,
1691 2132 1818 2186 olim
1847 2149 1877 2187 a
1906 2133 2000 2189 Dei

417 2226 629 2279 cultura
661 2226 953 2289 desertam,
981 2241 1157 2295 neque
1185 2225 1346 2280 ullius
1374 2228 1764 2296 prophetarum
1795 2228 1996 2297 praedi-

419 2317 726 2371 cationibus
775 2316 1070 2372 excultam.
1101 2314 1198 2370 Via
1228 2331 1356 2370 vero
1409 2331 1528 2386 quae
1553 2316 1621 2370 ad
1651 2317 1898 2372 eamdem
1931 2318 2000 2372 ab

420 2405 806 2477 Hierosolymis
869 2406 1225 2471 descendens,
1285 2405 1487 2461 fontem
1548 2406 1736 2462 salutis
1785 2410 2002 2476 aperuit

421 2497 678 2553 Dominus
731 2496 890 2552 Jesus
950 2497 1199 2553 Christus
1233 2505 1316 2553 est
1339 2497 1430 2567 qui
1461 2498 1574 2554 ait:
1605 2497 1717 2568 Ego
1740 2516 1856 2553 sum
1892 2500 1996 2566 via,

419 2589 628 2652 veritas,
667 2598 716 2642 et
743 2588 845 2642 vita
872 2589 1049 2660 (Joan.
1084 2589 1218 2659 xxv),
1247 2590 1373 2660 quia
1401 2605 1634 2660 superna
1660 2590 1998 2647 Hierusalem

419 2678 484 2731 ad
517 2686 702 2732 nostra
732 2677 946 2732 inﬁrma
985 2679 1281 2734 descendit.

486 2767 555 2820 Et
580 2786 694 2822 ecce
719 2769 797 2823 vir
823 2768 1071 2838 xEthiops
1123 2771 1395 2824 eunuchus
1423 2779 1623 2841 potens.
1665 2771 1770 2826 Pro
1798 2773 1998 2827 virtute

416 2872 469 2916 et
504 2862 813 2933 integritate
838 2863 1052 2927 mentis,
1083 2863 1166 2917 vir
1197 2863 1516 2933 appellatur.
1551 2863 1658 2918 Nec
1703 2865 1993 2929 immerito,

417 2957 509 3027 qui
539 2964 747 3010 tantum
805 2955 1042 3010 studium
1075 2955 1127 3009 in
1163 2953 1460 3024 Scripturis
1520 2955 1774 3022 habebat,
1814 2965 1876 3011 ut
1903 2971 1997 3011 eas

2101 1849 2388 1904 damnatus
2411 1855 2514 1903 est.

2169 1951 2570 2006 Generationem
2623 1951 2770 2008 illius
2800 1955 2916 2025 quis
2973 1955 3289 2010 enarrabili
3327 1954 3431 2027 (Ex
3486 1954 3680 2022 Beda.)

2098 2040 2205 2095 Aut
2228 2041 2294 2095 de
2323 2040 2603 2096 divinitate
2627 2043 2745 2113 ejus
2772 2044 3142 2114 accipiendum
3173 2053 3277 2110 est,
3305 2043 3450 2114 quod
3479 2045 3682 2113 impos-

2099 2130 2254 2185 sibile
2275 2131 2348 2186 sit
2372 2131 2568 2187 divina:
2624 2133 2930 2188 nativitatis
2980 2149 3142 2189 nosse
3170 2134 3449 2205 mysteria,
3475 2133 3542 2189 de
3569 2149 3680 2202 qua

2097 2219 2260 2274 Pater
2297 2220 2580 2288 loquitur:
2618 2222 2750 2276 Ante
2806 2222 3110 2292 Luciferum
3170 2225 3326 2294 genui
3357 2233 3440 2287 te;
3492 2231 3586 2277 aut
3611 2223 3684 2278 de

2099 2318 2254 2379 partu
2286 2310 2529 2381 virginis,
2579 2311 2721 2382 quod
2757 2311 3049 2367 difﬁculter
3106 2314 3278 2383 possit
3331 2315 3551 2384 exponi,
3583 2328 3684 2368 cu-

2075 2423 2080 2427 -
2091 2399 2182 2469 jus
2217 2402 2477 2457 rationem
2518 2401 2701 2458 Mariae
2735 2405 2997 2473 quaerenti
3022 2418 3119 2473 per
3144 2404 3396 2475 angelum
3430 2405 3628 2460 dicitur
3664 2424 3678 2457 :

2099 2488 2326 2557 Spiritus
2381 2500 2592 2545 sanctus
2623 2495 2942 2563 superveniet
2973 2494 3029 2547 in
3058 2501 3126 2559 te,
3175 2502 3236 2548 ut
3262 2493 3346 2549 vel
3387 2494 3455 2549 ab
3482 2495 3681 2563 angelo

2097 2581 2181 2636 vel
2206 2583 2535 2654 evangelista
2587 2591 2794 2638 tantum
2849 2584 3152 2639 nativitatis
3179 2584 3295 2653 ejus
3327 2590 3678 2640 sacramenta

2086 2673 2366 2738 dicantur,
2396 2671 2552 2744 cujus
2573 2682 2826 2728 narrator
2856 2673 3170 2729 rarissimus
3198 2682 3299 2729 est.

2173 2785 2438 2852 Quoniam
2471 2785 2681 2842 tolletur
2700 2786 2765 2841 de
2798 2795 2940 2840 terra
2968 2787 3075 2841 vita
3115 2770 3268 2857 ejus:
3294 2786 3393 2857 (Ex
3427 2786 3682 2859 Hieron.)

2100 2874 2172 2930 Ut
2201 2889 2542 2945 nequaquam
2568 2874 2624 2930 in
2655 2882 2818 2940 terra,
2853 2875 2946 2930 sed
3001 2876 3054 2930 in
3085 2875 3224 2931 caelo
3276 2878 3500 2932 viveret.
3560 2877 3680 2934 Hoc

2098 2965 2410 3020 testimonio
2434 2981 2556 3022 cum
2583 2966 2638 3020 in
2660 2965 2886 3022 Actibus
2907 2966 3286 3037 Apostolorum
3315 2969 3514 3041 regina
3536 2969 3684 3026 Can.

416 3047 582 3099 etiam
610 3045 664 3099 in
693 3045 776 3097 Via
801 3044 981 3114 legere
1020 3059 1123 3098 ηοη
1153 3044 1420 3099 cessabat
1457 3043 1802 3114 Tantumque
1853 3061 1997 3101 amo-
2023 3095 2066 3156 Ο
2100 3056 2252 3111 dacis
2277 3057 2561 3111 eunuchus
2598 3055 3037 3128 redargueretur,
3081 3064 3138 3110 et
3161 3057 3344 3128 legens
3380 3073 3484 3113 non
3515 3058 3683 3115 intel-

419 3137 492 3156 _S..
527 3134 575 3156 2..
607 3133 863 3156 ..-13-3,...ι.
896 3134 1109 3156 ..Α..Αι-ι
1190 3142 1248 3156 --ο
1279 3133 1391 3156 ---ΙΑ
1447 3134 1587 3156 --..3-
1630 3135 1874 3156 .ΙΑ..-12-.-
1942 3138 1989 3156 1-
2100 3147 2132 3156 ι.
2358 3147 2370 3156 ι
2423 3155 2428 3156 ,
2606 3154 2612 3156 _
2703 3155 2707 3156 ,
2802 3145 2859 3156 σι..
2887 3146 2938 3156 ι..
3435 3149 3447 3156 .

419 3137 496 3188 ris
526 3134 579 3187 in
607 3133 866 3204 religione
893 3134 1134 3202 gerebat,
1190 3142 1250 3187 ut
1277 3133 1396 3188 aula
1447 3134 1596 3206 regia
1625 3135 1904 3202 derelicta,
1931 3138 1996 3193 de

419 3226 619 3287 ultimis
645 3225 828 3281 mundi
857 3225 1100 3295 partibus
1127 3221 1336 3280 veniret
1372 3226 1438 3280 ad
1463 3227 1720 3296 templum
1756 3227 1991 3285 Domini.

428 3316 578 3374 Unde
620 3317 766 3388 iusta
804 3315 1072 3379 mercede,
1107 3316 1232 3370 dum
1284 3317 1479 3386 quaarit
1529 3317 1878 3387 interpretem
1919 3318 1995 3372 le-

416 3407 613 3463 ctionis
648 3404 941 3468 Christum,
969 3422 1128 3476 quem
1182 3406 1458 3476 quarrebat
1486 3407 1712 3473 invenit,
1741 3408 1990 3478 plusque,

418 3509 476 3553 nt
503 3498 860 3568 Hieronymus
887 3501 980 3561 ait,
1017 3499 1070 3553 in
1107 3499 1324 3553 deserto
1353 3498 1500 3555 fonte
1528 3500 1803 3564 Ecclesiae,
1832 3517 1994 3571 quam

418 3593 469 3647 in
501 3599 691 3646 aurato
722 3607 1007 3664 synagoga:
1040 3591 1240 3662 templo
1293 3593 1512 3663 reperit.
1550 3594 1627 3649 lbi
1665 3595 1808 3649 enim
1846 3596 1992 3664 quod

416 3682 680 3736 Jeremias
708 3683 1024 3737 admirando
1060 3682 1437 3752 proloquitur:
1473 3683 1692 3739 Mutavit
1745 3683 1992 3755 .Ethiops

416 3778 599 3853 pellem
637 3793 788 3832 suam
819 3775 1034 3848 (Jerem.
1060 3776 1202 3848 xm),
1231 3776 1281 3830 id
1310 3786 1414 3843 est,
1445 3779 1604 3833 sorde
1647 3787 1991 3848 peccatorum

418 3868 598 3926 abluta
627 3868 692 3922 de
717 3867 932 3922 lavacro
960 3865 1086 3923 Jesu
1116 3867 1396 3923 dealbatus
1424 3869 1685 3924 ascendit.

486 3958 747 4015 Candacis
796 3961 990 4030 regina:
1035 3958 1365 4030 Ailhiopum.
1408 3962 1474 4016 Et
1502 3962 1558 4016 in
1599 3961 1804 4032 [legum
1853 3963 1993 4017 libro

418 4051 646 4122 legimus
671 4051 796 4120 quia
822 4050 1004 4121 regina
1035 4049 1216 4104 Austri
1257 4045 1402 4104 venit
1430 4067 1458 4104 a
1491 4049 1688 4105 ﬁnibus
1720 4058 1878 4106 terra:
1904 4067 1994 4104 au-

417 4144 533 4199 dire
586 4145 905 4216 sapientiam
961 4144 1286 4200 Salomonis.
1341 4144 1505 4199 Moris
1555 4143 1754 4214 quippe
1787 4141 1888 4197 fuit
1916 4142 1991 4196 illi

417 4235 617 4291 nationi
645 4252 858 4307 semper
884 4253 915 4291 a
937 4235 1151 4292 feminis
1190 4239 1325 4308 regi,
1353 4251 1552 4306 easque
1589 4236 1866 4291 Candaces
1890 4251 1991 4306 ap-

415 4326 621 4398 pellari.

2099 3147 2309 3217 ligeret,
2357 3147 2748 3216 interpretante
2802 3145 3047 3218 Philippo
3091 3161 3254 3218 super
3305 3149 3577 3218 passione,
3624 3160 3686 3205 et

2098 3239 2316 3294 nomine
2341 3237 2659 3303 Salvatoris,
2689 3237 2954 3293 intellexit
2992 3248 3047 3293 et
3077 3240 3260 3294 statim
3287 3240 3588 3310 baptizatus
3618 3242 3677 3296 in

2096 3330 2222 3402 agni
2268 3330 2550 3401 sanguine,
2587 3344 2750 3400 quem
2785 3329 3022 3400 legebat,
3052 3330 3136 3385 vir
3164 3325 3363 3385 meruit
3391 3331 3677 3401 appellari.

2097 3421 2161 3475 Et
2189 3420 2463 3490 apostolus
2492 3419 2635 3491 genti
2665 3418 2980 3490 [Ethiopum
3020 3422 3220 3476 missus
3245 3429 3348 3476 est.
3381 3421 3483 3488 Qui
3509 3422 3683 3493 igitur

2095 3513 2307 3568 oblatus
2335 3521 2418 3568 est
2443 3512 2636 3577 Pilato,
2661 3513 2784 3582 quia
2805 3512 2919 3583 ipse
2943 3513 3131 3577 voluit,
3160 3520 3214 3568 et
3240 3527 3346 3568 non
3375 3513 3680 3583 respondit,

2097 3611 2156 3657 ut
2182 3603 2482 3673 patibulum
2515 3617 2613 3674 pro
2661 3603 2818 3658 nobis
2871 3601 3160 3658 damnatus
3192 3603 3533 3667 ascenderet,
3561 3603 3683 3675 ipso

2097 3691 2239 3747 sicut
2266 3691 2384 3746 ovis
2415 3689 2484 3746 ad
2512 3690 2838 3747 occisionem
2869 3689 3065 3746 ductus
3109 3699 3214 3755 est,
3243 3697 3297 3746 et
3324 3691 3474 3760 quasi
3503 3707 3682 3763 agnus

2095 3797 2278 3836 coram
2303 3782 2557 3836 tondente
2591 3782 2876 3836 obmutuit.
2909 3781 3120 3837 Etenim
3172 3781 3381 3837 Pascha
3428 3791 3680 3841 nostrum

2095 3873 2404 3930 immolatus
2455 3881 2542 3930 est
2588 3874 2835 3930 Christus
2864 3872 2916 3946 (I
2941 3871 3068 3928 Cor.
3094 3874 3179 3944 v);
3213 3889 3374 3945 quem
3439 3873 3682 3931 Joannes

2095 3969 2334 4040 Baptista
2400 3969 2757 4032 monstrabat,
2792 3968 2980 4024 dicens
3006 3985 3019 4022 :
3048 3965 3184 4022 Ecce
3217 3985 3386 4039 agnus
3412 3968 3533 4033 Dei,
3559 3985 3680 4022 eccs

2094 4061 2182 4131 qui
2213 4058 2347 4113 tollit
2371 4067 2582 4128 peccata
2614 4058 2798 4112 mundi
2849 4057 3030 4130 (Joan.
3071 4059 3132 4129 ι).
3170 4059 3273 4126 Qui
3298 4068 3354 4114 et
3381 4060 3436 4114 in
3465 4059 3681 4129 Apoca.

2095 4150 2233 4220 lypsi
2257 4149 2482 4206 Joannis
2512 4148 2880 4219 evangelista),
2912 4163 3085 4220 agnus
3111 4149 3324 4204 occisus
3349 4164 3491 4219 saepe
3520 4165 3679 4203 mon-

2096 4251 2304 4297 stratur
2333 4241 2518 4314 (Apoc.
2537 4239 2616 4312 v),
2648 4240 2739 4310 qui
2771 4240 2838 4295 de
2864 4241 3042 4310 seipso
3069 4240 3306 4310 loquitur
3327 4242 3380 4294 in
3401 4239 3634 4296 Jeremia
3662 4255 3677 4293 :

2095 4331 2207 4402 Ego
2236 4340 2415 4385 autem
2452 4329 2592 4384 sicut
2643 4344 2812 4398 agnus
2862 4329 3140 4395 innocens,
3180 4335 3235 4382 et
3259 4329 3452 4384 ductus
3497 4328 3565 4382 ad
3595 4328 3680 4381 vi-

491 4416 594 4482 Qui
653 4428 764 4472 erat
799 4435 954 4488 super
1002 4437 1176 4475 omne;
1244 4436 1405 4490 gaza;
1452 4419 1585 4489 ejus,
1642 4427 1745 4475 οιο,
1790 4418 1991 4489 Regina
2017 4410 2330 4502 Dctimam,
2363 4410 2673 4466 nesciebam
2737 4411 2996 4482 (Jenxi).
3039 4413 3177 4466 Cmn
3235 4428 3382 4467 enim
3433 4415 3680 4471 nesciret

414 4502 730 4575 (Ethiopqu
761 4508 1156 4561 tbesaurarium
1191 4509 1524 4578 praemittens
1553 4509 1606 4561 in
1635 4507 1990 4571 Hierusalem,

418 4596 656 4666 gentium
691 4596 939 4666 designat
965 4596 1287 4664 Ecclesiam,
1328 4599 1586 4652 virtutum
1623 4598 1854 4666 ﬁdeique
1881 4596 1988 4651 Do-

419 4688 564 4742 mino
589 4687 729 4744 dona
759 4688 1008 4743 laturam.
1036 4689 1140 4745 Sed
1168 4699 1224 4746 et
1247 4692 1477 4746 nominis
1517 4691 1841 4762 etymologia
1863 4707 1992 4745 con-

417 4783 583 4836 venit.
624 4782 808 4838 Potest
838 4784 980 4839 enim
1002 4784 1268 4840 Candacis
1297 4802 1364 4841 ex
1397 4787 1623 4842 Hebraeo
1665 4793 1990 4840 commutata

418 4876 782 4944 interpretari.
817 4875 935 4946 Ipsa
959 4879 1154 4948 quippe
1179 4887 1281 4942 est,
1313 4878 1398 4934 cui
1433 4880 1487 4932 in
1537 4878 1752 4932 Psalmo
1783 4893 1880 4947 pro
1905 4877 1993 4931 his

415 4967 505 5035 qui
567 4969 1038 5023 connnutabuntur
1091 4971 1146 5024 in
1201 4970 1480 5041 Scriptura
1532 4969 1773 5024 dicitur:
1825 4969 1986 5035 Audi,

415 5055 548 5124 ﬁlia,
579 5066 625 5109 et
672 5056 806 5121 ride,
845 5067 892 5111 et
925 5057 1120 5112 inclina
1170 5075 1351 5114 aurem
1396 5069 1560 5124 tuam,
1598 5065 1646 5112 et
1694 5057 1988 5112 obiit-iecere

409 5148 663 5224 populum
690 5159 837 5203 tuum
879 5163 925 5204 et
948 5151 1160 5204 domum
1183 5152 1350 5220 patris
1379 5152 1475 5204 tui.

484 5237 632 5293 Dixit
659 5250 833 5294 autem
857 5243 1071 5311 spiritus
1097 5241 1341 5312 Philippo
1367 5255 1384 5292 :
1413 5240 1609 5297 Accede
1630 5249 1677 5294 et
1702 5239 1989 5310 adjungere

416 5331 484 5390 ad
523 5347 736 5384 currum
785 5332 961 5396 istum,
1013 5343 1117 5386 etc.
1161 5331 1217 5386 in
1272 5333 1434 5386 corde
1488 5333 1711 5401 spiritus
1744 5331 1989 5400 Philippo

416 5424 757 5492 loquebatur.
795 5424 1021 5493 Spiritui
1052 5423 1196 5476 enim
1231 5421 1327 5477 Dei
1366 5424 1520 5491 quasi
1550 5423 1801 5494 quaedam
1831 5423 1988 5476 nobis

422 5517 581 5569 verba
628 5515 808 5570 facere
835 5524 938 5579 est,
989 5514 1201 5568 occulta
1259 5515 1332 5578 vi,
1362 5524 1417 5568 et
1463 5530 1583 5583 qua:
1619 5515 1823 5586 agenda
1864 5523 1989 5568 sunt

422 5603 690 5661 intimare.

493 5691 755 5763 Tanquam
787 5696 892 5750 oris
925 5695 990 5748 ad
1018 5696 1322 5752 occisionem
1347 5697 1531 5753 ductus
1556 5708 1648 5755 est.
1693 5698 1839 5754 Sicut
1873 5697 1988 5754 Ot'is

2086 4511 2396 4573 peccatum,
2432 4517 2531 4572 pro
2561 4503 2722 4559 nobis
2745 4514 3032 4574 peccatum
3066 4505 3245 4559 factus
3273 4515 3358 4561 est
3412 4505 3504 4576 (II
3543 4507 3676 4564 Cor.

2086 4595 2164 4666 v),
2204 4604 2257 4650 et
2287 4596 2430 4652 sicut
2461 4611 2633 4666 agnus
2662 4611 2786 4652 cuin
2817 4597 3116 4652 duciturad
3144 4598 3422 4653 victimam
3449 4614 3562 4653 non
3589 4616 3683 4654 re-

2087 4701 2314 4760 pugnat,
2352 4693 2431 4746 sic
2451 4691 2562 4745 illic
2589 4692 2808 4760 propria
2837 4707 3030 4759 passus
3057 4700 3142 4746 est
3173 4694 3475 4757 voluntate,
3500 4703 3558 4747 ut
3583 4695 3683 4749 de-

2088 4793 2329 4838 strueret
2360 4799 2510 4849 eum,
2544 4784 2638 4852 qui
2667 4785 2906 4840 habebat
2928 4786 3121 4839 mortis
3155 4787 3471 4854 imperium,
3491 4785 3682 4838 humi-

2088 4873 2228 4927 lians
2259 4889 2317 4926 se
2361 4888 2536 4943 usque
2564 4874 2630 4928 ad
2664 4887 2916 4936 mortem,
2943 4886 2999 4930 et
3027 4885 3258 4929 mortem
3283 4878 3466 4930 crucis
3504 4871 3681 4945 (Phil.

2088 4972 2168 5046 tt).
2204 4966 2304 5021 llic
2324 4980 2620 5037 agnuseSt,
2645 4967 2698 5021 in
2723 4970 2881 5039 cujus
2905 4980 3033 5038 typo
3055 4970 3445 5026 immolabatur
3478 4984 3683 5038 agnus,

2089 5059 2247 5130 cujus
2276 5075 2440 5113 cruor
2461 5060 2617 5116 dirus
2657 5061 2708 5113 in
2732 5061 2980 5130 postibus
3010 5065 3496 5116 exterminatorem
3522 5060 3687 5132 luga-

2095 5154 2186 5206 bat
2215 5149 2458 5220 Aigypti,
2487 5151 2578 5218 qui
2615 5167 2724 5205 non
2757 5154 2932 5207 solum
2956 5155 3223 5222 sanguine
3245 5169 3347 5208 suo
3381 5168 3481 5207 nos
3504 5157 3688 5208 rente-

2093 5243 2213 5307 mit,
2241 5243 2333 5297 sed
2363 5253 2416 5297 et
2444 5244 2586 5298 lanis
2611 5245 2852 5313 aperuit,
2883 5255 2941 5299 ut
2966 5246 3209 5313 aigetttcs
3234 5245 3381 5299 inﬁd.
3402 5244 3536 5318 ιιιυι,
3592 5260 3689 5313 μεθ

2095 5345 2243 5389 veste
2274 5335 2621 5402 calefaceret,
2671 5345 2726 5390 et
2751 5336 3071 5390 audiremus
3095 5338 3416 5408 Apostolum
3446 5337 3691 5406 loquen-

2094 5437 2202 5480 to-m
2232 5427 2339 5481 nob
2365 5441 2427 5481 s:
2459 5426 2728 5497 Quotquot
2752 5432 2806 5482 in
2828 5429 3040 5484 Christo
3073 5429 3332 5498 baptisati
3354 5433 3502 5493 estis,
3524 5429 3694 5487 Chii-

2094 5533 2236 5575 slum
2277 5523 2524 5575 induistis
2550 5522 2695 5592 (Gal.
2731 5526 2839 5587 ιιι).
2873 5523 2940 5577 Ει
2973 5524 3026 5577 ιιι
3068 5523 3354 5579 alioloco:
3386 5521 3692 5581 lnduimiui

2093 5613 2363 5667 Christum
2422 5613 2600 5668 Jesum
2643 5613 2816 5683 (Rom.
2851 5620 2992 5684 xm).
3037 5616 3192 5684 Quod
3232 5632 3360 5671 vero
3383 5618 3688 5686 sequitur:

2094 5708 2167 5765 De
2206 5707 2455 5778 angustia
2503 5717 2556 5765 ct
2583 5709 2648 5766 de
2674 5710 2885 5780 judicio
2918 5710 3167 5766 sublatus
3190 5719 3292 5778 est,
3323 5711 3442 5768 sive
3477 5721 3535 5765 ut
3581 5711 3692 5772 Se-
