3994 6206
288 337 402 394 253
895 319 898 322 ’
1111 336 1628 393 COLLECTIONES
1667 337 1734 391 1N
1773 338 2153 394 EPiSTOLAS
2183 341 2271 395 ετ
2310 341 2722 398 EVA-.VGELIA.
3449 350 3554 408 εει

284 456 576 528 ptuaginta
604 454 1018 520 transtulerunt,
1044 457 1092 509 ἐν
1113 465 1174 530 τῇ
1203 459 1505 512 ταπεινώσει
1531 459 1562 514 ἡ
1593 459 1756 530 κρίσις
1785 457 1861 510 αὖ·

1978 455 2086 512 hun
2119 458 2169 511 in
2205 457 2407 528 Spiritu
2445 468 2633 516 sancto
2659 459 2852 515 fecisse
2889 468 3171 526 testantur,
3200 471 3260 517 ut
3288 462 3555 540 Hierony-

289 555 382 606 τοῦ
409 547 562 620 ἤρθη,
602 546 656 600 id
687 554 790 611 est,
818 546 873 600 in
899 545 1206 601 humilitate
1248 547 1512 617 judicium
1543 547 1662 616 ejus
1691 547 1873 602 subla-
1979 562 2100 601 mus
2129 549 2326 616 prodit.
2369 549 2502 604 Nam
2531 559 2585 605 et
2617 551 2869 606 similiter
2893 551 3096 608 factum
3127 553 3325 624 legitur
3355 555 3422 612 de
3450 558 3556 614 lla-

285 645 408 690 tum
435 644 541 698 est,
571 634 703 690 illud
739 633 1030 706 signiﬁcat,
1059 636 1204 706 quod
1239 637 1306 690 de
1335 636 1683 692 tribulatione
1710 647 1876 706 atque
1975 639 2144 692 bacae
2174 649 2423 709 portante
2449 643 2732 712 prandium
2764 644 2992 699 Danieli.

282 735 490 805 judicio
519 736 587 788 ad
611 735 827 788 Patrem
858 733 1034 788 victor
1075 735 1416 799 ascenderet,
1465 735 1580 790 sive
1623 735 1766 804 quod
1788 732 1876 802 ju-
2048 731 2322 802 Philippus
2351 745 2524 788 autem
2555 735 2792 790 inventus
2822 746 2897 790 est
2926 737 2980 791 in
3006 738 3193 793 Azoto.
3232 739 3437 798 Azotus
3459 757 3554 814 op—

282 829 388 882 dex
417 828 661 882 omnium
683 826 872 896 judicii
898 842 1004 880 non
1037 828 1237 896 reperit
1293 828 1595 893 veritatem,
1628 828 1722 883 sed
1752 829 1875 884 abs-
1974 824 2158 892 pidum
2188 833 2270 878 est
2312 825 2518 894 insigne
2565 827 2880 894 Palmstinzn,
2915 831 3056 899 Quod
3106 831 3367 890 llebraice
3391 851 3554 892 voca-

280 932 392 988 que
418 917 527 971 ulla
577 915 736 985 culpa
785 916 1050 972 seditione
1097 914 1408 970 Judaeorum
1445 926 1501 972 et
1555 916 1713 970 Pilati
1741 931 1874 971 voce
1973 925 2081 980 tur,
2107 927 2310 982 mu,
2334 919 2537 983 Asdod,
2564 921 2616 975 in
2643 932 2790 979 sorte
2835 926 3010 982 tribus
3056 925 3227 990 Iudas,
3255 935 3312 981 ει
3333 937 3418 982 εει
3444 945 3551 982 una

281 1010 574 1065 damnatus
631 1009 722 1071 sit,
756 1008 829 1060 ita
891 1015 952 1061 ut
1003 1007 1365 1061 admiraretur
1415 1008 1696 1078 propheta,
1727 1008 1873 1076 quod
1973 1007 2040 1061 de
2085 1010 2322 1078 quinque
2354 1011 2481 1065 olim
2511 1013 2821 1070 civitatibus
2874 1017 3300 1089 Allophylorum,
3332 1021 3417 1074 cui
3465 1021 3552 1075 de-

279 1101 527 1156 omnium
555 1099 699 1152 Deus
721 1114 780 1153 se
810 1098 1096 1152 tradiderit
1123 1098 1382 1166 passioni.
1437 1099 1510 1152 De
1533 1113 1640 1166 quo
1669 1097 1870 1151 Paulus
1972 1110 2118 1154 creta
2155 1099 2277 1165 fuit,
2311 1103 2404 1157 sed
2449 1120 2554 1159 non
2580 1114 2786 1161 retenta
2815 1110 2881 1164 ab
2907 1125 2989 1174 ea,
3023 1109 3149 1180 quia
3201 1126 3550 1182 nequaquam

278 1191 524 1259 loquitur
554 1208 567 1241 :
597 1187 659 1243 Si
695 1189 833 1243 enim
856 1187 1221 1251 credidissent,
1275 1203 1542 1256 nunquam
1585 1185 1870 1239 Dominum
1972 1197 2180 1243 veteres
2203 1192 2416 1246 accolas
2439 1195 2614 1262 potuit
2640 1197 2924 1266 expellere.

275 1281 464 1352 garrire
490 1279 878 1348 cruciﬁxissent
904 1276 954 1348 (I
1020 1277 1144 1331 Cor.
1193 1276 1276 1347 tt).
1310 1277 1568 1345 Sequitur
1597 1295 1609 1329 ;
1639 1272 1870 1328 Cenera-
2041 1279 2110 1334 Et
2157 1285 2509 1350 pertransiens
2552 1288 2943 1357 euangelizabat
2977 1292 3273 1345 civitatibus
3313 1293 3537 1354 cunctis,

275 1381 474 1423 tionem
498 1368 642 1423 illius
665 1369 782 1438 quis
810 1367 1077 1421 enarrabit
1107 1367 1133 1420 2’
1168 1365 1319 1433 Quod
1343 1365 1630 1434 dupliciter
1671 1364 1867 1419 intelli-
1968 1369 2131 1424 donec
2161 1373 2352 1426 veniret
2377 1373 2692 1430 Ca'saream.
2722 1378 2969 1434 Ctesarea
2997 1381 3294 1436 Palzestina:
3326 1383 3550 1446 dicitur,

274 1464 453 1532 gitur,
483 1471 576 1516 aut
605 1462 748 1517 enim
778 1460 845 1516 de
896 1461 1177 1515 divinitate
1218 1459 1334 1528 ejus
1373 1459 1742 1528 accipiendum
1763 1467 1865 1523 est,
1968 1460 2058 1514 ubi
2107 1463 2246 1516 infra
2299 1465 2517 1520 domum
2571 1467 2825 1522 habuisse
2874 1470 3197 1525 describitur
3241 1473 3543 1542 Philippus,

273 1554 424 1622 quod
448 1553 777 1622 impossibile
805 1553 878 1607 sit
897 1553 1094 1606 divinae
1119 1551 1420 1605 nativitatis
1455 1565 1618 1604 nosse
1667 1557 1869 1620 myste-
1967 1567 2088 1620 quae
2112 1569 2281 1622 usque
2307 1556 2466 1609 hodie
2496 1557 2918 1621 demonstratur,
2949 1576 3048 1616 nec
3075 1578 3181 1616 non
3224 1571 3278 1616 et
3326 1563 3546 1618 cubicu-

273 1646 384 1699 ria.
414 1645 494 1700 De
515 1661 625 1715 qua
657 1645 774 1714 ipse
803 1643 1041 1715 loquitur
1066 1644 1120 1697 in
1150 1643 1456 1697 Proverbiis
1482 1659 1494 1695 :
1520 1642 1653 1695 Ante
1691 1657 1866 1695 omnes
1965 1642 2076 1696 lum
2104 1651 2337 1712 quatuor
2379 1645 2612 1700 filiarum
2650 1645 2768 1715 ejus
2793 1649 3060 1719 virginum
3085 1652 3547 1721 prophetautium.

272 1736 440 1790 colles
490 1736 753 1806 generavit
790 1753 872 1789 me
927 1734 1108 1805 (Prov.
1169 1734 1312 1805 vm).
1353 1732 1514 1788 Juxta
1551 1733 1680 1788 illud
1721 1733 1863 1802 quod
1894 1804 1934 1810 _
1965 1731 2227 1789 Caesarea:
2259 1735 2509 1791 civitates
2536 1737 2654 1791 dum
2679 1747 2806 1793 sunt
2839 1739 2890 1793 in
2915 1748 3057 1794 terra
3089 1743 3544 1810 repromissionis.

271 1827 407 1881 alibi
467 1804 734 1897 lcgimus:
771 1825 902 1892 Quis
938 1804 1182 1895 cognovit
1233 1842 1441 1879 sensum
1493 1825 1730 1890 Domini,
1767 1835 1859 1878 aut
1894 1804 1940 1864 Β
1970 1825 2086 1880 Una
2112 1827 2356 1883 Cmsarea
2394 1827 2693 1884 Palmstinre
2724 1832 2776 1885 in
2804 1831 2983 1885 littore
3026 1804 3191 1887 maris
3217 1833 3413 1902 Magni,
3447 1835 3546 1888 ita-

271 1918 614 1972 consiliarius
647 1919 764 1988 ejus
819 1919 918 1988 fuit
962 1905 1134 1987 (Rom.
1165 1916 1263 1988 ιι),
1296 1918 1348 1971 id
1397 1925 1497 1982 est,
1549 1917 1744 1983 nullus,
1771 1926 1864 1971 aut
1963 1934 2070 1986 que
2098 1904 2369 1988 quondam
2396 1920 2619 1991 Pyrgos,
2655 1923 2709 1975 id
2739 1931 2842 1982 est.
2874 1924 3040 1978 turris
3092 1923 3362 1978 Stratonis
3398 1925 3541 1980 dicta

271 2008 341 2062 de
367 2016 527 2077 partu
558 2009 786 2080 virginis
810 2009 953 2078 quod
993 2007 1283 2063 difﬁculter
1306 2009 1477 2078 possit
1518 2009 1735 2079 exponi,
1763 2009 1858 2063 de-
1963 2020 2068 2075 est,
2096 2012 2188 2065 sed
2217 2011 2286 2064 ab
2311 2011 2519 2064 Herode
2553 2027 2676 2082 rege
2690 2010 2887 2064 Judaere
2902 2012 3132 2066 nobilius
3158 2021 3214 2067 et
3236 2013 3540 2084 pulchrius.

269 2098 438 2166 nique
467 2113 592 2152 cum
629 2098 811 2154 Mariae
844 2100 1118 2154 diceretur
1159 2099 1228 2152 ab
1257 2100 1447 2168 angelo
1477 2118 1488 2152 :
1521 2098 1792 2170 Concipies
1812 2109 1861 2152 et
1962 2106 2018 2153 et
2039 2109 2226 2154 contra
2254 2101 2364 2154 vim
2393 2101 2554 2154 maris
2577 2109 2744 2156 ιιιιιίυ
2765 2102 2948 2156 utilius
2973 2111 3268 2168 exstructa,
3295 2104 3348 2158 in
3372 2105 3541 2159 hono-

268 2191 446 2257 paries
488 2189 683 2258 ﬁlium,
739 2189 826 2244 illa
863 2190 1180 2259 respondit:
1218 2188 1370 2243 Unde
1425 2191 1554 2243 mihi
1589 2191 1707 2254 hoc,
1733 2191 1860 2260 quia
1964 2205 2078 2244 rem
2107 2190 2341 2244 Caesaris
2363 2191 2585 2261 Augusti
2613 2191 2859 2247 Caesarea
2896 2193 3273 2262 cognominata
3300 2202 3403 2249 est.
3435 2194 3536 2266 Qui

270 2279 439 2332 cirum
465 2297 572 2333 non
620 2281 853 2349 cognovi,
905 2281 992 2335 cui
1039 2297 1251 2335 rursum
1291 2281 1514 2350 angelus
1553 2300 1566 2335 :
1603 2281 1857 2353 Spiritus,
1961 2281 2126 2335 etiam
2160 2280 2414 2349 templum
2455 2282 2507 2334 in
2537 2297 2602 2335 ea
2643 2297 2912 2336 marmore
2947 2281 3071 2336 albo
3116 2283 3450 2348 construxit,
3484 2285 3537 2338 iu

268 2371 466 2440 inquit,
532 2383 744 2427 sanctus
810 2375 971 2428 veniet
1010 2391 1168 2444 super
1209 2384 1278 2440 te,
1317 2384 1364 2428 et
1413 2376 1576 2429 virtus
1600 2375 1858 2430 Altissimi
1960 2387 2064 2441 qua
2090 2386 2258 2441 nepos
2285 2373 2403 2442 ejus
2433 2372 2673 2427 Herodes
2699 2374 2768 2428 ab
2788 2374 2979 2443 angelo
3006 2389 3312 2443 percussus,
3345 2373 3540 2430 Corne-

267 2463 600 2518 obumhrabit
632 2474 682 2518 te
731 2463 883 2536 (Luc.
910 2465 972 2535 ι),
1005 2475 1063 2520 ut
1091 2465 1168 2520 vel
1199 2466 1390 2536 angelo
1445 2465 1530 2520 vel
1559 2467 1628 2522 ab
1653 2467 1858 2537 angelis
1960 2461 2065 2515 lius
2105 2463 2353 2517 centurio
2375 2462 2684 2531 Baptizatus
2706 2503 2722 2528 ,
2780 2472 2833 2517 et
2858 2464 3075 2534 Agapus
3107 2463 3369 2533 propheta
3401 2479 3537 2517 zona

267 2562 482 2608 tantum
511 2557 816 2612 nativitatis
843 2558 1004 2628 hujus
1040 2568 1381 2615 sacramenta
1407 2559 1678 2628 dicantur,
1705 2560 1858 2628 cujus
1958 2551 2112 2606 Pauli
2164 2552 2360 2623 ligatus
2411 2560 2496 2607 cst
2546 2552 2684 2623 (Act.
2723 2551 2859 2621 ut).
2914 2554 3102 2608 Altera
3137 2570 3266 2608 vero
3294 2553 3538 2608 (Ἀίδεω-ω

264 2653 526 2700 narrator
555 2647 864 2703 rarissimus
909 2656 1012 2704 est.
1959 2643 2230 2713 Philippi,
2281 2645 2437 2714 cujus
2494 2645 2842 2715 Evangelium
2895 2645 3141 2699 meminit
3178 2659 3298 2699 esse
3350 2652 3543 2698 tetrara

339 2737 594 2804 Aperiens
624 2746 796 2791 autem
833 2737 1102 2809 Philippus
1132 2756 1188 2794 os
1216 2757 1370 2795 suum
1424 2750 1472 2796 et
1498 2741 1752 2811 incipiens
1789 2759 1821 2793 a
1958 2735 2134 2788 citium
2154 2773 2170 2798 ,
2202 2735 2269 2787 ad
2295 2734 2504 2787 radices
2531 2734 2730 2787 montis
2760 2733 2948 2787 Libani
2976 2732 3118 2788 facta
3137 2774 3151 2796 ,
3179 2746 3233 2788 ct
3255 2735 3306 2788 in
3329 2735 3535 2788 honore

268 2823 554 2895 Scriptura
607 2827 733 2893 ista,
788 2836 895 2883 etc.
938 2829 1038 2899 (Ex
1067 2830 1323 2904 Primas.)
1363 2831 1640 2902 Philippus
1688 2831 1857 2885 inter—
1958 2825 2187 2880 Cresaris
2215 2823 2589 2894 cognominata
2617 2831 2717 2879 est.
2745 2823 2851 2879 Sed
2876 2833 2930 2880 et
2951 2826 3107 2880 tertia
3127 2826 3371 2880 Cresarea
3399 2825 3452 2880 C'
3476 2841 3534 2895 p-

262 2927 519 2988 pretatur
546 2936 610 2974 ns
634 2921 917 2991 lampadis,
967 2923 1296 2992 pulcherque
1346 2935 1432 2980 est
1472 2939 1682 2988 sensus,
1713 2921 1854 2992 quod
1957 2915 2195 2986 padocite
2222 2914 2538 2985 metropolis
2586 2922 2692 2980 est,
2725 2915 2879 2984 cujus
2901 2914 3076 2970 Lucas
3101 2917 3174 2969 ita
3226 2916 3472 2970 meminit
3514 2932 3540 2968 :-

262 3026 328 3064 os
354 3010 626 3079 lampadis
647 3027 803 3066 suum
829 3013 1068 3083 aperire:
1095 3029 1180 3079 οε,
1204 3014 1330 3069 dum
1360 3016 1592 3070 obscura
1622 3014 1855 3084 prophe-
1955 3004 2284 3059 Descendens
2313 3002 2610 3059 Ccrsaream
2637 3015 2684 3059 et
2713 3005 2957 3059 salutavit
2987 3005 3296 3060 Ecclesium.

264 3103 354 3157 tia:
400 3104 456 3156 in
515 3103 754 3158 scientia:
802 3105 976 3161 lucem
1032 3105 1257 3175 profert.
1307 3107 1565 3174 Quamvis
1610 3114 1665 3160 et
1698 3107 1853 3176 juxta
1882 3163 1922 3185 η
1958 3114 2247 3184 Egreditur
2265 3115 2350 3168 hic
2381 3113 2706 3185 Smaragdus
2742 3133 2773 3168 α
2805 3117 3065 3169 mentione
3102 3115 3326 3168 civitatis
3350 3113 3545 3170 Cresa;

261 3194 552 3248 historiam
619 3196 792 3264 possit
820 3196 920 3250 ista
970 3196 1378 3252 circumlocutio
1439 3163 1724 3267 designare
1752 3196 1849 3252 ali-
1880 3163 1925 3224 Ο
2008 3163 2146 3268 arere.
2183 3185 2237 3239 in
2288 3186 2499 3268 nomine
2531 3163 2796 3268 regionum
2827 3195 2874 3268 et
2903 3185 3135 3268 locorum
3169 3202 3289 3268 qua:
3326 3196 3446 3239 sunt
3477 3187 3540 3240 in:

260 3294 466 3352 quanto
531 3253 827 3356 Ion-8mm“,
885 3285 1124 3342 futurum
1207 3297 1336 3343 “me
1411 3303 1530 3343 esse
1557 3253 1682 3354 aus
1741 3303 1849 3343 sep
2028 3253 2172 3308 Actis
2199 3255 2515 3326 apostolicis.
2545 3253 2746 3309 Eadem
2773 3255 3030 3310 habentur
3069 3256 3123 3308 in
3160 3254 3502 3326 Hieronymo.

263 3392 505 3431 manem.
2024 3366 2129 3422 Sed
2151 3366 2276 3436 quia
2303 3366 2356 3420 in
2386 3367 2490 3420 hoc
2527 3365 2648 3420 loco
2672 3366 2738 3421 de
2781 3365 3094 3422 civitatibus
3135 3365 3345 3436 ‘meutio
3384 3365 3525 3420 facta

329 3465 402 3519 Et
437 3468 567 3520 dum
603 3469 736 3523 irem
797 3487 888 3539 ρρτ
952 3471 1086 3524 viam
1137 3479 1386 3525 υεηεηιηι
1450 3469 1520 3524 ad
1565 3472 1848 3540 quamdam
1949 3467 2054 3523 cst,
2079 3456 2448 3512 necessarium
2481 3456 2750 3521 duximus,
2779 3465 2839 3510 ut
2869 3455 2936 3511 de
2965 3455 3206 3526 pluribus
3234 3456 3390 3511 istius
3408 3456 3530 3512 lihri

261 3572 477 3624 aquam.
519 3557 620 3612 Est
663 3559 821 3614 hodie
866 3559 1102 3614 Βειιιευιι
1147 3560 1260 3614 sive
1296 3559 1558 3615 Βειιιεοιιο
1605 3563 1757 3616 vicus
1793 3563 1846 3618 in
1951 3548 2279 3612 civitatibus,
2295 3546 2825 3616 locis,provinciisve
2849 3546 3178 3602 mentionem
3209 3546 3263 3599 in
3286 3547 3388 3601 hoc
3411 3546 3531 3601 loco

264 3647 408 3702 tribu
437 3647 602 3714 Juda,
631 3651 748 3705 sive
801 3650 1080 3719 Beniamin
1126 3651 1378 3706 ευηιηηιε
1422 3653 1490 3705 ab
1521 3651 1670 3706 netia
1705 3652 1846 3708 Che-
1950 3638 2231 3693 faciamus.
2286 3637 2683 3693 Acheldemach
2729 3644 2815 3689 est
2843 3636 2896 3689 iu
2928 3635 3102 3701 Helia,
3142 3635 3208 3689 ad
3237 3636 3528 3690 australem

260 3742 400 3797 bron
429 3743 698 3798 vicesimo
726 3744 980 3798 milliario
999 3742 1155 3813 juxta
1182 3759 1341 3812 quem
1365 3741 1488 3797 fons
1513 3743 1580 3797 ad
1609 3744 1837 3798 radicem

1951 3730 2160 3800 plagam
2191 3728 2390 3784 montis
2425 3726 2577 3791 Sion,
2607 3741 2727 3795 qua:
2750 3725 3011 3779 hactenus
3031 3723 3184 3793 juxta
3222 3723 3528 3781 Judteorum

264 3835 466 3890 ιηοηιίε
493 3833 780 3898 ebulliens,
813 3835 882 3889 ab
925 3836 1112 3889 eadem
1174 3851 1277 3904 qua
1306 3834 1566 3904 gignitur,
1597 3836 1848 3890 sorbetur
1948 3821 2232 3876 consilium
2265 3829 2506 3874 mortuos
2561 3818 2827 3889 ignobiles
2881 3825 3024 3871 terra
3054 3817 3208 3888 tegit,
3264 3817 3399 3871 alios
3428 3817 3530 3871 sub

263 3921 447 3976 humo.
488 3922 866 3992 Apostolorum
907 3924 1037 3978 Acta
1085 3923 1328 3978 referunt
1373 3923 1632 4000 in.hujus
1683 3926 1845 3980 vim"
1949 3913 2072 3968 divo
2101 3910 2411 3981 putrefacit.
2441 3910 2568 3965 Asia
2596 3911 2878 3980 regioqua:
2903 3907 3528 3977 Minorcognominatur,

263 4015 411 4070 fonte
440 4014 750 4068 eunuchum
777 4029 807 4067 a
838 4013 1084 4084 Philippo
1111 4013 1280 4069 fuisse
1316 4014 1672 4085 baptizatum.
1710 4016 1846 4070 Nam
1947 4005 2186 4075 undique
2207 4004 2537 4059 circumdata
2560 4012 2642 4058 est
2661 4002 2815 4066 mari,
2847 4000 2999 4070 cujus
3037 3999 3330 4068 provinciae.
3377 4005 3537 4061 sunt,

257 4116 344 4160 est
388 4114 445 4160 et
491 4105 596 4158 alia
629 4104 860 4160 Bethsur
889 4107 943 4159 in
986 4106 1130 4160 tribu
1158 4105 1316 4172 Juda,
1350 4107 1493 4162 mille
1541 4124 1733 4178 passus
1766 4109 1848 4163 di-
1948 4095 2201 4166 Phrygia.
2241 4092 2572 4162 Pamphylia.
2619 4092 2658 4143 (ἲ
2684 4092 2826 4153 licia.
2863 4090 3152 4159 Lycaonia.
3187 4086 3428 4178 (ἱειιίιριινΔ
3469 4095 3526 4178 (τι

258 4211 414 4255 stans
441 4200 511 4254 ab
533 4200 954 4271 Eleutheropoli.
1541 4175 1559 4178 _
1948 4186 2067 4240 alia:
2106 4185 2306 4240 multae.
2355 4182 2554 4236 Arabia
2592 4181 2740 4250 regio
2777 4180 2916 4233 inter
2942 4179 3120 4232 sinum
3149 4177 3313 4232 maris
3331 4175 3538 4239 Rubri,

327 4290 399 4343 Et
420 4291 499 4343 ait
525 4290 795 4344 eunuchus
826 4263 860 4342 ’τ
889 4289 1026 4344 Ecce
1051 4307 1208 4361 aqua,
1233 4290 1351 4360 quis
1391 4289 1626 4356 prohibet
1651 4304 1732 4341 me
1755 4287 1847 4340 ba—
1947 4278 2040 4348 (ιιιί
2072 4277 2341 4339 Ρϐτεῖειιεν
2387 4283 2442 4328 οι
2467 4287 2611 4333 eum,
2661 4271 2750 4361 (ιιιί
2781 4267 3042 4361 Amm?“
3065 4275 3310 4361 νίξίξθιυνο
3361 4263 3534 4361 ha?“

255 4383 450 4452 ptizari
475 4381 502 4435 7
532 4391 581 4435 et
597 4381 759 4450 jussit
786 4391 927 4436 stare
963 4397 1200 4442 currum;
1223 4390 1273 4434 et
1297 4380 1670 4434 descenderunt
1698 4387 1832 4430 uter-

1948 4377 2139 4438 gentes
2169 4367 2384 4429 multas,
2415 4362 2698 4426 Moabitas,
2727 4359 3082 4421 Ammanitae,
3118 4357 3401 4419 ldumzeos,
3426 4355 3525 4410 Sa-

254 4450 356 4544 ilue
410 4475 465 4527 in
501 4491 717 4544 alluam.
761 4472 1037 4544 Philippus
1081 4483 1130 4527 et
1153 4473 1442 4538 eunuchus,
1475 4481 1522 4525 et
1562 4471 1842 4542 baptizavit
1870 4508 1922 4568 Β
1949 4477 2194 4524 ι’ἱὶοθηοε,
2237 4459 2474 4526 aliasll“c
2503 4470 2665 4524 (illam
2713 4452 2938 4568 Plures:
2992 4450 3108 4504 huic
3152 4464 3306 4568 sacra
3356 4450 3526 4568 Eme"

455 4565 476 4568 _
757 4564 768 4568 _
885 4565 896 4568 _
1058 4563 1070 4568 -
1177 4563 1189 4568 -
1491 4561 1503 4568 .
1641 4559 1691 4568 ..
1767 4558 1780 4568 .
1830 4557 1841 4568 .
2049 4561 2060 4568 .
2134 4551 2145 4563 ο
2204 4550 2380 4568 a-,s.,__
2461 4563 2514 4568 A.
2579 4546 2714 4568 -----.I
2765 4560 2792 4568 ..
2836 4559 2954 4568 ,ιυιη
3003 4550 3142 4568 nunc
3196 4540 3345 4568 ,μιηά
3377 4555 3496 4568 .m..-

252 4539 396 4618 eum.
442 4565 488 4618 Ο
513 4539 675 4633 quam
699 4564 834 4618 mira
865 4539 1104 4619 doctoris
1140 4563 1314 4617 virtus
1341 4569 1459 4616 erat
1490 4561 1544 4614 in
1570 4539 1841 4614 vehiculo!
1870 4539 1922 4568 υ
1946 4551 2150 4623 pretari
2188 4550 2402 4610 dicitur,
2455 4563 2520 4602 eo
2573 4546 2715 4616 quod
2762 4544 2958 4599 odores
3001 4550 3147 4596 creet
3195 4539 3526 4633 odoriferos.

254 4629 557 4708 Eunuchus
585 4667 768 4707 sacras
788 4653 998 4707 litteras
1032 4651 1264 4723 legebat,
1295 4649 1388 4705 sed
1412 4648 1480 4703 de
1507 4665 1616 4719 quo
1644 4648 1831 4719 legeret

1946 4643 2118 4699 Graeci
2151 4640 2420 4712 εὐδαίμων,
2455 4637 2625 4692 uestri
2656 4635 2901 4696 Beatam,
2930 4638 3277 4686 vocaverunt.
3328 4629 3515 4682 Antio-

254 4743 574 4815 ignorabat,
605 4745 699 4798 sed
753 4753 932 4798 tamen
962 4759 1086 4798 cum
1134 4757 1294 4813 quem
1321 4743 1374 4796 in
1430 4718 1571 4796 libro
1597 4718 1844 4795 nesciens
1948 4735 2068 4791 chia
2123 4733 2316 4787 civitas
2361 4738 2444 4784 est
2490 4728 2683 4797 Syriae,
2719 4727 2771 4780 in
2802 4740 2905 4795 qua
2931 4721 3206 4777 Barnabas
3249 4730 3304 4774 et
3326 4718 3532 4815 Paulus

254 4811 498 4903 legebat,
527 4835 615 4904 pia
645 4843 828 4889 mente
873 4835 1014 4889 scire
1060 4811 1338 4903 cupiebat.
1363 4831 1522 4886 Venit
1571 4829 1846 4899 Philippus
1948 4826 2174 4896 apostoli
2192 4831 2314 4879 sunt
2336 4821 2588 4877 ordinati.
2621 4820 2713 4872 Est
2735 4817 2905 4873 etalia
2935 4817 2986 4869 in
3014 4815 3162 4878 Asia,
3182 4813 3234 4867 iu
3257 4811 3524 4904 quaidem

253 4926 634 5000 philosophus,
664 4926 901 4981 ostendit
937 4926 987 4980 ei
1025 4923 1232 4989 Iesum,
1265 4924 1356 4992 qui
1399 4922 1615 4978 clausus
1643 4919 1848 4974 latebat
1947 4917 2301 4987 praedicantes
2323 4911 2520 4966 Jutlaeis
2563 4911 2813 5000 dixerunt
2845 4925 2856 4960 :
2919 4905 3070 5000 liobis
3101 4903 3519 5000 oportebat-pri.-

256 4993 311 5076 in
338 4993 547 5074 littera.
601 5019 670 5072 Et
724 5018 1020 5073 secundum
1069 5016 1228 5071 aliain
1289 5015 1660 5078 traditionem,
1707 5011 1843 5068 dixit
1944 5024 2086 5063 mum
2106 5005 2248 5076 loqui
2273 5003 2481 5057 verbum
2512 5000 2627 5054 Dei.
2678 4999 2783 5054 Sed
2802 4995 3048 5068 quoniam
3079 4993 3340 5064 repulistis
3366 4993 3516 5055 illud,

254 5108 539 5180 Philippus
564 5109 851 5164 eunucho:
886 5107 943 5163 Si
987 5107 1166 5163 credis
1195 5123 1262 5162 ex
1293 5114 1402 5160 toto
1430 5105 1613 5169 corde,
1661 5103 1844 5158 salvus
1944 5115 2059 5152 ecce
2093 5095 2438 5150 convertimur
2491 5091 2560 5145 ad
2590 5087 2945 5180 μηκέθ-Δεῖ.
2978 5085 3136 5180 ξηιλ
3196 5083 3520 5180 Alexandria
3597 5131 3607 5139 .

254 5176 501 5253 eris—iit
552 5200 830 5270 respondit
883 5200 1199 5254 eunuchus:
1257 5196 1432 5251 Credo
1483 5197 1535 5249 in
1566 5195 1840 5249 Christum
1944 5185 2496 5255 civitasestJEgypti,
2545 5184 2596 5236 in
2630 5197 2734 5250 qua
2777 5179 2920 5233 beati
2978 5177 3140 5270 Marci
3181 5176 3522 5270 evangelista

234 5289 427 5344 Filium
457 5289 576 5354 Dei,
610 5266 664 5344 et
690 5307 754 5345 ea
797 5291 930 5344 hora
969 5289 1275 5358 baptizatus
1303 5295 1404 5350 est,
1456 5286 1629 5339 fidelis
1667 5283 1844 5338 fat-tus
1945 5280 2184 5336 tumulus
2209 5277 2367 5332 hodie
2392 5277 2444 5330 in
2468 5272 2702 5328 Ecclesia
2730 5278 3037 5346 veneratur.
3082 5266 3520 5358 Atnphipolisest

254 5392 302 5432 et
332 5393 556 5435 sanctus
585 5389 687 5446 est,
718 5391 772 5436 et
800 5381 866 5435 de
903 5355 1166 5450 discipulo
1201 5378 1458 5447 magister
1483 5376 1707 5430 cﬂ'ectus
1735 5384 1838 5436 est,
1944 5370 2135 5424 civitas
2157 5367 2499 5421 Macedonia.
2552 5363 2644 5416 Est
2671 5369 2725 5415 et
2752 5361 2921 5416 altera
2943 5358 3193 5450 ejusdem
3207 5355 3439 5450 nominis
3464 5355 3516 5405 in

252 5480 310 5524 et
339 5471 598 5541 deinceps
632 5472 972 5542 pradicator,
1003 5445 1058 5524 ei
1085 5469 1264 5540 gentis
1292 5445 1403 5522 suae
1443 5463 1722 5536 apostolus
1769 5463 1842 5516 εἴ·
1947 5459 2123 5528 Syria.
2168 5455 2443 5527 Apollonia
2481 5453 2772 5542 civitasest
2790 5451 3137 5542 Maccilouiie.
3158 5449 3252 5502 Est
3277 5445 3526 5542 etaltera.

255 5562 433 5618 fectus
461 5539 567 5617 est.
633 5539 650 5542 ‘
1096 5539 1103 5540 ί
1946 5553 1997 5604 in
2024 5549 2225 5613 Africa,
2271 5563 2389 5616 qua:
2427 5544 2625 5598 dicitur
2678 5541 2999 5610 Peutapolis.
3055 5539 3280 5591 Athenae
3325 5539 3515 5586 civitas

327 5651 461 5708 Cum
492 5663 670 5707 autem
692 5653 1040 5707 ascemlissenl
1073 5653 1136 5706 de
1167 5668 1327 5720 aqua,
1363 5648 1592 5718 Spiritus
1631 5644 1842 5698 Domim
1945 5652 2026 5696 (‘J
2057 5642 2290 5696 Atfltaiu',
2321 5633 2668 5706 philosophia:
2695 5632 2887 5684 studiis
2917 5630 3114 5686 dedita,
3135 5625 3288 5720 cujus
3314 5622 3530 5720 Pyr-eus

258 5745 432 5814 rapui:
462 5744 786 5814 l'hifippum,
839 5752 944 5798 etc,
979 5743 1114 5798 sunt
1144 5711 1362 5815 quidam
1403 5711 1490 5810 qui
1547 5739 1658 5791 lure
1690 5751 1842 5804 arge—
1947 5745 2155 5804 potius,
2180 5723 2799 5800 septempliciquondam
2829 5736 2980 5774 muro
3005 5711 3516 5771 commuttitafuissc
