3954 6200
358 663 375 706 \.

369 711 378 742 λ

429 365 536 420 255

1711 341 2057 399 SMARAbDl
2094 339 2266 393 ABBA
2276 337 2382 392 TIS

3577 326 3683 382 25.56

429 475 772 534 describitur.
811 470 1120 538 Areopagus
1141 465 1470 519 Athenarum
1497 461 1670 520 curia,
1692 475 1810 527 quae
1836 458 2001 511 inter—
2032 456 2080 514 Α
2110 451 2217 504 lilio
2239 448 2469 518 Japhetb
2499 446 2780 516 appellata.
2840 444 2976 498 Sunt
2999 452 3178 511 autem
3209 441 3352 496 inter
3380 441 3574 497 fiumen
3603 444 3690 497 lu~

433 574 679 640 pretatur
725 562 852 617 villa
876 559 1081 622 Martis,
1133 556 1276 626 quod
1314 555 1427 623 ipse
1451 553 1522 606 ibi
1563 551 1856 621 quondam,
1883 565 2004 605 cum

437 659 682 715 ducentis
716 653 998 711 duodecim
1022 651 1126 707 diis
1166 647 1437 718 judicatus
1465 655 1564 702 est.
1601 646 1755 715 Appii
1786 643 2008 705 Forum,

370 737 378 772 ⁵
439 765 637 806 nomen
665 747 767 802 fori
813 745 998 798 Romae
1025 743 1090 797 ab
1125 739 1296 810 Appio
1333 740 1602 809 quondam
1640 737 1859 793 consule
1906 743 2012 788 tra-

439 849 606 899 ctum,
642 853 671 892 a
697 851 802 906 quo
827 843 880 889 et
917 834 998 887 via
1021 833 1191 901 Appia
1233 839 1422 885 vocata
1443 838 1544 883 est.
1610 828 1844 898 Babylon
1901 840 2014 878 me-

441 930 663 998 tropolis
686 927 836 997 regni
867 924 1242 980 Chaldaeorum
1275 929 1378 985 est,
1410 921 1498 974 ubi
1523 934 1709 974 eorum
1732 918 1821 986 qui
1855 916 2016 969 aedili-

440 1021 639 1075 cahant
665 1017 855 1072 turrim
888 1015 1080 1085 lingua
1106 1013 1288 1067 divisae
1309 1021 1452 1075 sunt,
1482 1011 1621 1065 unde
1647 1017 1700 1062 et
1728 1007 2016 1077 Babylonia

441 1119 687 1165 vocatur.
747 1106 877 1173 Quae
917 1121 1025 1175 .per
1052 1105 1313 1174 quadrum
1352 1103 1474 1163 sita,
1503 1102 1570 1156 ab
1613 1101 1808 1171 angulo
1848 1114 2018 1167 usque

446 1207 512 1260 ad
541 1203 797 1274 angulum
828 1201 990 1264 nutri,
1018 1198 1250 1254 sedecim
1284 1196 1447 1251 millia
1474 1209 1731 1266 passuum
1761 1192 2017 1255 tenuisse,

447 1298 502 1351 id
531 1305 631 1358 est,
659 1293 815 1350 simul
839 1309 934 1362 per
957 1291 1243 1347 circuitum
1271 1290 1551 1357 sexaginta
1595 1295 1826 1356 quatuor
1856 1285 2020 1339 millia

447 1384 615 1440 refert
635 1383 938 1438 Herodotus
983 1390 1037 1435 et
1071 1381 1222 1435 multi
1251 1381 1360 1442 alii,
1402 1379 1492 1447 qui
1521 1377 1738 1432 Graecas
1766 1375 2025 1430 historias

450 1478 801 1546 scripserunt.
886 1474 1134 1543 Bithynia
1170 1471 1448 1542 provincia
1486 1469 1628 1524 Asi:e
1666 1468 1888 1522 Minoris
1921 1477 2024 1530 est,

452 1568 565 1636 ipsa
591 1575 674 1621 est
698 1574 755 1620 et
781 1563 952 1633 major
976 1563 1226 1634 Phrygia.
1259 1562 1460 1615 Beroea
1486 1561 1680 1614 civitas
1705 1559 1758 1612 in
1782 1558 2029 1612 Macedo-

453 1658 541 1710 nia
568 1665 672 1720 est,
703 1672 820 1724 quae
835 1656 1055 1710 verbum
1079 1653 1286 1707 Domini
1309 1653 1559 1707 nobiliter
1571 1652 1799 1720 accepit.
1825 1651 2031 1720 Cappa-

454 1747 608 1800 docia
659 1747 806 1815 regio
839 1747 890 1799 in
945 1744 1121 1813 capite
1154 1741 1326 1812 Syriae
1363 1751 1475 1807 est,
1529 1742 1596 1795 ad
1644 1741 2027 1810 septentrionis

455 1837 689 1905 plagam.
764 1835 973 1905 Cyrene
1021 1833 1214 1888 civitas
1252 1833 1414 1888 estin
1455 1832 1643 1902 Libya,
1694 1831 1847 1901 cujus
1883 1832 2030 1901 regio

455 1927 862 1997 Pentapolitana
912 1935 1171 1992 vocatur,
1227 1941 1291 1980 eo
1337 1927 1480 1994 quod
1529 1925 1765 1994 quinque
1810 1925 2033 1979 urbibus

459 2021 690 2074 maxime
717 2018 935 2088 fulgeat.
989 2018 1148 2073 Creta
1181 2015 1369 2071 Graeca
1393 2015 1587 2080 insula,
1619 2023 1834 2069 centum
1870 2031 2036 2084 quon-

460 2112 582 2166 dam
630 2112 853 2164 urbibus
893 2109 1109 2173 nobilis,
1167 2109 1308 2162 unde
1347 2116 1402 2163 et
1431 2106 1726 2176 Centipolis
1769 2107 1910 2161 dicta
1932 2117 2032 2162 est.

461 2206 667 2276 Cyprus
697 2204 868 2257 insula
899 2204 1037 2257 mari
1073 2201 1408 2270 Pamphylio,
1434 2200 1743 2268 quindecim
1765 2201 2037 2269 quondam

463 2294 672 2363 oppidis
703 2292 947 2362 insignis,
981 2290 1294 2360 famosaque
1322 2290 1620 2354 divitiis,et
1637 2290 1872 2344 maxime
1892 2290 2036 2344 aeris.

464 2386 652 2441 Cilicia
679 2386 955 2456 provincia
970 2385 1108 2439 Asiae
1133 2391 1234 2447 est,
1251 2399 1410 2452 quam
1438 2382 1655 2451 Cydnus
1679 2383 1854 2436 amnis
1877 2381 2041 2434 inter-

464 2484 635 2530 secat.
665 2476 869 2531 Chnrra
889 2475 1083 2530 civitas
1106 2474 1507 2544 Mesopotamia:
1527 2474 1735 2536 est,ubi
1764 2473 2044 2527 fuitAbra-

469 2568 553 2620 hae
593 2566 917 2636 patriarcha:
950 2564 1262 2635 hospitium.
1304 2563 1594 2619 Corinthus
1616 2564 1808 2617 civitas
1829 2563 2044 2616 Achaiae

468 2659 757 2715 maritima.
841 2656 1099 2711 Cenchrae
1127 2663 1318 2725 portus
1353 2654 1756 2709 Corinthiorum
1785 2653 2041 2708 civitatis.

467 2751 602 2806 Chio
632 2749 802 2804 insula
827 2757 953 2803 ante
975 2747 1244 2818 Bithynia,
1292 2748 1345 2801 in
1368 2745 1522 2815 cujus
1554 2762 1749 2802 nomen
1789 2746 1924 2818 Syra
1948 2746 2048 2800 lin-

469 2859 572 2915 gua
601 2842 876 2896 masticem
909 2840 1174 2909 designat,
1214 2854 1280 2894 eo
1324 2839 1468 2908 quod
1513 2839 1585 2892 ibi
1631 2839 1825 2893 mastix
1863 2839 2048 2908 gigna-

471 2945 578 2989 tur.
626 2933 921 2986 Damascus
966 2930 1158 2984 nobilis
1199 2931 1330 2985 urbs
1354 2929 1654 2994 Phtenices,
1716 2945 1836 2998 quae
1878 2944 2050 2998 quon-

471 3026 594 3080 dam
619 3025 672 3077 in
715 3021 862 3076 omni
887 3019 1042 3092 Syria
1069 3021 1239 3075 tenuit
1263 3019 1644 3090 principatum,
1676 3028 1732 3074 et
1780 3035 1924 3074 nunc
1953 3017 2051 3073 Sa-

2107 541 2234 594 dum
2261 539 2504 609 regiones
2533 537 2668 598 istae,
2711 535 2991 599 Aracusia,
3022 534 3266 594 Parthia,
3294 533 3692 604 Assyria,quas

2111 629 2388 698 Scriptura
2407 641 2563 681 sacra
2575 625 2858 679 universas
2882 638 3023 691 saepe
3053 622 3239 677 Mediae
3269 625 3487 680 nomine
3506 635 3688 680 vocat.

2112 717 2424 773 Macedonia
2452 716 2729 786 provincia
2773 715 3083 770 Graecorum
3104 721 3206 776 est,
3245 713 3540 769 virtutibus
3571 716 3697 772 Aie-

2116 811 2303 865 xandri
2327 810 2504 880 Magni
2531 810 2761 864 nobilior
2789 809 2955 863 facta.
3020 807 3234 862 Miletus
3257 808 3452 864 civitas
3493 810 3544 862 in
3567 808 3697 862 Asia

2114 909 2219 966 est,
2242 901 2332 955 ubi
2354 900 2554 954 Paulus
2577 897 2812 967 majores
2839 898 3194 968 Ephesiorum
3220 898 3532 968 alloquitur.
3595 897 3703 951 Na-

2118 992 2304 1045 zareth
2329 990 2538 1044 viculus
2564 997 2648 1044 est
2671 989 2724 1042 in
2738 987 2979 1050 Galilaea,
3005 988 3161 1058 juxta
3186 998 3426 1043 montem
3458 990 3698 1044 Thabor.

2123 1081 2271 1136 Unde
2297 1089 2353 1136 et
2371 1080 2629 1134 Dominus
2649 1079 2805 1134 Jesus
2832 1078 3122 1133 Nazaraeus
3148 1087 3232 1133 est
3251 1088 3493 1134 vocatus.
3529 1079 3707 1135 liabet

2121 1173 2405 1230 ecclesiam
2445 1172 2665 1236 inloco,
2714 1187 2822 1240 quo
2855 1170 3078 1240 angelus
3127 1171 3195 1225 ad
3222 1170 3435 1225 beatam
3478 1171 3706 1226 Mariam

2121 1263 2586 1334 evangelizaturus
2632 1261 2877 1326 intravit,
2920 1260 3084 1316 habet
3103 1269 3160 1316 et
3183 1260 3369 1324 aliam,
3402 1260 3495 1314 ubi
3524 1260 3710 1316 Domi-

2125 1371 2226 1409 nus
2269 1363 2354 1409 est
2373 1354 2630 1408 nutritus.
2694 1351 2944 1422 Neapolis
2979 1353 3171 1408 civitas
3201 1359 3286 1408 est
3327 1351 3531 1418 Cariae,
3587 1368 3711 1422 quae

2125 1455 2211 1501 est
2229 1446 2502 1517 provincia
2541 1445 2702 1500 Asiae.
2761 1445 2965 1499 Pontus
2989 1445 3140 1515 regio
3159 1451 3246 1499 est
3272 1443 3562 1498 multarum
3581 1459 3713 1514 gen-

2130 1538 2262 1591 tium
2287 1537 2440 1606 juxta
2467 1549 2616 1589 mare
2645 1533 2945 1599 Ponticum,
2974 1533 3118 1603 quod
3139 1532 3320 1587 Asiam
3347 1540 3404 1587 et
3432 1533 3706 1602 Europam

2132 1627 2496 1691 disterminat,
2521 1634 2573 1679 et
2599 1633 2817 1694 prepter
2846 1623 3132 1693 plurimam
3185 1622 3448 1678 ostiorum
3478 1623 3712 1676 Danubii

2136 1715 2482 1780 infusionem,
2513 1714 2722 1769 dulcius
2750 1715 2964 1768 caeteris
2993 1727 3114 1767 esse
3161 1713 3524 1784 cognoscitur.
3554 1711 3716 1766 Pam-

2057 1795 2104 1852 B
2132 1805 2312 1875 phylia
2358 1804 2633 1873 provincia
2682 1811 2767 1858 est
2796 1803 2954 1856 Asiae.
2987 1801 3259 1871 Pamphus
3287 1801 3480 1856 civitas
3532 1808 3617 1855 est
3663 1801 3717 1854 in

2132 1899 2308 1968 Cypro
2329 1896 2522 1951 insula.
2542 1896 2750 1966 Pergen
2766 1895 2959 1949 civitas
2970 1888 3391 1963 estPamphyliae
3402 1892 3716 1962 provinciae.

2135 1988 2398 2059 Philippis
2425 1988 2617 2043 civitas
2641 1995 2723 2042 est
2750 1988 2805 2041 in
2829 1987 3001 2057 prima
3038 1993 3195 2056 parte
3222 1983 3567 2040 Macedoniae.
3598 1985 3725 2039 Pto-

2136 2080 2349 2145 lomais,
2368 2080 2560 2135 civitas
2586 2089 2671 2134 est
2697 2078 2914 2142 Judaeae,
2941 2079 3094 2148 juxta
3121 2086 3360 2132 montem
3386 2076 3719 2130 Carmelum.

2139 2174 2234 2227 Est
2254 2181 2310 2228 et
2336 2173 2502 2226 altera
2531 2173 2582 2226 in
2612 2172 2892 2242 Pentapoli
2917 2171 3206 2242 provinciae
3229 2169 3446 2225 Africae.
3483 2168 3729 2224 Puteolis

2137 2265 2331 2320 civitas
2359 2265 2564 2320 colonia
2594 2263 2920 2333 Campaniae,
2952 2263 3139 2318 eadem
3205 2263 3405 2317 dicitur
3441 2261 3724 2316 Ccadicta.

2139 2354 2360 2409 Rhodus
2384 2354 2674 2426 Cycladum
2713 2354 3009 2408 insularum
3036 2354 3390 2419 nobilissima,
3435 2353 3599 2407 distat
3625 2369 3721 2406 an-

2143 2454 2250 2500 tem
2273 2461 2302 2500 a
2325 2455 2483 2516 portu
2509 2447 2653 2501 Asiae
2688 2447 2874 2518 viginti
2901 2447 3136 2500 millibus
3184 2461 3460 2515 passuum.
3492 2443 3727 2515 Regium

2143 2544 2226 2591 est
2271 2536 2464 2592 civitas
2493 2536 2692 2592 Siciliae
2737 2537 3030 2592 maritima.
3073 2535 3288 2592 Sichem
3309 2536 3503 2592 civitas
3528 2545 3612 2591 est
3644 2534 3735 2589 Ja-

2143 2630 2265 2693 cob,
2293 2644 2436 2684 nunc
2466 2628 2715 2699 Neapolis
2749 2630 2916 2693 dicta,
2951 2628 3105 2698 juxta
3157 2627 3462 2698 sepulcrum
3497 2626 3726 2694 Ioseph.

2146 2720 2234 2773 ubi
2261 2736 2405 2775 nunc
2431 2728 2516 2774 est
2537 2720 2764 2775 ecclesia
2791 2719 3051 2774 fabricata
3075 2735 3142 2772 ex
3171 2718 3339 2772 latere
3387 2717 3589 2772 montis
3620 2715 3733 2771 Ga-

2147 2812 2320 2867 rizim.
2354 2811 2483 2867 Sina
2502 2827 2658 2866 mons
2689 2813 2742 2867 in
2775 2812 2995 2883 regione
3022 2809 3235 2864 Madian
3267 2825 3428 2880 super
3449 2809 3730 2871 Arabiam.

2147 2906 2238 2974 qui
2263 2905 2369 2960 alio
2399 2905 2616 2959 nomine
2640 2903 2822 2959 lloreb
2849 2902 3168 2973 appellatur.
3203 2901 3355 2958 Unde
3381 2901 3576 2956 dicitur
3610 2915 3625 2953 :
3658 2899 3731 2953 Et

2150 2998 2383 3067 fecerunt
2406 2996 2622 3052 vitulum
2656 2998 2712 3051 in
2744 2995 2942 3061 Horeb,
2973 3011 3094 3051 cum
3145 2995 3249 3049 hoc
3288 2995 3465 3050 Moses
3499 2993 3566 3060 .in
3597 2991 3736 3048 Sina

472 3128 797 3170 racenorum
829 3111 1140 3180 metropolis
1169 3119 1272 3176 est,
1311 3111 1453 3165 unde
1484 3118 1540 3165 et
1569 3125 1663 3164 rex
1694 3125 1880 3164 eorum
1909 3109 2044 3163 Nau-

2155 3088 2357 3144 factum
2383 3089 2682 3158 scripserit.
2712 3086 2970 3151 Saronas,
2993 3086 3136 3156 quod
3181 3086 3565 3153 interpretatur
3583 3099 3740 3138 eam-

475 3205 592 3256 vias
644 3202 904 3255 famosam
956 3200 1009 3253 in
1044 3215 1108 3254 ea
1155 3199 1256 3253 sibi
1305 3213 1521 3267 suaeque
1578 3198 1720 3270 genti
1769 3199 2049 3253 basilicam

476 3295 782 3357 deiicavit,
851 3291 1174 3348 Christianis
1241 3291 1294 3345 in
1366 3291 1596 3346 circuitu
1657 3291 1865 3346 civibus
1906 3292 2051 3346 beati

476 3385 728 3454 Baptistae
755 3383 978 3438 Joannis
1011 3381 1293 3437 ecclesiam
1329 3365 1814 3448 frequentautibus.
1843 3381 2051 3435 Derben

477 3475 666 3529 civitas
690 3483 772 3528 est
808 3472 1092 3543 Lycaoniae
1132 3471 1442 3542 provinciae,
1489 3469 1734 3524 Elamitae
1783 3470 2055 3541 principes

477 3565 714 3620 Persidis
740 3565 807 3618 ab
837 3564 986 3617 Elam
1019 3561 1126 3616 tilio
1157 3560 1282 3616 Sem
1310 3561 1510 3615 vocati.
1540 3560 1780 3630 Ephesus
1826 3559 2055 3614 Amazo—

480 3670 608 3708 num
639 3669 773 3722 opus
802 3653 993 3706 civitas
1027 3651 1168 3705 Asiae
1211 3659 1313 3715 est,
1349 3650 1438 3703 ubi
1469 3648 1759 3719 requiescit
1787 3647 2054 3719 evangeli-

480 3755 563 3798 sta
579 3744 834 3798 Joannes.
860 3742 1136 3796 Pbtenieia
1160 3741 1440 3810 provincia
1466 3748 1549 3795 est
1572 3738 1743 3810 Syriae
1766 3739 1919 3808 cujus
1939 3755 2056 3809 par—

485 3845 565 3886 tes
590 3839 716 3885 sunt
739 3830 982 3884 Samaria
1013 3837 1068 3884 et
1097 3829 1316 3884 Galilaea
1355 3838 1411 3883 et
1458 3829 1576 3883 aliae
1604 3828 1867 3898 plurimae.
1908 3827 2056 3883 Gali-

473 3919 586 3975 larae
604 3920 719 3974 duae
750 3929 895 3984 sunt,
920 3936 1027 3974 una
1051 3920 1288 3990 gentium
1327 3920 1502 3974 vicina
1529 3919 1726 3975 finibus
1765 3919 2053 3990 Tyriorum

485 4011 539 4065 in
570 4011 712 4065 tribu
746 4009 1280 4080 Nephthalim,altera
1305 4011 1451 4065 circa
1479 4010 1831 4081 Tyberiadcm
1863 4017 1917 4064 et
1943 4017 2054 4063 sta-

483 4117 645 4171 gnum
665 4133 668 4135 λ
687 4100 1021 4157 Genesareth
1049 4101 1100 4155 in
1127 4103 1270 4156 tribu
1292 4101 1551 4157 Zabulon.
1578 4099 1726 4155 Gaza
1752 4101 1943 4154 civitas
1979 4101 2057 4154 in-

485 4191 653 4262 signis
701 4201 787 4248 est
816 4193 1130 4258 Palaestinae,
1168 4208 1287 4263 quae
1331 4193 1470 4262 apud
1519 4200 1730 4247 veteres
1755 4198 1872 4246 erat
1914 4199 2056 4245 terra

486 4283 933 4337 Chananaeorum.
968 4282 1176 4338 Galatia
1226 4283 1502 4352 provincia
1531 4281 1690 4347 Asiae,
1723 4297 1753 4335 a
1780 4281 1944 4336 Gallis
1973 4298 2058 4336 vo-

483 4373 732 4426 cabulum
759 4373 999 4437 trahens,
1027 4373 1118 4442 qui
1170 4372 1223 4426 in
1253 4372 1531 4426 auxilium
1557 4389 1588 4426 a
1612 4387 1735 4442 rege
1789 4371 2058 4441 Bithyniae

2154 3180 2371 3249 pestris,
2426 3179 2574 3248 regio
2594 3176 2698 3242 est,
2723 3194 2843 3247 quae
2879 3176 3040 3232 Petro
3089 3177 3418 3246 praedicante
3447 3175 3570 3230 ﬁdei
3609 3191 3743 3230 con-

2154 3274 2304 3326 tinuo
2330 3270 2537 3325 fructus
2561 3269 2895 3341 germinavit.
2948 3268 3112 3324 Sidon
3139 3269 3272 3322 urbs
3318 3267 3593 3322 Pbmnicis
3615 3276 3732 3330 est.

2157 3364 2383 3433 insignis
2410 3361 2603 3418 artifex
2627 3362 2772 3415 vitri.
2813 3361 3058 3416 Seleucia
3084 3361 3276 3414 civitas
3303 3358 3478 3429 Syriae
3507 3359 3737 3420 nobilis,

2155 3455 2208 3508 in
2237 3453 2606 3522 promontorio
2636 3449 2804 3521 Syriae
2828 3450 3128 3503 Antiochia:
3156 3449 3280 3503 sita.
3341 3446 3573 3503 Salamis
3597 3449 3737 3503 civi-

2156 3553 2238 3599 tas
2261 3544 2420 3598 estin
2450 3541 2624 3613 Cypro
2684 3541 2875 3603 insula,
2908 3555 3052 3595 nunc
3075 3539 3390 3595 Constantia
3437 3537 3602 3591 dicta.
3636 3536 3743 3589 Sa-

2156 3635 2456 3690 mothracia
2485 3634 2660 3688 insula
2690 3641 2771 3688 est
2797 3632 2850 3686 in
2868 3631 3118 3686 Pacatico
3135 3630 3276 3684 sinu.
3295 3627 3450 3700 Syria
3484 3643 3608 3698 qua:
3635 3626 3741 3680 ile-

2155 3726 2338 3782 braiee
2367 3725 2567 3780 dicitur
2593 3734 2717 3785 mn
2745 3723 2896 3792 regio
2921 3730 3006 3777 est
3030 3722 3169 3775 inter
3189 3720 3386 3775 ﬂumen
3416 3717 3734 3789 Euphraten

2156 3827 2210 3872 et
2224 3834 2372 3872 mare
2387 3816 2632 3888 Magnum
2648 3815 2894 3885 usquead
2909 3812 3201 3884 .IEgyptum
3216 3811 3545 3881 pertingens.
3562 3809 3743 3864 Habet

2157 3907 2418 3961 maximas
2437 3903 2759 3973 provincias,
2786 3903 2839 3956 in
2862 3903 3057 3971 quibus
3082 3909 3271 3970 gentes
3290 3898 3736 3955 suutduodecim.

2159 3994 2348 4048 Samos
2375 3992 2643 4046 insulaest
2671 3992 2723 4044 in
2755 3992 2887 4045 mari
2918 3989 3111 4060 Egeo,
3140 3991 3194 4043 in
3219 4003 3324 4058 qua
3347 3994 3557 4055 reperta
3586 3987 3745 4056 prius

2157 4085 2337 4140 fictilia
2360 4098 2488 4138 vasa
2511 4083 2815 4146 traduntur,
2845 4081 2988 4137 unde
3021 4091 3076 4136 et
3117 4095 3241 4135 vasa
3265 4079 3447 4134 Samia
3469 4077 3744 4148 appellata

2157 4184 2299 4230 sunt.
2321 4174 2548 4244 Smyrna
2564 4173 2756 4228 civitas
2769 4181 2852 4226 est
2865 4173 2916 4226 in
2932 4171 3057 4226 Asia
3074 4171 3248 4243 Lyciae
3261 4168 3569 4239 provinciae,
3584 4167 3744 4234 cujus

2157 4269 2329 4323 Lucas
2353 4265 2597 4321 meminit
2623 4265 2808 4319 dicens
2831 4281 2844 4316 :
2881 4261 3201 4332 Navigantes
3223 4261 3459 4314 venimus
3477 4259 3536 4311 in
3556 4255 3742 4326 Smyr-

2160 4377 2280 4414 nam
2302 4357 2492 4427 Lyciae.
2518 4356 2705 4426 Syrtes
2719 4355 2972 4410 dicuntur
2999 4367 3228 4407 arenosa
3251 4351 3368 4406 loca
3389 4351 3442 4404 in
3467 4349 3608 4403 mari
3632 4348 3742 4402 Ma-

485 4463 682 4526 vocati,
713 4477 932 4532 regnum
961 4476 1081 4514 cum
1108 4475 1173 4514 eo
1199 4471 1317 4516 acta
1346 4462 1569 4516 victoria
1611 4438 1933 4527 diviserunt,
1962 4463 2056 4516 sie-
2087 4479 2138 4538 D
2164 4467 2292 4521 80ον
2327 4447 2551 4503 mnuum
2584 4445 2845 4500 terribilia
2887 4451 2944 4498 ει
2984 4441 3290 4497 ιηθῑυθηάδ·
3324 4438 3594 4538 simcui“
3627 4454 3743 4492 me'

487 4571 593 4624 que
623 4555 814 4609 deinde
830 4553 1029 4606 Graecis
1058 4552 1299 4612 admixti,
1327 4551 1844 4620 primoGallograeci.
1874 4559 2057 4621 postea

487 4643 692 4698 Galatae
741 4650 868 4695 sunt
899 4638 1170 4707 appellati.
1253 4639 1613 4692 Hadrumetus
1655 4639 1848 4692 civitas
1894 4649 1977 4694 est
2008 4641 2060 4694 in

493 4734 744 4804 Byzantia
774 4731 992 4800 regione
1013 4727 1225 4782 Africae.
1273 4727 1435 4781 Adria
1460 4743 1652 4780 nomen
1680 4728 1914 4783 civitatis
1938 4747 2063 4783 con-

490 4838 570 4881 tra
602 4827 938 4886 Ravennam,
988 4837 1107 4890 quae
1128 4820 1301 4873 eidem
1345 4819 1500 4882 mari,
1556 4819 1613 4872 in
1636 4819 1789 4888 cujus
1819 4819 1928 4888 ripa
1957 4821 2058 4873 "sila

490 4931 593 4985 est,
625 4933 819 4974 nomen
874 4916 1038 4971 etiam
1078 4911 1338 4966 Adriatici
1373 4911 1535 4965 dedit.
1599 4908 1766 4980 Joppe
1806 4911 2059 4979 oppidum

490 5010 786 5065 Palaestina:
815 5015 898 5062 est
919 5005 1247 5061 maritimum
1275 5002 1328 5055 in
1359 5003 1499 5055 tribu
1539 5001 1672 5054 Dan.
1710 4999 1955 5072 lconium
1986 5001 2063 5055 ci-

494 5103 631 5156 vitas
673 5108 759 5154 est
781 5097 1082 5169 Lycaoniae,
1129 5103 1291 5150 estet
1323 5093 1492 5147 altera
1534 5093 1586 5145 in
1621 5091 1827 5145 Cilicia.
1883 5090 2063 5160 Libyae

492 5191 780 5265 provinciae
798 5188 918 5242 duae
956 5195 1103 5248 sunt,
1136 5199 1240 5237 una
1262 5182 1578 5254 Cyrenaica,
1625 5180 1693 5234 de
1732 5195 1836 5248 qua
1858 5180 2061 5234 dictum

489 5293 590 5346 est,
619 5290 800 5352 partes
822 5279 1023 5348 Libyae,
1042 5290 1160 5344 quae
1183 5283 1267 5327 est
1289 5275 1431 5326 circa
1461 5271 1727 5343 Cyrenen.
1761 5271 1858 5324 Est
1879 5277 1933 5324 et
1955 5269 2060 5323 alia

493 5374 828 5442 Ethiopum.
881 5367 1061 5437 Lydda
1104 5365 1297 5420 civitas
1320 5363 1620 5417 Palaestinae
1647 5371 1750 5424 est,
1807 5362 1858 5414 in
1895 5359 2064 5414 ma'is

492 5464 667 5536 Magni
711 5462 892 5514 littore
933 5458 1060 5518 sita,
1109 5471 1228 5524 quae
1256 5469 1398 5507 nunc
1440 5451 1701 5521 Diospolis
1740 5450 2057 5520 appellatur.

493 5554 757 5626 Lycaonia
779 5549 1056 5621 provincia
1096 5545 1234 5600 Asiae
1260 5555 1360 5599 est.
1433 5545 1526 5598 Est
1575 5553 1629 5596 et
1674 5542 1777 5595 alia
1822 5538 2059 5608 ejusdem

492 5643 726 5697 nominis
755 5641 805 5694 in
837 5637 1065 5708 Phrygia
1107 5636 1334 5688 minore.
1394 5634 1581 5703 Lystra
1610 5631 1799 5684 civitas
1843 5637 1923 5683 est.
1955 5627 2058 5695 Ly-

497 5735 718 5789 caoniae.
763 5730 920 5802 Lycia
956 5727 1232 5799 provincia
1274 5734 1353 5781 est
1397 5724 1551 5777 Asiae.
1618 5721 1785 5775 Media
1823 5737 1850 5772 at
1889 5717 2056 5771 :‘ilaulai

2165 4539 2387 4610 tropolis
2433 4536 2631 4591 Siciliae
2673 4535 2772 4589 sub
2822 4532 3192 4602 promontorio
3228 4528 3482 4584 Pachino.
3534 4526 3742 4580 Tarsus

2163 4631 2352 4685 civitas
2383 4625 2696 4696 metropolis
2736 4624 2959 4687 Ciliciae,
2991 4621 3160 4675 Paulo
3191 4619 3436 4689 apostolo
3477 4618 3739 4687 gloriosa.

2164 4720 2339 4789 Tyrus
2356 4717 2667 4787 metropolis
2678 4714 2949 4770 Phoenicis
2972 4713 3026 4766 in
3046 4712 3187 4766 tribu
3205 4696 3566 4779 Nephthalim,
3586 4708 3744 4776 cujus

2163 4814 2397 4868 maxime
2422 4812 2676 4867 nobilitas
2689 4806 2970 4878 conchylio
2983 4813 3038 4860 et
3052 4817 3288 4874 purpura
3302 4807 3537 4856 constat.
3565 4799 3741 4852 Troas

2159 4904 2351 4958 civitas
2379 4902 2521 4958 Asiae
2553 4901 2859 4955 marit‘mae.
2891 4895 3145 4965 Thyatira
3172 4892 3362 4947 civitas
3383 4889 3591 4959 Libyae,
3617 4903 3741 4956 quae

2160 5003 2248 5049 est
2308 4994 2586 5065 provincia
2635 4991 2795 5046 Asiae.
2868 4985 3248 5043 Thessalonica
3309 4980 3502 5038 civitas
3561 4978 3745 5033 Mace-

2163 5084 2356 5139 doniae.

2513 5182 2848 5223 EVANGELIUI
2875 5178 3111 5228 JOANNIS,
3137 5177 3253 5216 CAP.
3283 5175 3372 5214 XX.

2241 5280 2258 5311 t
2307 5260 2472 5313 Maria
2522 5258 2700 5313 stabat
2742 5255 2809 5309 ad
2854 5258 3263 5309 monumentum
3309 5246 3440 5301 foris
3492 5243 3731 5314 plorans.

2171 5369 2189 5402 ι
2235 5351 2372 5404 Dum
2403 5362 2532 5416 ergo
2562 5346 2746 5407 fleret,
2779 5341 3056 5398 inclinavit
3082 5355 3139 5394 se
3159 5347 3212 5392 et
3246 5334 3482 5404 respexit
3528 5332 3585 5386 in
3625 5348 3734 5386 mo-

2170 5461 2187 5493 σ
2235 5448 2568 5502 numentum,
2597 5445 2650 5492 ct
2677 5436 2811 5490 vidit
2837 5435 2972 5490 duos
2998 5430 3215 5502 angelos
3237 5430 3288 5482 in
3306 5427 3442 5481 albis
3463 5424 3734 5483 sedentes.

2170 5551 2186 5582 ‹
2235 5545 2398 5585 unum
2450 5528 2515 5583 ad
2563 5535 2723 5596 caput
2757 5533 2809 5578 ct
2835 5538 3000 5577 unum
3051 5521 3117 5576 ad
3161 5519 3342 5589 pcdcs,
3375 5515 3466 5569 ubi
3499 5515 3738 5584 positum

2170 5643 2186 5673 ι
2234 5623 2408 5678 fuerat
2430 5617 2780 5690 corpusJesu.
2803 5615 2996 5668 Dicunt
3014 5613 3061 5666 ei
3093 5611 3166 5667 illi
3198 5628 3209 5662 :
3247 5607 3454 5669 Mulier,
3477 5604 3610 5673 quid
3632 5605 3739 5673 plo-

2171 5733 2186 5764 ‹
2237 5714 2358 5765 ras?
2398 5711 2536 5764 Dicit
2557 5710 2634 5766 eis
2670 5726 2680 5758 :
2720 5707 2854 5772 Quia
2891 5703 3136 5757 tulcruut’
3184 5698 3468 5753 Dominqu
3529 5710 3730 5757 meum,
