3940 6206
236 294 349 349 257

1069 286 1590 345 COLLECTIONES
1628 288 1697 344 IN
1734 288 2113 346 EPISTOLAS
2147 293 2236 348 ΕΤ
2278 296 2684 355 EVANGELIA.

3394 319 3498 376 238

240 423 261 457 ι
306 414 365 460 et
392 402 582 458 nescio
613 402 700 455 ubi
732 408 1029 470 posuerunt
1052 416 1197 455 eum.
1232 400 1353 455 Hmc
1390 417 1510 455 cum
1559 402 1816 463 dixisset,
1850 406 1899 463 Α
1996 402 2134 458 Dicit
2161 407 2277 462 eis:
2309 407 2448 475 Quia
2478 410 2708 467 tulerunt
2731 413 3013 471 Dominum
3043 437 3232 490 meum,
3256 434 3360 482 etc.
3396 431 3491 484 1).)-

238 514 261 550 ι
306 509 575 553 conversa
600 501 686 547 est
714 501 1034 556 retrorsum,
1080 500 1135 544 et
1161 492 1295 545 vidit
1335 491 1517 546 losum
1561 500 1816 555 stantem,

237 605 259 640 s
298 596 356 643 et
383 567 666 642 nesciebat
688 584 812 653 quia
835 580 992 639 Jesus
1013 591 1115 638 est.
1144 582 1286 637 Dicit
1305 585 1354 637 ei
1384 582 1539 637 Jesus
1567 602 1579 636 :
1609 582 1816 646 Mulier,

238 696 259 729 ι
306 677 441 748 quid
469 675 683 747 ploras?
713 674 885 741 Quem
919 675 1152 744 quieris!
1193 675 1285 729 Illa
1335 676 1658 759 existimans
1691 676 1819 743 quia

239 790 261 823 s
306 768 635 825 hortulanus
657 773 824 831 esset,
858 765 990 822 dicit
1015 765 1066 820 ei
1093 783 1106 819 :
1132 765 1379 831 Domine,
1403 766 1447 820 si
1474 773 1528 819 tu
1552 765 1817 822 sustulisti

238 884 256 915 ι
302 878 455 928 eum,
476 852 643 919 dicito
665 859 815 914 mihi.
850 857 949 913 Ubi
977 857 1204 928 posuisti
1251 872 1397 923 eum,
1448 865 1504 911 et
1556 871 1656 927 ego
1692 872 1816 913 eum

239 977 257 1008 s
306 956 529 1011 tollam?
545 953 688 1009 Dicit
712 953 762 1008 ei
788 950 979 1007 Jesus:
1007 951 1198 1007 Maria.
1222 951 1499 1008 Conversa
1529 951 1620 1007 illa
1640 951 1813 1008 dicit:

235 1066 254 1097 s
301 1044 572 1109 Rabboni,
604 1042 747 1114 quod
775 1042 975 1098 dicitur
1024 1044 1301 1114 magister.
1340 1044 1481 1099 Dicit
1522 1045 1571 1099 ei
1612 1043 1810 1100 Jesus:

232 1155 252 1187 ι
301 1135 421 1190 Noli
447 1149 535 1188 me
565 1142 807 1204 tangere,
839 1132 1075 1189 nondum
1102 1134 1244 1189 enim
1261 1135 1477 1190 ascendi
1500 1136 1567 1189 ad
1596 1134 1813 1191 Patrem

233 1248 251 1277 ι
298 1242 502 1283 meum.
540 1227 687 1282 Vade
710 1234 891 1280 autem
916 1225 983 1280 ad
1010 1225 1207 1282 fratres
1240 1243 1410 1293 meos,
1446 1237 1503 1284 et
1549 1229 1633 1283 dic
1678 1229 1758 1283 eis
1795 1247 1809 1284 :

232 1339 251 1370 s
299 1320 554 1375 Ascendo
594 1319 662 1373 ad
694 1318 911 1375 Patrem
961 1335 1143 1375 meum
1176 1328 1231 1373 et
1277 1319 1491 1376 Patrem
1532 1331 1770 1377 vestrum
1793 1364 1809 1386 ,

232 1429 249 1459 ι
302 1410 471 1464 Deum
508 1423 688 1463 meum
720 1416 775 1464 et
799 1408 970 1463 Deum
996 1416 1258 1489 vestrum.
1287 1407 1450 1464 Venit
1478 1410 1643 1465 Maria
1668 1411 1813 1481 Mag-

225 1518 246 1551 ι
295 1499 511 1563 dalene,
545 1499 871 1553 annuntians
900 1498 1195 1568 discipulis,
1224 1498 1348 1568 quia
1366 1499 1475 1554 vidi
1502 1499 1808 1565 Dominum,

225 1610 244 1641 ι
293 1599 352 1646 et
381 1591 500 1645 hinc
528 1589 666 1645 dixit
689 1589 842 1643 mihi.
868 1608 888 1640 ι

296 1682 479 1736 Μανία
507 1691 681 1736 autem
705 1681 875 1736 stabat
903 1680 971 1735 ad
1000 1692 1389 1736 monumentum
1417 1682 1548 1752 foris
1573 1681 1806 1754 plorans.

1924 492 2129 547 miuum
2159 511 2313 550 suum
2342 515 2558 566 vocans,
2591 503 2799 558 Domini
2829 508 2910 561 sui
2943 522 3138 579 corpus
3165 518 3434 583 exanime,
3466 538 3500 576 a

1921 591 2073 650 parte
2102 593 2272 640 totum
2301 584 2637 659 significans,
2679 596 2822 650 sicut
2844 613 3033 656 omnes
3057 603 3378 662 confitemur
3401 609 3497 666 Je-

1921 686 2040 726 sum
2055 672 2329 731 Christum
2354 679 2546 735 Filium
2570 682 2663 737 Dei
2689 686 2901 742 unicum
2923 689 3207 748 Dominum
3228 708 3496 768 nostrum,

1918 763 2061 832 quod
2087 765 2271 834 utique
2297 768 2456 822 simul
2486 779 2598 836 est,
2631 782 2685 827 et
2714 778 2934 832 verbum
2966 788 3021 835 et
3047 783 3229 839 anima
3257 796 3312 841 et
3342 763 3491 845 caro.

1917 848 2244 908 Crucilixum
2276 865 2450 913 tamen
2476 868 2530 915 et
2552 864 2839 931 sepultum,
2867 884 2988 924 cum
3012 872 3125 926 sola
3151 876 3266 945 ejus
3287 880 3494 949 sepulta

1917 942 1990 996 sit
2014 959 2178 999 caro:
2216 946 2284 1000 Et
2314 950 2507 1017 nescio,
2536 952 2730 1022 inquit,
2761 958 2851 1010 ubi
2874 973 3158 1028 posuerunt
3181 942 3326 1021 eum.
3347 942 3495 1030 -Ηεεο

1915 1041 2031 1086 erat
2059 1048 2222 1123 causa
2253 1036 2425 1106 major
2449 1040 2666 1108 doloris,
2690 1047 2832 1113 quod
2860 1051 3137 1107 nesciebat
3159 1070 3265 1123 quo
3291 1059 3392 1114 iret
3423 1061 3492 1117 ad

1915 1122 2294 1178 consolandum
2332 1126 2568 1182 dolorem
2589 1171 2603 1195 ,
2640 1134 2733 1187 sed
2759 1149 2925 1205 prope
2953 1149 3071 1194 erat
3096 1122 3228 1197 hora
3258 1161 3364 1216 qua
3394 1150 3493 1204 tri-

1914 1211 2060 1266 stitia
2088 1210 2203 1282 ejus
2229 1224 2532 1271 verteretur
2556 1219 2611 1273 in
2640 1223 2913 1291 gaudium.

1978 1303 2113 1383 ~Haec
2144 1323 2261 1360 cum
2292 1307 2527 1375 dixisset,
2560 1328 2805 1369 conversa
2834 1326 2910 1371 est
2943 1329 3245 1389 retrorsum,
3277 1335 3324 1379 et
3363 1328 3489 1383 vidit

1911 1395 2092 1450 Iesum
2119 1408 2364 1465 stantem,
2394 1410 2440 1454 et
2474 1419 2575 1456 non
2605 1406 2799 1459 sciebat
2825 1410 2948 1477 quia
2976 1410 3132 1466 Iesus
3158 1426 3254 1468 est.
3291 1415 3491 1474 Notan-

1912 1486 2037 1539 dum
2059 1488 2203 1556 quod
2225 1488 2410 1557 Maria,
2430 1508 2550 1561 quae
2571 1494 2747 1550 adhuc
2762 1496 2834 1551 de
2857 1498 3068 1554 Domini
3092 1509 3490 1565 resurrectione

1912 1576 2215 1641 dubitabat,
2240 1589 2535 1635 retrorsum
2565 1598 2827 1641 conversa
2856 1596 2940 1643 est
2963 1599 3023 1644 ut
3046 1594 3255 1651 videret
3280 1596 3483 1663 Jesum.

1912 1665 2038 1735 quia
2060 1667 2308 1723 videlicet
2337 1685 2435 1739 per
2452 1673 2695 1728 eamdem
2721 1675 3111 1736 dubitationem
3133 1699 3308 1751 suam,
3332 1691 3488 1756 quasi

215 1771 325 1844 (Es
368 1771 627 1842 August.)
666 1770 1010 1825 Pensandum
1048 1779 1133 1825 est
1171 1771 1330 1841 hujus
1370 1772 1610 1828 mulieris
1648 1790 1802 1829 me"-
1833 1756 1880 1815 B
1910 1766 2060 1858 terga
2093 1759 2149 1813 in
2185 1760 2396 1858 Domini
2430 1763 2626 1858 faciem
2652 1769 2894 1837 miserat,
2929 1787 3089 1840 quem
3120 1781 3486 1858 resurrexisse

214 1873 333 1917 tem
373 1870 579 1931 quanta
608 1860 691 1914 vis
738 1861 939 1915 amoris
989 1862 1346 1926 accenderat,
1394 1878 1514 1933 quse
1545 1878 1577 1917 a
1609 1880 1803 1920 monu-

213 1960 409 2009 mento
446 1950 663 2006 Domini
704 1952 870 2006 etiam
910 1951 1188 2019 discipulis
1232 1953 1608 2009 recedentibus
1631 1995 1646 2018 ,
1694 1971 1803 2011 non

213 2044 551 2108 recedebat,
594 2042 916 2114 exquirebat
942 2058 1103 2112 quem
1132 2058 1239 2098 non
1270 2044 1568 2099 invenerat.
1614 2046 1803 2102 Flebat

212 2134 565 2204 inquirendo,
598 2141 653 2189 et
681 2133 885 2190 amoris
911 2133 994 2188 sui
1023 2133 1145 2204 igne
1170 2148 1461 2199 succensa,
1499 2132 1615 2202 ejus
1642 2151 1801 2207 quem

211 2226 460 2280 ablatum
487 2225 720 2281 credidit
747 2223 971 2279 ardebat
997 2223 1295 2288 desiderio,
1328 2232 1384 2278 et
1409 2224 1559 2299 oculi
1579 2226 1669 2296 qui
1699 2228 1800 2282 Do-

208 2320 427 2373 minum
452 2317 807 2388 quazsierunt,
828 2325 882 2370 et
910 2331 1017 2371 non
1048 2315 1393 2381 invenerunt,
1418 2315 1671 2388 lacrymis
1686 2317 1798 2388 jam

208 2410 570 2466 exundabant
592 2451 610 2475 ,
655 2410 887 2482 amplius
924 2408 1168 2466 dolentes
1196 2410 1341 2479 quod
1381 2408 1554 2465 fuerat
1590 2411 1802 2469 ablatus

208 2502 283 2557 de
313 2511 683 2567 monumento,
713 2519 873 2575 quam
902 2502 1043 2572 quod
1072 2502 1251 2558 fuerat
1277 2504 1492 2559 occisus
1535 2505 1589 2559 in
1631 2505 1797 2576 ligno,

207 2592 476 2658 quoniam
517 2593 761 2664 magistri
803 2593 979 2657 tanti,
1024 2591 1179 2662 cujus
1218 2593 1299 2647 eis
1356 2593 1469 2648 vita
1524 2596 1798 2651 subtracta

209 2681 432 2747 fuerat,
481 2698 581 2739 nec
615 2683 878 2739 memoria
914 2684 1247 2738 remanebat.
1300 2683 1454 2739 Unde
1479 2687 1706 2757 contigit
1739 2695 1801 2741 ut

206 2787 342 2826 eum
377 2771 494 2827 sola
524 2780 653 2829 tunc
679 2773 891 2830 videret
918 2788 1037 2843 quae
1064 2774 1357 2839 remansit,
1387 2775 1517 2845 quia
1545 2775 1798 2830 nimirum

212 2863 398 2920 virtus
421 2864 549 2921 boni
570 2867 749 2936 operis
767 2868 1169 2938 perseverantia
1190 2875 1298 2932 est,
1311 2874 1370 2921 ut
1393 2881 1522 2921 voce
1541 2866 1801 2924 Veritatis

205 2954 454 3010 dicitur:
489 2954 595 3021 Qui
619 2970 794 3012 autem
819 2965 1215 3029 perseveraverit
1241 2972 1402 3028 usque
1429 2957 1487 3011 in
1511 2956 1691 3025 ﬁnem,
1713 2956 1799 3011 hic

204 3044 391 3100 salvus
416 3048 515 3101 erit
544 3047 767 3119 (Matth.
791 3049 875 3117 ι).

277 3134 425 3192 Dum
459 3154 584 3209 ergo
617 3140 791 3209 ﬂeret,
817 3137 1083 3195 inclinavit
1121 3156 1196 3206 se,
1233 3149 1280 3195 et
1312 3154 1575 3212 prospexit
1604 3141 1659 3195 in
1685 3157 1796 3195 mo-

206 3237 552 3294 numentum,
592 3238 640 3284 et
679 3228 803 3284 vidit
843 3230 974 3285 duos
1013 3230 1223 3302 angelos
1262 3233 1318 3286 in
1359 3231 1493 3287 albis
1530 3232 1793 3298 sedentes,

206 3334 370 3371 unum
405 3318 478 3371 ad
511 3328 697 3389 caput,
734 3330 781 3373 et
818 3337 980 3374 unum
1013 3320 1083 3374 ad
1116 3321 1292 3391 pedes,
1331 3329 1436 3377 etc.
1481 3321 1579 3395 (Ex
1607 3321 1793 3394 Greg.)

204 3404 311 3459 Ista
336 3406 553 3476 itaque,
581 3422 701 3477 quae
725 3407 804 3462 sic
830 3408 1095 3476 amabat,
1115 3424 1233 3479 qua:
1269 3425 1328 3465 se
1368 3411 1436 3467 ad
1476 3426 1796 3468 monumen-

208 3503 355 3559 tum,
388 3495 536 3565 quod
568 3506 958 3567 prospexerat,
1004 3499 1198 3554 iterum
1228 3499 1480 3563 inclinat,
1513 3500 1794 3557 videamus

203 3601 314 3653 quo
339 3584 526 3640 fructu
554 3586 638 3642 vis
664 3589 866 3643 amoris
896 3590 948 3643 in
986 3605 1049 3645 ea
1078 3590 1372 3662 ingeminat
1400 3608 1536 3660 opus
1562 3592 1792 3662 inquisi-

202 3676 392 3732 tionis.
424 3676 722 3748 Sequitur:
748 3677 887 3735 Vidit
907 3681 1040 3736 duos
1063 3683 1273 3753 angelos
1298 3684 1353 3737 in
1379 3682 1510 3738 albis
1535 3684 1789 3749 sedentes,

202 3784 372 3821 unum
399 3768 472 3822 ad
503 3778 683 3839 caput,
704 3779 753 3825 et
774 3788 934 3825 unum
959 3772 1027 3825 ad
1053 3773 1229 3844 pedes,
1255 3773 1343 3826 ubi
1368 3775 1591 3842 positum
1617 3773 1790 3844 fuerat

200 3876 398 3931 corpus
423 3861 576 3916 Jesu.
619 3861 757 3930 Quid
787 3872 904 3929 est,
943 3865 1085 3934 quod
1125 3865 1177 3919 in
1219 3863 1337 3919 loco
1372 3864 1637 3921 Dominici
1670 3882 1793 3922 cor-

200 3953 356 4018 poris
382 3951 494 4005 duo
519 3952 696 4024 angeli
717 3953 989 4021 videntur,
1014 3971 1152 4010 unus
1174 3954 1240 4010 ad
1264 3962 1444 4026 caput,
1466 3964 1630 4026 atque
1654 3956 1791 4013 alius

201 4039 278 4093 ad
318 4042 493 4111 pedes
529 4043 764 4099 sedens?
798 4046 902 4100 nisi
934 4045 1076 4115 quod
1111 4045 1302 4101 Latina
1336 4047 1550 4119 lingua,
1581 4047 1790 4124 ἅγγελος

202 4134 435 4188 nuntius
461 4132 681 4199 dicitur,
723 4142 779 4189 et
807 4135 897 4190 ille
932 4151 999 4191 ex
1039 4138 1288 4206 passione
1324 4154 1424 4193 sua
1459 4140 1791 4195 nuntiandus

197 4231 360 4289 erat,
403 4224 498 4295 qui
528 4232 585 4280 et
610 4225 754 4281 Deus
777 4235 861 4281 cst
887 4236 1012 4281 ante
1040 4227 1257 4294 saecula,
1293 4238 1348 4283 et
1384 4229 1546 4284 homo
1588 4230 1642 4284 in
1683 4229 1791 4285 fine

198 4315 568 4379 sucularum,
599 4315 755 4385 quasi
786 4314 854 4370 ad
882 4324 1044 4386 caput
1069 4315 1221 4371 sedet
1247 4318 1485 4388 angelus,
1530 4334 1653 4375 cum
1694 4334 1792 4389 per

194 4405 514 4475 apostolum
541 4407 888 4475 praadicatur,
907 4408 1032 4476 quia
1060 4408 1111 4461 in
1133 4408 1387 4479 principio
1410 4419 1519 4463 erat
1547 4408 1784 4474 Verbum,

190 4504 247 4546 et
295 4491 523 4547 Verbum
564 4503 677 4549 erat
718 4495 858 4567 apud
902 4496 1101 4560 Deum,
1150 4506 1197 4550 et
1246 4496 1382 4553 Deus
1424 4507 1536 4552 erat
1572 4494 1786 4554 Verbum

194 4583 393 4650 (Ioan.
418 4584 481 4654 ι),
504 4593 562 4639 et
583 4586 735 4656 quasi
760 4586 829 4640 ad
850 4587 1032 4656 pedes,
1056 4588 1148 4642 sed
1168 4586 1391 4659 angelus
1413 4602 1534 4642 cum
1559 4588 1787 4643 dicitur:

189 4672 271 4727 Et
302 4669 530 4727 Verbum
556 4690 680 4729 caro
706 4675 902 4745 factum
934 4686 1029 4729 est.
1427 4742 1443 4749 _

271 4765 392 4837 (Ea:
425 4763 609 4837 Creg.)
656 4766 949 4824 Possumus
972 4768 1136 4824 etiam
1166 4777 1220 4823 et
1245 4769 1379 4825 duos
1407 4768 1654 4839 angelos,
1686 4769 1792 4826 duo

188 4858 562 4913 Testamenta
600 4873 946 4931 cognoscere,
992 4876 1157 4914 unum
1202 4859 1374 4929 prius,
1421 4867 1475 4912 et
1521 4859 1666 4914 aliud
1704 4876 1795 4915 se-.

189 4965 403 5020 quens,
434 4951 530 5019 qui
558 4950 811 5005 videlicet
845 4951 1019 5023 angeli
1053 4966 1148 5021 per
1170 4951 1347 5007 locum
1378 4951 1642 5006 Dominici
1672 4968 1793 5008 cor-

186 5042 359 5113 poris
402 5042 624 5096 si'aimet
672 5041 803 5113 ipsis
845 5050 972 5096 sunt
1017 5041 1314 5111 conjuncti,
1363 5042 1488 5112 quia
1535 5042 1793 5096 nimirum

185 5144 442 5203 utraque
469 5132 840 5198 Testamenta,
869 5133 995 5189 dum
1022 5133 1138 5203 pari
1169 5148 1327 5187 sensu
1354 5133 1717 5197 incarnatum,
1741 5142 1795 5187 el

185 5235 505 5289 mortuum,
541 5238 608 5279 ac
635 5224 999 5279 resurrexisse
1024 5223 1312 5279 Dominum
1342 5223 1607 5288 nuntiant,
1638 5222 1792 5293 quasi

185 5316 619 5371 Testamentum
645 5315 799 5386 prius
827 5315 894 5370 ad
920 5322 1099 5386 caput,
1123 5322 1177 5369 et
1207 5321 1584 5369 testamentum
1613 5320 1792 5383 poste-

184 5409 323 5463 rius
348 5407 413 5462 ad
439 5408 607 5480 pedes
633 5406 806 5462 sedet.

268 5497 476 5552 Dicunt
506 5498 559 5552 ei
579 5512 597 5549 :
631 5495 847 5562 Mulier,
881 5496 1007 5568 quid
1033 5494 1256 5568 ploras?
1300 5495 1464 5563 Quasi
1496 5495 1790 5559 dixissent,

180 5606 312 5646 non
344 5599 427 5643 est
456 5604 597 5658 opus
624 5596 896 5641 morzuum
922 5586 1152 5656 plorare,
1180 5600 1339 5655 quem
1371 5585 1634 5640 viventem
1669 5600 1789 5639 cre-

179 5682 343 5737 dere
365 5681 551 5736 debes.

1909 1851 2131 1907 minime
2159 1853 2431 1909 credebat.
2469 1856 2576 1912 Sed
2601 1860 2727 1929 quia
2750 1865 2971 1919 amabat
2999 1875 3056 1921 et
3082 1851 3380 1935 dubitabat,
3406 1873 3486 1925 vi-

1906 1941 2067 1997 debat
2092 1951 2146 1997 et
2170 1959 2279 1999 non
2301 1950 2661 2017 cognoscebat
2683 1967 2830 2019 eum,
2854 1969 3016 2024 quem
3040 1957 3117 2011 illi
3140 1974 3291 2014 amor
3309 1970 3486 2017 osten-

1903 2032 2076 2088 derat.
2115 2034 2371 2093 Dubietas
2396 2039 2778 2108 abscondebat,
2807 2046 2959 2116 cujus
2985 2049 3159 2104 adhuc
3181 2051 3483 2122 ignorantia

1903 2124 2244 2193 exprimitur,
2292 2142 2416 2182 cum
2455 2127 2724 2186 infertur:
2766 2134 2835 2188 Et
2870 2137 3149 2193 nesciebat
3173 2143 3297 2209 quia
3327 2140 3485 2198 Jesus

1902 2222 2067 2268 esset.

1970 2305 2112 2361 Dicit
2139 2310 2188 2363 ei
2212 2308 2409 2367 Iesus:
2440 2313 2652 2383 Mulier,
2695 2319 2821 2388 quid
2851 2318 3029 2389 ploras
3050 2321 3077 2375 2
3100 2330 3204 2377 etc.
3240 2322 3478 2381 Interro-

1897 2407 2060 2469 gatur
2082 2402 2290 2473 doloris
2313 2422 2499 2475 causa,
2531 2419 2592 2465 ut
2618 2425 2880 2482 augeatur
2907 2414 3255 2483 desiderium,
3286 2429 3480 2490 quate-

1899 2510 2002 2550 nus
2027 2511 2150 2552 cum
2186 2500 2492 2558 nominaret
2517 2518 2676 2574 quem
2704 2514 3000 2576 quaereret,
3046 2508 3102 2563 iu
3139 2510 3332 2568 ardore
3365 2514 3483 2583 ejus

1900 2587 2180 2645 ardentius
2204 2601 2481 2649 aestuaret.

1970 2678 2077 2735 Illa
2106 2684 2393 2750 testimans,
2423 2687 2547 2757 quia
2573 2687 2888 2744 hortulanus
2913 2700 3067 2758 esset,
3094 2693 3222 2748 dicit
3248 2696 3298 2749 ei
3317 2709 3336 2748 :
3371 2695 3480 2750 Do-

1898 2768 2060 2835 mine,
2085 2771 2133 2824 si
2161 2780 2217 2825 tu
2244 2774 2506 2830 sustulisti
2529 2793 2670 2841 eum,
2698 2785 2804 2833 etc.
2835 2778 3085 2835 Forsitan
3117 2798 3216 2838 nec
3245 2787 3478 2840 errando

1898 2862 2015 2918 huic
2038 2864 2232 2919 mulier
2254 2869 2478 2933 erravit,
2507 2884 2627 2938 quae
2648 2869 2830 2925 Iesum
2858 2871 3201 2928 hortulanum
3227 2877 3470 2933 credidit.

1900 2951 2090 3008 Annon
2136 2955 2187 3010 ei
2241 2957 2558 3027 spiritaliter
2591 2960 2910 3016 hortulanus
2948 2972 3099 3028 erat,
3139 2964 3229 3032 qui
3269 2966 3322 3019 in
3360 2963 3477 3032 ejus

1899 3052 2149 3112 pectore,
2188 3061 2286 3116 per
2321 3049 2523 3104 amoris
2560 3050 2677 3116 sui,
2716 3051 2926 3106 semina
2954 3052 3217 3108 virtutum
3246 3055 3496 3117 virentia.

1900 3131 2162 3205 plantavit
2200 3144 2337 3190 sala.
2390 3136 2497 3191 Sed
2536 3138 2660 3207 quid
2704 3146 2823 3204 est,
2870 3140 3013 3209 quod
3040 3141 3157 3198 viso
3186 3156 3276 3208 eo,
3314 3158 3475 3212 quem

1899 3222 2246 3279 hortulanum
2268 3226 2520 3293 credidit,
2549 3228 2634 3283 cui
2662 3228 2893 3284 necdum
2914 3230 3126 3286 dixerat
3150 3247 3308 3302 quem
3332 3248 3476 3302 quaa-

1898 3313 2091 3368 rebat?
2137 3313 2227 3369 Ait
2253 3316 2340 3370 ei:
2385 3316 2622 3384 Domine,
2660 3319 2707 3373 si
2740 3327 2797 3372 tu
2834 3320 3094 3375 sustulisti
3127 3338 3278 3387 eum,
3314 3322 3475 3378 dicito

1894 3402 2041 3457 mihi.
2071 3402 2238 3461 Nemo
2259 3405 2621 3461 calumnietur
2641 3407 2944 3474 mulierem,
2966 3409 3107 3479 quod
3130 3410 3473 3467 hortulanum

1894 3490 2092 3547 dixerit
2122 3492 2410 3550 Dominum
2443 3503 2499 3550 et
2523 3493 2707 3552 Jesum
2739 3498 3078 3567 magistrum,
3110 3499 3182 3554 ibi
3211 3502 3355 3556 enim
3386 3519 3475 3556 ro-

1892 3580 2073 3650 gabat,
2102 3582 2192 3639 hic
2219 3584 2559 3653 agnoscebat,
2587 3585 2661 3640 ibi
2684 3585 2982 3643 honorabat
3004 3590 3280 3647 hominem
3306 3608 3336 3646 a
3359 3608 3467 3663 quo

1891 3673 2212 3730 beneficium
2256 3676 2593 3747 postulabat,
2641 3677 2729 3733 hic
2778 3680 3051 3737 recolebat
3080 3682 3390 3747 doctorem,
3435 3702 3466 3741 a

1891 3778 1999 3834 quo
2028 3764 2370 3821 discernebat
2396 3767 2631 3822 humana
2659 3775 2716 3823 et
2746 3768 2950 3835 divina,
2980 3771 3255 3839 discebat,
3288 3776 3472 3845 appel-

1890 3856 2037 3913 labat
2059 3859 2373 3927 Dominum,
2390 3859 2542 3930 cujus
2568 3861 2762 3918 ancilla
2788 3879 2894 3917 non
2922 3872 3061 3928 erat,
3083 3874 3144 3919 ut
3165 3868 3473 3934 perveniret

1891 3949 1958 4003 ad
1985 3949 2291 4018 Dominum,
2320 3954 2472 4024 cujus
2496 3962 2633 4008 erat.
2670 3953 2842 4009 Aliter
2869 3971 2999 4025 ergo
3027 3957 3163 4011 dixit
3189 3976 3201 4011 :
3235 3956 3473 4013 Sustule-

1892 4048 2012 4093 runt
2052 4038 2330 4096 Dominum
2369 4060 2564 4107 meum,
2603 4044 2762 4098 aliter
2790 4055 3008 4100 autem:
3045 4045 3287 4112 Domine,
3327 4048 3375 4101 si
3412 4058 3470 4101 tu

1889 4129 2148 4184 sustulisti
2178 4147 2314 4184 eum.
2350 4130 2427 4185 lbi
2457 4147 2523 4187 ex
2547 4132 2800 4197 veritate,
2840 4133 2928 4187 hic
2953 4148 3018 4188 ex
3048 4135 3274 4188 honore.
3313 4135 3470 4202 Quaa-

1891 4217 2045 4271 rebat
2093 4218 2275 4288 itaque
2322 4228 2377 4274 et
2423 4236 2532 4293 non
2578 4220 2813 4275 dicebat.
2867 4221 2996 4287 Quae
3033 4237 3153 4277 cum
3193 4223 3462 4280 dixisset:

1889 4306 2130 4373 Domine,
2161 4310 2206 4362 si
2236 4316 2292 4362 tu
2320 4308 2583 4364 sustulisti
2610 4326 2748 4364 eum.
2795 4309 2911 4366 Hoc
2938 4311 3101 4366 habet
3127 4312 3208 4367 vis
3241 4315 3467 4382 amoris,

1893 4396 1998 4451 hoc
2023 4412 2183 4468 agere
2212 4397 2346 4453 solet
2380 4399 2431 4453 in
2463 4399 2665 4460 animo.
2701 4408 2761 4453 ut
2789 4415 2950 4469 quem
2980 4416 3193 4471 semper
3221 4402 3336 4472 ipse
3372 4419 3468 4459 co-

1890 4484 2056 4556 gitat,
2107 4486 2312 4541 nullum
2344 4488 2506 4542 alium
2537 4488 2723 4543 credat
2754 4489 3023 4559 ignorare.
3074 4488 3241 4546 Recte
3270 4500 3325 4546 et
3354 4493 3470 4547 haec

1893 4576 2104 4641 mulier,
2131 4592 2289 4646 quem
2316 4579 2509 4649 quaerit
2534 4593 2641 4634 non
2669 4579 2820 4645 dicit,
2842 4587 2896 4634 et
2924 4587 3102 4634 tamen
3125 4580 3254 4636 dicit
3278 4599 3290 4635 :
3325 4580 3388 4637 Si
3410 4593 3465 4637 tu

1892 4664 2152 4720 sustulisti
2177 4683 2315 4732 eum,
2342 4667 2466 4736 quia
2495 4667 2650 4722 alteri
2677 4684 2782 4723 non
2808 4675 2965 4738 putat
2991 4683 3109 4724 esse
3137 4669 3469 4741 incognitum

1894 4770 2055 4825 quem
2082 4755 2195 4826 ipsa
2224 4756 2480 4812 continuo
2503 4756 2708 4829 plangit
2732 4756 3022 4812 desiderio.

1964 4844 2106 4899 Dicit
2140 4848 2227 4900 ei:
2259 4846 2437 4901 Maria
2496 4847 2755 4902 Conversa
2783 4847 2875 4901 illa
2909 4847 3037 4901 dicit
3065 4847 3153 4901 ei:
3196 4847 3470 4915 Rabboni,

1894 4935 2036 5006 quod
2060 4937 2273 5001 dicitur,
2305 4938 2569 5006 magister.
2603 4937 2894 5006 Postquam
2925 4952 3045 4991 eam
3074 4926 3345 4993 communi
3378 4956 3469 4994 vo-

1895 5028 2088 5083 cabulo
2117 5029 2403 5099 appellavit
2433 5045 2496 5084 ex
2536 5043 2690 5093 sexu,
2721 5037 2777 5082 et
2804 5029 3019 5099 agnitus
3048 5044 3153 5084 non
3182 5037 3287 5095 est,
3315 5044 3466 5087 vocat

1896 5135 1962 5174 ex
1994 5119 2227 5183 nomine,
2263 5135 2327 5174 ac
2355 5120 2399 5174 si
2431 5127 2615 5189 aperte
2644 5117 2790 5172 dicat
2819 5118 2907 5173 ei:
2943 5118 3288 5186 Recognosce
3313 5136 3434 5175 eum
3454 5162 3468 5185 ,

1896 5226 1925 5264 a
1956 5226 2064 5280 quo
2091 5210 2509 5282 recognosceris.
2557 5208 2803 5264 Perfecto
2828 5224 3043 5279 quoque
3071 5209 3187 5263 viro
3223 5209 3418 5264 dicitur
3446 5229 3457 5262 :

1900 5302 2040 5357 Novi
2066 5311 2114 5356 te
2141 5319 2205 5356 ex
2232 5303 2457 5356 nomine.
2513 5300 2647 5368 Quia
2690 5300 2852 5356 homo
2895 5315 3179 5355 commune
3223 5302 3464 5354 omnium

1897 5405 2143 5450 nostrum
2171 5394 2491 5450 vocabulum
2526 5401 2637 5459 est,
2686 5392 2833 5449 Mose
2859 5406 2986 5446 vero
3024 5392 3298 5462 praprium
3319 5431 3334 5456 ,
3383 5392 3464 5449 cui

1901 5496 2049 5543 recte
2089 5486 2289 5543 dicitur
2331 5489 2453 5556 quia
2499 5502 2564 5542 ex
2611 5487 2829 5542 nomine
2870 5484 3061 5549 scitur,
3101 5497 3165 5536 ac
3202 5481 3246 5534 si
3284 5491 3473 5551 aperte

1899 5580 2157 5634 Dominus
2186 5579 2331 5634 dicat
2357 5597 2369 5631 :
2409 5577 2523 5633 Non
2553 5586 2605 5634 te
2634 5575 2958 5649 generaliter
2984 5580 3045 5627 ut
3080 5578 3335 5633 caeteros,
3377 5569 3472 5624 sed

1900 5669 2207 5740 specialiter
2233 5685 2344 5739 prae
2371 5667 2580 5723 cmteris
2612 5667 2742 5721 scio.
2785 5664 2949 5718 Maria
2977 5675 3124 5729 ergo,
3159 5658 3280 5727 quia
3314 5674 3467 5714 voca-
