3954 6200
389 411 499 471 259

393 613 644 687 protinus
668 605 933 669 Rabboni,
967 603 1020 657 id
1045 608 1158 665 est,
1191 595 1509 666 magistrum
1539 595 1731 652 vocat,
1763 584 1890 687 quia
1924 590 1979 637 ct

396 677 518 777 ipse
555 709 671 759 erat
704 698 794 768 qui
825 693 1168 765 quaerebatur
1190 686 1462 751 exterius,
1502 690 1559 737 et
1595 682 1710 751 ipse
1739 677 1831 748 qui
1859 690 1979 730 eam

403 793 664 854 exterius,
693 801 754 843 ut
778 788 1064 857 quaereret,
1095 780 1343 835 docebat.

477 886 619 939 Dicit
667 881 715 936 ei
756 878 950 933 Iesus:
1001 872 1129 929 Noli
1174 887 1253 925 me
1298 877 1531 938 tangere,
1577 861 1810 918 nondum
1847 858 1985 912 enim

399 972 620 1030 escendi
658 970 727 1024 ad
760 966 974 1021 Patrem
1012 978 1204 1019 meum.
1254 958 1355 1034 (Ex
1397 953 1651 1027 August.)
1705 953 1799 1007 Sic
1842 949 1988 1005 enim

411 1068 615 1122 dictum
643 1071 724 1118 est
748 1076 762 1114 :
798 1057 926 1113 Noli
956 1073 1037 1110 me
1063 1064 1307 1125 tangere,
1336 1061 1398 1106 ut
1426 1051 1483 1105 in
1512 1049 1602 1104 illa
1629 1046 1828 1102 femina
1858 1042 1991 1113 ligu-

410 1167 634 1212 raretur
671 1151 914 1209 Ecclesia
954 1149 1022 1204 de
1063 1146 1332 1219 gentibus,
1377 1157 1498 1213 quae
1540 1141 1597 1195 in
1632 1137 1850 1193 Christo
1885 1149 1992 1189 non

406 1245 665 1308 credidit,
699 1242 803 1297 nisi
834 1254 958 1295 cum
989 1234 1321 1293 ascendisset
1350 1234 1417 1289 ad
1442 1232 1678 1286 Patrem.
1721 1227 1825 1283 Aut
1846 1233 1997 1280 certe

417 1335 497 1392 sic
522 1349 579 1388 se
603 1330 751 1387 credi
777 1327 946 1383 voluit
974 1325 1162 1389 Jesus,
1207 1325 1313 1378 hoc
1338 1328 1452 1386 est,
1497 1319 1577 1373 sic
1604 1333 1663 1373 se
1692 1313 1999 1386 specialiter

420 1428 586 1498 tangi,
616 1425 759 1495 quod
790 1424 902 1493 ipse
930 1429 1013 1475 est
1044 1427 1100 1474 et
1126 1418 1288 1472 Pater
1312 1431 1480 1470 unum
1508 1414 1636 1468 sint.
1668 1409 1864 1474 Aliter,
1892 1422 1998 1462 non

418 1526 568 1573 recte
595 1514 852 1586 tangitur,
883 1512 938 1567 id
964 1516 1068 1574 est,
1098 1524 1205 1563 non
1232 1516 1380 1563 recte
1406 1504 1662 1560 creditur.

499 1608 608 1683 (Ex
645 1603 889 1677 (ἕτερον.)
945 1601 1064 1657 Jam
1094 1614 1225 1655 vero
1259 1598 1332 1651 ab
1363 1592 1692 1663 evangelista
1729 1604 1837 1645 non
1872 1588 2001 1683 subc-

418 1677 592 1765 ditur,
621 1697 749 1769 quid
778 1694 972 1750 mulier
1000 1689 1214 1753 fecerit,
1245 1686 1349 1742 sed
1366 1700 1433 1739 ex
1470 1699 1535 1739 eo
1569 1681 1831 1769 innuitur,
1863 1677 2008 1748 quod

424 1767 654 1849 audivit,
682 1785 768 1843 cui
800 1783 1037 1839 dicitur:
1077 1777 1204 1833 Noli
1232 1792 1313 1830 me
1336 1784 1569 1844 tangere,
1602 1768 1836 1824 nondum
1864 1767 2006 1821 enim

1671 375 2027 436 SMARAGDI
2063 365 2352 428 ABBATIS

393 533 485 579 tur
527 534 596 577 ex
640 517 888 580 nomine,
940 504 1277 581 recognoscit
1306 508 1613 564 auctorem,
1659 504 1820 565 atque
1846 507 1969 548 eum
2001 493 2051 551 Λ

2698 473 2903 531 FERlA
2943 469 3031 528 Vl.

2312 585 2569 626 EPISTOLA
2609 583 2766 643 PETRI
2809 577 3063 620 Αροετοω
3101 574 3141 626 1,
3182 572 3303 614 CAP.
3342 572 3423 612 Ill.
3464 599 3476 609 .

2156 684 2173 715 ι
2203 663 2452 719 Christus
2482 656 2647 713 semel
2670 671 2767 725 pro
2789 652 3030 725 peccatis
3055 648 3259 704 nostris
3286 655 3537 702 mortuus
3556 653 3664 712 est,

2087 775 2105 807 ι
2134 755 2313 824 justus
2335 766 2434 824 pro
2458 748 2692 820 iniustis,
2724 751 2785 799 ut
2808 759 2905 798 nos
2926 738 3146 797 oll‘erret
3171 739 3283 793 Deo
3311 736 3672 793 mortiﬁcatos

2090 865 2107 896 ι
2142 844 2358 916 quidem
2388 854 2580 903 carne,
2607 834 2909 890 vivificatos
2938 838 3117 886 autem
3146 827 3361 898 spiritu.
3394 826 3453 881 in
3481 841 3590 897 quo
3615 836 3673 882 et

2093 957 2111 991 c
2144 937 2230 993 his
2257 934 2349 1005 qui
2384 934 2437 987 in
2466 945 2685 987 carcere
2717 933 2871 984 erant
2889 966 2904 991 ,
2935 922 3256 995 spiritaliter
3279 921 3504 975 veniens
3530 935 3675 991 pra:-

2096 1046 2113 1079 ι
2146 1025 2363 1081 dicavit.
2413 1022 2516 1089 Qui
2556 1018 2820 1075 increduli
2860 1014 3075 1069 fuerant
3105 1010 3420 1080 aliquando,
3457 1011 3676 1080 quando

2099 1135 2116 1168 ε
2150 1112 2541 1183 exspectabant
2577 1110 2673 1164 Dei
2708 1106 3023 1178 patientiam
3052 1104 3106 1158 in
3135 1102 3327 1157 diebus
3363 1099 3505 1165 Noe,
3550 1115 3680 1156 cum

2101 1226 2119 1260 ι
2155 1205 2513 1261 fabricaretur
2538 1216 2686 1266 arca,
2710 1200 2764 1254 in
2790 1213 2894 1268 qua
2920 1196 3101 1267 pauci,
3125 1195 3180 1249 id
3204 1204 3306 1256 est,
3333 1201 3457 1249 octo
3483 1189 3682 1248 animai

2104 1316 2123 1350 ι
2157 1297 2319 1352 salvae
2356 1294 2512 1349 facta:
2551 1299 2677 1347 sunt
2712 1304 2811 1360 per
2847 1302 3065 1357 aquam.
3117 1285 3272 1353 Quod
3309 1293 3365 1340 et
3402 1280 3505 1339 vos
3536 1298 3683 1338 nunc

2106 1407 2126 1441 ι
2156 1386 2350 1444 similis
2386 1385 2574 1440 format
2610 1381 2789 1436 salvos
2825 1378 2954 1435 facit
2993 1377 3263 1446 baptisma
3286 1415 3301 1440 ,
3352 1387 3459 1429 non
3499 1374 3687 1428 carnis

2108 1499 2126 1533 ι
2161 1478 2430 1551 depositio
2456 1475 2696 1532 sordium
2712 1472 2862 1541 ,.sed
2893 1469 3244 1527 conscientiae
3268 1467 3422 1522 home
3447 1468 3687 1521 interro-

2110 1594 2130 1624 ι
2164 1571 2310 1644 gatio
2333 1570 2387 1625 in
2401 1569 2592 1633 Deum,
2609 1581 2705 1638 per
2727 1563 3182 1620 resurrectionem
3202 1560 3329 1617 Jesu
3349 1559 3577 1627 Christi,
3594 1560 3691 1631 qui

2112 1684 2131 1716 ι
2164 1672 2248 1720 est
2274 1664 2326 1717 in
2355 1662 2543 1717 dextra
2570 1660 2686 1715 Dei.
2721 1679 2740 1713 ι

2179 1754 2418 1811 Christus
2441 1751 2601 1809 semel
2618 1768 2713 1824 pro
2734 1750 2958 1823 peccatis
2983 1750 3177 1805 nostris
3199 1759 3437 1804 mortuus
3461 1758 3558 1815 est,
3578 1757 3688 1805 etc.

1056 1885 1248 1923 meum.
1307 1865 1365 1919 lu
1412 1834 1501 1917 his
1549 1834 1783 1928 namque
1825 1858 2007 1915 verbis
2034 1855 2083 1914 B
2111 1848 2214 1920 (Ex
2242 1834 2434 1918 Beda.)
2459 1845 2580 1937 Qui
2612 1858 2744 1937 ergo
2777 1841 2955 1937 justus
2992 1841 3216 1937 patitur,
3257 1839 3533 1895 Christum
3573 1840 3702 1895 imi-

428 1971 756 2033 ostenditur,
782 1965 925 2037 quod
951 1961 1118 2016 Maria
1150 1957 1403 2030 amplecti
1427 1954 1598 2009 voluit
1624 1954 1740 2022 ejus
1764 1949 2008 2021 vestigia,

430 2074 591 2131 quem
631 2055 985 2127 recognovit,
1036 2049 1129 2106 sed
1166 2048 1228 2103 rei
1270 2045 1527 2116 magister
1565 2042 1731 2097 dicit:
1769 2039 1897 2094 Noli
1932 2054 2014 2092 me

432 2130 662 2222 tangere.
704 2148 820 2202 Non
850 2145 976 2215 quia
1009 2148 1133 2213 post
1161 2135 1614 2194 resurrectionem
1646 2130 1906 2186 Dominus
1934 2137 2011 2183 ta-

434 2218 581 2300 ctum
621 2240 803 2295 renuit
840 2236 1165 2291 feminarum
1191 2272 1206 2298 ,
1252 2245 1376 2285 cum
1406 2230 1474 2283 de
1505 2227 1715 2281 duabus
1744 2224 1812 2278 ad
1840 2218 2018 2293 sepul—

435 2348 588 2390 crum
635 2330 753 2399 ejus
802 2326 1062 2395 scriptum
1110 2323 1216 2377 sit:
1259 2319 1602 2373 Accesserant
1650 2325 1697 2368 et
1742 2322 2017 2367 tenuerunt

425 2424 590 2497 ,pedes
616 2421 750 2492 ejus.
802 2417 908 2473 Sed
938 2432 1037 2471 cur
1066 2413 1215 2484 tangi
1246 2427 1353 2466 non
1380 2409 1598 2473 debeat,
1634 2407 1774 2461 ratio
1805 2420 2020 2475 quoque

431 2493 657 2570 additur
693 2526 814 2567 cum
853 2504 1223 2563 subiufertur:
1259 2500 1505 2556 Nondum
1536 2499 1675 2552 enim
1703 2496 1917 2550 ascendi
1951 2493 2020 2548 ad

438 2604 658 2661 Patrem
697 2617 890 2657 meum.
942 2598 1001 2654 ln
1030 2595 1194 2652 corde
1223 2593 1424 2649 etenim
1458 2598 1664 2654 nostro,
1706 2596 1832 2642 tunc
1864 2586 2022 2642 Iesus

441 2695 690 2753 ascendit
730 2693 798 2747 ad
839 2690 1058 2745 Patrem
1084 2727 1100 2753 ,
1142 2700 1267 2742 cum
1310 2681 1533 2753 aequalis
1574 2680 1814 2735 creditur
1849 2675 2019 2731 Patri.

448 2788 583 2843 Nam
605 2784 850 2857 quisquis
870 2797 991 2838 eum
1013 2778 1274 2850 :equalcm
1290 2775 1437 2831 Patri
1452 2790 1557 2829 non
1574 2772 1767 2837 credit,
1782 2772 1955 2826 adhuc
1970 2770 2025 2824 in

434 2880 564 2950 ~cjus
583 2885 803 2948 pectore
828 2874 896 2929 ad
915 2872 1132 2927 Patrem
1156 2884 1261 2924 non
1286 2865 1548 2922 ascendit.
1578 2863 1671 2920 llle
1694 2878 1822 2934 ergo
1840 2861 2026 2917 'Jesum

442 2969 713 3024 veraciter
741 2964 933 3036 tangit,
958 2962 1048 3032 qui
1067 2960 1217 3015 Patri
1238 2957 1284 3012 F
1292 2958 1441 3012 ilium
1471 2962 1800 3011 coaeternum
1831 2951 2025 3007 credit.

527 3057 671 3113 Vade
696 3058 765 3111 ad
794 3057 985 3126 fratres
1012 3069 1175 3117 meos,
1215 3061 1263 3104 et
1303 3049 1388 3103 dic
1417 3050 1492 3102 eis
1506 3063 1532 3102 ‘:
1560 3046 1795 3101 Ascendo
1824 3043 1893 3098 ad
1921 3040 2032 3098 Pa-

446 3162 577 3206 trem
614 3163 820 3210 meum,
861 3153 918 3199 et
957 3142 1184 3210 reliqua.
1242 3140 1358 3195 Non
1389 3139 1464 3193 ait
1499 3138 1716 3192 Patrem
1747 3143 2025 3201 nostrum;

2111 1945 2285 2003 tatur;
2325 1936 2418 2006 qui
2457 1934 2514 1989 in
2549 1932 2775 2004 ﬂagellis
2811 1931 3126 2002 corrigitur,
3165 1929 3466 1995 latronem,
3507 1931 3602 2000 qui
3640 1931 3700 1984 in

2111 2044 2275 2087 cruce
2298 2027 2573 2084 Christum
2603 2024 2874 2096 cognovit,
2906 2030 2962 2077 et
2988 2029 3111 2093 post
3139 2035 3356 2077 crucem
3384 2021 3703 2089 paradisum

2113 2136 2236 2177 cum
2261 2118 2480 2175 Christo
2510 2115 2751 2171 intravit.
2799 2113 2900 2181 Qui
2934 2124 3037 2168 nec
3070 2112 3214 2166 inter
3241 2109 3445 2182 flagella
3486 2109 3709 2165 desistit

2115 2230 2146 2269 a
2172 2211 2371 2281 culpis,
2419 2208 2699 2264 sinistrum
2731 2206 2977 2261 imitatur
3001 2203 3267 2258 latronem
3290 2243 3304 2268 ,
3352 2202 3443 2272 qui
3481 2207 3708 2271 propter

2115 2310 2339 2374 peccata
2367 2298 2612 2354 ascendit
2638 2297 2695 2352 in
2725 2310 2943 2352 crucem
2962 2335 2977 2358 ,
3017 2302 3071 2349 et
3103 2302 3228 2364 post
3255 2306 3471 2348 crucem
3502 2293 3611 2346 ruit
3648 2292 3709 2345 in

2118 2401 2404 2450 tartarum.
2437 2389 2564 2446 Ideo
2592 2396 2773 2443 autem
2795 2384 3070 2442 Christum
3099 2383 3266 2439 semel
3288 2392 3561 2439 mortuum
3584 2397 3712 2438 esse

2112 2490 2529 2547 commemorat,
2548 2488 2610 2535 ut
2631 2479 2786 2534 nobis
2806 2490 3020 2549 quoque
3043 2476 3097 2530 in
3120 2476 3437 2531 memoriam
3460 2483 3706 2541 revocet,

2096 2578 2248 2649 quia
2277 2573 2641 2646 temporaneis
2666 2570 2872 2627 nostris
2898 2568 3240 2640 passionibus
3267 2581 3482 2624 merces
3507 2568 3712 2625 redde-

2124 2676 2213 2722 tur
2236 2673 2465 2720 aeterna.

2196 2760 2266 2816 Ut
2291 2779 2385 2817 nos
2408 2761 2618 2831 offerret
2640 2758 2770 2823 Deo,
2795 2745 3137 2826 mortiﬁcatos
3160 2752 3369 2828 quidem
3391 2768 3573 2818 carne,
3595 2759 3711 2807 etc.

2126 2855 2204 2912 De
2233 2854 2337 2910 hac
2367 2850 2782 2907 mortificatione
2809 2848 3023 2910 carnis,
3062 2856 3121 2903 et
3147 2843 3511 2899 vivificatione
3546 2841 3716 2912 spiri-

2126 2954 2238 3008 tus,
2262 2958 2425 3014 quam
2452 2943 2656 2997 habent
2678 2941 2734 2995 hi
2761 2940 2852 3010 qui
2878 2953 2980 3010 pro
3014 2937 3242 2992 Domino
3268 2948 3367 3006 per
3397 2932 3718 3004 patientiam

2131 3035 2398 3090 laborant.
2447 3032 2589 3089 Dicit
2625 3040 2681 3088 et
2720 3030 2993 3102 apostolus
3030 3028 3264 3084 Paulus:
3301 3025 3369 3081 Et
3407 3027 3454 3080 si
3486 3026 3723 3079 exterior

2117 3129 2288 3183 homo
2319 3135 2495 3181 noster
2518 3124 2894 3195 corrumpitur,
2929 3121 3020 3177 sed
3045 3131 3219 3175 tamen
3258 3120 3302 3173 is
3342 3119 3432 3190 qui
3459 3104 3603 3172 intus
3638 3125 3724 3171 est

448 3242 607 3297 aliter
632 3251 762 3307 ergo
791 3201 969 3288 meum
989 3272 1004 3296 ,
1053 3201 1212 3285 aliter
1246 3237 1507 3282 vestrum.
1561 3225 1765 3280 Natura
1812 3239 1990 3279 meum
2012 3263 2027 3289 ,
2056 3201 2102 3262 (ἶ
2134 3229 2412 3275 renovatur
2435 3219 2500 3273 de
2525 3218 2611 3272 die
2630 3218 2687 3272 in
2712 3217 2848 3272 diem
2875 3214 2962 3288 (II
2984 3213 3105 3270 Cor.
3136 3212 3233 3291 tv).
3266 3211 3436 3269 Oﬂ'ert
3461 3227 3592 3283 ergo
3617 3227 3725 3268 nos

449 3330 623 3402 gratia
650 3332 922 3388 vestrum,
958 3330 1014 3377 et
1044 3322 1213 3375 Deum
1244 3333 1452 3382 meum,
1483 3324 1539 3372 et
1566 3316 1735 3371 Deum
1766 3324 2028 3370 vestrum.

446 3421 637 3490 Neque
664 3418 752 3473 hic
779 3414 913 3471 dixit
940 3431 955 3467 :
986 3411 1155 3467 Deum
1184 3419 1450 3465 nostrum.
1488 3406 1630 3478 Ergo
1660 3416 1715 3461 et
1743 3404 1850 3470 hic,
1878 3403 2034 3459 aliter

441 3523 654 3573 suettm,
678 3507 835 3562 aliter
858 3511 1118 3559 vestrum.
1156 3501 1324 3556 Deum
1356 3514 1557 3563 meum,
1588 3499 1689 3553 sub
1717 3512 1826 3568 quo
1853 3505 1907 3550 ct
1933 3510 2033 3566 ego

452 3603 616 3658 homo
643 3613 762 3653 sum
787 3614 800 3650 :
841 3594 1010 3648 Deum
1037 3599 1303 3656 vestrum,
1343 3589 1486 3644 inter
1511 3602 1647 3658 quos
1685 3595 1741 3643 et
1776 3586 1889 3657 ipse
1918 3600 2032 3640 me-

454 3692 632 3746 diator
659 3702 800 3742 sum.
850 3683 985 3739 Cum
1028 3697 1152 3738 eum
1196 3681 1338 3736 dicat
1376 3687 1434 3734 et
1472 3685 1711 3734 vestrum
1735 3716 1749 3741 ,
1798 3691 1898 3731 cur
1928 3689 2034 3729 non

454 3777 816 3833 communiter
852 3773 981 3827 dicit
1022 3771 1319 3826 nostrum?
1372 3770 1469 3825 sed
1510 3769 1767 3823 distincte
1811 3768 2036 3837 loquens

456 3867 680 3931 iudicat,
708 3865 834 3935 quia
866 3863 1115 3917 eumdem
1145 3860 1362 3914 Patrem
1398 3867 1453 3914 et
1487 3858 1654 3913 Deum
1703 3858 2038 3916 dissimiliter

457 3961 624 4018 habet
664 3959 778 4029 ipse
818 3970 979 4025 quam
1021 3968 1159 4008 nos:
1197 3951 1433 4006 Asceudo
1469 3950 1540 4004 ad
1575 3948 1790 4004 Patrem
1833 3966 2034 4015 meum,

455 4048 709 4105 videlicet
741 4060 838 4117 per
866 4054 1147 4105 naturam.
1188 4049 1245 4095 et
1280 4040 1495 4095 Patrem
1525 4046 1764 4094 vestrum
1787 4053 1892 4107 per
1918 4053 2040 4106 gra-

453 4142 603 4196 tiam
636 4158 648 4192 :
697 4137 766 4192 ad
805 4136 972 4191 Dcmn
1011 4148 1222 4200 meum,
1267 4132 1394 4202 quia
1434 4130 1720 4195 descendi,
1763 4129 1831 4184 ad
1861 4128 2040 4182 .Dcum

450 4239 720 4292 uestrum,
754 4226 879 4296 quia
907 4224 1224 4280 ascendistis
1262 4241 1274 4277 :
1311 4224 1437 4292 quia
1467 4220 1612 4277 enim
1644 4228 1700 4277 et
1725 4234 1824 4291 ego
1855 4219 2037 4284 homo,

452 4321 604 4376 :Deus
630 4320 763 4375 miiii
791 4327 907 4385 est;
946 4319 1074 4387 quia
1094 4332 1192 4373 vos
1218 4317 1289 4372 ab
1310 4330 1500 4371 errore
1527 4312 1764 4378 liberati,
1788 4313 1930 4368 Deus
1957 4320 2041 4367 est

459 4412 634 4466 vobis.
671 4410 934 4465 Distincte
965 4424 1096 4479 ergo
1126 4409 1258 4464 mihi
1297 4409 1456 4463 Pater
1490 4415 1545 4461 et
1582 4407 1725 4462 Deus
1761 4415 1875 4472 est,
1914 4406 2040 4476 quia

452 4516 622 4570 quem
661 4512 787 4554 ante
825 4497 1019 4553 sarcula
1056 4499 1224 4553 Deum
1264 4498 1488 4567 genuit,
1540 4497 1815 4551 hominem
1845 4496 1900 4550 in
1930 4494 2035 4549 line

464 4593 783 4647 saeculorum
811 4604 1022 4644 mecum
1050 4590 1272 4643 creavit.

545 4681 693 4736 Venit
725 4680 902 4735 Maria
934 4678 1249 4749 Magdaleue
1274 4680 1594 4733 annuntians
1617 4677 1908 4749 discipulis,
1932 4686 2036 4733 etc.

464 4773 604 4829 Ecce
629 4771 848 4827 humani
875 4768 1089 4842 generis
1110 4768 1267 4840 culpa
1296 4769 1368 4824 ibi
1396 4768 1729 4824 abscinditur
1750 4768 1892 4823 unde
1914 4783 2040 4838 pm-

463 4863 650 4919 cessit.
680 4862 815 4930 Quia
842 4861 986 4917 enim
1016 4860 1071 4915 in
1100 4859 1352 4930 paradiso
1381 4859 1575 4915 mulier
1594 4859 1713 4915 viro
1738 4858 2044 4929 propinavit

464 4964 718 5022 mortem,
748 4971 778 5010 a
810 4954 1059 5025 sepulcro
1088 4951 1282 5008 mulier
1308 4952 1439 5006 viris
1467 4950 1751 5006 annuntiat
1774 4951 1961 5016 vitam,
1988 4960 2044 5005 et

457 5046 607 5103 dicta
635 5048 717 5103 sui
739 5047 1091 5103 vivificatoris
1115 5054 1316 5111 narrat,
1340 5060 1460 5115 qua:
1483 5042 1751 5099 mortiferi
1774 5043 2042 5113 serpentis

464 5139 625 5192 verba
654 5148 1001 5205 narraverat,
1040 5153 1103 5192 ac
1132 5138 1179 5192 si
1207 5137 1445 5192 humano
1471 5135 1688 5207 generi,
1724 5151 1832 5189 non
1863 5134 2047 5197 verbis,

465 5230 744 5294 Dominus,
774 5231 866 5284 sed
897 5233 1057 5285 rebus
1086 5230 1246 5295 dicat,
1276 5230 1342 5284 de
1369 5244 1474 5299 qua
1502 5244 1663 5282 manu
1687 5227 1839 5281 vobis
1868 5226 2044 5281 illatus

460 5331 550 5380 est
571 5332 732 5394 potus
758 5323 969 5389 mortis,
996 5323 1062 5378 de
1089 5323 1204 5393 ipsa
1232 5322 1488 5392 suscipite
1510 5320 1764 5393 poculum
1791 5321 1934 5374 vitm.

1100 5431 1413 5471 CONCOBDIA.

535 5506 595 5563 In
634 5509 738 5564 hoc
771 5508 995 5563 istarum
1030 5505 1257 5561 duarum
1298 5506 1355 5560 fit
1391 5505 1681 5561 concordia
1716 5503 2040 5569 lectionum,

467 5600 594 5667 quia
624 5599 836 5654 locutus
862 5605 945 5654 est
971 5595 1193 5668 angelus
1222 5595 1421 5663 Marim,
1450 5596 1663 5650 locutus
1692 5604 1746 5649 et
1775 5593 2041 5664 Philippo.

465 5688 871 5761 Evangeliravit
910 5689 1093 5746 Jesum
1136 5688 1413 5760 Philippus
1450 5689 1730 5752 eunucho,
1777 5686 2045 5740 nuntiavit

474 5779 637 5834 Maria
666 5785 920 5852 apostolis
946 5784 971 5838 ,Ι
996 5801 1149 5838 ιςιιιιι.

2132 3309 2421 3365 ΒθοτΡθῐΓί
2447 3307 2695 3365 Christus
2722 3349 2738 3374 ,
2780 3322 2903 3362 cum
2931 3313 3057 3377 post
3089 3304 3561 3360 mortificadonem
3596 3318 3725 3359 car-

2133 3402 2220 3456 nis
2246 3415 2346 3471 pro
2377 3399 2468 3455 illo
2498 3397 2767 3454 immolari
2797 3396 3095 3468 gaudemus
3114 3436 3129 3461 ,
3181 3393 3236 3450 id
3272 3402 3385 3458 est,
3426 3393 3595 3447 vitam
3624 3408 3727 3448 no-

2134 3501 2304 3548 stram
2337 3486 2662 3547 laudabilem
2691 3490 2745 3544 in
2775 3495 3068 3558 conspectu
3106 3486 3287 3541 Patris
3323 3485 3581 3540 ostendit.
3622 3482 3729 3540 Vel

2134 3591 2283 3639 certe
2309 3579 2470 3637 offert
2493 3595 2593 3635 nos
2621 3578 2753 3644 Deo,
2785 3591 2913 3633 cum
2943 3574 3220 3630 absolutos
3253 3588 3438 3639 carne,
3476 3574 3530 3628 in
3561 3582 3728 3628 teter—

2135 3687 2264 3727 num
2292 3685 2393 3726 nos
2422 3683 2648 3740 regnum
2672 3664 2986 3722 introducit.
3023 3664 3166 3721 Sane
3186 3665 3291 3727 hoc
3313 3664 3455 3734 quod
3483 3662 3686 3718 dicitur
3704 3681 3724 3718 :

2147 3759 2445 3831 Viriﬁcatos
2469 3766 2645 3812 autem
2670 3756 2876 3828 spiritu,
2902 3761 3123 3811 sanctus
3143 3751 3477 3809 Athanasius
3495 3752 3730 3807 Alexan-

2137 3852 2269 3906 driae
2293 3848 2535 3920 pontifex
2554 3890 2569 3915 ,
2601 3864 2709 3903 non
2737 3846 2806 3902 ad
2833 3845 3069 3903 hominis
3095 3845 3376 3918 spiritum,
3408 3845 3502 3914 qui
3534 3844 3730 3899 morti-

2138 3942 2296 3997 ﬁcata
2336 3955 2500 3995 carne
2532 3939 2723 3994 u‘elius
2749 3937 3078 4005 vivificatur,
3113 3938 3330 3993 dicente
3356 3936 3628 4007 Propheta
3662 3936 3729 3991 de

2140 4031 2368 4087 Domino
2392 4048 2405 4084 :
2440 4029 2511 4086 Ut
2537 4029 2775 4085 vivilicet
2801 4029 3050 4101 spiritum
3073 4028 3381 4094 humilium.
3408 4037 3465 4084 et
3490 4025 3729 4083 vivilicct

2139 4139 2235 4179 cor
2261 4123 2574 4187 contritum,
2601 4122 2696 4178 sed
2726 4122 2794 4177 ad
2824 4121 3055 4193 gratiam
3081 4122 3268 4194 potius
3296 4120 3463 4176 refert
3489 4118 3731 4192 Spiritus

2141 4215 2335 4282 sancti,
2367 4216 2458 4286 qui
2492 4213 2943 4269 mortificantibus
2985 4228 3206 4269 carnem
3251 4227 3404 4268 suam
3434 4211 3600 4265 vitam
3634 4212 3733 4265 tri-

2142 4307 2258 4362 buit
2304 4305 2710 4376 sempiternam.
2766 4303 2950 4359 Utitur
2982 4304 3131 4358 enim
3169 4310 3227 4358 et
3267 4303 3373 4359 hoc
3418 4300 3735 4356 testimonio

2143 4406 2331 4452 contra
2350 4395 2597 4460 Arianos,
2623 4395 2713 4466 qui
2738 4393 3035 4464 arqualitati
3065 4400 3271 4450 sancta:
3297 4392 3580 4447 Trinitatis
3606 4407 3736 4446 con-

2144 4491 2436 4551 tradicunt,
2457 4499 2816 4557 astrueusque
2840 4486 3171 4541 individuam
3188 4485 3385 4539 divina:
3398 4483 3737 4553 operationis

2140 4584 2229 4640 uni
2238 4593 2420 4639 tatem.
2441 4583 2690 4639 Viviﬁcet
2709 4581 2892 4647 Pater,
2909 4578 3347 4643 viviﬁcetFilius,
3362 4576 3599 4633 vivificet
3614 4575 3739 4648 Spi-

2138 4677 2277 4730 ritus
2306 4682 2545 4730 sanctus.
2595 4673 2828 4730 Proinde
2866 4672 2996 4729 licet
3023 4679 3079 4726 et
3106 4670 3271 4737 lilius,
3306 4670 3436 4741 quia
3465 4671 3739 4739 scriptum

2094 4789 2099 4797 ’
2138 4775 2258 4821 est:
2288 4762 2448 4820 Sicut
2476 4765 2619 4819 enim
2658 4762 2887 4819 suscitat
2918 4763 3088 4819 Pater
3111 4768 3356 4817 mortuos
3387 4768 3443 4815 et
3468 4759 3739 4825 vivilicat,

2140 4858 2220 4912 sic
2247 4864 2302 4911 et
2328 4854 2498 4910 Filius
2523 4870 2659 4926 quos
2678 4854 2796 4910 vult
2814 4852 3076 4919 viviﬁcat,
3102 4850 3341 4923 Spiritus
3357 4865 3487 4907 vero
3510 4862 3742 4907 sanctus

2137 4957 2198 5004 et
2221 4950 2325 5004 hoc
2356 4948 2665 5004 testimonio
2695 4947 3021 5013 declaratur,
3046 4960 3155 5017 quo
3178 4945 3378 5001 dicitur
3396 4945 3461 5000 de
3485 4944 3648 5008 Filio,
3680 4953 3744 5000 ut

2142 5057 2243 5097 nos
2270 5039 2491 5095 offerret
2518 5040 2650 5106 Deo,
2680 5039 3026 5109 morti/icatos
3056 5038 3265 5110 quidem
3296 5054 3472 5102 carne,
3502 5037 3740 5106 rivi/ica-

2134 5148 2220 5191 tos
2245 5145 2418 5190 autent
2447 5135 2655 5207 spiritu.
2690 5132 2927 5204 ideoque
2953 5147 3181 5201 quorum
3207 5146 3317 5186 una
3344 5131 3589 5202 operatio
3618 5139 3701 5186 est
3722 5170 3742 5194 ,

2140 5230 2335 5284 horum
2358 5241 2477 5282 esse
2505 5226 2690 5297 dispar
2709 5223 2946 5279 essentia
2969 5223 3056 5279 vel
3077 5222 3381 5280 substantia
3406 5236 3512 5276 non
3537 5220 3740 5290 possit.

2214 5318 2285 5373 In
2315 5335 2418 5390 quo
2448 5328 2496 5372 et
2525 5317 2605 5372 Itis
2634 5316 2723 5388 qui
2758 5315 2820 5370 in
2848 5331 3057 5370 carcere
3086 5324 3235 5369 erunt
3253 5355 3268 5380 ,
3311 5311 3625 5385 spiritaliter
3652 5328 3746 5366 re-

2144 5410 2291 5464 niens
2319 5407 2642 5480 pradicavit,
2670 5416 2777 5461 etc.
2819 5404 2921 5472 Qui
2958 5404 3160 5460 nostris
3200 5401 3536 5474 temporibus
3567 5414 3748 5456 carne

2146 5502 2389 5563 veniens,
2414 5499 2513 5554 iter
2537 5498 2660 5552 vitae
2689 5496 2889 5551 mundo
2917 5494 3249 5567 praedicavit,
3276 5494 3389 5563 ipse
3413 5492 3578 5547 etiam
3601 5498 3748 5546 ante

2146 5590 2178 5644 d
2205 5590 2405 5642 luvium
2437 5588 2517 5642 cis
2556 5585 2648 5656 qui
2692 5594 2819 5640 tunc
2854 5582 3115 5639 increduli
3156 5591 3316 5636 erant
3348 5589 3403 5635 et
3437 5578 3747 5634 carnaliter

2148 5685 2425 5745 vixerant,
2470 5679 2663 5751 spiritu
2691 5677 2913 5731 veniens
2940 5674 3275 5744 pratdicavit.
3316 5672 3437 5743 Ipse
3465 5670 3614 5725 enim
3642 5683 3753 5739 per

2150 5776 2411 5845 Spiritum
2439 5781 2686 5827 sanctum
2715 5779 2831 5823 erat
2867 5768 2919 5821 in
2952 5765 3082 5833 Nec,
3112 5765 3459 5833 (ueterisque,
3486 5760 3580 5834 qui
3608 5769 3750 5817 tunc

3754 2642 3783 2661 Ι
