3940 6206
253 350 347 404 εδι

1085 346 1606 406 COLLECTlONES
1644 346 1711 401 IN
1753 342 2134 401 EHSTOLAS
2167 347 2256 403 ET
2296 344 2708 403 EVANGELIA.

3418 340 3530 397 262

252 469 425 532 fuere,
453 465 680 531 sanctis,
707 474 764 520 et
789 478 884 536 per
910 480 1098 520 eorum
1125 465 1321 520 bonam
1345 463 1835 525 conversationem,
1865 466 1916 525 Λ
1941 462 2104 518 verba
2143 462 2380 520 tldelium
2418 464 2660 535 quotidie
2698 463 2841 519 viam
2878 463 3002 518 vita:
3042 463 3377 519 demonstrat
3397 503 3413 528 ,
3457 464 3525 518 de

249 558 431 629 pravis
460 557 604 612 illius
631 557 733 611 :evi
754 556 1088 631 hominibus,
1118 566 1178 612 ut
1206 560 1275 612 ad
1305 556 1527 611 meliora
1554 562 1840 611 converte-

251 660 460 714 mntur,
482 647 818 720 praedicavit.
855 646 1151 704 Conclusos
1171 663 1403 719 namque
1425 649 1477 703 in
1499 662 1663 704 carne
1683 647 1836 713 dicit,

248 739 559 795 carnalibus
587 738 876 794 desideriis
900 747 1243 809 aggravatos.
1281 738 1433 795 Unde
1461 739 1527 793 de
1553 738 1659 794 illis
1690 736 1838 793 Scri-

245 838 409 902 ptura
450 828 567 884 ait:
612 828 759 898 quod
798 826 967 882 omnis
1007 843 1130 881 caro
1170 838 1478 897 corruperat
1514 828 1653 881 viam
1684 843 1836 881 suam

248 919 407 991 (Cen.
430 918 532 991 vi).
564 917 719 986 Quod
747 925 928 972 autem
958 917 1105 977 dicit,
1136 917 1193 971 in
1219 933 1343 987 quo,
1370 915 1641 987 signiﬁcat
1664 917 1719 972 in
1745 932 1833 983 eo,

248 1008 391 1078 quod
418 1006 777 1077 prmmiserat,
806 1013 867 1059 ut
893 1019 991 1060 nos
1019 1003 1241 1060 offerret
1268 1004 1399 1069 Deo,
1431 1005 1574 1075 quod
1600 1013 1656 1060 et
1685 1013 1831 1071 tunc,

245 1099 288 1153 si
319 1096 416 1168 qui
461 1095 529 1151 ad
558 1095 1001 1167 praedicationem
1032 1094 1284 1160 Domini,
1332 1109 1494 1164 quam
1535 1111 1635 1166 per
1668 1097 1834 1152 vitam

248 1188 487 1243 ﬁdelium
514 1185 903 1258 praetendebat,
930 1186 1154 1242 credere
1174 1185 1493 1252 voluissent,
1522 1202 1616 1243 eos
1638 1187 1835 1245 oﬁ‘erre

247 1281 356 1334 Deo
396 1278 547 1332 Patri
587 1276 877 1349 gaudebat.
925 1274 982 1331 Si
1021 1276 1115 1346 qui
1157 1284 1339 1331 autem
1368 1276 1732 1333 detrahebant
1767 1278 1835 1335 de

243 1370 426 1434 bonis,
456 1377 712 1437 tanquam
744 1367 810 1422 de
838 1366 1300 1431 malefactoribus,
1337 1367 1393 1422 bi
1419 1368 1670 1424 veniente
1697 1369 1835 1423 dilu-

244 1462 331 1513 vio
356 1456 846 1514 confundebantur.
882 1456 1016 1512 Nam
1046 1470 1100 1512 et
1125 1457 1192 1513 de
1216 1465 1447 1527 utroque
1471 1451 1650 1527 potest
1675 1458 1835 1514 intel-

243 1550 333 1622 ligi
358 1590 375 1614 ,
409 1548 555 1620 quod
585 1549 696 1604 ait:
734 1548 804 1603 In
830 1565 954 1619 qua,
990 1548 1045 1602 id
1075 1557 1189 1613 est,
1230 1549 1285 1604 in
1313 1564 1424 1620 quo
1452 1560 1509 1605 et
1534 1550 1613 1606 eis
1648 1551 1739 1620 qui
1777 1551 1832 1606 in

241 1655 410 1695 carne
436 1637 680 1694 conclusi
707 1647 884 1705 erant,
916 1638 1132 1709 spiritu,
1162 1639 1217 1694 id
1246 1648 1362 1706 est,
1395 1640 1713 1710 spiritaliter
1741 1657 1834 1698 ve—

240 1732 406 1789 niens
418 1730 818 1803 praedicavitmt
829 1741 954 1800 post
966 1731 1210 1787 eamdem
1223 1732 1660 1800 praedicationem
1677 1749 1831 1789 suam

1940 552 2137 622 quibus
2174 553 2308 610 dicit
2338 570 2351 609 :

2009 643 2115 710 Qui
2148 646 2408 701 increduli
2442 648 2651 717 fuerant
2679 644 2986 718 aliquando,
3028 645 3392 716 exspectabant
3423 644 3523 699 Dei

1934 736 2268 806 patientiam.
2315 737 2375 791 In
2415 739 2607 792 diebus
2645 736 2760 792 Noe
2805 751 2929 792 cum
2969 734 3328 790 fabricaretur
3368 749 3518 800 arca,

1936 842 2063 882 nam
2098 835 2151 881 et
2183 822 2301 897 ipsa
2326 829 2423 883 Dei
2453 828 2715 899 patientia
2739 822 3055 898 prcedicatio
3085 818 3203 895 eius
3229 834 3367 891 erat,
3396 841 3520 879 cum

1935 917 2050 974 Noe
2091 928 2315 975 centum
2350 936 2524 976 annos
2565 936 2707 976 arcae
2750 921 3005 991 operibus
3049 916 3343 984 insistens,
3390 920 3522 989 quid

1934 1011 2137 1066 mundo
2167 1010 2408 1067 futurum
2439 1020 2602 1077 esset,
2640 1011 2942 1082 quotidiani
2982 1011 3167 1082 operis
3199 1011 3521 1066 executione

1934 1102 2313 1168 monstrabat,
2372 1103 2501 1173 quia
2562 1103 2761 1160 Paulus
2820 1105 2941 1159 ait:
2991 1105 3077 1159 An
3121 1104 3340 1175 ignoras
3392 1104 3521 1174 quia

1933 1192 2196 1263 patientia
2238 1193 2332 1248 Dei
2374 1193 2440 1248 ad
2479 1195 2855 1264 pmnitentiam
2895 1203 2949 1251 te
2988 1195 3229 1261 adducit,
3251 1204 3355 1250 etc.
3398 1195 3521 1249 Alia

1934 1285 2223 1340 translatio
2266 1286 2411 1341 hunc
2453 1286 2639 1342 locum
2683 1286 2761 1341 ita
2807 1287 3012 1342 habet:
3064 1284 3313 1342 Christus
3353 1286 3521 1341 semel

1932 1391 2033 1447 pro
2071 1376 2310 1445 peccatis
2348 1377 2553 1432 nostris
2590 1384 2838 1431 mortuus
2876 1386 2983 1442 est,
3021 1376 3201 1445 justus
3243 1392 3340 1446 pro
3381 1377 3521 1446 inju-

1933 1467 2052 1532 stis,
2079 1475 2138 1521 ut
2170 1482 2269 1522 nos
2300 1467 2537 1522 adducat
2571 1468 2639 1522 ad
2675 1467 2868 1531 Deum,
2892 1466 3245 1521 mortilicatos
3270 1481 3516 1535 corpore,

1932 1560 2027 1615 sed
2059 1558 2359 1615 viviﬁcatos
2399 1560 2453 1614 in
2497 1546 2712 1628 spiritu,
2757 1558 2812 1612 in
2855 1573 2963 1628 quo
3004 1557 3194 1627 spiritu
3232 1565 3288 1612 et
3314 1558 3395 1613 eis
3424 1558 3520 1629 qui

1933 1652 1988 1707 in
2029 1667 2191 1707 carne
2234 1660 2392 1708 erant
2430 1650 2765 1722 praedicavit,
2806 1650 2901 1721 qui
2942 1650 3213 1720 quondam
3252 1666 3361 1705 non
3400 1665 3520 1705 cre—

1934 1740 2183 1795 diderant
2205 1741 2259 1795 in
2285 1741 2474 1796 diebus
2508 1740 2633 1806 illis,
2662 1755 2785 1795 cum
2810 1747 3153 1809 exspectaret
3175 1741 3457 1809 patientia.

239 1831 293 1877 et
314 1823 669 1878 credentibus
688 1836 890 1877 corona
912 1821 1106 1886 laudis,
1132 1829 1188 1876 et
1212 1821 1298 1877 bis
1319 1823 1412 1894 qui
1435 1822 1489 1878 in
1511 1822 1835 1880 inﬁdelitate
1863 1810 1909 1868 Β
2005 1828 2075 1883 In
2097 1829 2277 1884 άξειηι,
2295 1828 2432 1895 Noe,
2456 1846 2575 1883 cum
2601 1828 2954 1897 fabricantur
2970 1846 3118 1894 ατια,
3139 1828 3195 1882 ξπ
3214 1845 3318 1899 qua
3337 1830 3522 1900 pauci,

238 1913 637 1983 persisterent,
681 1910 928 1967 confusio
956 1919 1295 1967 nasceretur.
1353 1910 1583 1979 Quidam
1614 1914 1833 1970 codices

240 2005 492 2060 habent:
531 2003 590 2059 In
628 2018 736 2074 quo
771 2010 829 2058 et
865 2003 950 2058 bis
987 2002 1078 2072 qui
1118 2002 1172 2057 in
1210 2008 1374 2059 c‘arne
1401 2012 1595 2071 erant,
1635 2004 1832 2073 spiritu

236 2097 469 2151 veniens
496 2095 842 2165 praedicavit,
879 2095 1022 2163 quod
1054 2094 1123 2149 ad
1150 2095 1398 2150 eamdem
1426 2109 1715 2166 pravorum
1745 2104 1830 2151 at-

242 2201 351 2256 que
387 2185 793 2242 incredulorum
830 2186 1183 2243 intentionem
1223 2186 1478 2257 respicit,
1522 2187 1614 2257 qui
1651 2187 1831 2242 cordis

238 2276 487 2335 tenebris
511 2276 859 2332 obscuratum
888 2276 1050 2331 habet
1082 2291 1325 2345 sensum,
1354 2278 1550 2332 merito
1578 2278 1745 2334 etiam
1776 2278 1830 2333 in

240 2370 344 2424 bac
382 2368 493 2422 vita
537 2368 590 2422 in
626 2381 849 2422 carcere
879 2366 1117 2422 conclusi
1156 2381 1277 2422 esse
1316 2366 1586 2435 dicuntur,
1629 2368 1684 2422 in
1723 2383 1831 2437 quo

239 2461 499 2517 videlicet
526 2474 784 2526 carcere,
832 2460 886 2514 in
934 2459 1286 2515 interioribus
1326 2459 1505 2514 adhuc
1556 2459 1826 2525 tenebris,

237 2549 344 2605 hoc
384 2558 470 2605 est
490 2589 507 2615 ,
541 2550 787 2607 cmcitate
817 2549 1048 2615 mentis,
1081 2557 1137 2605 et
1168 2550 1426 2621 operibus
1460 2549 1674 2620 iujustis
1705 2564 1830 2619 gra-

236 2651 465 2706 vantur,
510 2640 686 2701 donec
724 2655 890 2696 carne
931 2640 1115 2708 soluti,
1160 2642 1215 2697 in
1257 2641 1508 2697 tenebras
1530 2642 1830 2697 exteriores

236 2734 410 2790 etiam
453 2734 511 2790 in
553 2748 833 2791 carcerem
870 2732 1229 2805 proiiciantur
1265 2742 1483 2789 aeternae
1519 2733 1828 2789 damnatio-

237 2823 347 2889 nis,
390 2823 461 2880 de
501 2838 609 2894 quo
647 2823 910 2880 Dominus
953 2824 1009 2879 in
1048 2823 1383 2896 Evangelio:
1426 2824 1495 2879 Et
1526 2821 1713 2892 iudex,
1741 2824 1828 2878 in-

235 2919 394 2989 quit,
446 2919 626 2987 tradet
665 2926 717 2975 te
763 2919 1044 2983 ministro,
1088 2928 1145 2974 ct
1180 2919 1237 2974 in
1279 2933 1556 2974 carcerem
1597 2918 1831 2973 mitteris

236 3008 467 3079 (lfatth.
498 3008 574 3080 v).
622 3007 883 3076 Quamvis
926 3008 1090 3063 etiam
1136 3007 1309 3063 sancti
1352 3008 1407 3062 in
1450 3005 1554 3062 hac
1594 3006 1726 3071 vita,
1771 3020 1831 3062 se

235 3098 294 3153 in
339 3113 567 3155 carcere
606 3099 844 3169 positos,
888 3114 1014 3154 cum
1055 3097 1310 3168 gaudium
1350 3112 1599 3169 supernae
1643 3095 1832 3167 patriae

235 3189 456 3255 sitiunt,
501 3160 695 3245 merito
733 3160 1094 3261 proclamant:
1116 3188 1273 3259 juxta
1314 3160 1445 3244 illud
1484 3160 1823 3244 Psalmistm:
1856 3160 1902 3224 ο

238 3279 399 3336 Educ
424 3280 493 3335 de
516 3296 724 3335 carcere
749 3282 1007 3349 animam,
1033 3279 1104 3334 ad
1129 3277 1483 3349 confitendum
1510 3278 1710 3333 nomini
1737 3286 1828 3333 tuo

240 3370 422 3441 (Psal.
451 3370 621 3444 cm).
673 3371 849 3427 Distat
888 3385 1123 3441 namque
1163 3368 1395 3424 multum
1435 3367 1580 3423 inter
1612 3376 1828 3423 utrum-

238 3477 350 3533 que
388 3477 691 3519 carcerem.
757 3461 1040 3535 Siquidem
1082 3464 1297 3535 reprobi
1342 3465 1398 3520 in
1441 3479 1661 3520 carcere
1706 3471 1834 3519 sunt

238 3554 596 3630 peccatorum
636 3564 693 3614 et
733 3557 1072 3627 ignorantiae.
1136 3557 1278 3614 Justi
1320 3573 1449 3614 vero
1502 3558 1557 3613 in
1610 3571 1833 3613 carcere

240 3649 374 3706 licet
416 3647 830 3708 tribulationum
872 3648 1076 3721 positi,
1136 3649 1257 3706 luce
1314 3665 1531 3721 semper
1567 3650 1830 3721 iustitiae,

238 3741 473 3797 dilatato
512 3741 571 3796 in
608 3740 779 3797 Deum
818 3752 986 3799 cerae
1029 3739 1317 3807 fruuntur,
1376 3741 1520 3809 quod
1562 3738 1834 3811 signiﬁca-

237 3842 446 3890 verunt
489 3831 719 3903 apostoli
760 3830 967 3889 latnt...
999 3842 1056 3888 et
1095 3830 1260 3897 Silas,
1291 3845 1417 3886 cum
1454 3828 1633 3918 media
1673 3838 1835 3884 nocte

236 3926 294 3981 in
339 3926 504 3981 initio
539 3925 781 3980 carceris
824 3938 1071 3988 .iornore,
1095 3923 1265 3978 vincti
1305 3922 1429 3978 licet
1465 3928 1523 3976 ct
1553 3919 1832 3992 ﬁagellati,

236 4016 511 4088 hymnum
536 4015 650 4071 Deo
674 4015 849 4071 laudis
893 4014 1168 4071 latissima
1200 4029 1334 4069 voce
1369 4013 1662 4069 canebant.
1706 4011 1837 4080 Qui-

236 4109 369 4162 dam
409 4107 559 4162 hunc
598 4104 775 4161 locum
820 4105 894 4160 ita
939 4105 1328 4175 interpretatus
1366 4112 1470 4168 est,
1516 4103 1660 4172 quod
1701 4117 1834 4157 con-

235 4199 572 4254 solationem
615 4195 762 4251 illam
800 4195 867 4251 de
906 4210 1015 4266 qua
1056 4195 1188 4251 dicit
1229 4194 1493 4264 apostolis
1532 4192 1831 4248 Dominus:

233 4288 404 4344 Multi
442 4287 711 4360 propheta:
745 4295 792 4341 et
822 4287 957 4357 justi
997 4286 1272 4359 cupierunt
1303 4284 1476 4342 cidere
1498 4300 1619 4358 quae
1647 4282 1735 4339 vos‘
1762 4285 1839 4338 ci-

234 4388 379 4443 detis
412 4397 464 4442 et
500 4402 610 4441 non
640 4386 905 4451 riderent,
944 4395 994 4441 et
1029 4385 1219 4440 audire
1244 4400 1362 4455 qua:
1399 4400 1487 4439 vos
1515 4381 1744 4446 auditis,
1786 4391 1836 4436 et

1931 1919 1988 1973 id
2014 1930 2112 1986 est,
2143 1928 2259 1974 octo
2283 1921 2475 1975 animle
2500 1919 2661 1975 salva:
2686 1919 2843 1990 facta
2866 1928 2988 1974 sunt
3016 1930 3117 1990 per
3130 1935 3346 1990 aquam,
3371 1921 3513 1989 quod

1930 2019 1982 2064 et
2027 2026 2115 2064 vos
2167 2026 2306 2064 nunc
2354 2010 2545 2064 similis
2596 2009 2784 2079 forma:
2834 2008 3007 2064 salvas
3061 2008 3187 2078 facit
3237 2008 3519 2079 baptisma.

1931 2099 2184 2155 Formam
2214 2100 2469 2170 baptismi
2496 2099 2852 2156 assimilatam
2882 2098 3016 2154 dicit
3049 2112 3222 2163 arcae,
3267 2106 3325 2153 et
3362 2097 3528 2168 aquis

1931 2190 2137 2255 diluvii,
2158 2198 2214 2245 et
2238 2198 2385 2245 recte
2411 2190 2652 2255 omnino,
2677 2190 2823 2260 quod
2846 2198 2903 2246 et
2926 2189 3042 2259 ipsa
3068 2186 3355 2243 fabricatio
3379 2202 3522 2242 arcte

1930 2283 1996 2338 de
2024 2281 2184 2353 lignis
2210 2282 2461 2351 levigatis
2480 2323 2494 2347 ,
2522 2281 2987 2336 constructionem
3019 2279 3198 2350 signat
3225 2278 3483 2335 Ecclesia:
3501 2318 3518 2344 ,

1929 2386 2051 2441 qua:
2086 2372 2147 2426 lit
2174 2371 2241 2427 de
2271 2371 2589 2428 collectione
2620 2371 2923 2429 animarum
2951 2368 3189 2424 ﬁdelium
3215 2384 3314 2439 per
3339 2369 3521 2425 archi-

1931 2466 2102 2516 tectos
2126 2460 2298 2515 verbi.
2335 2461 2403 2515 Et
2429 2462 2573 2530 quod
2600 2469 2864 2529 pereunte
2887 2461 3020 2517 orbe
3051 2466 3186 2526 toto,
3232 2458 3426 2530 pauci,
3466 2458 3527 2515 id

1928 2559 2033 2616 est,
2060 2559 2185 2606 octo
2211 2551 2405 2606 animm
2430 2550 2594 2607 salvae
2620 2549 2776 2606 facta:
2803 2557 2931 2605 sunt
2957 2564 3057 2620 per
3081 2565 3278 2619 aquam
3297 2589 3314 2615 ,
3350 2549 3519 2620 signi-

1929 2642 2058 2697 ﬁcat
2082 2643 2226 2712 quod
2252 2644 2321 2697 ad
2351 2644 2816 2713 comparationem
2843 2643 3185 2711 pereuntium
3211 2643 3527 2712 gentilium,

1927 2733 2260 2801 Iudaeorum,
2280 2736 2683 2800 btereticorum,
2706 2743 2761 2790 et
2782 2733 3043 2790 falsorum
3067 2733 3329 2799 ﬁdelium,
3351 2734 3532 2788 multo-

1928 2829 2146 2885 brevior
2181 2836 2266 2884 est
2301 2843 2562 2882 numerus
2602 2827 2925 2882 electorum.
2976 2826 3132 2883 Unde
3179 2826 3249 2881 de
3294 2836 3529 2895 angusta-

1928 2930 2084 2991 porta
2123 2928 2179 2975 et
2215 2928 2368 2991 arcta
2396 2918 2486 2973 via
2516 2934 2640 2990 qua:
2665 2917 2815 2974 ducit
2857 2918 2925 2973 ad
2961 2917 3132 2972 vitam
3160 2917 3401 2972 dicitur:
3449 2914 3529 2970 Et

1928 3013 2086 3084 pauci
2105 3021 2228 3066 sunt
2253 3012 2344 3082 qui
2368 3011 2639 3065 inveniunt
2661 3014 2777 3065 eam
2798 3007 3015 3081 (Matth.
3041 3007 3161 3079 vn).
3192 3006 3261 3062 Et
3284 3007 3480 3062 iterum
3506 3024 3525 3060 :-

1934 3101 2117 3157 Nolite
2141 3104 2345 3168 timere,
2373 3099 2599 3172 pusillus
2645 3115 2793 3171 great,
2840 3099 2967 3169 quia
3009 3096 3324 3168 complacuit
3368 3095 3531 3152 Patri

1932 3203 2126 3260 vestro,
2156 3193 2285 3249 dare
2312 3193 2457 3248 vobis
2484 3208 2702 3262 regnum
2729 3189 2883 3263 (Luc.
2909 3188 3035 3262 xu).

2005 3283 2131 3339 Non
2151 3284 2328 3339 carnis
2349 3282 2605 3356 depositio
2623 3282 2885 3347 sordium,
2908 3279 3001 3335 sed
3023 3277 3358 3334 conscientice
3377 3277 3535 3334 bona

1930 3376 2275 3447 interrogatio
2296 3376 2352 3430 in
2372 3375 2562 3431 Deum.
2599 3373 2704 3430 Ubi
2728 3380 2816 3428 est
2838 3372 2984 3429 enim
3005 3369 3339 3426 conscientia
3358 3369 3531 3434 bona,

1932 3470 2037 3525 nisi
2064 3470 2157 3525 ubi
2183 3478 2268 3524 est
2293 3476 2350 3525 et
2379 3468 2513 3524 ﬁdes
2535 3483 2643 3523 non
2672 3467 2838 3522 ﬁcta?
2865 3466 3033 3522 Docet
3057 3480 3292 3535 namque
3312 3473 3533 3534 aposto-A

1933 3562 2018 3617 lus
2046 3560 2278 3625 Paulus,
2317 3560 2462 3631 quod
2490 3559 2613 3629 ﬁnis
2638 3557 2884 3629 praecepti
2909 3565 2986 3611 est
3013 3556 3251 3633 charitas
3279 3555 3344 3609 de
3371 3554 3532 3609 corde

1932 3670 2087 3726 puro,
2115 3660 2164 3707 et
2186 3651 2507 3707 conscientia
2536 3650 2693 3713 bona,
2717 3657 2766 3703 et
2796 3647 2901 3718 fide
2931 3663 3038 3701 non
3065 3645 3191 3715 ﬁcta
3215 3644 3267 3716 (1
3295 3644 3432 3698 Tim.
3458 3644 3525 3716 ι).

1935 3743 2092 3812 Quod
2130 3757 2262 3813 ergo
2305 3756 2445 3812 aqua
2489 3739 2677 3795 diluvii
2723 3752 2831 3793 non
2876 3736 3104 3793 salvavit
3143 3744 3299 3790 extra
3339 3749 3526 3791 arcam

1934 3840 2161 3912 positos,
2191 3837 2288 3892 sed
2317 3835 2519 3892 occidit
2549 3834 2669 3890 sine
2690 3831 2874 3897 dubio,
2900 3827 3283 3901 prteﬁgurabat
3307 3841 3526 3882 omnem

1936 3929 2278 3993 hacreticum,
2299 3926 2431 3982 licet
2449 3925 2737 3981 habentem
2758 3920 3100 3992 baptismatis
3123 3925 3525 3974 sacramentum

1937 4024 1991 4078 in
2019 4021 2164 4085 aliis,
2194 4020 2292 4075 sed
2322 4018 2454 4090 ipsis
2478 4017 2637 4089 aquis
2664 4015 2731 4069 ad
2761 4014 2976 4068 interna
3001 4009 3374 4078 mergendum,
3405 4007 3531 4077 quia

1936 4116 2039 4170 bus
2073 4129 2200 4169 arca
2227 4111 2543 4168 sublevatur
2567 4109 2635 4163 ad
2659 4106 2878 4163 caelum.
2914 4104 3034 4185 Ipse
3061 4115 3277 4173 quoque
3302 4108 3528 4155 octona-

1937 4203 2053 4258 rius
2080 4214 2343 4255 numerus
2369 4197 2675 4251 animarum
2694 4234 2710 4258 ,
2752 4208 2873 4262 qum
2899 4190 3063 4247 salva:
3089 4188 3247 4243 facta:
3273 4195 3402 4242 sunt
3430 4200 3531 4256 per

1938 4307 2169 4364 aquam,
2218 4288 2488 4360 signiﬁcat
2544 4284 2670 4356 quia
2722 4290 2910 4338 sancta
2964 4280 3207 4337 Ecclesia
3247 4279 3303 4334 in
3338 4293 3528 4334 sacra-

1938 4392 2181 4439 mentum
2202 4379 2495 4436 Dominicze
2517 4374 2938 4432 resurrectionis
2958 4371 3218 4443 baptismi
3247 4371 3528 4427 lavacrum

234 4496 352 4535 non
394 4478 679 4533 audierunt
705 4477 923 4551 (Matth.
952 4474 1101 4542 aut),
1140 4476 1208 4531 de
1249 4490 1358 4545 qua
1403 4482 1460 4530 et
1507 4472 1827 4529 Psalmista:
1861 4511 1914 4570 Ι)
1938 4474 2202 4546 percipit,
2242 4480 2305 4526 ut
2340 4471 2483 4526 sicut
2520 4469 2637 4540 ipse
2676 4464 2960 4521 resurrexit
2988 4482 3022 4518 a
3051 4464 3274 4519 mortuis
3300 4478 3395 4566 per
3415 4462 3535 4534 glo-

233 4573 588 4645 Defecerat“,
629 4572 827 4643 inquit,
852 4570 995 4639 oculi
1020 4570 1125 4624 mei
1150 4570 1207 4623 in
1233 4568 1498 4640 eloquium
1528 4575 1678 4621 tuum
1694 4605 1711 4629 ,
1747 4565 1834 4645 di-

232 4673 420 4719 centes
446 4677 473 4717 τ
525 4661 753 4729 Quando
801 4659 1156 4717 consolaberis
1206 4676 1287 4715 nte
1360 4655 1549 4730 (Psal.
1601 4654 1837 4727 cxvut)?

234 4755 439 4812 Sancti
474 4755 818 4826 quiescentes
853 4753 912 4809 in
950 4750 1164 4807 inferno
1194 4741 1660 4813 desideraverunt,
1693 4744 1835 4817 quod

232 4848 617 4907 descendente
660 4847 716 4902 in
756 4844 968 4902 inferna
1009 4844 1260 4910 Domino,
1305 4843 1473 4898 etiam
1515 4843 1601 4898 bis
1640 4841 1735 4911 qui
1780 4840 1836 4895 in

235 4952 478 4996 carcere
519 4945 717 5005 erant,
777 4946 836 4994 et
885 4935 1153 4993 increduli
1194 4935 1469 5005 quondam
1512 4932 1735 4990 fuerunt
1781 4933 1837 4987 in

233 5028 449 5085 diebus
488 5027 603 5085 Noe
626 5069 642 5094 ,
703 5028 1006 5085 cbnsolatio
1049 5026 1137 5082 vel
1183 5025 1491 5081 exhortatio
1546 5025 1837 5094 prmdicata

235 5121 440 5177 fuerit.
485 5120 615 5176 llaec
654 5120 743 5176 ille
781 5119 1003 5176 dixerit.
1051 5119 1159 5174 Sed
1188 5116 1457 5173 catholica
1486 5115 1620 5171 ﬁdes
1651 5115 1838 5179 habet,

233 5214 401 5287 quod
442 5212 778 5270 descendens
821 5213 889 5267 ad
932 5212 1146 5267 inferna
1188 5208 1467 5272 Dominus,
1514 5222 1620 5262 non
1663 5207 1840 5261 incre-

233 5309 412 5368 dulos
453 5308 605 5375 inde,
646 5308 745 5364 sed
787 5306 977 5362 ﬁdeles
1016 5302 1357 5360 solummodo
1400 5315 1529 5356 suos
1571 5299 1841 5363 edocens,

1942 4569 2077 4621 riam
2112 4564 2324 4628 Patris,
2372 4561 2450 4616 ita
2498 4569 2555 4616 et
2599 4574 2701 4613 nos
2745 4557 3031 4627 cxpurgatl
3077 4569 3107 4608 a
3152 4552 3394 4622 peccatis
3432 4568 3537 4625 per

1943 4671 2138 4727 aquam
2170 4652 2632 4727 regenerationis,
2677 4650 2733 4705 in
2778 4649 3008 4704 novitate
3049 4647 3169 4701 uitta
3204 4644 3535 4700 ambulemus

1946 4749 2120 4823 (Rom.
2143 4754 2245 4819 vi).
2285 4747 2489 4803 Octava
2518 4758 2755 4814 namque
2781 4742 2917 4802 dies,
2947 4741 3054 4795 hoc
3080 4747 3186 4803 est,
3219 4745 3342 4808 post
3367 4739 3535 4808 septi-

1949 4857 2094 4897 mam
2116 4840 2329 4897 sabbati
2351 4838 2613 4896 Dominus
2633 4851 2663 4889 a
2686 4834 2915 4889 mortuis
2937 4844 3248 4901 resurgens,
3272 4836 3330 4883 et
3351 4843 3535 4883 exem-

1946 4936 2094 5007 plum
2116 4933 2274 4990 nobis
2293 4931 2488 4987 futurae
2510 4925 2944 4987 resurrectionis,
2965 4930 3020 4977 et
3041 4921 3360 4993 mysterium
3382 4935 3537 4975 nox-te

1942 5023 2388 5086 conversationis,
2419 5035 2524 5090 qua
2555 5019 2608 5073 in
2636 5016 2799 5072 terris
2823 5013 3017 5085 positi,
3060 5011 3337 5068 caelestem
3367 5011 3536 5064 vitam

1943 5129 2232 5185 ageremus
2257 5111 2529 5176 ostendit,
2573 5123 2737 5178 quam
2778 5105 2942 5162 etiam
2984 5104 3099 5176 ipsc
3133 5103 3331 5158 Petrus
3369 5116 3538 5172 expo-

1945 5208 2125 5264 nendo
2154 5205 2451 5276 sulijungit,
2480 5202 2707 5257 dicens:

2019 5297 2128 5354 Per
2155 5294 2590 5350 resurrectionem
2617 5288 2836 5345 Domini
2861 5286 2992 5342 Iesu
3015 5282 3232 5349 Christi,
3263 5281 3354 5354 qui
3380 5290 3454 5333 est
3480 5280 3537 5332 in

234 5402 316 5458 ad
354 5400 601 5457 caelestia
640 5414 827 5455 secum
865 5412 1032 5469 regna
1070 5393 1411 5467 perduxerit,
1452 5405 1631 5461 neque
1667 5388 1846 5444 exutis
1949 5391 2138 5447 dextra
2168 5388 2284 5443 Dei.
2321 5384 2626 5456 Deglutiens
2656 5391 2893 5444 mortem,
2925 5387 2989 5434 ut
3011 5378 3135 5432 vita
3163 5382 3378 5469 aeterna:
3406 5384 3537 5468 par-

233 5508 491 5564 corpore
521 5491 828 5556 animabus,
872 5497 930 5546 et
971 5487 1269 5544 inferorum
1307 5498 1528 5539 carcere
1553 5479 1846 5544 damnatis,

1952 5481 2149 5551 ticipes
2177 5472 2535 5537 clliceremur,
2565 5470 2842 5544 profectus
2868 5471 2923 5524 in
2940 5467 3172 5537 ,cmlum.
3210 5460 3363 5551 Sicut
3391 5456 3537 5510 enim

236 5547 490 5640 salutem
535 5599 699 5653 quam
744 5592 870 5638 ante
913 5589 1147 5636 mortem
1190 5578 1527 5641 dilexerant,
1581 5573 1848 5644 pr:edica-
1954 5573 2070 5642 ipse
2103 5580 2396 5635 resurgens
2426 5580 2455 5618 a
2490 5562 2753 5627 mortuis,
2789 5555 3093 5653 ascendens
3123 5552 3177 5606 in
3206 5547 3441 5653 ταξιυπι)
3484 5552 3542 5598 οι

236 5676 435 5736 serit.
481 5675 583 5731 sed
622 5687 843 5730 carcere
884 5672 1152 5728 scelerum
1197 5669 1421 5724 inclusis
1460 5668 1517 5722 in
1565 5667 1669 5721 hac
1706 5664 1848 5727 vita,

1956 5627 2112 5718 sedet
2144 5674 2174 5713 a
2212 5627 2419 5712 dextris
2449 5655 2583 5719 Dei,
2629 5654 2709 5707 sic
2746 5651 2908 5705 etiam
2951 5644 3109 5701 nobis
3148 5656 3246 5710 per
3270 5627 3540 5708 baptisma

240 5767 349 5820 vel
389 5772 484 5839 per
522 5770 586 5821 se
628 5767 836 5838 ipsum,
883 5763 967 5819 vel
1012 5777 1111 5835 per
1153 5775 1375 5815 suorum
1418 5756 1691 5825 exempla,
1739 5755 1875 5809 sive
1959 5753 2101 5808 viam
2130 5746 2341 5814 salutis,
2373 5760 2436 5801 ac
2465 5742 2617 5815 regni
2648 5738 2886 5795 cmlestis
2912 5733 3199 5791 introitum
3239 5738 3426 5802 patere
3458 5726 3543 5780 si-
