3954 6200
387 423 494 478 265

389 533 593 605 gnavit.
650 527 793 581 Bene
839 531 1017 576 autem
1060 519 1166 580 ait,
1213 513 1497 583 deglutiens
1528 517 1764 563 mortem.
1817 504 1970 572 Quod
1998 509 2048 563 Α

389 598 536 680 enim
572 618 919 690 deglutimus,
957 611 1166 682 agimus
1197 615 1257 662 ut
1286 607 1485 659 virtute
1521 601 1691 656 nostri
1726 598 1971 668 corporis

389 716 728 778 assumptum
762 715 1028 770 nusquam
1068 703 1276 768 pareat.
1325 694 1391 747 Et
1421 690 1702 762 deglutivit
1740 696 1969 743 mortem

391 800 685 860 Dominus,
732 807 895 863 quam
938 801 1228 858 resurgens
1269 801 1296 839 a
1341 783 1568 838 mortuis
1615 782 1690 834 ita
1731 778 1972 832 funditus

386 887 743 956 consumpsit,
791 891 852 937 ut
895 881 1028 935 nihil
1068 884 1257 933 contra
1301 891 1359 930 se
1403 875 1544 928 ultra
1583 886 1681 942 per
1713 878 1971 924 attactum

396 979 626 1048 alicujus
655 973 1016 1045 corruptionis
1044 969 1351 1033 valeret,ac
1380 972 1628 1020 manente
1653 961 1831 1030 specie
1859 959 1972 1012 veri

393 1073 667 1142 corporis,
709 1071 923 1124 abesset
961 1077 1185 1136 prorsus
1212 1060 1362 1114 Iabes
1387 1056 1562 1111 omnis
1588 1053 1778 1124 prisca:
1804 1049 1972 1142 fragi-

394 1137 584 1216 litatis.
623 1159 775 1226 Quod
807 1157 983 1226 ipsum
1027 1161 1081 1207 et
1124 1151 1279 1206 nobis
1309 1147 1363 1202 in
1396 1147 1499 1200 fine
1526 1142 1862 1216 promittitur
1893 1137 1976 1191 fu-

351 1286 355 1290 -
395 1263 574 1306 turum
603 1291 618 1315 ,
669 1248 881 1302 dicente
917 1243 1194 1314 apostolo;
1237 1254 1359 1293 cum
1401 1237 1466 1291 de
1509 1242 1694 1289 nostra
1727 1243 1973 1285 resurre-

393 1344 572 1396 ctione
608 1342 956 1410 loqueretur:
992 1335 1135 1389 Tunc
1163 1334 1253 1403 ﬁet
1288 1346 1454 1385 sermo
1485 1327 1573 1399 qui
1603 1331 1828 1394 scriptus
1858 1331 1931 1375 est
1956 1335 1974 1371 :

395 1434 651 1503 Absorpta
681 1440 757 1484 est
784 1447 924 1483 mors
960 1430 1015 1481 in
1043 1425 1263 1480 victoria
1295 1421 1344 1494 (1
1373 1419 1496 1474 Cor.
1523 1418 1634 1488 xv).
1695 1417 1835 1470 Bene
1877 1413 1974 1466 ab-

395 1533 618 1592 sorpta,
673 1522 798 1589 quia
846 1535 966 1574 cum
1019 1526 1072 1570 et
1120 1531 1221 1569 nos
1256 1514 1380 1566 vita:
1427 1520 1641 1566 aeternae
1690 1506 1977 1576 participes

398 1613 660 1667 fuerimus
690 1609 866 1665 ellecti
889 1648 903 1671 ,
951 1596 1024 1661 ita
1056 1604 1311 1659 nimirum
1344 1603 1514 1655 virtus
1550 1595 1846 1666 corporalis
1872 1594 1975 1647 im-

400 1699 782 1762 mortalitatis,
833 1709 992 1750 omne
1033 1691 1324 1761 praeterita:
1364 1684 1727 1755 corruptionis
1769 1696 1976 1736 naevum

400 1789 583 1851 tollet,
629 1786 898 1855 quomodo
935 1783 1070 1838 solet
1105 1780 1319 1834 flamma
1363 1778 1501 1847 ignis
1544 1776 1839 1829 immissam
1876 1771 1974 1825 sibi

403 1894 557 1947 aqua:
585 1886 788 1948 guttam
817 1874 1026 1928 ardoris
1054 1887 1137 1925 sur
1163 1883 1481 1933 consumere
1507 1867 1727 1919 virtute.

867 1977 997 2017 ITEH
1038 1976 1158 2015 ΜΛΔ
1198 1972 1496 2012 ωινοδιτιο.

468 2045 705 2111 Christus
745 2052 901 2109 semel
945 2069 1038 2122 pro
1082 2049 1306 2120 peccatis
1356 2047 1548 2100 nostris
1597 2052 1832 2098 mortuus
1880 2051 1974 2094 est.

400 2145 573 2202 Semel
600 2153 778 2198 autem
809 2143 966 2207 dixit,
995 2141 1120 2210 quia
1150 2137 1399 2193 Christus
1424 2151 1641 2205 surgens
1686 2151 1717 2186 a
1757 2132 1978 2185 mortuis

393 2242 507 2310 jam
548 2255 649 2292 non
679 2238 924 2301 moritur,
962 2245 1008 2288 et
1039 2249 1176 2286 mors
1205 2231 1283 2284 illi
1313 2229 1456 2282 ultra
1493 2243 1595 2280 non
1623 2224 1981 2278 dominabitur

403 2327 579 2399 (Rom.
602 2327 700 2398 Vl).

471 2419 678 2474 Justus.
718 2418 797 2471 Illi
835 2417 976 2470 enim
1015 2412 1302 2468 Psalmista
1341 2410 1511 2464 dicit:
1545 2406 1733 2460 Justus
1761 2421 1832 2467 es,
1872 2403 1978 2456 Do-

400 2514 578 2575 mine,
631 2520 678 2565 et
730 2518 926 2563 rectum
962 2505 1225 2576 judicium
1269 2511 1416 2555 tuum
1443 2497 1614 2572 (Psal.
1645 2493 1855 2565 cxvm).
1913 2494 1981 2548 Et

400 2602 587 2656 Daniel
610 2601 682 2654 ait
706 2619 717 2652 :
738 2598 804 2652 Et
831 2598 943 2662 tibi,
969 2595 1206 2655 Domine,
1228 2593 1464 2663 justitia,
1490 2590 1636 2644 nobis
1659 2597 1830 2641 autem
1856 2602 1981 2640 con-

402 2694 542 2762 fusio
570 2691 726 2761 faciei
753 2689 913 2761 (Dan.
941 2689 1041 2760 lx).

473 2783 581 2838 Pro
610 2782 837 2852 injustis.
879 2781 955 2835 De
987 2780 1145 2834 nobis
1171 2777 1316 2833 enim
1348 2772 1535 2829 Daniel
1569 2772 1645 2826 ait
1672 2789 1683 2824 :
1719 2767 1976 2824 Peccavi-

401 2887 542 2937 mus,
573 2870 769 2940 injuste
796 2870 1024 2940 egimus,
1054 2867 1396 2937 iniquitatem
1424 2863 1650 2918 fecimus
1677 2859 1839 2931 (Dan.
1867 2857 1974 2928 ιιι).

476 2961 541 3016 Ut
584 2979 678 3016 nos
709 2962 921 3031 offerret
970 2960 1100 3024 Deo,
1157 2957 1498 3026 mortiﬁcatos
1543 2953 1751 3024 quidem
1797 2967 1974 3013 carne,

401 3051 687 3120 viviﬁcatos
739 3060 916 3103 autem
974 3049 1181 3118 spiritu.
1247 3047 1349 3116 (Ex
1396 3043 1558 3114 Aug.)
1630 3040 1977 3109 Mortiﬁcatos

403 3157 562 3196 carne
587 3142 716 3196 dicit
741 3160 753 3194 :
788 3140 840 3194 id
868 3148 970 3204 est,
993 3137 1257 3193 desideria
1284 3135 1524 3190 carnalia
1553 3149 1660 3188 non
1686 3131 1970 3197 habentes,

1677 392 2023 449 SMARACDI
2063 385 2350 444 ABBATIS

3540 377 3641 430 ἓξὲξ

2145 497 2466 569 Spiritaliter
2492 497 2696 549 veniens
2723 493 3043 562 pra’dicnvit.
3076 490 3266 544 Iisdem
3297 489 3529 555 scilicet,
3555 493 3647 561 qui

2076 592 2389 645 incarnatus
2418 588 2484 641 de
2509 585 2711 656 Spiritu
2741 591 2928 637 sancto
2955 591 3008 635 et
3040 579 3202 634 Maria
3232 580 3459 650 virgine,
3493 583 3652 636 nobis

2073 690 2258 752 postea
2296 678 2518 733 veniens
2555 675 2811 738 visibilis,
2849 673 3180 744 praedicant.
3224 672 3342 740 Ipse
3381 681 3506 726 tunc
3547 673 3652 726 illis

2073 770 2326 840 spirando
2372 767 2687 838 spiritaliter
2727 762 3071 834 pricdicabat.
3123 761 3347 816 Dicebat
3393 763 3537 816 enim
3583 764 3653 817 ad

2073 860 2229 916 Noe:
2262 860 2383 915 Non
2429 857 2749 930 permanebit
2795 857 3010 926 spiritus
3053 869 3200 907 meus
3246 854 3302 906 in
3348 853 3557 908 homine
3599 856 3652 908 in

2075 960 2325 1004 teternum
2345 990 2358 1013 ,
2389 949 2512 1019 quia
2543 964 2665 1001 caro
2708 956 2803 1000 est.
2849 946 2915 1000 Et
2957 945 3084 999 illud
3115 959 3129 997 :
3171 943 3363 997 Delebo
3393 945 3654 998 hominem

2073 1057 2225 1111 quem
2253 1040 2422 1092 creavi
2453 1057 2484 1091 α
2515 1039 2650 1106 facie
2681 1047 2837 1091 terrta
2860 1077 2873 1101 ,
2911 1036 2975 1089 ab
3011 1035 3218 1088 homine
3244 1051 3406 1104 usque
3433 1036 3502 1089 ad
3533 1039 3653 1089 ani-

2076 1135 2304 1198 mantia,
2356 1150 2389 1186 a
2434 1130 2603 1201 reptili
2651 1147 2811 1200 usque
2855 1129 2924 1184 ad
2967 1127 3201 1182 volucres
3248 1127 3394 1194 caeli,
3444 1130 3656 1199 paenitet

2049 1225 2215 1289 ,enim
2253 1239 2334 1276 me
2373 1221 2554 1290 fecisse
2591 1237 2697 1274 eos.
2738 1219 2871 1274 Item
2911 1219 3045 1273 dixit
3082 1217 3342 1272 Dominus
3381 1221 3448 1272 ad
3495 1218 3654 1272 Noe:

2079 1309 2231 1365 Finis
2275 1311 2530 1364 universa:
2575 1309 2750 1362 carnis
2796 1309 2931 1362 venit
2976 1324 3150 1362 coram
3194 1325 3297 1361 me.
3338 1308 3548 1378 Repleta
3581 1318 3658 1362 est

2076 1414 2217 1457 terra
2244 1403 2539 1472 iniquitate,
2569 1411 2617 1455 et
2641 1418 2734 1472 ego
2760 1400 3062 1470 disperdam
3092 1417 3179 1454 eos
3209 1417 3324 1454 cum
3352 1410 3512 1454 terra.
3546 1399 3661 1454 Fac

2077 1493 2170 1546 tibi
2195 1508 2374 1545 arcam
2395 1492 2459 1544 de
2484 1490 2640 1556 lignis
2666 1490 2931 1561 levigatis,
2961 1499 3066 1545 etc.
3103 1489 3268 1561 (Gen.
3295 1507 3347 1546 vl
3369 1491 3407 1560 ).

2148 1582 2252 1647 Qui
2287 1581 2542 1636 increduli
2578 1581 2786 1650 fuerant
2811 1581 3117 1652 aliquando,
3150 1582 3518 1652 exspectabant
3545 1581 3662 1635 Do-

2076 1675 2206 1727 mini
2241 1674 2566 1743 patientiam.
2606 1672 2665 1726 ld
2699 1680 2783 1726 est
2806 1712 2820 1737 ,
2864 1673 2956 1742 qui
2993 1681 3119 1727 ante
3157 1672 3420 1728 increduli
3459 1682 3616 1727 erant
3641 1714 3657 1737 ,

2083 1768 2362 1821 audientes
2411 1765 2523 1820 Noe
2575 1765 2956 1836 praedicantem
2985 1805 3000 1831 ,
3053 1779 3115 1819 ea
3171 1780 3291 1833 qua:
3344 1779 3374 1817 a
3430 1763 3662 1820 Domino

2008 1862 2050 1918 Β
2080 1856 2321 1921 audiens,
2355 1863 2667 1926 acceperat,
2699 1862 2754 1909 et
2780 1855 3025 1910 videntes
3057 1870 3198 1910 arca:
3228 1853 3488 1910 fabricam
3509 1896 3522 1916 ,
3559 1871 3660 1924 per

2080 1955 2296 2001 centum
2335 1961 2634 2010 annorum,
2664 1946 2984 2015 protendere
3024 1953 3235 2014 tempus
3272 1946 3660 2008 crediderunt,

2081 2048 2458 2111 exspectantes
2485 2039 2699 2094 Domini
2727 2039 3041 2110 patientiam
3063 2080 3078 2105 ,
3111 2048 3165 2094 et
3207 2038 3340 2093 salvi
3373 2037 3500 2094 facti
3537 2049 3669 2094 sunt

2082 2134 2134 2186 in
2168 2148 2315 2186 arca.

2154 2224 2219 2278 In
2243 2241 2346 2295 qua
2372 2224 2556 2294 pauci,
2588 2223 2642 2276 id
2667 2233 2771 2289 est,
2803 2230 2918 2275 octo
2949 2222 3140 2274 animte
3168 2220 3326 2274 salva:
3353 2219 3509 2289 factm
3538 2232 3666 2276 sunt

2080 2329 2171 2383 per
2208 2329 2419 2383 aquam.
2459 2312 2515 2366 Id
2557 2321 2640 2367 est
2668 2295 2898 2380 quatuor
2926 2311 3060 2376 viri,
3091 2309 3237 2376 Noe,
3269 2310 3424 2372 Sem,
3456 2311 3627 2366 Cham
3651 2354 3664 2373 ,

2081 2412 2134 2458 et
2157 2401 2419 2472 Japheth,
2451 2411 2506 2457 et
2535 2412 2765 2472 quatuor
2793 2417 2988 2456 uxores
3014 2417 3199 2457 eorum
3218 2442 3231 2468 ,
3265 2402 3320 2456 id
3346 2410 3429 2457 est
3450 2444 3464 2467 ,
3493 2403 3671 2457 Puar—

2080 2495 2194 2551 fara
2213 2537 2227 2558 ,
2258 2495 2463 2557 Parlia,
2497 2495 2782 2560 Catalluia,
2810 2494 2982 2549 Fluia.

2152 2588 2260 2660 (Ea:
2287 2587 2444 2658 Isid.)
2482 2587 2593 2642 Noe
2636 2602 2792 2653 vero,
2841 2589 2932 2658 qui
2985 2586 3200 2657 requies
3253 2583 3666 2658 interpretatur,

2079 2678 2351 2733 Christum
2401 2677 2693 2749 signiﬁcat,
2735 2678 2826 2747 qui
2865 2677 3030 2732 dicit:
3085 2676 3281 2734 Discite
3317 2697 3352 2736 α
3385 2695 3501 2744 me,
3540 2680 3671 2749 quia

2078 2771 2219 2823 utilis
2264 2785 2410 2830 sum,
2455 2777 2502 2822 et
2546 2768 2758 2822 humilis
2803 2767 2992 2832 corde,
3038 2777 3085 2821 et
3132 2768 3399 2822 invenietis
3442 2768 3672 2838 requiem

2079 2862 2354 2916 animabus
2379 2861 2579 2915 vestris.
2623 2859 2780 2914 Solus
2818 2859 3091 2914 invenitur
3119 2858 3299 2928 justus
3336 2859 3446 2915 Noe
3484 2860 3537 2912 in
3577 2859 3673 2912 ilia

2078 2963 2270 3024 gente,
2301 2955 2386 3010 cui
2425 2962 2629 3023 septem
2669 2951 2916 3007 homines
2957 2953 3227 3007 donantur
3263 2960 3482 3021 propter
3508 2951 3676 3020 justi-

2080 3046 2207 3098 tiam
2239 3060 2411 3099 suam.
2455 3043 2612 3098 Solus
2655 3042 2835 3112 justus
2875 3050 2961 3096 est
3003 3041 3283 3107 Christus,
3329 3041 3416 3095 cui
3463 3048 3672 3110 septem

2078 3137 2361 3203 Ecclesiae,
2391 3143 2611 3206 propter
2637 3133 3042 3203 septemplicem
3073 3133 3323 3203 spiritum
3365 3131 3677 3186 illuminan-

409 3234 477 3286 ad
529 3247 688 3300 quam
731 3228 1200 3284 mortificationem
1256 3241 1355 3281 nos
1410 3225 1610 3279 Paulus
1659 3225 1978 3279 adhortatur
2003 3206 2048 3267 (ἶ
2081 3242 2190 3288 tem
2211 3269 2224 3292 ,
2256 3228 2310 3282 in
2339 3242 2498 3282 unam
2529 3225 2821 3281 Ecclesiam
2841 3266 2855 3290 ,
2886 3224 3039 3293 quasi
3065 3225 3118 3278 in
3143 3239 3306 3278 unam
3335 3238 3515 3277 arcam
3542 3239 3676 3278 coa-

405 3321 624 3376 dicens:
662 3319 974 3388 Mortiﬁcate
1013 3319 1242 3374 membra
1279 3328 1471 3383 vestra,
1511 3333 1629 3389 qua:
1665 3325 1786 3371 sunt
1825 3333 1979 3386 super

406 3419 635 3474 terram,
685 3410 1082 3480 fornicationem
1116 3405 1252 3480 (Col.
1283 3407 1384 3478 ιιι),
1408 3419 1464 3462 et
1491 3408 1669 3462 omnia
1708 3407 1857 3461 vitia.
1915 3406 1980 3461 Et

407 3497 572 3552 illud:
613 3496 674 3552 Si
701 3499 888 3568 spiritu
921 3497 1063 3568 facta
1099 3497 1275 3550 carnis
1310 3496 1771 3565 mortificaveritis,
1802 3495 1980 3549 vinetis

407 3587 585 3658 (Rom.
613 3589 756 3658 vin).
789 3587 900 3642 Nisi
927 3588 1072 3641 enim
1101 3587 1250 3658 prius
1278 3595 1497 3656 peccato
1526 3585 1842 3649 moriamur,
1871 3601 1980 3639 non
2009 3628 2011 3630 .

406 3689 693 3744 possumus
721 3691 820 3745 per
841 3676 1108 3746 justitiam
1134 3675 1320 3729 vivere
1345 3674 1474 3728 Deo.
1508 3674 1661 3740 Quod
1691 3681 1873 3728 autem
1903 3673 1984 3728 di-

334 3799 339 3804 -
407 3766 484 3819 cit
505 3764 784 3832 ciriﬁcatos
805 3765 1016 3834 spiritu,
1038 3765 1360 3834 intelligitur
1375 3765 1676 3819 viviticatos
1699 3765 1754 3818 in
1780 3765 1980 3828 anima,

409 3854 586 3908 anima
627 3855 773 3908 enim
818 3855 1044 3924 spiritus
1091 3856 1427 3926 intelligitur.
1484 3856 1610 3909 Sive
1641 3855 1984 3910 mortiﬁcatio

408 3944 608 4009 carnis,
638 3954 691 3999 et
717 3945 1009 4001 vivificatio
1036 3946 1277 4014 spiritus,
1309 3947 1361 4000 in
1390 3947 1656 4016 baptismo
1685 3946 1800 4000 fieri
1829 3947 1987 4002 intel-

407 4034 612 4105 ligitur.
655 4035 828 4090 Morte
852 4036 996 4090 enim
1025 4036 1228 4090 Christi
1258 4037 1618 4106 baptizamur.
1662 4037 1719 4091 ln
1751 4036 1843 4092 illa
1871 4038 1988 4092 sine

409 4126 571 4180 dubio
601 4133 804 4192 morte,
836 4140 940 4194 qua
969 4136 1192 4196 peccato
1223 4135 1469 4182 mortuus
1501 4136 1584 4182 est
1613 4128 1809 4194 semel,
1843 4138 1902 4184 ut
1933 4137 1989 4184 et

408 4232 508 4272 nos
533 4233 849 4288 separemur
874 4235 903 4272 a
927 4228 1175 4287 peccato,
1206 4228 1261 4274 et
1287 4221 1530 4275 vivamus
1559 4221 1689 4276 Deo.

479 4309 588 4381 (Ex
615 4309 880 4382 Cassiod.)
920 4311 1092 4365 Aliter
1119 4312 1458 4381 mortiﬁcatos
1499 4329 1690 4378 carne,
1736 4329 1804 4368 ne
1843 4313 1988 4368 litte-

409 4415 526 4454 ram
565 4401 700 4471 legis
725 4402 1016 4457 carnaliter
1043 4403 1431 4470 intelligamus.
1474 4402 1774 4472 Viviﬁcatos
1811 4413 1989 4458 autem

409 4491 614 4559 spiri:u,
637 4492 691 4545 id
715 4501 817 4555 est,
840 4492 1196 4560 spiritualiter
1223 4510 1442 4548 sensum
1472 4494 1604 4564 legis
1630 4494 1991 4564 intelligentes

409 4579 673 4634 vivamus.
714 4581 830 4636 Non
857 4581 1002 4634 enim
1033 4582 1235 4635 idcirco
1262 4598 1359 4636 nos
1383 4583 1631 4638 Christus
1657 4584 1926 4638 abstraxit
1957 4601 1986 4636 a

412 4667 527 4739 lege
556 4671 791 4738 peccati,
835 4678 892 4723 ut
921 4671 1176 4724 vetustati
1203 4671 1396 4725 littera:
1423 4673 1754 4736 serviamus,
1786 4673 1837 4727 id
1873 4680 1986 4737 est,

411 4766 471 4810 ut
509 4759 975 4814 circumcisionem
1007 4760 1364 4828 recipiamus,
1399 4770 1454 4814 et
1483 4761 1734 4825 sabbata,
1771 4763 1853 4816 vel
1880 4779 1988 4817 ca:-

413 4855 559 4910 tera,
597 4863 716 4916 qua:
741 4858 952 4903 vetusta
979 4849 1114 4920 legis
1141 4849 1322 4904 littera
1349 4851 1608 4905 continet.
1663 4849 1770 4904 Sed
1800 4859 1859 4904 ut
1888 4851 1991 4921 legi

413 4935 506 4991 Dei
534 4938 586 4991 in
613 4939 834 5007 spiritus
852 4942 1092 4995 novitate
1113 4942 1432 5005 serviamus,
1455 4942 1507 4995 id
1528 4950 1634 5007 est,
1654 4957 1721 4996 ex
1740 4943 1992 4999 omnibus

413 5045 533 5098 qua:
561 5031 613 5084 in
639 5046 704 5085 ea
731 5033 924 5102 scripta
965 5041 1120 5099 sunt,
1163 5033 1458 5105 spiritalem
1489 5049 1738 5099 sensum,
1781 5035 1986 5104 Spiritu

411 5120 664 5182 donante,
694 5121 992 5190 capiamus.

483 5202 556 5262 De
584 5208 797 5266 Christo
824 5214 1025 5268 dictum
1054 5223 1140 5269 est
1165 5233 1178 5269 :
1213 5214 1566 5284 Mortiﬁcatus
1597 5232 1786 5281 carne,
1816 5217 1985 5283 viviﬁ-

411 5312 561 5357 catus
587 5302 796 5372 spiritu.
825 5303 917 5360 Sic
945 5306 1011 5361 de
1037 5307 1255 5362 homine
1281 5308 1386 5363 dici
1413 5316 1592 5378 potest
1619 5327 1630 5362 :
1663 5308 1989 5365 Tabefactus

411 5405 574 5446 carne
591 5431 606 5457 ,
628 5390 958 5461 justiﬁcatus
977 5434 992 5459 ,
1020 5393 1322 5451 vivificatus
1348 5398 1561 5467 spiritu.

481 5481 547 5535 In
570 5498 693 5552 quo.
727 5481 1078 5550 Subauditur,
1109 5486 1162 5540 in
1192 5503 1300 5557 quo
1327 5488 1550 5558 spiritu,
1581 5489 1633 5543 in
1664 5489 1753 5543 illo
1782 5489 1989 5544 scilicet

413 5575 480 5628 de
506 5587 614 5643 quo
643 5573 892 5642 superius
920 5575 1089 5631 dicit:
1133 5575 1433 5646 Vivi/icatos
1459 5587 1633 5632 autem
1661 5579 1873 5649 spiritu.

484 5664 548 5716 Et
587 5665 668 5720 his
694 5666 784 5736 qui
821 5667 876 5722 in
913 5683 1120 5722 carcere
1155 5679 1324 5724 erant.
1367 5668 1419 5723 Id
1459 5677 1573 5735 est,
1608 5670 1659 5722 in
1700 5685 1856 5733 arca,
1901 5670 1980 5722 vel

414 5756 466 5809 in
496 5759 736 5825 cci-poris
763 5775 977 5814 carcere
1007 5760 1054 5814 cl
1075 5762 1192 5815 tllSl.

2082 3321 2298 3375 dantur.
2328 3319 2480 3386 Quod
2511 3332 2692 3372 arcam
2727 3316 3121 3372 instruxit'Noe
3151 3317 3215 3371 de
3247 3316 3404 3387 lignis
3433 3331 3539 3371 non
3568 3333 3641 3385 [ιιι
3666 3346 3676 3351 -

2084 3409 2466 3475 trescentibus,
2497 3407 2791 3462 Ecclesiam
2833 3405 3131 3477 significat,
3177 3421 3296 3476 quae
3335 3407 3680 3460 construitur

2085 3517 2115 3555 a
2145 3500 2360 3556 Christo
2393 3501 2459 3554 de
2502 3498 2812 3553 hominibus
2855 3497 2908 3550 in
2939 3505 3201 3552 aeternum
3243 3496 3486 3550 victuris.
3528 3495 3675 3551 Area

2084 3592 2226 3646 enim
2267 3589 2562 3645 Ecclesiam
2601 3589 2961 3646 demonstrat.
2991 3599 3113 3644 qua:
3152 3595 3307 3640 natat
3334 3586 3388 3639 in
3417 3585 3676 3641 fluctibus

2086 3681 2269 3736 mundi
2317 3681 2493 3750 hujus.
2531 3678 2685 3734 Sicut
2721 3679 2865 3733 enim
2912 3688 3039 3734 tunc
3076 3677 3190 3734 Noe
3241 3691 3363 3732 cum
3413 3678 3526 3731 suis
3573 3693 3677 3746 per

2087 3789 2281 3843 aquam
2311 3781 2366 3828 et
2405 3773 2608 3843 lignum
2648 3771 2886 3825 salvatus
2915 3780 3028 3840 est,
3065 3774 3147 3829 sic
3183 3783 3238 3829 et
3289 3785 3430 3824 nunc
3465 3769 3674 3823 familia

2087 3863 2284 3917 Christi
2315 3877 2413 3934 per
2438 3861 2762 3931 baptismum
2803 3866 2858 3914 et
2896 3861 3077 3915 crucis
3107 3860 3414 3930 passionem
3459 3859 3679 3913 salvan-

2089 3963 2195 4007 tur.
2227 3953 2379 4008 Unde
2405 3954 2462 4007 et
2487 3951 2572 4006 hic
2601 3950 2847 4005 subditur
2878 3967 2891 4004 :

2161 4043 2313 4109 Quod
2351 4052 2398 4097 et
2437 4059 2523 4096 vos
2561 4059 2698 4096 nunc
2736 4040 2920 4095 similis
2959 4040 3143 4110 forma:
3191 4037 3360 4094 salvos
3399 4038 3528 4108 facit
3575 4038 3676 4090 ba-

2087 4135 2298 4205 ptisma.
2331 4133 2467 4200 Quia
2497 4133 2632 4188 sicut
2670 4141 2798 4187 tunc
2840 4147 2976 4201 aqua
3022 4145 3118 4185 eos
3157 4130 3246 4199 qui
3279 4130 3334 4184 in
3361 4145 3488 4184 area
3513 4139 3680 4183 erant

2090 4223 2351 4288 salvavit,
2391 4223 2466 4276 ita
2501 4231 2558 4277 et
2593 4237 2738 4276 nunc
2773 4236 2899 4286 eos,
2939 4221 3031 4289 qui
3072 4220 3124 4273 in
3165 4219 3427 4274 Ecclesiae
3460 4219 3683 4273 unitate

2092 4323 2442 4388 permanent,
2493 4314 2719 4370 delendo
2767 4320 2992 4383 peccata
3028 4312 3328 4381 baptismus
3363 4319 3677 4366 conservat.

2095 4412 2162 4465 Et
2197 4411 2338 4465 sicut
2375 4417 2503 4463 tunc
2540 4407 2631 4476 qui
2668 4415 2824 4460 extra
2857 4420 3040 4460 arcam
3071 4416 3228 4459 erant
3253 4403 3567 4473 perierunt,
3600 4403 3680 4457 ita

2095 4505 2149 4552 et
2176 4511 2348 4560 nunc,
2379 4494 2470 4563 qui
2497 4501 2653 4548 extra
2682 4490 2982 4547 Ecclesiam
3009 4497 3142 4544 sunt
3164 4489 3437 4558 peribunt.

2165 4588 2286 4642 Non
2321 4587 2496 4641 carnis
2533 4584 2786 4655 depositio
2822 4583 3078 4638 sordium.
3118 4581 3176 4637 1d
3203 4589 3316 4647 est,
3350 4595 3457 4636 non
3489 4579 3679 4648 bapti-

2087 4697 2236 4744 sma,
2285 4678 2429 4748 quod
2470 4677 2658 4733 sordes
2700 4675 2918 4746 deponit
2961 4673 3175 4738 carnis,
3222 4673 3319 4727 sed
3363 4671 3508 4741 quod
3559 4687 3682 4725 ma-

2088 4771 2237 4826 culas
2289 4769 2434 4823 lavat
2475 4767 2694 4823 mentis.
2739 4765 3015 4837 Baptisma
3059 4763 3207 4818 enim
3255 4761 3460 4818 ablutio
3502 4763 3683 4817 inter-

2088 4865 2338 4931 pretatur
2364 4858 2450 4913 vel
2482 4859 2692 4912 tinctio.

2169 4949 2273 5003 Sed
2302 4949 2633 5002 conscientia:
2662 4946 2810 5000 bona:
2836 4945 3176 5015 interrogatio
3205 4945 3259 4998 in
3287 4943 3476 4997 Deum.
3507 4942 3687 4998 Inter-

2095 5040 2303 5108 rogatio
2326 5040 2471 5094 enim
2495 5037 2789 5094 sacerdotis
2813 5044 2897 5091 est
2921 5053 2933 5088 :
2963 5035 3152 5090 Credis
3181 5035 3234 5088 in
3262 5035 3430 5088 Deum
3458 5033 3684 5090 Patrem

2095 5133 2554 5201 omnipotentem,
2582 5137 2639 5184 et
2665 5129 2720 5182 in
2749 5126 2932 5182 Iesum
2973 5126 3246 5182 Christum
3288 5124 3486 5180 Filium
3527 5124 3682 5193 eius,

2095 5233 2150 5278 et
2177 5223 2231 5294 in
2261 5221 2522 5291 Spiritum
2549 5218 2830 5276 sanctum?
2869 5217 3167 5286 Responsio
3205 5225 3384 5271 autem
3423 5218 3586 5272 home
3625 5227 3686 5272 et

2095 5301 2358 5383 simplicis
2403 5310 2749 5366 conscientia!
2795 5315 2918 5363 est:
2972 5306 3178 5372 Credo,
3229 5323 3350 5377 quae
3394 5309 3686 5376 responsio

2096 5403 2371 5457 hominem
2403 5399 2577 5454 salvat
2601 5441 2616 5464 ,
2645 5405 2700 5453 et
2729 5399 2798 5453 ab
2822 5406 3027 5452 aeterno
3059 5397 3286 5453 interitu
3315 5397 3530 5452 liberat.

2164 5489 2271 5546 Per
2296 5492 2724 5546 resurrect'onem
2748 5487 2960 5541 Domini
2986 5488 3152 5542 nostri
3177 5487 3305 5542 Iesu
3331 5484 3564 5550 Christi,
3587 5488 3684 5558 qui

2090 5591 2165 5635 est
2193 5583 2248 5635 in
2274 5581 2488 5634 dextera
2515 5578 2634 5632 Dei.
2675 5577 2742 5633 Ut
2783 5576 2953 5632 illud:
2987 5575 3310 5632 Resurrexit
3337 5591 3369 5630 a
3406 5577 3680 5642 mortuis,

2087 5671 2330 5727 ascendit
2360 5671 2411 5724 in
2441 5665 2909 5729 c-rlum.sedetad
2927 5668 3173 5722 dextram
3203 5667 3324 5731 Dei,
3352 5683 3477 5736 quae
3501 5668 3682 5723 sessio

2087 5759 2444 5830 :equalitatem
2476 5759 2757 5828 potestatis
2789 5758 2902 5826 ejus
2933 5773 3052 5812 cum
3081 5757 3242 5812 Patre
3270 5757 3559 5829 significat.
