  <div class='ocr_page' id='page_1' title='image "/cluster/home/n/w/nwhite01/storage/ocr_20150623/102/hvd.32044052820032/139.png"; bbox 0 0 3954 6200; ppageno 0'>
   <div class='ocr_carea' id='block_1_1' title="bbox 411 308 3786 418">
    <p class='ocr_par' dir='ltr' id='par_1_1' title="bbox 411 308 3786 418">
     <span class='ocr_line' id='line_1_1' title="bbox 411 308 3786 418; baseline 0.015 -62"><span class='ocrx_word' id='word_1_1' title='bbox 411 355 517 418; x_wconf 48' lang='lat'><strong>267</strong></span> <span class='ocrx_word' id='word_1_2' title='bbox 1709 326 2065 384; x_wconf 62' lang='lat' dir='ltr'><strong>situt-tem</strong></span> <span class='ocrx_word' id='word_1_3' title='bbox 2107 321 2396 379; x_wconf 74' lang='lat' dir='ltr'><strong>ABBATIS</strong></span> <span class='ocrx_word' id='word_1_4' title='bbox 3589 308 3691 361; x_wconf 51' lang='grc' dir='ltr'><strong>Μ</strong></span> <span class='ocrx_word' id='word_1_5' title='bbox 3762 389 3786 406; x_wconf 85' lang='grc'>.</span> 
     </span>
    </p>
   </div>
   <div class='ocr_carea' id='block_1_2' title="bbox 418 431 3702 534">
    <p class='ocr_par' dir='ltr' id='par_1_2' title="bbox 418 431 3702 534">
     <span class='ocr_line' id='line_1_2' title="bbox 418 431 3702 534; baseline -0.013 -5"><span class='ocrx_word' id='word_1_6' title='bbox 418 475 541 530; x_wconf 87' lang='lat' dir='ltr'><strong>cibo</strong></span> <span class='ocrx_word' id='word_1_7' title='bbox 576 468 766 534; x_wconf 85' lang='lat' dir='ltr'><strong>reﬁci,</strong></span> <span class='ocrx_word' id='word_1_8' title='bbox 800 467 856 520; x_wconf 99' lang='lat' dir='ltr'><strong>id</strong></span> <span class='ocrx_word' id='word_1_9' title='bbox 887 474 1003 529; x_wconf 89' lang='lat' dir='ltr'><strong>est,</strong></span> <span class='ocrx_word' id='word_1_10' title='bbox 1043 475 1242 517; x_wconf 87' lang='lat' dir='ltr'><strong>arcana</strong></span> <span class='ocrx_word' id='word_1_11' title='bbox 1292 467 1620 528; x_wconf 76' lang='lat' dir='ltr'><strong>cognoscere</strong></span> <span class='ocrx_word' id='word_1_12' title='bbox 1663 452 1844 507; x_wconf 87' lang='lat' dir='ltr'><strong>divina</strong></span> <span class='ocrx_word' id='word_1_13' title='bbox 1865 490 1878 512; x_wconf 92' lang='lat'><strong>,</strong></span> <span class='ocrx_word' id='word_1_14' title='bbox 1919 449 2005 502; x_wconf 78' lang='lat' dir='ltr'><strong>vel</strong></span> <span class='ocrx_word' id='word_1_15' title='bbox 2038 457 2084 513; x_wconf 79' lang='grc' dir='ltr'><strong>Α</strong></span> <span class='ocrx_word' id='word_1_16' title='bbox 2112 447 2400 502; x_wconf 63' lang='lat' dir='ltr'><strong>aedilicium</strong></span> <span class='ocrx_word' id='word_1_17' title='bbox 2435 453 2645 514; x_wconf 83' lang='lat' dir='ltr'><strong>portat,</strong></span> <span class='ocrx_word' id='word_1_18' title='bbox 2687 453 2742 496; x_wconf 81' lang='lat' dir='ltr'><strong>et</strong></span> <span class='ocrx_word' id='word_1_19' title='bbox 2778 443 2891 512; x_wconf 85' lang='lat' dir='ltr'><strong>ipse</strong></span> <span class='ocrx_word' id='word_1_20' title='bbox 2917 458 2947 494; x_wconf 72' lang='grc' dir='ltr'>τι</span> <span class='ocrx_word' id='word_1_21' title='bbox 2978 438 3192 494; x_wconf 86' lang='lat' dir='ltr'><strong>nemine</strong></span> <span class='ocrx_word' id='word_1_22' title='bbox 3222 445 3492 506; x_wconf 76' lang='lat' dir='ltr'><strong>portatur,</strong></span> <span class='ocrx_word' id='word_1_23' title='bbox 3522 431 3702 487; x_wconf 84' lang='lat' dir='ltr'><strong>Domi-</strong></span> 
     </span>
    </p>
   </div>
   <div class='ocr_carea' id='block_1_3' title="bbox 420 527 3703 633">
    <p class='ocr_par' dir='ltr' id='par_1_3' title="bbox 420 527 3703 633">
     <span class='ocr_line' id='line_1_3' title="bbox 420 527 3703 633; baseline -0.012 -12"><span class='ocrx_word' id='word_1_24' title='bbox 420 560 628 633; x_wconf 79' lang='lat' dir='ltr'><strong>majora</strong></span> <span class='ocrx_word' id='word_1_25' title='bbox 665 563 848 616; x_wconf 82' lang='lat' dir='ltr'><strong>facere</strong></span> <span class='ocrx_word' id='word_1_26' title='bbox 881 527 1043 612; x_wconf 77' lang='lat' dir='ltr'><strong>bona.</strong></span> <span class='ocrx_word' id='word_1_27' title='bbox 1371 527 1379 528; x_wconf 16' lang='grc' dir='ltr'>ί</span> <span class='ocrx_word' id='word_1_28' title='bbox 2106 555 2214 594; x_wconf 76' lang='lat' dir='ltr'><strong>nus</strong></span> <span class='ocrx_word' id='word_1_29' title='bbox 2239 547 2323 593; x_wconf 87' lang='lat' dir='ltr'><strong>est</strong></span> <span class='ocrx_word' id='word_1_30' title='bbox 2354 537 2606 592; x_wconf 73' lang='lat' dir='ltr'><strong>Christus</strong></span> <span class='ocrx_word' id='word_1_31' title='bbox 2625 578 2638 599; x_wconf 91' lang='lat'><strong>,</strong></span> <span class='ocrx_word' id='word_1_32' title='bbox 2668 535 2812 589; x_wconf 88' lang='lat' dir='ltr'><strong>unde</strong></span> <span class='ocrx_word' id='word_1_33' title='bbox 2838 532 3050 602; x_wconf 72' lang='lat' dir='ltr'><strong>ot‘lapis</strong></span> <span class='ocrx_word' id='word_1_34' title='bbox 3077 547 3106 584; x_wconf 89' lang='lat' dir='ltr'><strong>a</strong></span> <span class='ocrx_word' id='word_1_35' title='bbox 3133 531 3395 600; x_wconf 73' lang='lat' dir='ltr'><strong>propheta</strong></span> <span class='ocrx_word' id='word_1_36' title='bbox 3427 527 3703 597; x_wconf 81' lang='lat' dir='ltr'><strong>pretiosus</strong></span> 
     </span>
    </p>
   </div>
   <div class='ocr_carea' id='block_1_4' title="bbox 496 618 3701 722">
    <p class='ocr_par' dir='ltr' id='par_1_4' title="bbox 496 618 3701 722">
     <span class='ocr_line' id='line_1_4' title="bbox 496 618 3701 722; baseline -0.013 -11"><span class='ocrx_word' id='word_1_37' title='bbox 496 618 556 712; x_wconf 62' lang='grc' dir='ltr'><strong>ἐξ</strong></span> <span class='ocrx_word' id='word_1_38' title='bbox 596 667 772 709; x_wconf 76' lang='lat' dir='ltr'><strong>tamen</strong></span> <span class='ocrx_word' id='word_1_39' title='bbox 814 648 1067 722; x_wconf 84' lang='lat' dir='ltr'><strong>gustastis</strong></span> <span class='ocrx_word' id='word_1_40' title='bbox 1107 643 1357 716; x_wconf 82' lang='lat' dir='ltr'><strong>quoniam</strong></span> <span class='ocrx_word' id='word_1_41' title='bbox 1403 639 1574 694; x_wconf 78' lang='lat' dir='ltr'><strong>dulcis</strong></span> <span class='ocrx_word' id='word_1_42' title='bbox 1614 645 1689 692; x_wconf 79' lang='lat' dir='ltr'><strong>est</strong></span> <span class='ocrx_word' id='word_1_43' title='bbox 1727 633 2003 690; x_wconf 77' lang='lat' dir='ltr'><strong>Dominus.</strong></span> <span class='ocrx_word' id='word_1_44' title='bbox 2113 639 2358 695; x_wconf 85' lang='lat' dir='ltr'><strong>vocatur,</strong></span> <span class='ocrx_word' id='word_1_45' title='bbox 2385 630 2438 684; x_wconf 91' lang='lat' dir='ltr'><strong>in</strong></span> <span class='ocrx_word' id='word_1_46' title='bbox 2478 627 2831 684; x_wconf 77' lang='lat' dir='ltr'><strong>fundamento</strong></span> <span class='ocrx_word' id='word_1_47' title='bbox 2853 623 3126 678; x_wconf 79' lang='lat' dir='ltr'><strong>fundatus.</strong></span> <span class='ocrx_word' id='word_1_48' title='bbox 3157 618 3701 688; x_wconf 66' lang='lat' dir='ltr'><strong>Supera&#39;diﬁcamiui,</strong></span> 
     </span>
    </p>
   </div>
   <div class='ocr_carea' id='block_1_5' title="bbox 423 724 2010 816">
    <p class='ocr_par' dir='ltr' id='par_1_5' title="bbox 423 724 2010 816">
     <span class='ocr_line' id='line_1_5' title="bbox 423 724 2010 816; baseline -0.018 -10"><span class='ocrx_word' id='word_1_49' title='bbox 423 749 568 814; x_wconf 77' lang='lat' dir='ltr'><strong>Hoc,</strong></span> <span class='ocrx_word' id='word_1_50' title='bbox 594 745 799 816; x_wconf 92' lang='lat' dir='ltr'><strong>inquit,</strong></span> <span class='ocrx_word' id='word_1_51' title='bbox 826 747 1015 812; x_wconf 84' lang='lat' dir='ltr'><strong>pacto,</strong></span> <span class='ocrx_word' id='word_1_52' title='bbox 1040 737 1265 794; x_wconf 89' lang='lat' dir='ltr'><strong>dimissa</strong></span> <span class='ocrx_word' id='word_1_53' title='bbox 1299 742 1464 804; x_wconf 89' lang='lat' dir='ltr'><strong>atque</strong></span> <span class='ocrx_word' id='word_1_54' title='bbox 1500 729 1794 786; x_wconf 79' lang='lat' dir='ltr'><strong>emundata</strong></span> <span class='ocrx_word' id='word_1_55' title='bbox 1829 724 2010 782; x_wconf 83' lang='lat' dir='ltr'><strong>cordis</strong></span> 
     </span>
    </p>
   </div>
   <div class='ocr_carea' id='block_1_6' title="bbox 420 815 2012 897">
    <p class='ocr_par' dir='ltr' id='par_1_6' title="bbox 420 815 2012 897">
     <span class='ocr_line' id='line_1_6' title="bbox 420 815 2012 897; baseline -0.018 -2"><span class='ocrx_word' id='word_1_56' title='bbox 420 837 590 894; x_wconf 85' lang='lat' dir='ltr'><strong>vestri</strong></span> <span class='ocrx_word' id='word_1_57' title='bbox 621 815 827 889; x_wconf 85' lang='lat' dir='ltr'><strong>malitia</strong></span> <span class='ocrx_word' id='word_1_58' title='bbox 853 839 909 885; x_wconf 91' lang='lat' dir='ltr'><strong>et</strong></span> <span class='ocrx_word' id='word_1_59' title='bbox 934 825 1197 897; x_wconf 76' lang='lat' dir='ltr'><strong>spurcitia</strong></span> <span class='ocrx_word' id='word_1_60' title='bbox 1215 867 1230 889; x_wconf 92' lang='lat'><strong>,</strong></span> <span class='ocrx_word' id='word_1_61' title='bbox 1263 821 1564 894; x_wconf 75' lang='lat' dir='ltr'><strong>Spit-italem</strong></span> <span class='ocrx_word' id='word_1_62' title='bbox 1591 817 1796 875; x_wconf 87' lang='lat' dir='ltr'><strong>Christi</strong></span> <span class='ocrx_word' id='word_1_63' title='bbox 1823 815 2012 870; x_wconf 86' lang='lat' dir='ltr'><strong>alimo-</strong></span> 
     </span>
    </p>
   </div>
   <div class='ocr_carea' id='block_1_7' title="bbox 424 904 2014 994">
    <p class='ocr_par' dir='ltr' id='par_1_7' title="bbox 424 904 2014 994">
     <span class='ocr_line' id='line_1_7' title="bbox 424 904 2014 994; baseline -0.017 -10"><span class='ocrx_word' id='word_1_64' title='bbox 424 929 572 984; x_wconf 92' lang='lat' dir='ltr'><strong>niam</strong></span> <span class='ocrx_word' id='word_1_65' title='bbox 607 922 1006 994; x_wconf 83' lang='lat' dir='ltr'><strong>concupiscite,</strong></span> <span class='ocrx_word' id='word_1_66' title='bbox 1042 918 1088 974; x_wconf 88' lang='lat' dir='ltr'><strong>si</strong></span> <span class='ocrx_word' id='word_1_67' title='bbox 1124 916 1319 972; x_wconf 63' lang='lat' dir='ltr'><strong>divinae</strong></span> <span class='ocrx_word' id='word_1_68' title='bbox 1354 909 1656 969; x_wconf 85' lang='lat' dir='ltr'><strong>dulcedinis</strong></span> <span class='ocrx_word' id='word_1_69' title='bbox 1696 916 1898 977; x_wconf 85' lang='lat' dir='ltr'><strong>quanta</strong></span> <span class='ocrx_word' id='word_1_70' title='bbox 1943 904 2014 958; x_wconf 89' lang='lat' dir='ltr'><strong>sit</strong></span> 
     </span>
    </p>
   </div>
   <div class='ocr_carea' id='block_1_8' title="bbox 426 996 2016 1087">
    <p class='ocr_par' dir='ltr' id='par_1_8' title="bbox 426 996 2016 1087">
     <span class='ocr_line' id='line_1_8' title="bbox 426 996 2016 1087; baseline -0.018 -8"><span class='ocrx_word' id='word_1_71' title='bbox 426 1021 719 1078; x_wconf 85' lang='lat' dir='ltr'><strong>multitudo</strong></span> <span class='ocrx_word' id='word_1_72' title='bbox 754 1015 963 1087; x_wconf 87' lang='lat' dir='ltr'><strong>sapitis.</strong></span> <span class='ocrx_word' id='word_1_73' title='bbox 1005 1010 1142 1066; x_wconf 78' lang='lat' dir='ltr'><strong>Nam</strong></span> <span class='ocrx_word' id='word_1_74' title='bbox 1174 1009 1270 1079; x_wconf 86' lang='lat' dir='ltr'><strong>qui</strong></span> <span class='ocrx_word' id='word_1_75' title='bbox 1308 1006 1445 1061; x_wconf 86' lang='lat' dir='ltr'><strong>nihil</strong></span> <span class='ocrx_word' id='word_1_76' title='bbox 1472 1005 1539 1060; x_wconf 90' lang='lat' dir='ltr'><strong>de</strong></span> <span class='ocrx_word' id='word_1_77' title='bbox 1566 1015 1802 1073; x_wconf 88' lang='lat' dir='ltr'><strong>superna</strong></span> <span class='ocrx_word' id='word_1_78' title='bbox 1839 996 2016 1053; x_wconf 88' lang='lat' dir='ltr'><strong>suavi-</strong></span> 
     </span>
    </p>
   </div>
   <div class='ocr_carea' id='block_1_9' title="bbox 428 1094 2016 1184">
    <p class='ocr_par' dir='ltr' id='par_1_9' title="bbox 428 1094 2016 1184">
     <span class='ocr_line' id='line_1_9' title="bbox 428 1094 2016 1184; baseline -0.019 -12"><span class='ocrx_word' id='word_1_79' title='bbox 428 1122 542 1172; x_wconf 80' lang='lat' dir='ltr'><strong>tate</strong></span> <span class='ocrx_word' id='word_1_80' title='bbox 577 1118 760 1184; x_wconf 81' lang='lat' dir='ltr'><strong>gustat</strong></span> <span class='ocrx_word' id='word_1_81' title='bbox 791 1109 1009 1170; x_wconf 86' lang='lat' dir='ltr'><strong>animo,</strong></span> <span class='ocrx_word' id='word_1_82' title='bbox 1048 1119 1153 1159; x_wconf 91' lang='lat' dir='ltr'><strong>non</strong></span> <span class='ocrx_word' id='word_1_83' title='bbox 1192 1108 1277 1156; x_wconf 89' lang='lat' dir='ltr'><strong>est</strong></span> <span class='ocrx_word' id='word_1_84' title='bbox 1312 1099 1510 1155; x_wconf 91' lang='lat' dir='ltr'><strong>mirum</strong></span> <span class='ocrx_word' id='word_1_85' title='bbox 1531 1137 1544 1163; x_wconf 93' lang='lat'><strong>,</strong></span> <span class='ocrx_word' id='word_1_86' title='bbox 1583 1094 1630 1150; x_wconf 90' lang='lat' dir='ltr'><strong>si</strong></span> <span class='ocrx_word' id='word_1_87' title='bbox 1663 1096 1811 1149; x_wconf 90' lang='lat' dir='ltr'><strong>hunc</strong></span> <span class='ocrx_word' id='word_1_88' title='bbox 1845 1099 2016 1144; x_wconf 85' lang='lat' dir='ltr'><strong>terre-</strong></span> 
     </span>
    </p>
   </div>
   <div class='ocr_carea' id='block_1_10' title="bbox 429 1185 2016 1264">
    <p class='ocr_par' dir='ltr' id='par_1_10' title="bbox 429 1185 2016 1264">
     <span class='ocr_line' id='line_1_10' title="bbox 429 1185 2016 1264; baseline -0.019 -1"><span class='ocrx_word' id='word_1_89' title='bbox 429 1207 636 1264; x_wconf 86' lang='lat' dir='ltr'><strong>stribus</strong></span> <span class='ocrx_word' id='word_1_90' title='bbox 669 1201 941 1259; x_wconf 81' lang='lat' dir='ltr'><strong>illecebris</strong></span> <span class='ocrx_word' id='word_1_91' title='bbox 967 1195 1253 1255; x_wconf 84' lang='lat' dir='ltr'><strong>sordidare</strong></span> <span class='ocrx_word' id='word_1_92' title='bbox 1291 1207 1398 1248; x_wconf 91' lang='lat' dir='ltr'><strong>non</strong></span> <span class='ocrx_word' id='word_1_93' title='bbox 1433 1190 1622 1246; x_wconf 83' lang='lat' dir='ltr'><strong>evitat.</strong></span> <span class='ocrx_word' id='word_1_94' title='bbox 1650 1185 1798 1241; x_wconf 85' lang='lat' dir='ltr'><strong>Bene</strong></span> <span class='ocrx_word' id='word_1_95' title='bbox 1833 1189 2016 1239; x_wconf 90' lang='lat' dir='ltr'><strong>autem</strong></span> 
     </span>
    </p>
   </div>
   <div class='ocr_carea' id='block_1_11' title="bbox 428 1273 2018 1365">
    <p class='ocr_par' dir='ltr' id='par_1_11' title="bbox 428 1273 2018 1365">
     <span class='ocr_line' id='line_1_11' title="bbox 428 1273 2018 1365; baseline -0.019 -10"><span class='ocrx_word' id='word_1_96' title='bbox 428 1298 716 1355; x_wconf 83' lang='lat' dir='ltr'><strong>Psalmista</strong></span> <span class='ocrx_word' id='word_1_97' title='bbox 741 1302 962 1365; x_wconf 78' lang='lat' dir='ltr'><strong>gustare</strong></span> <span class='ocrx_word' id='word_1_98' title='bbox 990 1293 1206 1352; x_wconf 87' lang='lat' dir='ltr'><strong>monet,</strong></span> <span class='ocrx_word' id='word_1_99' title='bbox 1240 1300 1402 1354; x_wconf 90' lang='lat' dir='ltr'><strong>quam</strong></span> <span class='ocrx_word' id='word_1_100' title='bbox 1430 1280 1604 1338; x_wconf 87' lang='lat' dir='ltr'><strong>dulcis</strong></span> <span class='ocrx_word' id='word_1_101' title='bbox 1637 1278 1708 1333; x_wconf 88' lang='lat' dir='ltr'><strong>sit</strong></span> <span class='ocrx_word' id='word_1_102' title='bbox 1756 1273 2018 1329; x_wconf 90' lang='lat' dir='ltr'><strong>Dominus</strong></span> 
     </span>
    </p>
   </div>
   <div class='ocr_carea' id='block_1_12' title="bbox 431 1363 2020 1463">
    <p class='ocr_par' dir='ltr' id='par_1_12' title="bbox 431 1363 2020 1463">
     <span class='ocr_line' id='line_1_12' title="bbox 431 1363 2020 1463; baseline -0.019 -16"><span class='ocrx_word' id='word_1_103' title='bbox 431 1389 606 1463; x_wconf 85' lang='lat' dir='ltr'><strong>(Psal.</strong></span> <span class='ocrx_word' id='word_1_104' title='bbox 635 1363 854 1457; x_wconf 75' lang='lat' dir='ltr'><strong>xxxiii),</strong></span> <span class='ocrx_word' id='word_1_105' title='bbox 882 1383 1010 1452; x_wconf 93' lang='lat' dir='ltr'><strong>quia</strong></span> <span class='ocrx_word' id='word_1_106' title='bbox 1037 1388 1166 1434; x_wconf 85' lang='lat' dir='ltr'><strong>sunt</strong></span> <span class='ocrx_word' id='word_1_107' title='bbox 1190 1375 1434 1433; x_wconf 89' lang='lat' dir='ltr'><strong>nonnulli</strong></span> <span class='ocrx_word' id='word_1_108' title='bbox 1467 1373 1560 1442; x_wconf 84' lang='lat' dir='ltr'><strong>qui</strong></span> <span class='ocrx_word' id='word_1_109' title='bbox 1603 1385 1710 1425; x_wconf 91' lang='lat' dir='ltr'><strong>non</strong></span> <span class='ocrx_word' id='word_1_110' title='bbox 1739 1369 1793 1424; x_wconf 89' lang='lat' dir='ltr'><strong>id</strong></span> <span class='ocrx_word' id='word_1_111' title='bbox 1819 1367 1884 1422; x_wconf 87' lang='lat' dir='ltr'><strong>dc</strong></span> <span class='ocrx_word' id='word_1_112' title='bbox 1908 1363 2020 1418; x_wconf 92' lang='lat' dir='ltr'><strong>Deo</strong></span> 
     </span>
    </p>
   </div>
   <div class='ocr_carea' id='block_1_13' title="bbox 431 1458 2018 1546">
    <p class='ocr_par' dir='ltr' id='par_1_13' title="bbox 431 1458 2018 1546">
     <span class='ocr_line' id='line_1_13' title="bbox 431 1458 2018 1546; baseline -0.018 -8"><span class='ocrx_word' id='word_1_113' title='bbox 431 1458 708 1544; x_wconf 84' lang='lat' dir='ltr'><strong>sentiunt,</strong></span> <span class='ocrx_word' id='word_1_114' title='bbox 738 1474 885 1546; x_wconf 89' lang='lat' dir='ltr'><strong>quod</strong></span> <span class='ocrx_word' id='word_1_115' title='bbox 909 1471 1066 1528; x_wconf 88' lang='lat' dir='ltr'><strong>dulce</strong></span> <span class='ocrx_word' id='word_1_116' title='bbox 1091 1471 1146 1525; x_wconf 88' lang='lat' dir='ltr'><strong>in</strong></span> <span class='ocrx_word' id='word_1_117' title='bbox 1173 1469 1335 1524; x_wconf 89' lang='lat' dir='ltr'><strong>terris</strong></span> <span class='ocrx_word' id='word_1_118' title='bbox 1365 1466 1570 1534; x_wconf 87' lang='lat' dir='ltr'><strong>sapiat,</strong></span> <span class='ocrx_word' id='word_1_119' title='bbox 1609 1461 1705 1516; x_wconf 89' lang='lat' dir='ltr'><strong>sed</strong></span> <span class='ocrx_word' id='word_1_120' title='bbox 1743 1458 1888 1530; x_wconf 88' lang='lat' dir='ltr'><strong>quod</strong></span> <span class='ocrx_word' id='word_1_121' title='bbox 1920 1470 2018 1510; x_wconf 76' lang='lat' dir='ltr'><strong>cx-</strong></span> 
     </span>
    </p>
   </div>
   <div class='ocr_carea' id='block_1_14' title="bbox 433 1548 2024 1629">
    <p class='ocr_par' dir='ltr' id='par_1_14' title="bbox 433 1548 2024 1629">
     <span class='ocr_line' id='line_1_14' title="bbox 433 1548 2024 1629; baseline -0.018 -1"><span class='ocrx_word' id='word_1_122' title='bbox 433 1585 654 1629; x_wconf 88' lang='lat' dir='ltr'><strong>cussum</strong></span> <span class='ocrx_word' id='word_1_123' title='bbox 678 1566 920 1624; x_wconf 78' lang='lat' dir='ltr'><strong>exterius</strong></span> <span class='ocrx_word' id='word_1_124' title='bbox 946 1571 1124 1620; x_wconf 89' lang='lat' dir='ltr'><strong>sonet.</strong></span> <span class='ocrx_word' id='word_1_125' title='bbox 1152 1559 1257 1628; x_wconf 85' lang='lat' dir='ltr'><strong>Qui</strong></span> <span class='ocrx_word' id='word_1_126' title='bbox 1280 1567 1334 1612; x_wconf 86' lang='lat' dir='ltr'><strong>et</strong></span> <span class='ocrx_word' id='word_1_127' title='bbox 1357 1558 1403 1612; x_wconf 87' lang='lat' dir='ltr'><strong>si</strong></span> <span class='ocrx_word' id='word_1_128' title='bbox 1431 1562 1645 1611; x_wconf 89' lang='lat' dir='ltr'><strong>secreta</strong></span> <span class='ocrx_word' id='word_1_129' title='bbox 1673 1552 1918 1624; x_wconf 67' lang='lat' dir='ltr'><strong>quaedam</strong></span> <span class='ocrx_word' id='word_1_130' title='bbox 1946 1548 2024 1602; x_wconf 88' lang='lat' dir='ltr'><strong>in-</strong></span> 
     </span>
    </p>
   </div>
   <div class='ocr_carea' id='block_1_15' title="bbox 435 1618 3718 1734">
    <p class='ocr_par' dir='ltr' id='par_1_15' title="bbox 435 1618 3718 1734">
     <span class='ocr_line' id='line_1_15' title="bbox 435 1618 3718 1734; baseline -0.016 -14"><span class='ocrx_word' id='word_1_131' title='bbox 435 1618 1112 1734; x_wconf 39' lang='grc' dir='ltr'><strong>ὧῖξὲἐιιάἷῖένὲἰίιὶυιιῐ,</strong></span> <span class='ocrx_word' id='word_1_132' title='bbox 1163 1618 1350 1706; x_wconf 57' lang='lat' dir='ltr'><strong>corum</strong></span> <span class='ocrx_word' id='word_1_133' title='bbox 1400 1618 1741 1704; x_wconf 79' lang='lat' dir='ltr'><strong>dulcedinem</strong></span> <span class='ocrx_word' id='word_1_134' title='bbox 1788 1638 2024 1712; x_wconf 82' lang='lat' dir='ltr'><strong>experiri</strong></span> <span class='ocrx_word' id='word_1_135' title='bbox 2126 1643 2312 1697; x_wconf 76' lang='lat' dir='ltr'><strong>domus</strong></span> <span class='ocrx_word' id='word_1_136' title='bbox 2355 1634 2632 1709; x_wconf 65' lang='lat' dir='ltr'><strong>spiritalis.</strong></span> <span class='ocrx_word' id='word_1_137' title='bbox 2677 1633 2783 1687; x_wconf 85' lang='lat' dir='ltr'><strong>Alii</strong></span> <span class='ocrx_word' id='word_1_138' title='bbox 2825 1643 3078 1686; x_wconf 83' lang='lat' dir='ltr'><strong>rursum:</strong></span> <span class='ocrx_word' id='word_1_139' title='bbox 3123 1621 3493 1693; x_wconf 50' lang='lat' dir='ltr'><strong>[Ediﬁcamini</strong></span> <span class='ocrx_word' id='word_1_140' title='bbox 3533 1621 3590 1673; x_wconf 85' lang='lat' dir='ltr'><strong>in</strong></span> <span class='ocrx_word' id='word_1_141' title='bbox 3626 1618 3718 1670; x_wconf 76' lang='lat' dir='ltr'><strong>do-</strong></span> 
     </span>
    </p>
   </div>
   <div class='ocr_carea' id='block_1_16' title="bbox 435 1711 3719 1823">
    <p class='ocr_par' dir='ltr' id='par_1_16' title="bbox 435 1711 3719 1823">
     <span class='ocr_line' id='line_1_16' title="bbox 439 1711 1868 1734; baseline -0.015 2"><span class='ocrx_word' id='word_1_142' title='bbox 439 1711 720 1734; x_wconf 78' lang='lat' dir='ltr'><strong>&quot;&quot;&quot;&#39;O&quot;“&quot;</strong></span> <span class='ocrx_word' id='word_1_143' title='bbox 776 1711 828 1730; x_wconf 63' lang='lat'><strong>1&quot;</strong></span> <span class='ocrx_word' id='word_1_144' title='bbox 887 1711 895 1712; x_wconf 48' lang='grc' dir='ltr'>ί</span> <span class='ocrx_word' id='word_1_145' title='bbox 929 1711 943 1727; x_wconf 86' lang='grc' dir='ltr'><strong>ι</strong></span> <span class='ocrx_word' id='word_1_146' title='bbox 1099 1711 1111 1718; x_wconf 84' lang='lat'><strong><em>-</em></strong></span> <span class='ocrx_word' id='word_1_147' title='bbox 1859 1711 1868 1712; x_wconf 34' lang='grc' dir='ltr'><em>κ</em></span> 
     </span>
     <span class='ocr_line' id='line_1_17' title="bbox 435 1711 3719 1823; baseline -0.015 -12"><span class='ocrx_word' id='word_1_148' title='bbox 435 1771 543 1810; x_wconf 91' lang='lat' dir='ltr'><strong>non</strong></span> <span class='ocrx_word' id='word_1_149' title='bbox 586 1758 831 1823; x_wconf 86' lang='lat' dir='ltr'><strong>possunt.</strong></span> <span class='ocrx_word' id='word_1_150' title='bbox 867 1748 942 1802; x_wconf 80' lang='lat' dir='ltr'><strong>Et</strong></span> <span class='ocrx_word' id='word_1_151' title='bbox 980 1747 1026 1801; x_wconf 89' lang='lat' dir='ltr'><strong>si</strong></span> <span class='ocrx_word' id='word_1_152' title='bbox 1069 1751 1367 1808; x_wconf 89' lang='lat' dir='ltr'><strong>noverunt,</strong></span> <span class='ocrx_word' id='word_1_153' title='bbox 1403 1738 1674 1812; x_wconf 88' lang='lat' dir='ltr'><strong>quomodo</strong></span> <span class='ocrx_word' id='word_1_154' title='bbox 1715 1742 1842 1793; x_wconf 91' lang='lat' dir='ltr'><strong>sunt</strong></span> <span class='ocrx_word' id='word_1_155' title='bbox 1880 1734 2027 1801; x_wconf 79' lang='lat' dir='ltr'><strong>igno-</strong></span> <span class='ocrx_word' id='word_1_156' title='bbox 2130 1749 2272 1788; x_wconf 83' lang='lat' dir='ltr'><strong>mum</strong></span> <span class='ocrx_word' id='word_1_157' title='bbox 2303 1726 2624 1802; x_wconf 78' lang='lat' dir='ltr'><strong>spiritalem,</strong></span> <span class='ocrx_word' id='word_1_158' title='bbox 2656 1725 2711 1780; x_wconf 92' lang='lat' dir='ltr'><strong>in</strong></span> <span class='ocrx_word' id='word_1_159' title='bbox 2739 1738 2848 1794; x_wconf 91' lang='lat' dir='ltr'><strong>quo</strong></span> <span class='ocrx_word' id='word_1_160' title='bbox 2882 1720 3139 1776; x_wconf 85' lang='lat' dir='ltr'><strong>nimirum</strong></span> <span class='ocrx_word' id='word_1_161' title='bbox 3181 1716 3362 1771; x_wconf 85' lang='lat' dir='ltr'><strong>unitas</strong></span> <span class='ocrx_word' id='word_1_162' title='bbox 3397 1713 3513 1782; x_wconf 90' lang='lat' dir='ltr'><strong>ipsa</strong></span> <span class='ocrx_word' id='word_1_163' title='bbox 3550 1711 3719 1766; x_wconf 86' lang='lat' dir='ltr'><strong>totius</strong></span> 
     </span>
    </p>
   </div>
   <div class='ocr_carea' id='block_1_17' title="bbox 427 1811 3722 1912">
    <p class='ocr_par' dir='ltr' id='par_1_17' title="bbox 427 1811 3722 1912">
     <span class='ocr_line' id='line_1_18' title="bbox 427 1811 3722 1912; baseline -0.013 -8"><span class='ocrx_word' id='word_1_164' title='bbox 427 1811 606 1912; x_wconf 61' lang='lat' dir='ltr'><strong>rant,</strong></span> <span class='ocrx_word' id='word_1_165' title='bbox 621 1853 682 1900; x_wconf 91' lang='lat' dir='ltr'><strong>ut</strong></span> <span class='ocrx_word' id='word_1_166' title='bbox 707 1843 850 1910; x_wconf 76' lang='lat' dir='ltr'><strong>dixi,</strong></span> <span class='ocrx_word' id='word_1_167' title='bbox 877 1840 1150 1912; x_wconf 82' lang='lat' dir='ltr'><strong>quomodo</strong></span> <span class='ocrx_word' id='word_1_168' title='bbox 1177 1838 1416 1907; x_wconf 88' lang='lat' dir='ltr'><strong>sapiunt.</strong></span> <span class='ocrx_word' id='word_1_169' title='bbox 1448 1835 1515 1889; x_wconf 85' lang='lat' dir='ltr'><strong>Et</strong></span> <span class='ocrx_word' id='word_1_170' title='bbox 1540 1833 1798 1902; x_wconf 88' lang='lat' dir='ltr'><strong>quoniam</strong></span> <span class='ocrx_word' id='word_1_171' title='bbox 1825 1830 1881 1886; x_wconf 90' lang='lat' dir='ltr'><strong>in</strong></span> <span class='ocrx_word' id='word_1_172' title='bbox 1909 1830 2024 1899; x_wconf 91' lang='lat' dir='ltr'><strong>ipso</strong></span> <span class='ocrx_word' id='word_1_173' title='bbox 2054 1823 2100 1884; x_wconf 83' lang='grc' dir='ltr'><strong>Β</strong></span> <span class='ocrx_word' id='word_1_174' title='bbox 2129 1837 2330 1889; x_wconf 70' lang='lat' dir='ltr'><strong>saneta:</strong></span> <span class='ocrx_word' id='word_1_175' title='bbox 2366 1825 2624 1882; x_wconf 60' lang='lat' dir='ltr'><strong>Ecclesiae</strong></span> <span class='ocrx_word' id='word_1_176' title='bbox 2663 1821 2844 1892; x_wconf 86' lang='lat' dir='ltr'><strong>aptius</strong></span> <span class='ocrx_word' id='word_1_177' title='bbox 2883 1816 3316 1874; x_wconf 86' lang='lat' dir='ltr'><strong>commendatur.</strong></span> <span class='ocrx_word' id='word_1_178' title='bbox 3357 1811 3491 1867; x_wconf 83' lang='lat' dir='ltr'><strong>Cum</strong></span> <span class='ocrx_word' id='word_1_179' title='bbox 3536 1817 3722 1863; x_wconf 84' lang='lat' dir='ltr'><strong>autem</strong></span> 
     </span>
    </p>
   </div>
   <div class='ocr_carea' id='block_1_18' title="bbox 437 1899 3723 2003">
    <p class='ocr_par' dir='ltr' id='par_1_18' title="bbox 437 1899 3723 2003">
     <span class='ocr_line' id='line_1_19' title="bbox 437 1899 3723 2003; baseline -0.013 -9"><span class='ocrx_word' id='word_1_180' title='bbox 437 1937 680 1999; x_wconf 87' lang='lat' dir='ltr'><strong>Psalmo,</strong></span> <span class='ocrx_word' id='word_1_181' title='bbox 711 1934 779 1990; x_wconf 85' lang='lat' dir='ltr'><strong>de</strong></span> <span class='ocrx_word' id='word_1_182' title='bbox 797 1947 907 2003; x_wconf 88' lang='lat' dir='ltr'><strong>quo</strong></span> <span class='ocrx_word' id='word_1_183' title='bbox 931 1932 1076 1985; x_wconf 90' lang='lat' dir='ltr'><strong>hunc</strong></span> <span class='ocrx_word' id='word_1_184' title='bbox 1101 1926 1428 1983; x_wconf 85' lang='lat' dir='ltr'><strong>versiculum</strong></span> <span class='ocrx_word' id='word_1_185' title='bbox 1456 1923 1754 1992; x_wconf 87' lang='lat' dir='ltr'><strong>assumpsit</strong></span> <span class='ocrx_word' id='word_1_186' title='bbox 1780 1920 2030 1990; x_wconf 63' lang='lat' dir='ltr'><strong>preemis-</strong></span> <span class='ocrx_word' id='word_1_187' title='bbox 2129 1921 2387 1983; x_wconf 73' lang='lat' dir='ltr'><strong>dixisset,</strong></span> <span class='ocrx_word' id='word_1_188' title='bbox 2437 1910 2948 1986; x_wconf 63' lang='lat' dir='ltr'><strong>superiediﬁcamini</strong></span> <span class='ocrx_word' id='word_1_189' title='bbox 2996 1907 3188 1962; x_wconf 89' lang='lat' dir='ltr'><strong>domos</strong></span> <span class='ocrx_word' id='word_1_190' title='bbox 3235 1901 3548 1974; x_wconf 87' lang='lat' dir='ltr'><strong>spiritales,</strong></span> <span class='ocrx_word' id='word_1_191' title='bbox 3604 1899 3723 1954; x_wconf 73' lang='lat' dir='ltr'><strong>sive</strong></span> 
     </span>
    </p>
   </div>
   <div class='ocr_carea' id='block_1_19' title="bbox 440 2006 2858 2092">
    <p class='ocr_par' dir='ltr' id='par_1_19' title="bbox 440 2006 2858 2092">
     <span class='ocr_line' id='line_1_20' title="bbox 440 2006 2858 2092; baseline -0.01 -7"><span class='ocrx_word' id='word_1_192' title='bbox 440 2043 559 2086; x_wconf 84' lang='lat' dir='ltr'><strong>sum</strong></span> <span class='ocrx_word' id='word_1_193' title='bbox 605 2035 690 2084; x_wconf 87' lang='lat' dir='ltr'><strong>est</strong></span> <span class='ocrx_word' id='word_1_194' title='bbox 727 2023 1014 2080; x_wconf 75' lang='lat' dir='ltr'><strong>:Accedite</strong></span> <span class='ocrx_word' id='word_1_195' title='bbox 1037 2021 1108 2075; x_wconf 76' lang='lat' dir='ltr'><strong>ad</strong></span> <span class='ocrx_word' id='word_1_196' title='bbox 1155 2036 1297 2085; x_wconf 86' lang='lat' dir='ltr'><strong>eum,</strong></span> <span class='ocrx_word' id='word_1_197' title='bbox 1335 2027 1383 2072; x_wconf 87' lang='lat' dir='ltr'><strong>et</strong></span> <span class='ocrx_word' id='word_1_198' title='bbox 1428 2014 1830 2080; x_wconf 84' lang='lat' dir='ltr'><strong>illuminamini,</strong></span> <span class='ocrx_word' id='word_1_199' title='bbox 1881 2021 2029 2067; x_wconf 89' lang='lat' dir='ltr'><strong>recte</strong></span> <span class='ocrx_word' id='word_1_200' title='bbox 2130 2016 2324 2072; x_wconf 86' lang='lat' dir='ltr'><strong>domus</strong></span> <span class='ocrx_word' id='word_1_201' title='bbox 2349 2009 2638 2092; x_wconf 84' lang='lat' dir='ltr'><strong>spiritalis,</strong></span> <span class='ocrx_word' id='word_1_202' title='bbox 2665 2006 2858 2078; x_wconf 85' lang='lat' dir='ltr'><strong>addit:</strong></span> 
     </span>
    </p>
   </div>
   <div class='ocr_carea' id='block_1_20' title="bbox 443 2087 3726 2178">
    <p class='ocr_par' dir='ltr' id='par_1_20' title="bbox 443 2087 3726 2178">
     <span class='ocr_line' id='line_1_21' title="bbox 443 2087 3726 2178; baseline -0.016 8"><span class='ocrx_word' id='word_1_203' title='bbox 443 2121 638 2175; x_wconf 63' lang='lat' dir='ltr'><strong>beluus</strong></span> <span class='ocrx_word' id='word_1_204' title='bbox 666 2118 860 2174; x_wconf 72' lang='lat' dir='ltr'><strong>POU‘IIS</strong></span> <span class='ocrx_word' id='word_1_205' title='bbox 885 2113 1108 2178; x_wconf 59' lang='lat' dir='ltr'><strong>sum“,</strong></span> <span class='ocrx_word' id='word_1_206' title='bbox 1137 2111 1364 2167; x_wconf 62' lang='lat' dir='ltr'><strong>dicens:</strong></span> <span class='ocrx_word' id='word_1_207' title='bbox 1897 2135 1900 2142; x_wconf 95' lang='grc'>·</span> <span class='ocrx_word' id='word_1_208' title='bbox 2205 2087 2572 2163; x_wconf 69' lang='lat' dir='ltr'><strong>Sacerdotium</strong></span> <span class='ocrx_word' id='word_1_209' title='bbox 2622 2106 2884 2154; x_wconf 85' lang='lat' dir='ltr'><strong>sanctum.</strong></span> <span class='ocrx_word' id='word_1_210' title='bbox 2933 2093 2990 2148; x_wconf 89' lang='lat' dir='ltr'><strong>Id</strong></span> <span class='ocrx_word' id='word_1_211' title='bbox 3033 2099 3149 2155; x_wconf 86' lang='lat' dir='ltr'><strong>est,</strong></span> <span class='ocrx_word' id='word_1_212' title='bbox 3190 2087 3557 2143; x_wconf 85' lang='lat' dir='ltr'><strong>sacerdotium</strong></span> <span class='ocrx_word' id='word_1_213' title='bbox 3599 2099 3726 2137; x_wconf 76' lang='lat' dir='ltr'><strong>sau-</strong></span> 
     </span>
    </p>
   </div>
   <div class='ocr_carea' id='block_1_21' title="bbox 517 2175 3729 2279">
    <p class='ocr_par' dir='ltr' id='par_1_21' title="bbox 517 2175 3729 2279">
     <span class='ocr_line' id='line_1_22' title="bbox 517 2175 3729 2279; baseline -0.011 -16"><span class='ocrx_word' id='word_1_214' title='bbox 517 2210 597 2263; x_wconf 80' lang='lat' dir='ltr'><strong>Ad</strong></span> <span class='ocrx_word' id='word_1_215' title='bbox 626 2205 1114 2279; x_wconf 82' lang='lat' dir='ltr'><strong>quem-accedentes</strong></span> <span class='ocrx_word' id='word_1_216' title='bbox 1138 2201 1366 2272; x_wconf 83' lang='lat' dir='ltr'><strong>lapidem</strong></span> <span class='ocrx_word' id='word_1_217' title='bbox 1413 2200 1604 2262; x_wconf 77' lang='lat' dir='ltr'><strong>viuum,</strong></span> <span class='ocrx_word' id='word_1_218' title='bbox 1637 2197 1703 2252; x_wconf 90' lang='lat' dir='ltr'><strong>ab</strong></span> <span class='ocrx_word' id='word_1_219' title='bbox 1733 2194 2030 2250; x_wconf 83' lang='lat' dir='ltr'><strong>hominibus</strong></span> <span class='ocrx_word' id='word_1_220' title='bbox 2132 2209 2282 2254; x_wconf 68' lang='lat' dir='ltr'><strong>cium</strong></span> <span class='ocrx_word' id='word_1_221' title='bbox 2322 2212 2420 2251; x_wconf 77' lang='lat' dir='ltr'><strong>vos</strong></span> <span class='ocrx_word' id='word_1_222' title='bbox 2450 2193 2580 2264; x_wconf 77' lang='lat' dir='ltr'><strong>ipsi,</strong></span> <span class='ocrx_word' id='word_1_223' title='bbox 2610 2192 2906 2247; x_wconf 73' lang='lat' dir='ltr'><strong>existentes</strong></span> <span class='ocrx_word' id='word_1_224' title='bbox 2932 2199 3094 2255; x_wconf 87' lang='lat' dir='ltr'><strong>super</strong></span> <span class='ocrx_word' id='word_1_225' title='bbox 3121 2182 3527 2238; x_wconf 84' lang='lat' dir='ltr'><strong>fundamentum</strong></span> <span class='ocrx_word' id='word_1_226' title='bbox 3573 2175 3729 2230; x_wconf 79' lang='lat' dir='ltr'><strong>Chri-</strong></span> 
     </span>
    </p>
   </div>
   <div class='ocr_carea' id='block_1_22' title="bbox 445 2272 2047 2375">
    <p class='ocr_par' dir='ltr' id='par_1_22' title="bbox 445 2286 2029 2375">
     <span class='ocr_line' id='line_1_23' title="bbox 445 2286 2029 2375; baseline -0.01 -19"><span class='ocrx_word' id='word_1_227' title='bbox 445 2302 653 2375; x_wconf 76' lang='lat' dir='ltr'><strong>quidem</strong></span> <span class='ocrx_word' id='word_1_228' title='bbox 681 2298 1034 2370; x_wconf 78' lang='lat' dir='ltr'><strong>reprobatmit,</strong></span> <span class='ocrx_word' id='word_1_229' title='bbox 1067 2313 1098 2348; x_wconf 89' lang='lat' dir='ltr'><strong>a</strong></span> <span class='ocrx_word' id='word_1_230' title='bbox 1124 2293 1232 2348; x_wconf 88' lang='lat' dir='ltr'><strong>Deo</strong></span> <span class='ocrx_word' id='word_1_231' title='bbox 1255 2302 1431 2347; x_wconf 88' lang='lat' dir='ltr'><strong>autem</strong></span> <span class='ocrx_word' id='word_1_232' title='bbox 1458 2290 1678 2344; x_wconf 85' lang='lat' dir='ltr'><strong>electum</strong></span> <span class='ocrx_word' id='word_1_233' title='bbox 1702 2299 1750 2342; x_wconf 88' lang='lat' dir='ltr'><strong>ct</strong></span> <span class='ocrx_word' id='word_1_234' title='bbox 1770 2286 2029 2354; x_wconf 79' lang='lat' dir='ltr'><strong>honoriﬁ-</strong></span> 
     </span>
    </p>
   </div>
   <div class='ocr_carea' id='block_1_23' title="bbox 2156 2272 3730 2375">
    <p class='ocr_par' dir='ltr' id='par_1_23' title="bbox 2156 2272 3730 2355">
     <span class='ocr_line' id='line_1_24' title="bbox 2156 2272 3730 2355; baseline -0.016 -11"><span class='ocrx_word' id='word_1_235' title='bbox 2156 2291 2224 2344; x_wconf 58' lang='grc' dir='ltr'>ιιι.</span> <span class='ocrx_word' id='word_1_236' title='bbox 2253 2288 2482 2344; x_wconf 86' lang='lat' dir='ltr'><strong>Omnem</strong></span> <span class='ocrx_word' id='word_1_237' title='bbox 2520 2299 2650 2355; x_wconf 82' lang='lat' dir='ltr'><strong>ergo</strong></span> <span class='ocrx_word' id='word_1_238' title='bbox 2695 2280 3022 2340; x_wconf 79' lang='lat' dir='ltr'><strong>Ecclesium,</strong></span> <span class='ocrx_word' id='word_1_239' title='bbox 3069 2272 3433 2330; x_wconf 86' lang='lat' dir='ltr'><strong>sacerdoti-um</strong></span> <span class='ocrx_word' id='word_1_240' title='bbox 3477 2276 3730 2323; x_wconf 83' lang='lat' dir='ltr'><strong>sanctum</strong></span> 
     </span>
    </p>
   </div>
   <div class='ocr_carea' id='block_1_24' title="bbox 448 2368 3731 2458">
    <p class='ocr_par' dir='ltr' id='par_1_24' title="bbox 448 2368 3731 2458">
     <span class='ocr_line' id='line_1_25' title="bbox 448 2368 3731 2458; baseline -0.01 -8"><span class='ocrx_word' id='word_1_241' title='bbox 448 2406 644 2450; x_wconf 85' lang='lat' dir='ltr'><strong>catum.</strong></span> <span class='ocrx_word' id='word_1_242' title='bbox 674 2368 745 2448; x_wconf 84' lang='lat' dir='ltr'><strong>Et</strong></span> <span class='ocrx_word' id='word_1_243' title='bbox 765 2393 868 2447; x_wconf 91' lang='lat' dir='ltr'><strong>hoc</strong></span> <span class='ocrx_word' id='word_1_244' title='bbox 889 2389 958 2445; x_wconf 88' lang='lat' dir='ltr'><strong>de</strong></span> <span class='ocrx_word' id='word_1_245' title='bbox 982 2388 1158 2458; x_wconf 86' lang='lat' dir='ltr'><strong>lapide</strong></span> <span class='ocrx_word' id='word_1_246' title='bbox 1193 2385 1563 2442; x_wconf 86' lang='lat' dir='ltr'><strong>testimonium</strong></span> <span class='ocrx_word' id='word_1_247' title='bbox 1591 2382 1761 2437; x_wconf 87' lang='lat' dir='ltr'><strong>sumit</strong></span> <span class='ocrx_word' id='word_1_248' title='bbox 1783 2395 1849 2434; x_wconf 78' lang='lat' dir='ltr'><strong>ex</strong></span> <span class='ocrx_word' id='word_1_249' title='bbox 1878 2379 2032 2435; x_wconf 89' lang='lat' dir='ltr'><strong>Psal-</strong></span> <span class='ocrx_word' id='word_1_250' title='bbox 2135 2383 2403 2454; x_wconf 67' lang='lat' dir='ltr'><strong>appellat,</strong></span> <span class='ocrx_word' id='word_1_251' title='bbox 2427 2380 2570 2449; x_wconf 80' lang='lat' dir='ltr'><strong>quod</strong></span> <span class='ocrx_word' id='word_1_252' title='bbox 2595 2376 2710 2433; x_wconf 77' lang='lat' dir='ltr'><strong>sola</strong></span> <span class='ocrx_word' id='word_1_253' title='bbox 2752 2377 2945 2432; x_wconf 82' lang='lat' dir='ltr'><strong>domus</strong></span> <span class='ocrx_word' id='word_1_254' title='bbox 2985 2373 3168 2426; x_wconf 82' lang='lat' dir='ltr'><strong>Aaron</strong></span> <span class='ocrx_word' id='word_1_255' title='bbox 3209 2371 3264 2423; x_wconf 89' lang='lat' dir='ltr'><strong>in</strong></span> <span class='ocrx_word' id='word_1_256' title='bbox 3298 2368 3413 2438; x_wconf 85' lang='lat' dir='ltr'><strong>lege</strong></span> <span class='ocrx_word' id='word_1_257' title='bbox 3451 2379 3652 2420; x_wconf 82' lang='lat' dir='ltr'><strong>nomen</strong></span> <span class='ocrx_word' id='word_1_258' title='bbox 3678 2373 3731 2415; x_wconf 86' lang='lat' dir='ltr'><strong>ct</strong></span> 
     </span>
    </p>
   </div>
   <div class='ocr_carea' id='block_1_25' title="bbox 452 2457 2047 2552">
    <p class='ocr_par' dir='ltr' id='par_1_25' title="bbox 452 2457 2035 2552">
     <span class='ocr_line' id='line_1_26' title="bbox 452 2457 2035 2552; baseline -0.013 -8"><span class='ocrx_word' id='word_1_259' title='bbox 452 2502 539 2544; x_wconf 82' lang='lat' dir='ltr'><strong>tuo</strong></span> <span class='ocrx_word' id='word_1_260' title='bbox 559 2526 574 2551; x_wconf 94' lang='lat'><strong>,</strong></span> <span class='ocrx_word' id='word_1_261' title='bbox 605 2485 694 2541; x_wconf 89' lang='lat' dir='ltr'><strong>ubi</strong></span> <span class='ocrx_word' id='word_1_262' title='bbox 721 2483 982 2552; x_wconf 83' lang='lat' dir='ltr'><strong>scriptum</strong></span> <span class='ocrx_word' id='word_1_263' title='bbox 1012 2457 1095 2536; x_wconf 80' lang='lat' dir='ltr'><strong>est</strong></span> <span class='ocrx_word' id='word_1_264' title='bbox 1123 2497 1136 2532; x_wconf 90' lang='lat'>:</span> <span class='ocrx_word' id='word_1_265' title='bbox 1175 2477 1603 2548; x_wconf 80' lang='lat' dir='ltr'><strong>Lapidemquem</strong></span> <span class='ocrx_word' id='word_1_266' title='bbox 1635 2474 2035 2544; x_wconf 83' lang='lat' dir='ltr'><strong>reprobaverunt</strong></span> 
     </span>
    </p>
   </div>
   <div class='ocr_carea' id='block_1_26' title="bbox 2156 2457 3732 2552">
    <p class='ocr_par' dir='ltr' id='par_1_26' title="bbox 2156 2457 3732 2537">
     <span class='ocr_line' id='line_1_27' title="bbox 2156 2457 3732 2537; baseline -0.014 -6"><span class='ocrx_word' id='word_1_267' title='bbox 2156 2477 2370 2531; x_wconf 62' lang='lat' dir='ltr'><strong>illicium</strong></span> <span class='ocrx_word' id='word_1_268' title='bbox 2404 2472 2611 2528; x_wconf 84' lang='lat' dir='ltr'><strong>habuit.</strong></span> <span class='ocrx_word' id='word_1_269' title='bbox 2650 2470 2787 2537; x_wconf 85' lang='lat' dir='ltr'><strong>Quia</strong></span> <span class='ocrx_word' id='word_1_270' title='bbox 2824 2466 3081 2523; x_wconf 89' lang='lat' dir='ltr'><strong>nimirum</strong></span> <span class='ocrx_word' id='word_1_271' title='bbox 3105 2477 3294 2518; x_wconf 90' lang='lat' dir='ltr'><strong>omnes</strong></span> <span class='ocrx_word' id='word_1_272' title='bbox 3318 2457 3514 2514; x_wconf 91' lang='lat' dir='ltr'><strong>summi</strong></span> <span class='ocrx_word' id='word_1_273' title='bbox 3541 2471 3732 2512; x_wconf 79' lang='lat' dir='ltr'><strong>sacer-</strong></span> 
     </span>
    </p>
   </div>
   <div class='ocr_carea' id='block_1_27' title="bbox 449 2550 2047 2646">
    <p class='ocr_par' dir='ltr' id='par_1_27' title="bbox 449 2550 2031 2646">
     <span class='ocr_line' id='line_1_28' title="bbox 449 2550 2031 2646; baseline -0.011 -14"><span class='ocrx_word' id='word_1_274' title='bbox 449 2550 934 2646; x_wconf 49' lang='lat' dir='ltr'><strong>a-diﬁcantes,_liic</strong></span> <span class='ocrx_word' id='word_1_275' title='bbox 978 2571 1149 2640; x_wconf 75' lang='lat' dir='ltr'><strong>factus</strong></span> <span class='ocrx_word' id='word_1_276' title='bbox 1187 2577 1263 2623; x_wconf 87' lang='lat' dir='ltr'><strong>est</strong></span> <span class='ocrx_word' id='word_1_277' title='bbox 1310 2569 1366 2621; x_wconf 85' lang='lat' dir='ltr'><strong>in</strong></span> <span class='ocrx_word' id='word_1_278' title='bbox 1411 2575 1568 2636; x_wconf 89' lang='lat' dir='ltr'><strong>caput</strong></span> <span class='ocrx_word' id='word_1_279' title='bbox 1615 2564 1796 2636; x_wconf 78' lang='lat' dir='ltr'><strong>anguli</strong></span> <span class='ocrx_word' id='word_1_280' title='bbox 1839 2561 2031 2634; x_wconf 78' lang='lat' dir='ltr'><strong>(Psal.</strong></span> 
     </span>
    </p>
   </div>
   <div class='ocr_carea' id='block_1_28' title="bbox 2156 2550 3732 2646">
    <p class='ocr_par' dir='ltr' id='par_1_28' title="bbox 2156 2550 3732 2626">
     <span class='ocr_line' id='line_1_29' title="bbox 2156 2550 3732 2626; baseline -0.016 -2"><span class='ocrx_word' id='word_1_281' title='bbox 2156 2571 2280 2624; x_wconf 88' lang='lat' dir='ltr'><strong>lotis</strong></span> <span class='ocrx_word' id='word_1_282' title='bbox 2304 2567 2547 2622; x_wconf 88' lang='lat' dir='ltr'><strong>membra</strong></span> <span class='ocrx_word' id='word_1_283' title='bbox 2575 2577 2794 2626; x_wconf 90' lang='lat' dir='ltr'><strong>sumus,</strong></span> <span class='ocrx_word' id='word_1_284' title='bbox 2823 2558 3002 2615; x_wconf 87' lang='lat' dir='ltr'><strong>cuncti</strong></span> <span class='ocrx_word' id='word_1_285' title='bbox 3041 2556 3160 2612; x_wconf 90' lang='lat' dir='ltr'><strong>oleo</strong></span> <span class='ocrx_word' id='word_1_286' title='bbox 3194 2551 3395 2607; x_wconf 72' lang='lat' dir='ltr'><strong>l:etiti:e</strong></span> <span class='ocrx_word' id='word_1_287' title='bbox 3428 2550 3732 2620; x_wconf 81' lang='lat' dir='ltr'><strong>signanmr,</strong></span> 
     </span>
    </p>
   </div>
   <div class='ocr_carea' id='block_1_29' title="bbox 448 2651 3084 2734">
    <p class='ocr_par' dir='ltr' id='par_1_29' title="bbox 448 2651 3084 2734">
     <span class='ocr_line' id='line_1_30' title="bbox 448 2651 3084 2734; baseline -0.011 -10"><span class='ocrx_word' id='word_1_288' title='bbox 448 2685 591 2725; x_wconf 73' lang='lat' dir='ltr'><strong>cxvu</strong></span> <span class='ocrx_word' id='word_1_289' title='bbox 613 2668 653 2734; x_wconf 94' lang='lat'><strong>).</strong></span> <span class='ocrx_word' id='word_1_290' title='bbox 695 2664 848 2732; x_wconf 82' lang='lat' dir='ltr'><strong>Quod</strong></span> <span class='ocrx_word' id='word_1_291' title='bbox 890 2678 958 2718; x_wconf 90' lang='lat' dir='ltr'><strong>ne</strong></span> <span class='ocrx_word' id='word_1_292' title='bbox 997 2662 1119 2732; x_wconf 88' lang='lat' dir='ltr'><strong>quis</strong></span> <span class='ocrx_word' id='word_1_293' title='bbox 1141 2658 1367 2716; x_wconf 84' lang='lat' dir='ltr'><strong>Judaico</strong></span> <span class='ocrx_word' id='word_1_294' title='bbox 1395 2673 1556 2713; x_wconf 89' lang='lat' dir='ltr'><strong>sensu</strong></span> <span class='ocrx_word' id='word_1_295' title='bbox 1590 2664 1808 2727; x_wconf 86' lang='lat' dir='ltr'><strong>putaret</strong></span> <span class='ocrx_word' id='word_1_296' title='bbox 1834 2656 1899 2710; x_wconf 89' lang='lat' dir='ltr'><strong>de</strong></span> <span class='ocrx_word' id='word_1_297' title='bbox 1926 2669 2038 2707; x_wconf 88' lang='lat' dir='ltr'><strong>ma-</strong></span> <span class='ocrx_word' id='word_1_298' title='bbox 2083 2697 2086 2703; x_wconf 96' lang='lat'><strong>.</strong></span> <span class='ocrx_word' id='word_1_299' title='bbox 2141 2661 2410 2719; x_wconf 63' lang='lat' dir='ltr'><strong>universis</strong></span> <span class='ocrx_word' id='word_1_300' title='bbox 2435 2656 2690 2728; x_wconf 58' lang='lat' dir='ltr'><strong>congrui;</strong></span> <span class='ocrx_word' id='word_1_301' title='bbox 2714 2655 2856 2725; x_wconf 72' lang='lat' dir='ltr'><strong>quod</strong></span> <span class='ocrx_word' id='word_1_302' title='bbox 2881 2651 3084 2709; x_wconf 61' lang='lat' dir='ltr'><strong>subdit,</strong></span> 
     </span>
    </p>
   </div>
   <div class='ocr_carea' id='block_1_30' title="bbox 453 2731 2047 2825">
    <p class='ocr_par' dir='ltr' id='par_1_30' title="bbox 453 2731 2040 2825">
     <span class='ocr_line' id='line_1_31' title="bbox 453 2731 2040 2825; baseline -0.011 -12"><span class='ocrx_word' id='word_1_303' title='bbox 453 2731 625 2816; x_wconf 85' lang='lat' dir='ltr'><strong>teriali</strong></span> <span class='ocrx_word' id='word_1_304' title='bbox 665 2731 839 2825; x_wconf 86' lang='lat' dir='ltr'><strong>lapide</strong></span> <span class='ocrx_word' id='word_1_305' title='bbox 863 2770 892 2807; x_wconf 90' lang='lat' dir='ltr'><strong>a</strong></span> <span class='ocrx_word' id='word_1_306' title='bbox 920 2731 1182 2822; x_wconf 84' lang='lat' dir='ltr'><strong>propheta</strong></span> <span class='ocrx_word' id='word_1_307' title='bbox 1220 2757 1524 2813; x_wconf 84' lang='lat' dir='ltr'><strong>cantatum,</strong></span> <span class='ocrx_word' id='word_1_308' title='bbox 1571 2747 1676 2816; x_wconf 37' lang='lat' dir='ltr'><strong>qui.</strong></span> <span class='ocrx_word' id='word_1_309' title='bbox 1706 2746 1760 2800; x_wconf 91' lang='lat' dir='ltr'><strong>in</strong></span> <span class='ocrx_word' id='word_1_310' title='bbox 1804 2743 2040 2806; x_wconf 78' lang='lat' dir='ltr'><strong>:ediﬁca-</strong></span> 
     </span>
    </p>
   </div>
   <div class='ocr_carea' id='block_1_31' title="bbox 2156 2731 3736 2825">
    <p class='ocr_par' dir='ltr' id='par_1_31' title="bbox 2213 2731 3736 2822">
     <span class='ocr_line' id='line_1_32' title="bbox 2213 2731 3736 2822; baseline -0.016 -13"><span class='ocrx_word' id='word_1_311' title='bbox 2213 2753 2418 2822; x_wconf 68' lang='lat' dir='ltr'><strong>O/ferre</strong></span> <span class='ocrx_word' id='word_1_312' title='bbox 2443 2749 2705 2820; x_wconf 77' lang='lat' dir='ltr'><strong>spiritales</strong></span> <span class='ocrx_word' id='word_1_313' title='bbox 2735 2748 2932 2801; x_wconf 77' lang='lat' dir='ltr'><strong>hostias</strong></span> <span class='ocrx_word' id='word_1_314' title='bbox 2951 2759 3052 2814; x_wconf 81' lang='lat' dir='ltr'><strong>per</strong></span> <span class='ocrx_word' id='word_1_315' title='bbox 3077 2739 3113 2794; x_wconf 85' lang='lat' dir='ltr'><strong><em>J</em></strong></span> <span class='ocrx_word' id='word_1_316' title='bbox 3116 2756 3260 2793; x_wconf 85' lang='lat' dir='ltr'><strong>esum</strong></span> <span class='ocrx_word' id='word_1_317' title='bbox 3287 2736 3577 2791; x_wconf 80' lang='lat' dir='ltr'><strong>Christum.</strong></span> <span class='ocrx_word' id='word_1_318' title='bbox 3612 2731 3736 2802; x_wconf 79' lang='lat' dir='ltr'><strong>Spi-</strong></span> 
     </span>
    </p>
   </div>
   <div class='ocr_carea' id='block_1_32' title="bbox 454 2827 2047 2930">
    <p class='ocr_par' dir='ltr' id='par_1_32' title="bbox 454 2838 2038 2930">
     <span class='ocr_line' id='line_1_33' title="bbox 454 2838 2038 2930; baseline -0.011 -25"><span class='ocrx_word' id='word_1_319' title='bbox 454 2852 602 2905; x_wconf 90' lang='lat' dir='ltr'><strong>tione</strong></span> <span class='ocrx_word' id='word_1_320' title='bbox 643 2856 874 2903; x_wconf 69' lang='lat' dir='ltr'><strong>terrena:</strong></span> <span class='ocrx_word' id='word_1_321' title='bbox 918 2843 1210 2930; x_wconf 72' lang='lat' dir='ltr'><strong>cujuslibet</strong></span> <span class='ocrx_word' id='word_1_322' title='bbox 1251 2841 1475 2904; x_wconf 83' lang='lat' dir='ltr'><strong>domus,</strong></span> <span class='ocrx_word' id='word_1_323' title='bbox 1523 2850 1712 2896; x_wconf 85' lang='lat' dir='ltr'><strong>contra</strong></span> <span class='ocrx_word' id='word_1_324' title='bbox 1759 2838 2038 2894; x_wconf 87' lang='lat' dir='ltr'><strong>hominum</strong></span> 
     </span>
    </p>
   </div>
   <div class='ocr_carea' id='block_1_33' title="bbox 2156 2827 3737 2930">
    <p class='ocr_par' dir='ltr' id='par_1_33' title="bbox 2156 2827 3737 2904">
     <span class='ocr_line' id='line_1_34' title="bbox 2156 2827 3737 2904; baseline -0.015 -6"><span class='ocrx_word' id='word_1_325' title='bbox 2156 2845 2331 2899; x_wconf 59' lang='lat' dir='ltr'><strong>vitales</strong></span> <span class='ocrx_word' id='word_1_326' title='bbox 2362 2848 2545 2896; x_wconf 87' lang='lat' dir='ltr'><strong>autem</strong></span> <span class='ocrx_word' id='word_1_327' title='bbox 2577 2838 2787 2893; x_wconf 87' lang='lat' dir='ltr'><strong>hostias</strong></span> <span class='ocrx_word' id='word_1_328' title='bbox 2825 2849 2988 2904; x_wconf 89' lang='lat' dir='ltr'><strong>opera</strong></span> <span class='ocrx_word' id='word_1_329' title='bbox 3033 2839 3216 2886; x_wconf 70' lang='lat' dir='ltr'><strong>nostra</strong></span> <span class='ocrx_word' id='word_1_330' title='bbox 3238 2861 3256 2892; x_wconf 92' lang='lat'><strong>,-</strong></span> <span class='ocrx_word' id='word_1_331' title='bbox 3291 2827 3646 2893; x_wconf 76' lang='lat' dir='ltr'><strong>eleemosynze</strong></span> <span class='ocrx_word' id='word_1_332' title='bbox 3682 2830 3737 2874; x_wconf 83' lang='lat' dir='ltr'><strong>et</strong></span> 
     </span>
    </p>
   </div>
   <div class='ocr_carea' id='block_1_34' title="bbox 453 2915 3738 3010">
    <p class='ocr_par' dir='ltr' id='par_1_34' title="bbox 453 2915 3738 3010">
     <span class='ocr_line' id='line_1_35' title="bbox 453 2915 3738 3010; baseline -0.014 1"><span class='ocrx_word' id='word_1_333' title='bbox 453 2937 863 3010; x_wconf 67' lang='grc' dir='ltr'><strong>ἀίδβθεῖιίοηθηὶ</strong></span> <span class='ocrx_word' id='word_1_334' title='bbox 901 2915 1094 2990; x_wconf 39' lang='grc' dir='ltr'><strong>ἀθίηο</strong></span> <span class='ocrx_word' id='word_1_335' title='bbox 1137 2932 1343 3002; x_wconf 55' lang='lat' dir='ltr'><strong>ludio“)</strong></span> <span class='ocrx_word' id='word_1_336' title='bbox 1383 2946 1488 2986; x_wconf 80' lang='lat' dir='ltr'><strong>&quot;0n</strong></span> <span class='ocrx_word' id='word_1_337' title='bbox 1529 2937 1825 3000; x_wconf 67' lang='grc' dir='ltr'><strong>Ροηθνειυτ</strong></span> <span class='ocrx_word' id='word_1_338' title='bbox 1848 2969 1864 2994; x_wconf 71' lang='grc' dir='ltr'><strong>ν</strong></span> <span class='ocrx_word' id='word_1_339' title='bbox 1889 2944 2039 2984; x_wconf 49' lang='lat'><strong>(&quot;0&quot;-</strong></span> <span class='ocrx_word' id='word_1_340' title='bbox 2111 2951 2332 3006; x_wconf 80' lang='lat' dir='ltr'><strong>preces</strong></span> <span class='ocrx_word' id='word_1_341' title='bbox 2354 2935 2628 2994; x_wconf 88' lang='lat' dir='ltr'><strong>dicuntur,</strong></span> <span class='ocrx_word' id='word_1_342' title='bbox 2647 2931 2713 2984; x_wconf 90' lang='lat' dir='ltr'><strong>ad</strong></span> <span class='ocrx_word' id='word_1_343' title='bbox 2737 2927 3140 2984; x_wconf 86' lang='lat' dir='ltr'><strong>distinctionem</strong></span> <span class='ocrx_word' id='word_1_344' title='bbox 3169 2920 3472 2976; x_wconf 82' lang='lat' dir='ltr'><strong>carnalium</strong></span> <span class='ocrx_word' id='word_1_345' title='bbox 3495 2915 3738 2982; x_wconf 83' lang='lat' dir='ltr'><strong>intellige</strong></span> 
     </span>
    </p>
   </div>
   <div class='ocr_carea' id='block_1_35' title="bbox 453 3011 2047 3093">
    <p class='ocr_par' dir='ltr' id='par_1_35' title="bbox 453 3019 2040 3093">
     <span class='ocr_line' id='line_1_36' title="bbox 453 3019 2040 3093; baseline -0.008 -8"><span class='ocrx_word' id='word_1_346' title='bbox 453 3030 594 3088; x_wconf 84' lang='lat' dir='ltr'><strong>sulte</strong></span> <span class='ocrx_word' id='word_1_347' title='bbox 629 3027 805 3091; x_wconf 89' lang='lat' dir='ltr'><strong>addit,</strong></span> <span class='ocrx_word' id='word_1_348' title='bbox 839 3026 1020 3080; x_wconf 83' lang='lat' dir='ltr'><strong>vivum</strong></span> <span class='ocrx_word' id='word_1_349' title='bbox 1049 3041 1062 3076; x_wconf 92' lang='lat'>:</span> <span class='ocrx_word' id='word_1_350' title='bbox 1095 3023 1175 3077; x_wconf 82' lang='lat' dir='ltr'><strong>Ad</strong></span> <span class='ocrx_word' id='word_1_351' title='bbox 1205 3039 1358 3093; x_wconf 86' lang='lat' dir='ltr'><strong>quem</strong></span> <span class='ocrx_word' id='word_1_352' title='bbox 1390 3021 1724 3084; x_wconf 78' lang='lat' dir='ltr'><strong>accedentes,</strong></span> <span class='ocrx_word' id='word_1_353' title='bbox 1756 3019 2006 3089; x_wconf 83' lang='lat' dir='ltr'><strong>inquiens</strong></span> <span class='ocrx_word' id='word_1_354' title='bbox 2028 3058 2040 3081; x_wconf 95' lang='lat'><strong>,</strong></span> 
     </span>
    </p>
   </div>
   <div class='ocr_carea' id='block_1_36' title="bbox 2156 3011 3745 3093">
    <p class='ocr_par' dir='ltr' id='par_1_36' title="bbox 2156 3011 3745 3090">
     <span class='ocr_line' id='line_1_37' title="bbox 2156 3011 3745 3090; baseline -0.016 -6"><span class='ocrx_word' id='word_1_355' title='bbox 2156 3028 2510 3084; x_wconf 64' lang='lat' dir='ltr'><strong>uictimarum.</strong></span> <span class='ocrx_word' id='word_1_356' title='bbox 2542 3022 2694 3090; x_wconf 87' lang='lat' dir='ltr'><strong>Quod</strong></span> <span class='ocrx_word' id='word_1_357' title='bbox 2724 3028 2905 3075; x_wconf 87' lang='lat' dir='ltr'><strong>autem</strong></span> <span class='ocrx_word' id='word_1_358' title='bbox 2935 3019 2987 3072; x_wconf 91' lang='lat' dir='ltr'><strong>iu</strong></span> <span class='ocrx_word' id='word_1_359' title='bbox 3015 3013 3363 3071; x_wconf 88' lang='lat' dir='ltr'><strong>conclusione</strong></span> <span class='ocrx_word' id='word_1_360' title='bbox 3391 3011 3608 3072; x_wconf 84' lang='lat' dir='ltr'><strong>dicitur,</strong></span> <span class='ocrx_word' id='word_1_361' title='bbox 3643 3023 3745 3076; x_wconf 68' lang='lat' dir='ltr'><strong>per</strong></span> 
     </span>
    </p>
   </div>
   <div class='ocr_carea' id='block_1_37' title="bbox 454 3098 2047 3191">
    <p class='ocr_par' dir='ltr' id='par_1_37' title="bbox 454 3111 2044 3191">
     <span class='ocr_line' id='line_1_38' title="bbox 454 3111 2044 3191; baseline -0.008 -17"><span class='ocrx_word' id='word_1_362' title='bbox 454 3119 683 3191; x_wconf 84' lang='lat' dir='ltr'><strong>lapidem</strong></span> <span class='ocrx_word' id='word_1_363' title='bbox 723 3119 892 3171; x_wconf 74' lang='lat' dir='ltr'><strong>rivum</strong></span> <span class='ocrx_word' id='word_1_364' title='bbox 915 3156 928 3176; x_wconf 92' lang='lat'><strong>,</strong></span> <span class='ocrx_word' id='word_1_365' title='bbox 975 3123 1034 3166; x_wconf 92' lang='lat' dir='ltr'><strong>ut</strong></span> <span class='ocrx_word' id='word_1_366' title='bbox 1066 3115 1132 3166; x_wconf 85' lang='lat' dir='ltr'><strong>de</strong></span> <span class='ocrx_word' id='word_1_367' title='bbox 1163 3112 1384 3170; x_wconf 89' lang='lat' dir='ltr'><strong>Christo</strong></span> <span class='ocrx_word' id='word_1_368' title='bbox 1425 3111 1726 3182; x_wconf 80' lang='lat' dir='ltr'><strong>signiﬁcet,</strong></span> <span class='ocrx_word' id='word_1_369' title='bbox 1761 3111 1857 3179; x_wconf 90' lang='lat' dir='ltr'><strong>qui</strong></span> <span class='ocrx_word' id='word_1_370' title='bbox 1895 3120 2044 3164; x_wconf 87' lang='lat' dir='ltr'><strong>recte</strong></span> 
     </span>
    </p>
   </div>
   <div class='ocr_carea' id='block_1_38' title="bbox 2156 3098 3744 3191">
    <p class='ocr_par' dir='ltr' id='par_1_38' title="bbox 2156 3098 3744 3178">
     <span class='ocr_line' id='line_1_39' title="bbox 2156 3098 3744 3178; baseline -0.014 -6"><span class='ocrx_word' id='word_1_371' title='bbox 2156 3118 2332 3174; x_wconf 84' lang='lat' dir='ltr'><strong>Iesum</strong></span> <span class='ocrx_word' id='word_1_372' title='bbox 2360 3116 2633 3170; x_wconf 74' lang='lat' dir='ltr'><strong>Christum</strong></span> <span class='ocrx_word' id='word_1_373' title='bbox 2657 3153 2672 3178; x_wconf 94' lang='lat'><strong>,</strong></span> <span class='ocrx_word' id='word_1_374' title='bbox 2705 3113 2772 3167; x_wconf 84' lang='lat' dir='ltr'><strong>ad</strong></span> <span class='ocrx_word' id='word_1_375' title='bbox 2799 3118 2995 3166; x_wconf 84' lang='lat' dir='ltr'><strong>cuncta</strong></span> <span class='ocrx_word' id='word_1_376' title='bbox 3025 3122 3146 3177; x_wconf 68' lang='lat' dir='ltr'><strong>quae</strong></span> <span class='ocrx_word' id='word_1_377' title='bbox 3189 3103 3527 3174; x_wconf 71' lang='lat' dir='ltr'><strong>praemiserat</strong></span> <span class='ocrx_word' id='word_1_378' title='bbox 3569 3098 3744 3168; x_wconf 80' lang='lat' dir='ltr'><strong>perti-</strong></span> 
     </span>
    </p>
   </div>
   <div class='ocr_carea' id='block_1_39' title="bbox 458 3187 3742 3280">
    <p class='ocr_par' dir='ltr' id='par_1_39' title="bbox 458 3187 3742 3280">
     <span class='ocr_line' id='line_1_40' title="bbox 458 3187 3742 3280; baseline -0.011 1"><span class='ocrx_word' id='word_1_379' title='bbox 458 3210 592 3280; x_wconf 72' lang='grc' dir='ltr'><strong>ΙίΨίδ</strong></span> <span class='ocrx_word' id='word_1_380' title='bbox 626 3208 928 3280; x_wconf 54' lang='lat' dir='ltr'><strong>appellatus</strong></span> <span class='ocrx_word' id='word_1_381' title='bbox 963 3215 1076 3268; x_wconf 70' lang='grc' dir='ltr'><strong>θδῑυ</strong></span> <span class='ocrx_word' id='word_1_382' title='bbox 1107 3204 1201 3273; x_wconf 66' lang='lat' dir='ltr'><strong>(Illi</strong></span> <span class='ocrx_word' id='word_1_383' title='bbox 1235 3203 1292 3258; x_wconf 70' lang='lat' dir='ltr'><strong>in</strong></span> <span class='ocrx_word' id='word_1_384' title='bbox 1326 3218 1492 3258; x_wconf 67' lang='lat' dir='ltr'><strong>came</strong></span> <span class='ocrx_word' id='word_1_385' title='bbox 1525 3201 1780 3265; x_wconf 69' lang='grc' dir='ltr'><strong>νθηίοηεν</strong></span> <span class='ocrx_word' id='word_1_386' title='bbox 1815 3199 2045 3254; x_wconf 63' lang='grc' dir='ltr'><strong>θυαῖηυτι·</strong></span> <span class='ocrx_word' id='word_1_387' title='bbox 2072 3187 2116 3249; x_wconf 77' lang='lat' dir='ltr'><strong>C</strong></span> <span class='ocrx_word' id='word_1_388' title='bbox 2151 3223 2260 3268; x_wconf 89' lang='lat' dir='ltr'><strong>net.</strong></span> <span class='ocrx_word' id='word_1_389' title='bbox 2291 3211 2560 3278; x_wconf 78' lang='lat' dir='ltr'><strong>Quoniam</strong></span> <span class='ocrx_word' id='word_1_390' title='bbox 2589 3222 2687 3278; x_wconf 86' lang='lat' dir='ltr'><strong>per</strong></span> <span class='ocrx_word' id='word_1_391' title='bbox 2715 3204 2890 3276; x_wconf 89' lang='lat' dir='ltr'><strong>ipsius</strong></span> <span class='ocrx_word' id='word_1_392' title='bbox 2929 3201 3194 3272; x_wconf 80' lang='lat' dir='ltr'><strong>gratiam,</strong></span> <span class='ocrx_word' id='word_1_393' title='bbox 3240 3205 3295 3252; x_wconf 88' lang='lat' dir='ltr'><strong>et</strong></span> <span class='ocrx_word' id='word_1_394' title='bbox 3334 3189 3742 3263; x_wconf 66' lang='lat' dir='ltr'><strong>superindiﬁea-</strong></span> 
     </span>
    </p>
   </div>
   <div class='ocr_carea' id='block_1_40' title="bbox 459 3285 3746 3369">
    <p class='ocr_par' dir='ltr' id='par_1_40' title="bbox 459 3285 3746 3369">
     <span class='ocr_line' id='line_1_41' title="bbox 459 3285 3746 3369; baseline -0.012 4"><span class='ocrx_word' id='word_1_395' title='bbox 459 3303 595 3358; x_wconf 76' lang='grc' dir='ltr'>ιίοηί</span> <span class='ocrx_word' id='word_1_396' title='bbox 628 3309 829 3356; x_wconf 60' lang='grc' dir='ltr'><strong>εωθινεὲ</strong></span> <span class='ocrx_word' id='word_1_397' title='bbox 853 3300 1140 3365; x_wconf 67' lang='grc' dir='ltr'><strong>Εαθιοδὶίθ,</strong></span> <span class='ocrx_word' id='word_1_398' title='bbox 1179 3313 1286 3368; x_wconf 76' lang='grc' dir='ltr'>(ιιιο</span> <span class='ocrx_word' id='word_1_399' title='bbox 1314 3297 1456 3353; x_wconf 66' lang='lat' dir='ltr'><strong>hanc</strong></span> <span class='ocrx_word' id='word_1_400' title='bbox 1495 3296 1890 3360; x_wconf 65' lang='grc' dir='ltr'><strong>οοιιίῖτωπειν-</strong></span> <span class='ocrx_word' id='word_1_401' title='bbox 1919 3309 2046 3352; x_wconf 64' lang='grc'>5888</span> <span class='ocrx_word' id='word_1_402' title='bbox 2119 3321 2272 3361; x_wconf 62' lang='grc' dir='ltr'>ιηιιιν</span> <span class='ocrx_word' id='word_1_403' title='bbox 2296 3305 2361 3358; x_wconf 78' lang='lat' dir='ltr'><strong>&#39;in</strong></span> <span class='ocrx_word' id='word_1_404' title='bbox 2410 3301 2500 3356; x_wconf 89' lang='lat' dir='ltr'><strong>illo</strong></span> <span class='ocrx_word' id='word_1_405' title='bbox 2549 3315 2713 3369; x_wconf 87' lang='lat' dir='ltr'><strong>super</strong></span> <span class='ocrx_word' id='word_1_406' title='bbox 2758 3295 3087 3352; x_wconf 80' lang='lat' dir='ltr'><strong>architectos</strong></span> <span class='ocrx_word' id='word_1_407' title='bbox 3135 3289 3440 3360; x_wconf 87' lang='lat' dir='ltr'><strong>sapientes,</strong></span> <span class='ocrx_word' id='word_1_408' title='bbox 3479 3285 3586 3340; x_wconf 89' lang='lat' dir='ltr'><strong>hoc</strong></span> <span class='ocrx_word' id='word_1_409' title='bbox 3621 3292 3705 3337; x_wconf 89' lang='lat' dir='ltr'><strong>est</strong></span> <span class='ocrx_word' id='word_1_410' title='bbox 3732 3324 3746 3344; x_wconf 89' lang='lat'><strong>,</strong></span> 
     </span>
    </p>
   </div>
   <div class='ocr_carea' id='block_1_41' title="bbox 459 3374 3751 3462">
    <p class='ocr_par' dir='ltr' id='par_1_41' title="bbox 459 3374 3751 3462">
     <span class='ocr_line' id='line_1_42' title="bbox 459 3374 3751 3462; baseline -0.012 4"><span class='ocrx_word' id='word_1_411' title='bbox 459 3394 706 3450; x_wconf 69' lang='grc' dir='ltr'><strong>ίηθθτετθ</strong></span> <span class='ocrx_word' id='word_1_412' title='bbox 755 3391 1012 3462; x_wconf 53' lang='lat' dir='ltr'><strong>dignatus</strong></span> <span class='ocrx_word' id='word_1_413' title='bbox 1036 3400 1140 3446; x_wconf 72' lang='grc' dir='ltr'>θει-</span> <span class='ocrx_word' id='word_1_414' title='bbox 1173 3390 1341 3445; x_wconf 58' lang='lat' dir='ltr'><strong>“ws</strong></span> <span class='ocrx_word' id='word_1_415' title='bbox 1372 3396 1555 3444; x_wconf 66' lang='lat' dir='ltr'><strong>amem</strong></span> <span class='ocrx_word' id='word_1_416' title='bbox 1601 3389 1695 3458; x_wconf 77' lang='grc' dir='ltr'><strong>(ιυί</strong></span> <span class='ocrx_word' id='word_1_417' title='bbox 1737 3389 1920 3444; x_wconf 67' lang='lat' dir='ltr'><strong>dicere</strong></span> <span class='ocrx_word' id='word_1_418' title='bbox 1955 3402 2048 3456; x_wconf 68' lang='grc' dir='ltr'><strong>Ροο</strong></span> <span class='ocrx_word' id='word_1_419' title='bbox 2103 3431 2108 3434; x_wconf 95' lang='grc'><strong>-</strong></span> <span class='ocrx_word' id='word_1_420' title='bbox 2150 3395 2431 3454; x_wconf 80' lang='lat' dir='ltr'><strong>ministros</strong></span> <span class='ocrx_word' id='word_1_421' title='bbox 2483 3391 2618 3445; x_wconf 86' lang='lat' dir='ltr'><strong>Novi</strong></span> <span class='ocrx_word' id='word_1_422' title='bbox 2673 3384 3043 3448; x_wconf 81' lang='lat' dir='ltr'><strong>Testamcnti,</strong></span> <span class='ocrx_word' id='word_1_423' title='bbox 3096 3390 3151 3435; x_wconf 87' lang='lat' dir='ltr'><strong>et</strong></span> <span class='ocrx_word' id='word_1_424' title='bbox 3201 3380 3393 3434; x_wconf 90' lang='lat' dir='ltr'><strong>domus</strong></span> <span class='ocrx_word' id='word_1_425' title='bbox 3441 3374 3751 3447; x_wconf 85' lang='lat' dir='ltr'><strong>spiritualis</strong></span> 
     </span>
    </p>
   </div>
   <div class='ocr_carea' id='block_1_42' title="bbox 459 3467 3749 3555">
    <p class='ocr_par' dir='ltr' id='par_1_42' title="bbox 459 3467 3749 3555">
     <span class='ocr_line' id='line_1_43' title="bbox 459 3467 3749 3555; baseline -0.008 -14"><span class='ocrx_word' id='word_1_426' title='bbox 459 3485 600 3541; x_wconf 86' lang='lat' dir='ltr'><strong>tuit:</strong></span> <span class='ocrx_word' id='word_1_427' title='bbox 630 3484 744 3555; x_wconf 82' lang='lat' dir='ltr'><strong>Ego</strong></span> <span class='ocrx_word' id='word_1_428' title='bbox 792 3501 910 3540; x_wconf 81' lang='lat' dir='ltr'><strong>sum</strong></span> <span class='ocrx_word' id='word_1_429' title='bbox 935 3485 1033 3540; x_wconf 81' lang='lat' dir='ltr'><strong>-via</strong></span> <span class='ocrx_word' id='word_1_430' title='bbox 1055 3525 1070 3548; x_wconf 90' lang='lat'><strong>,</strong></span> <span class='ocrx_word' id='word_1_431' title='bbox 1095 3483 1285 3540; x_wconf 82' lang='lat' dir='ltr'><strong>veritas</strong></span> <span class='ocrx_word' id='word_1_432' title='bbox 1311 3490 1362 3536; x_wconf 85' lang='lat' dir='ltr'><strong>et</strong></span> <span class='ocrx_word' id='word_1_433' title='bbox 1390 3483 1494 3537; x_wconf 83' lang='lat' dir='ltr'><strong>vita</strong></span> <span class='ocrx_word' id='word_1_434' title='bbox 1525 3479 1730 3555; x_wconf 81' lang='lat' dir='ltr'><strong>(Joan.</strong></span> <span class='ocrx_word' id='word_1_435' title='bbox 1758 3497 1850 3536; x_wconf 78' lang='lat' dir='ltr'><strong>xw</strong></span> <span class='ocrx_word' id='word_1_436' title='bbox 1875 3479 1920 3552; x_wconf 75' lang='lat'><strong>)..</strong></span> <span class='ocrx_word' id='word_1_437' title='bbox 1946 3480 2049 3548; x_wconf 87' lang='lat' dir='ltr'><strong>Qui</strong></span> <span class='ocrx_word' id='word_1_438' title='bbox 2091 3496 2093 3498; x_wconf 92' lang='grc'>·</span> <span class='ocrx_word' id='word_1_439' title='bbox 2151 3485 2422 3544; x_wconf 78' lang='lat' dir='ltr'><strong>emcimur</strong></span> <span class='ocrx_word' id='word_1_440' title='bbox 2451 3497 2551 3552; x_wconf 86' lang='lat' dir='ltr'><strong>per</strong></span> <span class='ocrx_word' id='word_1_441' title='bbox 2581 3479 2832 3552; x_wconf 88' lang='lat' dir='ltr'><strong>spiritum</strong></span> <span class='ocrx_word' id='word_1_442' title='bbox 2861 3475 3012 3546; x_wconf 84' lang='lat' dir='ltr'><strong>ejus,</strong></span> <span class='ocrx_word' id='word_1_443' title='bbox 3044 3478 3235 3528; x_wconf 84' lang='lat' dir='ltr'><strong>contra</strong></span> <span class='ocrx_word' id='word_1_444' title='bbox 3263 3467 3494 3540; x_wconf 86' lang='lat' dir='ltr'><strong>pluvias,</strong></span> <span class='ocrx_word' id='word_1_445' title='bbox 3527 3474 3749 3526; x_wconf 84' lang='lat' dir='ltr'><strong>ventos,</strong></span> 
     </span>
    </p>
   </div>
   <div class='ocr_carea' id='block_1_43' title="bbox 459 3557 3753 3648">
    <p class='ocr_par' dir='ltr' id='par_1_43' title="bbox 459 3557 3753 3648">
     <span class='ocr_line' id='line_1_44' title="bbox 459 3557 3753 3648; baseline -0.011 -5"><span class='ocrx_word' id='word_1_446' title='bbox 459 3581 528 3637; x_wconf 76' lang='lat' dir='ltr'><strong>ab</strong></span> <span class='ocrx_word' id='word_1_447' title='bbox 565 3577 878 3642; x_wconf 80' lang='lat' dir='ltr'><strong>hominibus</strong></span> <span class='ocrx_word' id='word_1_448' title='bbox 911 3577 1233 3648; x_wconf 88' lang='lat' dir='ltr'><strong>reprobatus</strong></span> <span class='ocrx_word' id='word_1_449' title='bbox 1272 3583 1394 3642; x_wconf 88' lang='lat' dir='ltr'><strong>est,</strong></span> <span class='ocrx_word' id='word_1_450' title='bbox 1445 3590 1569 3630; x_wconf 89' lang='lat' dir='ltr'><strong>eum</strong></span> <span class='ocrx_word' id='word_1_451' title='bbox 1615 3576 1900 3632; x_wconf 87' lang='lat' dir='ltr'><strong>dicerent:</strong></span> <span class='ocrx_word' id='word_1_452' title='bbox 1935 3574 2049 3630; x_wconf 86' lang='lat' dir='ltr'><strong>Nos</strong></span> <span class='ocrx_word' id='word_1_453' title='bbox 2153 3577 2376 3632; x_wconf 85' lang='lat' dir='ltr'><strong>ﬁumina</strong></span> <span class='ocrx_word' id='word_1_454' title='bbox 2420 3571 2780 3629; x_wconf 88' lang='lat' dir='ltr'><strong>tentationum</strong></span> <span class='ocrx_word' id='word_1_455' title='bbox 2825 3565 3059 3628; x_wconf 88' lang='lat' dir='ltr'><strong>muniti,</strong></span> <span class='ocrx_word' id='word_1_456' title='bbox 3101 3570 3160 3618; x_wconf 83' lang='lat' dir='ltr'><strong>et</strong></span> <span class='ocrx_word' id='word_1_457' title='bbox 3207 3557 3511 3616; x_wconf 85' lang='lat' dir='ltr'><strong>sacerdotio</strong></span> <span class='ocrx_word' id='word_1_458' title='bbox 3554 3563 3753 3610; x_wconf 85' lang='lat' dir='ltr'><strong>sancto</strong></span> 
     </span>
    </p>
   </div>
   <div class='ocr_carea' id='block_1_44' title="bbox 460 3653 3747 3744">
    <p class='ocr_par' dir='ltr' id='par_1_44' title="bbox 460 3653 3747 3744">
     <span class='ocr_line' id='line_1_45' title="bbox 460 3653 3747 3744; baseline -0.006 -19"><span class='ocrx_word' id='word_1_459' title='bbox 460 3686 567 3725; x_wconf 83' lang='lat' dir='ltr'><strong>non</strong></span> <span class='ocrx_word' id='word_1_460' title='bbox 601 3669 853 3725; x_wconf 79' lang='lat' dir='ltr'><strong>habemus</strong></span> <span class='ocrx_word' id='word_1_461' title='bbox 892 3685 1100 3739; x_wconf 83' lang='lat' dir='ltr'><strong>regem,</strong></span> <span class='ocrx_word' id='word_1_462' title='bbox 1145 3668 1246 3723; x_wconf 83' lang='lat' dir='ltr'><strong>nisi</strong></span> <span class='ocrx_word' id='word_1_463' title='bbox 1284 3665 1552 3723; x_wconf 71' lang='lat' dir='ltr'><strong>Cresarem</strong></span> <span class='ocrx_word' id='word_1_464' title='bbox 1587 3666 1780 3736; x_wconf 82' lang='lat' dir='ltr'><strong>(Joan.</strong></span> <span class='ocrx_word' id='word_1_465' title='bbox 1812 3667 1960 3738; x_wconf 72' lang='lat' dir='ltr'><strong>xix).</strong></span> <span class='ocrx_word' id='word_1_466' title='bbox 2005 3667 2050 3720; x_wconf 82' lang='lat' dir='ltr'><strong>A</strong></span> <span class='ocrx_word' id='word_1_467' title='bbox 2151 3671 2515 3744; x_wconf 78' lang='lat' dir='ltr'><strong>participare,</strong></span> <span class='ocrx_word' id='word_1_468' title='bbox 2550 3675 2607 3722; x_wconf 88' lang='lat' dir='ltr'><strong>et</strong></span> <span class='ocrx_word' id='word_1_469' title='bbox 2641 3665 2769 3722; x_wconf 87' lang='lat' dir='ltr'><strong>boni</strong></span> <span class='ocrx_word' id='word_1_470' title='bbox 2807 3661 3040 3731; x_wconf 84' lang='lat' dir='ltr'><strong>aliquid,</strong></span> <span class='ocrx_word' id='word_1_471' title='bbox 3072 3654 3403 3728; x_wconf 81' lang='lat' dir='ltr'><strong>acceptabile</strong></span> <span class='ocrx_word' id='word_1_472' title='bbox 3438 3653 3550 3708; x_wconf 88' lang='lat' dir='ltr'><strong>Deo</strong></span> <span class='ocrx_word' id='word_1_473' title='bbox 3583 3664 3747 3721; x_wconf 81' lang='lat' dir='ltr'><strong>gere-</strong></span> 
     </span>
    </p>
   </div>
   <div class='ocr_carea' id='block_1_45' title="bbox 455 3742 3752 3831">
    <p class='ocr_par' dir='ltr' id='par_1_45' title="bbox 455 3742 3752 3831">
     <span class='ocr_line' id='line_1_46' title="bbox 455 3742 3752 3831; baseline -0.011 0"><span class='ocrx_word' id='word_1_474' title='bbox 455 3764 574 3818; x_wconf 73' lang='grc' dir='ltr'><strong>-Βοο</strong></span> <span class='ocrx_word' id='word_1_475' title='bbox 609 3769 791 3816; x_wconf 63' lang='lat' dir='ltr'><strong>“me!”</strong></span> <span class='ocrx_word' id='word_1_476' title='bbox 831 3759 1067 3827; x_wconf 67' lang='grc' dir='ltr'><strong>εὶεοιυεν</strong></span> <span class='ocrx_word' id='word_1_477' title='bbox 1107 3776 1232 3816; x_wconf 76' lang='lat' dir='ltr'><strong>cum</strong></span> <span class='ocrx_word' id='word_1_478' title='bbox 1268 3761 1385 3829; x_wconf 74' lang='grc' dir='ltr'><strong>ἱρεθ</strong></span> <span class='ocrx_word' id='word_1_479' title='bbox 1426 3760 1542 3816; x_wconf 63' lang='lat' dir='ltr'><strong>ait:</strong></span> <span class='ocrx_word' id='word_1_480' title='bbox 1581 3759 1693 3830; x_wconf 74' lang='lat' dir='ltr'><strong>Ego</strong></span> <span class='ocrx_word' id='word_1_481' title='bbox 1719 3769 1896 3813; x_wconf 71' lang='lat' dir='ltr'><strong>autem</strong></span> <span class='ocrx_word' id='word_1_482' title='bbox 1928 3774 2052 3812; x_wconf 72' lang='lat' dir='ltr'><strong>60n-</strong></span> <span class='ocrx_word' id='word_1_483' title='bbox 2155 3742 2249 3831; x_wconf 76' lang='lat' dir='ltr'><strong>re,</strong></span> <span class='ocrx_word' id='word_1_484' title='bbox 2273 3777 2388 3817; x_wconf 84' lang='lat' dir='ltr'><strong>non</strong></span> <span class='ocrx_word' id='word_1_485' title='bbox 2418 3759 2519 3815; x_wconf 90' lang='lat' dir='ltr'><strong>nisi</strong></span> <span class='ocrx_word' id='word_1_486' title='bbox 2543 3773 2647 3830; x_wconf 85' lang='lat' dir='ltr'><strong>per</strong></span> <span class='ocrx_word' id='word_1_487' title='bbox 2677 3758 2854 3826; x_wconf 90' lang='lat' dir='ltr'><strong>ipsum</strong></span> <span class='ocrx_word' id='word_1_488' title='bbox 2884 3752 3146 3807; x_wconf 83' lang='lat' dir='ltr'><strong>valemus.</strong></span> <span class='ocrx_word' id='word_1_489' title='bbox 3178 3747 3331 3803; x_wconf 88' lang='lat' dir='ltr'><strong>Sicut</strong></span> <span class='ocrx_word' id='word_1_490' title='bbox 3360 3745 3504 3802; x_wconf 86' lang='lat' dir='ltr'><strong>enim</strong></span> <span class='ocrx_word' id='word_1_491' title='bbox 3532 3742 3752 3814; x_wconf 73' lang='lat' dir='ltr'><strong>palmes</strong></span> 
     </span>
    </p>
   </div>
   <div class='ocr_carea' id='block_1_46' title="bbox 455 3834 2047 3925">
    <p class='ocr_par' dir='ltr' id='par_1_46' title="bbox 455 3848 2047 3921">
     <span class='ocr_line' id='line_1_47' title="bbox 455 3848 2047 3921; baseline -0.004 -13"><span class='ocrx_word' id='word_1_492' title='bbox 455 3855 678 3908; x_wconf 75' lang='lat' dir='ltr'><strong>stitutus</strong></span> <span class='ocrx_word' id='word_1_493' title='bbox 711 3868 828 3906; x_wconf 82' lang='lat' dir='ltr'><strong>sum</strong></span> <span class='ocrx_word' id='word_1_494' title='bbox 866 3865 958 3908; x_wconf 73' lang='lat' dir='ltr'><strong>rex</strong></span> <span class='ocrx_word' id='word_1_495' title='bbox 995 3853 1179 3917; x_wconf 83' lang='lat' dir='ltr'><strong>abeo,</strong></span> <span class='ocrx_word' id='word_1_496' title='bbox 1206 3860 1310 3912; x_wconf 84' lang='lat' dir='ltr'><strong>etc.</strong></span> <span class='ocrx_word' id='word_1_497' title='bbox 1341 3850 1360 3921; x_wconf 94' lang='lat'>(</span> <span class='ocrx_word' id='word_1_498' title='bbox 1387 3848 1536 3904; x_wconf 84' lang='lat' dir='ltr'><strong>Psal.</strong></span> <span class='ocrx_word' id='word_1_499' title='bbox 1563 3866 1599 3904; x_wconf 90' lang='grc' dir='ltr'><strong>ιι</strong></span> <span class='ocrx_word' id='word_1_500' title='bbox 1627 3849 1666 3920; x_wconf 93' lang='grc'><strong>).</strong></span> <span class='ocrx_word' id='word_1_501' title='bbox 1705 3849 1777 3910; x_wconf 81' lang='lat' dir='ltr'><strong>Et</strong></span> <span class='ocrx_word' id='word_1_502' title='bbox 1797 3849 2047 3905; x_wconf 86' lang='lat' dir='ltr'><strong>honoriﬁ-</strong></span> 
     </span>
    </p>
   </div>
   <div class='ocr_carea' id='block_1_47' title="bbox 2156 3834 3756 3925">
    <p class='ocr_par' dir='ltr' id='par_1_47' title="bbox 2156 3834 3756 3925">
     <span class='ocr_line' id='line_1_48' title="bbox 2156 3834 3756 3925; baseline -0.017 -14"><span class='ocrx_word' id='word_1_503' title='bbox 2156 3871 2263 3911; x_wconf 90' lang='lat' dir='ltr'><strong>non</strong></span> <span class='ocrx_word' id='word_1_504' title='bbox 2291 3860 2471 3925; x_wconf 87' lang='lat' dir='ltr'><strong>potest</strong></span> <span class='ocrx_word' id='word_1_505' title='bbox 2499 3850 2641 3906; x_wconf 79' lang='lat' dir='ltr'><strong>ferre</strong></span> <span class='ocrx_word' id='word_1_506' title='bbox 2669 3847 2904 3902; x_wconf 83' lang='lat' dir='ltr'><strong>fructum</strong></span> <span class='ocrx_word' id='word_1_507' title='bbox 2932 3859 2963 3898; x_wconf 86' lang='lat' dir='ltr'><strong>a</strong></span> <span class='ocrx_word' id='word_1_508' title='bbox 2991 3841 3284 3910; x_wconf 88' lang='lat' dir='ltr'><strong>semetipso</strong></span> <span class='ocrx_word' id='word_1_509' title='bbox 3303 3878 3320 3904; x_wconf 97' lang='lat'><strong>,</strong></span> <span class='ocrx_word' id='word_1_510' title='bbox 3349 3835 3454 3892; x_wconf 88' lang='lat' dir='ltr'><strong>nisi</strong></span> <span class='ocrx_word' id='word_1_511' title='bbox 3484 3834 3756 3889; x_wconf 85' lang='lat' dir='ltr'><strong>manserit</strong></span> 
     </span>
    </p>
   </div>
   <div class='ocr_carea' id='block_1_48' title="bbox 447 3927 3695 4015">
    <p class='ocr_par' dir='ltr' id='par_1_48' title="bbox 447 3927 3695 4015">
     <span class='ocr_line' id='line_1_49' title="bbox 447 3927 3695 4015; baseline -0.007 -11"><span class='ocrx_word' id='word_1_512' title='bbox 447 3953 621 4004; x_wconf 75' lang='lat' dir='ltr'><strong>~catus</strong></span> <span class='ocrx_word' id='word_1_513' title='bbox 655 3952 768 4012; x_wconf 90' lang='lat' dir='ltr'><strong>est,</strong></span> <span class='ocrx_word' id='word_1_514' title='bbox 807 3943 1063 4014; x_wconf 85' lang='lat' dir='ltr'><strong>quoniam</strong></span> <span class='ocrx_word' id='word_1_515' title='bbox 1099 3952 1221 4015; x_wconf 81' lang='lat' dir='ltr'><strong>post</strong></span> <span class='ocrx_word' id='word_1_516' title='bbox 1257 3949 1492 3998; x_wconf 88' lang='lat' dir='ltr'><strong>mortem</strong></span> <span class='ocrx_word' id='word_1_517' title='bbox 1523 3941 1709 3998; x_wconf 90' lang='lat' dir='ltr'><strong>erucis</strong></span> <span class='ocrx_word' id='word_1_518' title='bbox 1732 3939 1878 3995; x_wconf 85' lang='lat' dir='ltr'><strong>Deus</strong></span> <span class='ocrx_word' id='word_1_519' title='bbox 1903 3939 2054 3994; x_wconf 83' lang='lat' dir='ltr'><strong>illum</strong></span> <span class='ocrx_word' id='word_1_520' title='bbox 2157 3949 2213 4002; x_wconf 77' lang='lat' dir='ltr'><strong>in</strong></span> <span class='ocrx_word' id='word_1_521' title='bbox 2238 3947 2380 4010; x_wconf 62' lang='lat' dir='ltr'><strong>vim,</strong></span> <span class='ocrx_word' id='word_1_522' title='bbox 2405 3945 2484 4000; x_wconf 76' lang='lat' dir='ltr'><strong>sic</strong></span> <span class='ocrx_word' id='word_1_523' title='bbox 2505 3957 2613 3997; x_wconf 70' lang='lat' dir='ltr'><strong>nec</strong></span> <span class='ocrx_word' id='word_1_524' title='bbox 2638 3956 2736 3995; x_wconf 72' lang='lat' dir='ltr'><strong>vos</strong></span> <span class='ocrx_word' id='word_1_525' title='bbox 2755 3981 2769 4003; x_wconf 80' lang='grc'>,</span> <span class='ocrx_word' id='word_1_526' title='bbox 2799 3936 2977 4008; x_wconf 83' lang='lat' dir='ltr'><strong>inquit</strong></span> <span class='ocrx_word' id='word_1_527' title='bbox 2995 3976 3009 4001; x_wconf 89' lang='lat'><strong>,</strong></span> <span class='ocrx_word' id='word_1_528' title='bbox 3034 3934 3138 3989; x_wconf 85' lang='lat' dir='ltr'><strong>nisi</strong></span> <span class='ocrx_word' id='word_1_529' title='bbox 3165 3934 3217 3987; x_wconf 88' lang='lat' dir='ltr'><strong>in</strong></span> <span class='ocrx_word' id='word_1_530' title='bbox 3246 3946 3336 3987; x_wconf 86' lang='lat' dir='ltr'><strong>me</strong></span> <span class='ocrx_word' id='word_1_531' title='bbox 3363 3927 3695 3984; x_wconf 82' lang='lat' dir='ltr'><strong>manseritis.</strong></span> 
     </span>
    </p>
   </div>
   <div class='ocr_carea' id='block_1_49' title="bbox 449 4019 3757 4111">
    <p class='ocr_par' dir='ltr' id='par_1_49' title="bbox 449 4019 3757 4111">
     <span class='ocr_line' id='line_1_50' title="bbox 449 4019 3757 4111; baseline -0.009 -15"><span class='ocrx_word' id='word_1_532' title='bbox 449 4038 714 4095; x_wconf 55' lang='lat' dir='ltr'><strong>resultavit</strong></span> <span class='ocrx_word' id='word_1_533' title='bbox 753 4048 800 4093; x_wconf 88' lang='lat' dir='ltr'><strong>et</strong></span> <span class='ocrx_word' id='word_1_534' title='bbox 836 4038 1052 4094; x_wconf 74' lang='lat' dir='ltr'><strong>donarit</strong></span> <span class='ocrx_word' id='word_1_535' title='bbox 1077 4037 1155 4111; x_wconf 83' lang='lat' dir='ltr'><strong>illi</strong></span> <span class='ocrx_word' id='word_1_536' title='bbox 1186 4033 1553 4106; x_wconf 68' lang='lat' dir='ltr'><strong>nomen-quod</strong></span> <span class='ocrx_word' id='word_1_537' title='bbox 1607 4041 1683 4088; x_wconf 85' lang='lat' dir='ltr'><strong>est</strong></span> <span class='ocrx_word' id='word_1_538' title='bbox 1721 4048 2056 4101; x_wconf 74' lang='lat' dir='ltr'><strong>superamur:</strong></span> <span class='ocrx_word' id='word_1_539' title='bbox 2219 4024 2639 4108; x_wconf 62' lang='grc' dir='ltr'><strong>ιρτοριεγῗφιοά</strong></span> <span class='ocrx_word' id='word_1_540' title='bbox 2685 4032 2914 4086; x_wconf 62' lang='lat' dir='ltr'><strong>coming:</strong></span> <span class='ocrx_word' id='word_1_541' title='bbox 2960 4025 3236 4097; x_wconf 70' lang='lat' dir='ltr'><strong>Scriptura</strong></span> <span class='ocrx_word' id='word_1_542' title='bbox 3283 4041 3300 4077; x_wconf 85' lang='lat'><strong><em>:</em></strong></span> <span class='ocrx_word' id='word_1_543' title='bbox 3352 4022 3485 4076; x_wconf 79' lang='lat' dir='ltr'><strong>Ecce</strong></span> <span class='ocrx_word' id='word_1_544' title='bbox 3513 4036 3655 4089; x_wconf 84' lang='lat' dir='ltr'><strong>pono</strong></span> <span class='ocrx_word' id='word_1_545' title='bbox 3698 4019 3757 4071; x_wconf 81' lang='lat' dir='ltr'><strong>in</strong></span> 
     </span>
    </p>
   </div>
   <div class='ocr_carea' id='block_1_50' title="bbox 453 4111 2047 4201">
    <p class='ocr_par' dir='ltr' id='par_1_50' title="bbox 453 4125 1198 4201">
     <span class='ocr_line' id='line_1_51' title="bbox 453 4125 1198 4201; baseline 0 -19"><span class='ocrx_word' id='word_1_546' title='bbox 453 4147 687 4196; x_wconf 67' lang='lat' dir='ltr'><strong>nomen,</strong></span> <span class='ocrx_word' id='word_1_547' title='bbox 715 4139 831 4186; x_wconf 84' lang='lat' dir='ltr'><strong>etc.</strong></span> <span class='ocrx_word' id='word_1_548' title='bbox 862 4125 1085 4201; x_wconf 77' lang='lat' dir='ltr'><strong>(Philip.</strong></span> <span class='ocrx_word' id='word_1_549' title='bbox 1113 4127 1198 4199; x_wconf 89' lang='grc' dir='ltr'>ιι).</span> 
     </span>
    </p>
   </div>
   <div class='ocr_carea' id='block_1_51' title="bbox 2156 4111 3755 4201">
    <p class='ocr_par' dir='ltr' id='par_1_51' title="bbox 2161 4111 3755 4200">
     <span class='ocr_line' id='line_1_52' title="bbox 2161 4111 3755 4200; baseline -0.014 -14"><span class='ocrx_word' id='word_1_550' title='bbox 2161 4131 2292 4186; x_wconf 72' lang='lat' dir='ltr'><strong>Sion</strong></span> <span class='ocrx_word' id='word_1_551' title='bbox 2326 4128 2555 4200; x_wconf 83' lang='lat' dir='ltr'><strong>lapidem</strong></span> <span class='ocrx_word' id='word_1_552' title='bbox 2595 4140 2857 4180; x_wconf 81' lang='lat' dir='ltr'><strong>summum</strong></span> <span class='ocrx_word' id='word_1_553' title='bbox 2877 4163 2890 4187; x_wconf 93' lang='lat'><strong>,</strong></span> <span class='ocrx_word' id='word_1_554' title='bbox 2931 4119 3270 4191; x_wconf 80' lang='lat' dir='ltr'><strong>angularem,</strong></span> <span class='ocrx_word' id='word_1_555' title='bbox 3301 4124 3406 4171; x_wconf 90' lang='lat' dir='ltr'><strong>etc.</strong></span> <span class='ocrx_word' id='word_1_556' title='bbox 3451 4115 3566 4168; x_wconf 86' lang='lat' dir='ltr'><strong>Hoc</strong></span> <span class='ocrx_word' id='word_1_557' title='bbox 3594 4111 3755 4166; x_wconf 82' lang='lat' dir='ltr'><strong>testi-</strong></span> 
     </span>
    </p>
   </div>
   <div class='ocr_carea' id='block_1_52' title="bbox 540 4203 2047 4292">
    <p class='ocr_par' dir='ltr' id='par_1_52' title="bbox 540 4214 2047 4292">
     <span class='ocr_line' id='line_1_53' title="bbox 540 4214 2047 4292; baseline -0.006 -18"><span class='ocrx_word' id='word_1_558' title='bbox 540 4220 608 4275; x_wconf 79' lang='lat' dir='ltr'><strong>Et</strong></span> <span class='ocrx_word' id='word_1_559' title='bbox 637 4221 748 4292; x_wconf 68' lang='lat' dir='ltr'><strong>ipsi</strong></span> <span class='ocrx_word' id='word_1_560' title='bbox 789 4230 1041 4290; x_wconf 73' lang='lat' dir='ltr'><strong>(sitquam</strong></span> <span class='ocrx_word' id='word_1_561' title='bbox 1081 4218 1284 4289; x_wconf 78' lang='lat' dir='ltr'><strong>lapides</strong></span> <span class='ocrx_word' id='word_1_562' title='bbox 1323 4217 1428 4272; x_wconf 76' lang='lat' dir='ltr'><strong>vivi</strong></span> <span class='ocrx_word' id='word_1_563' title='bbox 1463 4214 1970 4286; x_wconf 66' lang='lat' dir='ltr'><strong>supermdiﬁcamini</strong></span> <span class='ocrx_word' id='word_1_564' title='bbox 2003 4214 2047 4266; x_wconf 67' lang='lat' dir='ltr'><strong>in</strong></span> 
     </span>
    </p>
   </div>
   <div class='ocr_carea' id='block_1_53' title="bbox 2156 4203 3756 4292">
    <p class='ocr_par' dir='ltr' id='par_1_53' title="bbox 2161 4203 3756 4286">
     <span class='ocr_line' id='line_1_54' title="bbox 2161 4203 3756 4286; baseline -0.016 -5"><span class='ocrx_word' id='word_1_565' title='bbox 2161 4223 2402 4281; x_wconf 91' lang='lat' dir='ltr'><strong>monium</strong></span> <span class='ocrx_word' id='word_1_566' title='bbox 2443 4221 2510 4275; x_wconf 90' lang='lat' dir='ltr'><strong>de</strong></span> <span class='ocrx_word' id='word_1_567' title='bbox 2542 4219 2689 4273; x_wconf 80' lang='lat' dir='ltr'><strong>Isaia</strong></span> <span class='ocrx_word' id='word_1_568' title='bbox 2717 4215 2870 4286; x_wconf 88' lang='lat' dir='ltr'><strong>ponit</strong></span> <span class='ocrx_word' id='word_1_569' title='bbox 2898 4212 3048 4280; x_wconf 86' lang='lat' dir='ltr'><strong>(Isa.</strong></span> <span class='ocrx_word' id='word_1_570' title='bbox 3077 4206 3286 4277; x_wconf 74' lang='lat' dir='ltr'><strong>xxvi-tt)</strong></span> <span class='ocrx_word' id='word_1_571' title='bbox 3325 4207 3392 4261; x_wconf 90' lang='lat' dir='ltr'><strong>ad</strong></span> <span class='ocrx_word' id='word_1_572' title='bbox 3421 4203 3756 4260; x_wconf 85' lang='lat' dir='ltr'><strong>conﬁrman-</strong></span> 
     </span>
    </p>
   </div>
   <div class='ocr_carea' id='block_1_54' title="bbox 469 4296 3760 4382">
    <p class='ocr_par' dir='ltr' id='par_1_54' title="bbox 469 4296 3760 4382">
     <span class='ocr_line' id='line_1_55' title="bbox 469 4296 3760 4382; baseline -0.004 -17"><span class='ocrx_word' id='word_1_573' title='bbox 469 4312 654 4367; x_wconf 73' lang='lat' dir='ltr'><strong>domos</strong></span> <span class='ocrx_word' id='word_1_574' title='bbox 687 4309 973 4382; x_wconf 79' lang='lat' dir='ltr'><strong>spiritales.</strong></span> <span class='ocrx_word' id='word_1_575' title='bbox 1003 4308 1562 4380; x_wconf 74' lang='lat' dir='ltr'><strong>Superzediﬁcamini,</strong></span> <span class='ocrx_word' id='word_1_576' title='bbox 1589 4307 1710 4364; x_wconf 87' lang='lat' dir='ltr'><strong>illos</strong></span> <span class='ocrx_word' id='word_1_577' title='bbox 1741 4305 2058 4376; x_wconf 59' lang='lat' dir='ltr'><strong>dicit,quia</strong></span> <span class='ocrx_word' id='word_1_578' title='bbox 2162 4317 2288 4372; x_wconf 73' lang='lat' dir='ltr'><strong>dum</strong></span> <span class='ocrx_word' id='word_1_579' title='bbox 2344 4315 2449 4372; x_wconf 83' lang='lat' dir='ltr'><strong>hoc</strong></span> <span class='ocrx_word' id='word_1_580' title='bbox 2506 4311 2652 4382; x_wconf 80' lang='lat' dir='ltr'><strong>quod</strong></span> <span class='ocrx_word' id='word_1_581' title='bbox 2704 4307 3060 4378; x_wconf 86' lang='lat' dir='ltr'><strong>promiserat,</strong></span> <span class='ocrx_word' id='word_1_582' title='bbox 3110 4302 3178 4358; x_wconf 88' lang='lat' dir='ltr'><strong>ad</strong></span> <span class='ocrx_word' id='word_1_583' title='bbox 3221 4316 3382 4371; x_wconf 84' lang='lat' dir='ltr'><strong>quem</strong></span> <span class='ocrx_word' id='word_1_584' title='bbox 3435 4296 3760 4352; x_wconf 77' lang='lat' dir='ltr'><strong>accedentes</strong></span> 
     </span>
    </p>
   </div>
   <div class='ocr_carea' id='block_1_55' title="bbox 471 4388 3757 4479">
    <p class='ocr_par' dir='ltr' id='par_1_55' title="bbox 471 4388 3757 4479">
     <span class='ocr_line' id='line_1_56' title="bbox 471 4388 3757 4479; baseline -0.005 -20"><span class='ocrx_word' id='word_1_585' title='bbox 471 4407 588 4461; x_wconf 89' lang='lat' dir='ltr'><strong>sine</strong></span> <span class='ocrx_word' id='word_1_586' title='bbox 611 4403 995 4462; x_wconf 58' lang='lat' dir='ltr'><strong>Donaiquesu</strong></span> <span class='ocrx_word' id='word_1_587' title='bbox 1020 4401 1266 4468; x_wconf 89' lang='lat' dir='ltr'><strong>Christo,</strong></span> <span class='ocrx_word' id='word_1_588' title='bbox 1299 4402 1478 4472; x_wconf 89' lang='lat' dir='ltr'><strong>lapide</strong></span> <span class='ocrx_word' id='word_1_589' title='bbox 1503 4402 1712 4458; x_wconf 87' lang='lat' dir='ltr'><strong>scilicet</strong></span> <span class='ocrx_word' id='word_1_590' title='bbox 1735 4401 1886 4464; x_wconf 85' lang='lat' dir='ltr'><strong>vivo,</strong></span> <span class='ocrx_word' id='word_1_591' title='bbox 1913 4399 2058 4454; x_wconf 88' lang='lat' dir='ltr'><strong>nulla</strong></span> <span class='ocrx_word' id='word_1_592' title='bbox 2162 4409 2395 4479; x_wconf 59' lang='lat' dir='ltr'><strong>nminem</strong></span> <span class='ocrx_word' id='word_1_593' title='bbox 2445 4406 2671 4468; x_wconf 66' lang='lat' dir='ltr'><strong>vivum,</strong></span> <span class='ocrx_word' id='word_1_594' title='bbox 2731 4409 2982 4457; x_wconf 73' lang='lat' dir='ltr'><strong>astruens</strong></span> <span class='ocrx_word' id='word_1_595' title='bbox 3037 4405 3091 4452; x_wconf 81' lang='lat' dir='ltr'><strong>et</strong></span> <span class='ocrx_word' id='word_1_596' title='bbox 3144 4393 3419 4450; x_wconf 71' lang='lat' dir='ltr'><strong>afﬁrmans</strong></span> <span class='ocrx_word' id='word_1_597' title='bbox 3463 4388 3757 4444; x_wconf 85' lang='lat' dir='ltr'><strong>Dominum</strong></span> 
     </span>
    </p>
   </div>
   <div class='ocr_carea' id='block_1_56' title="bbox 473 4480 3759 4566">
    <p class='ocr_par' dir='ltr' id='par_1_56' title="bbox 473 4480 3759 4566">
     <span class='ocr_line' id='line_1_57' title="bbox 473 4480 3759 4566; baseline -0.005 -14"><span class='ocrx_word' id='word_1_598' title='bbox 473 4496 732 4566; x_wconf 76' lang='lat' dir='ltr'><strong>spiritalis</strong></span> <span class='ocrx_word' id='word_1_599' title='bbox 753 4495 1042 4552; x_wconf 61' lang='lat' dir='ltr'><strong>aidili‘eatio</strong></span> <span class='ocrx_word' id='word_1_600' title='bbox 1065 4504 1211 4549; x_wconf 89' lang='lat' dir='ltr'><strong>stare</strong></span> <span class='ocrx_word' id='word_1_601' title='bbox 1233 4501 1432 4563; x_wconf 86' lang='lat' dir='ltr'><strong>potest.</strong></span> <span class='ocrx_word' id='word_1_602' title='bbox 1458 4493 1890 4548; x_wconf 86' lang='lat' dir='ltr'><strong>Fundamentum</strong></span> <span class='ocrx_word' id='word_1_603' title='bbox 1913 4491 2056 4547; x_wconf 90' lang='lat' dir='ltr'><strong>enim</strong></span> <span class='ocrx_word' id='word_1_604' title='bbox 2094 4540 2139 4566; x_wconf 57' lang='grc' dir='ltr'>η</span> <span class='ocrx_word' id='word_1_605' title='bbox 2166 4501 2492 4555; x_wconf 63' lang='lat' dir='ltr'><strong>salvatorem</strong></span> <span class='ocrx_word' id='word_1_606' title='bbox 2549 4504 2774 4565; x_wconf 72' lang='lat' dir='ltr'><strong>propter</strong></span> <span class='ocrx_word' id='word_1_607' title='bbox 2825 4487 3139 4546; x_wconf 81' lang='lat' dir='ltr'><strong>ﬁrmitatem</strong></span> <span class='ocrx_word' id='word_1_608' title='bbox 3191 4499 3345 4540; x_wconf 87' lang='lat' dir='ltr'><strong>suam</strong></span> <span class='ocrx_word' id='word_1_609' title='bbox 3367 4526 3380 4550; x_wconf 94' lang='lat'><strong>,</strong></span> <span class='ocrx_word' id='word_1_610' title='bbox 3438 4480 3674 4551; x_wconf 85' lang='lat' dir='ltr'><strong>lapidem</strong></span> <span class='ocrx_word' id='word_1_611' title='bbox 3728 4497 3759 4533; x_wconf 86' lang='lat' dir='ltr'><strong>a</strong></span> 
     </span>
    </p>
   </div>
   <div class='ocr_carea' id='block_1_57' title="bbox 475 4540 3248 4661">
    <p class='ocr_par' dir='ltr' id='par_1_57' title="bbox 475 4540 3248 4661">
     <span class='ocr_line' id='line_1_58' title="bbox 475 4540 3136 4566; baseline -0.003 -9"><span class='ocrx_word' id='word_1_612' title='bbox 475 4540 730 4566; x_wconf 66' lang='grc' dir='ltr'><strong>...μη-η...-</strong></span> <span class='ocrx_word' id='word_1_613' title='bbox 753 4540 1038 4552; x_wconf 45' lang='lat' dir='ltr'><strong>“mm---</strong></span> <span class='ocrx_word' id='word_1_614' title='bbox 1065 4540 1210 4549; x_wconf 64' lang='grc' dir='ltr'><strong>νη--ν</strong></span> <span class='ocrx_word' id='word_1_615' title='bbox 1233 4540 1432 4563; x_wconf 58' lang='grc' dir='ltr'><strong>ιω----</strong></span> <span class='ocrx_word' id='word_1_616' title='bbox 1458 4540 1482 4548; x_wconf 84' lang='grc'><strong>-</strong></span> <span class='ocrx_word' id='word_1_617' title='bbox 1507 4540 1890 4548; x_wconf 50' lang='grc' dir='ltr'><strong>ω---η----ηψ</strong></span> <span class='ocrx_word' id='word_1_618' title='bbox 2168 4540 2243 4555; x_wconf 67' lang='grc' dir='ltr'><strong>οι..</strong></span> <span class='ocrx_word' id='word_1_619' title='bbox 2261 4540 2492 4553; x_wconf 60' lang='lat' dir='ltr'><strong>&quot;mw...</strong></span> <span class='ocrx_word' id='word_1_620' title='bbox 2590 4540 2645 4549; x_wconf 72' lang='grc' dir='ltr'><strong>,ν</strong></span> <span class='ocrx_word' id='word_1_621' title='bbox 2692 4540 2764 4548; x_wconf 63' lang='grc' dir='ltr'><strong>η-</strong></span> 
     </span>
     <span class='ocr_line' id='line_1_59' title="bbox 475 4540 3248 4661; baseline -0.004 -19"><span class='ocrx_word' id='word_1_622' title='bbox 475 4589 621 4644; x_wconf 88' lang='lat' dir='ltr'><strong>aliud</strong></span> <span class='ocrx_word' id='word_1_623' title='bbox 647 4603 804 4642; x_wconf 90' lang='lat' dir='ltr'><strong>nemo</strong></span> <span class='ocrx_word' id='word_1_624' title='bbox 832 4594 1010 4656; x_wconf 83' lang='lat' dir='ltr'><strong>potest</strong></span> <span class='ocrx_word' id='word_1_625' title='bbox 1035 4599 1237 4654; x_wconf 88' lang='lat' dir='ltr'><strong>ponere</strong></span> <span class='ocrx_word' id='word_1_626' title='bbox 1263 4592 1458 4653; x_wconf 71' lang='lat' dir='ltr'><strong>praeter</strong></span> <span class='ocrx_word' id='word_1_627' title='bbox 1484 4585 1692 4653; x_wconf 84' lang='lat' dir='ltr'><strong>ipsum,</strong></span> <span class='ocrx_word' id='word_1_628' title='bbox 1720 4583 1874 4654; x_wconf 67' lang='lat' dir='ltr'><strong>cuius</strong></span> <span class='ocrx_word' id='word_1_629' title='bbox 1899 4582 2063 4652; x_wconf 78' lang='lat' dir='ltr'><strong>parti-</strong></span> <span class='ocrx_word' id='word_1_630' title='bbox 2089 4540 2140 4600; x_wconf 72' lang='grc' dir='ltr'><strong>Β</strong></span> <span class='ocrx_word' id='word_1_631' title='bbox 2167 4589 2448 4661; x_wconf 63' lang='lat' dir='ltr'><strong>prophetis</strong></span> <span class='ocrx_word' id='word_1_632' title='bbox 2484 4540 2700 4647; x_wconf 51' lang='lat' dir='ltr'><strong>rogari,</strong></span> <span class='ocrx_word' id='word_1_633' title='bbox 2725 4591 2790 4638; x_wconf 70' lang='grc' dir='ltr'>ἐι</span> <span class='ocrx_word' id='word_1_634' title='bbox 2824 4582 2966 4652; x_wconf 81' lang='lat' dir='ltr'><strong>quod</strong></span> <span class='ocrx_word' id='word_1_635' title='bbox 3005 4581 3211 4636; x_wconf 80' lang='lat' dir='ltr'><strong>addidit</strong></span> <span class='ocrx_word' id='word_1_636' title='bbox 3235 4597 3248 4632; x_wconf 91' lang='lat'>:</span> 
     </span>
    </p>
   </div>
   <div class='ocr_carea' id='block_1_58' title="bbox 2114 708 3706 792">
    <p class='ocr_par' dir='ltr' id='par_1_58' title="bbox 2114 708 3706 792">
     <span class='ocr_line' id='line_1_60' title="bbox 2114 708 3706 792; baseline -0.011 -14"><span class='ocrx_word' id='word_1_637' title='bbox 2114 723 2319 792; x_wconf 88' lang='lat' dir='ltr'><strong>inquit,</strong></span> <span class='ocrx_word' id='word_1_638' title='bbox 2347 721 2528 776; x_wconf 86' lang='lat' dir='ltr'><strong>domos</strong></span> <span class='ocrx_word' id='word_1_639' title='bbox 2554 717 2838 790; x_wconf 67' lang='lat' dir='ltr'><strong>spiritales.</strong></span> <span class='ocrx_word' id='word_1_640' title='bbox 2869 715 2946 770; x_wconf 85' lang='lat' dir='ltr'><strong>Ita</strong></span> <span class='ocrx_word' id='word_1_641' title='bbox 2968 714 3101 770; x_wconf 84' lang='lat' dir='ltr'><strong>illos</strong></span> <span class='ocrx_word' id='word_1_642' title='bbox 3138 711 3256 767; x_wconf 87' lang='lat' dir='ltr'><strong>ﬁeri</strong></span> <span class='ocrx_word' id='word_1_643' title='bbox 3279 711 3470 766; x_wconf 87' lang='lat' dir='ltr'><strong>domos</strong></span> <span class='ocrx_word' id='word_1_644' title='bbox 3495 708 3706 779; x_wconf 83' lang='lat' dir='ltr'><strong>spirita-</strong></span> 
     </span>
    </p>
   </div>
   <div class='ocr_carea' id='block_1_59' title="bbox 2110 799 3709 879">
    <p class='ocr_par' dir='ltr' id='par_1_59' title="bbox 2110 799 3709 879">
     <span class='ocr_line' id='line_1_61' title="bbox 2110 799 3709 879; baseline -0.01 -11"><span class='ocrx_word' id='word_1_645' title='bbox 2110 815 2194 871; x_wconf 84' lang='lat' dir='ltr'><strong>les</strong></span> <span class='ocrx_word' id='word_1_646' title='bbox 2219 814 2373 879; x_wconf 89' lang='lat' dir='ltr'><strong>dicit,</strong></span> <span class='ocrx_word' id='word_1_647' title='bbox 2399 828 2522 868; x_wconf 89' lang='lat' dir='ltr'><strong>cum</strong></span> <span class='ocrx_word' id='word_1_648' title='bbox 2547 811 2620 866; x_wconf 88' lang='lat' dir='ltr'><strong>sit</strong></span> <span class='ocrx_word' id='word_1_649' title='bbox 2638 823 2744 866; x_wconf 88' lang='lat' dir='ltr'><strong>una</strong></span> <span class='ocrx_word' id='word_1_650' title='bbox 2770 809 2963 863; x_wconf 89' lang='lat' dir='ltr'><strong>domus</strong></span> <span class='ocrx_word' id='word_1_651' title='bbox 2982 803 3182 860; x_wconf 88' lang='lat' dir='ltr'><strong>Christi</strong></span> <span class='ocrx_word' id='word_1_652' title='bbox 3211 803 3264 857; x_wconf 92' lang='lat' dir='ltr'><strong>in</strong></span> <span class='ocrx_word' id='word_1_653' title='bbox 3287 801 3495 872; x_wconf 78' lang='lat' dir='ltr'><strong>angelis</strong></span> <span class='ocrx_word' id='word_1_654' title='bbox 3516 799 3709 856; x_wconf 87' lang='lat' dir='ltr'><strong>electis</strong></span> 
     </span>
    </p>
   </div>
   <div class='ocr_carea' id='block_1_60' title="bbox 2108 891 3710 970">
    <p class='ocr_par' dir='ltr' id='par_1_60' title="bbox 2108 891 3710 970">
     <span class='ocr_line' id='line_1_62' title="bbox 2108 891 3710 970; baseline -0.012 -8"><span class='ocrx_word' id='word_1_655' title='bbox 2108 914 2172 962; x_wconf 81' lang='lat' dir='ltr'><strong>et</strong></span> <span class='ocrx_word' id='word_1_656' title='bbox 2194 904 2506 962; x_wconf 86' lang='lat' dir='ltr'><strong>hominibus</strong></span> <span class='ocrx_word' id='word_1_657' title='bbox 2531 901 2757 958; x_wconf 87' lang='lat' dir='ltr'><strong>collecta</strong></span> <span class='ocrx_word' id='word_1_658' title='bbox 2777 942 2791 965; x_wconf 95' lang='lat'><strong>,</strong></span> <span class='ocrx_word' id='word_1_659' title='bbox 2814 897 3112 970; x_wconf 85' lang='lat' dir='ltr'><strong>quomodo,</strong></span> <span class='ocrx_word' id='word_1_660' title='bbox 3138 911 3262 951; x_wconf 89' lang='lat' dir='ltr'><strong>cum</strong></span> <span class='ocrx_word' id='word_1_661' title='bbox 3289 895 3360 950; x_wconf 89' lang='lat' dir='ltr'><strong>sit</strong></span> <span class='ocrx_word' id='word_1_662' title='bbox 3384 908 3492 948; x_wconf 88' lang='lat' dir='ltr'><strong>una</strong></span> <span class='ocrx_word' id='word_1_663' title='bbox 3527 891 3710 948; x_wconf 81' lang='lat' dir='ltr'><strong>Eccle-</strong></span> 
     </span>
    </p>
   </div>
   <div class='ocr_carea' id='block_1_61' title="bbox 2115 980 3710 1058">
    <p class='ocr_par' dir='ltr' id='par_1_61' title="bbox 2115 980 3710 1058">
     <span class='ocr_line' id='line_1_63' title="bbox 2115 980 3710 1058; baseline -0.012 -6"><span class='ocrx_word' id='word_1_664' title='bbox 2115 998 2199 1052; x_wconf 87' lang='lat' dir='ltr'><strong>sia</strong></span> <span class='ocrx_word' id='word_1_665' title='bbox 2221 995 2508 1058; x_wconf 88' lang='lat' dir='ltr'><strong>catholiea,</strong></span> <span class='ocrx_word' id='word_1_666' title='bbox 2527 1002 2640 1048; x_wconf 93' lang='lat' dir='ltr'><strong>toto</strong></span> <span class='ocrx_word' id='word_1_667' title='bbox 2664 992 2796 1047; x_wconf 90' lang='lat' dir='ltr'><strong>orbe</strong></span> <span class='ocrx_word' id='word_1_668' title='bbox 2819 988 3036 1053; x_wconf 79' lang='lat' dir='ltr'><strong>diffusa,</strong></span> <span class='ocrx_word' id='word_1_669' title='bbox 3061 1003 3203 1057; x_wconf 70' lang='lat' dir='ltr'><strong>smpe</strong></span> <span class='ocrx_word' id='word_1_670' title='bbox 3223 985 3504 1056; x_wconf 82' lang='lat' dir='ltr'><strong>pluraliter</strong></span> <span class='ocrx_word' id='word_1_671' title='bbox 3529 980 3710 1053; x_wconf 78' lang='lat' dir='ltr'><strong>appel-</strong></span> 
     </span>
    </p>
   </div>
   <div class='ocr_carea' id='block_1_62' title="bbox 2119 1074 3709 1155">
    <p class='ocr_par' dir='ltr' id='par_1_62' title="bbox 2119 1074 3709 1155">
     <span class='ocr_line' id='line_1_64' title="bbox 2119 1074 3709 1155; baseline -0.012 -10"><span class='ocrx_word' id='word_1_672' title='bbox 2119 1091 2300 1145; x_wconf 85' lang='lat' dir='ltr'><strong>lantur</strong></span> <span class='ocrx_word' id='word_1_673' title='bbox 2321 1088 2579 1144; x_wconf 79' lang='lat' dir='ltr'><strong>Ecclesiae</strong></span> <span class='ocrx_word' id='word_1_674' title='bbox 2597 1126 2611 1149; x_wconf 93' lang='lat'><strong>,</strong></span> <span class='ocrx_word' id='word_1_675' title='bbox 2631 1091 2863 1155; x_wconf 84' lang='lat' dir='ltr'><strong>propter</strong></span> <span class='ocrx_word' id='word_1_676' title='bbox 2888 1077 3186 1136; x_wconf 82' lang='lat' dir='ltr'><strong>multifaria</strong></span> <span class='ocrx_word' id='word_1_677' title='bbox 3224 1077 3433 1133; x_wconf 83' lang='lat' dir='ltr'><strong>scilicet</strong></span> <span class='ocrx_word' id='word_1_678' title='bbox 3465 1074 3709 1132; x_wconf 87' lang='lat' dir='ltr'><strong>ﬁdelium</strong></span> 
     </span>
    </p>
   </div>
   <div class='ocr_carea' id='block_1_63' title="bbox 2121 1164 3712 1242">
    <p class='ocr_par' dir='ltr' id='par_1_63' title="bbox 2121 1164 3712 1242">
     <span class='ocr_line' id='line_1_65' title="bbox 2121 1164 3712 1242; baseline -0.015 -3"><span class='ocrx_word' id='word_1_679' title='bbox 2121 1178 2495 1238; x_wconf 86' lang='lat' dir='ltr'><strong>conventicula</strong></span> <span class='ocrx_word' id='word_1_680' title='bbox 2512 1218 2526 1242; x_wconf 97' lang='lat'><strong>,</strong></span> <span class='ocrx_word' id='word_1_681' title='bbox 2553 1177 2722 1231; x_wconf 86' lang='lat' dir='ltr'><strong>variis</strong></span> <span class='ocrx_word' id='word_1_682' title='bbox 2748 1173 3024 1228; x_wconf 84' lang='lat' dir='ltr'><strong>tribubus.</strong></span> <span class='ocrx_word' id='word_1_683' title='bbox 3054 1168 3267 1240; x_wconf 88' lang='lat' dir='ltr'><strong>populis</strong></span> <span class='ocrx_word' id='word_1_684' title='bbox 3285 1207 3300 1233; x_wconf 91' lang='lat'><strong>,</strong></span> <span class='ocrx_word' id='word_1_685' title='bbox 3325 1176 3384 1222; x_wconf 88' lang='lat' dir='ltr'><strong>et</strong></span> <span class='ocrx_word' id='word_1_686' title='bbox 3409 1165 3608 1236; x_wconf 73' lang='lat' dir='ltr'><strong>linguis</strong></span> <span class='ocrx_word' id='word_1_687' title='bbox 3634 1164 3712 1220; x_wconf 89' lang='lat' dir='ltr'><strong>di-</strong></span> 
     </span>
    </p>
   </div>
   <div class='ocr_carea' id='block_1_64' title="bbox 2122 1255 3715 1329">
    <p class='ocr_par' dir='ltr' id='par_1_64' title="bbox 2122 1255 3715 1329">
     <span class='ocr_line' id='line_1_66' title="bbox 2122 1255 3715 1329; baseline -0.013 -1"><span class='ocrx_word' id='word_1_688' title='bbox 2122 1279 2340 1328; x_wconf 88' lang='lat' dir='ltr'><strong>screta:</strong></span> <span class='ocrx_word' id='word_1_689' title='bbox 2377 1284 2482 1324; x_wconf 88' lang='lat' dir='ltr'><strong>una</strong></span> <span class='ocrx_word' id='word_1_690' title='bbox 2519 1267 2736 1327; x_wconf 88' lang='lat' dir='ltr'><strong>dicitur,</strong></span> <span class='ocrx_word' id='word_1_691' title='bbox 2775 1265 2916 1318; x_wconf 91' lang='lat' dir='ltr'><strong>sicut</strong></span> <span class='ocrx_word' id='word_1_692' title='bbox 2953 1263 3006 1315; x_wconf 92' lang='lat' dir='ltr'><strong>in</strong></span> <span class='ocrx_word' id='word_1_693' title='bbox 3028 1257 3352 1329; x_wconf 81' lang='lat' dir='ltr'><strong>Apocalypsi</strong></span> <span class='ocrx_word' id='word_1_694' title='bbox 3385 1256 3609 1320; x_wconf 81' lang='lat' dir='ltr'><strong>Joannis</strong></span> <span class='ocrx_word' id='word_1_695' title='bbox 3634 1255 3715 1309; x_wconf 89' lang='lat' dir='ltr'><strong>di-</strong></span> 
     </span>
    </p>
   </div>
   <div class='ocr_carea' id='block_1_65' title="bbox 2122 1345 3714 1434">
    <p class='ocr_par' dir='ltr' id='par_1_65' title="bbox 2122 1345 3714 1434">
     <span class='ocr_line' id='line_1_67' title="bbox 2122 1345 3714 1434; baseline -0.015 -13"><span class='ocrx_word' id='word_1_696' title='bbox 2122 1366 2265 1422; x_wconf 86' lang='lat' dir='ltr'><strong>citur</strong></span> <span class='ocrx_word' id='word_1_697' title='bbox 2284 1381 2302 1417; x_wconf 72' lang='grc' dir='ltr'><strong><em>ε</em></strong></span> <span class='ocrx_word' id='word_1_698' title='bbox 2335 1363 2456 1434; x_wconf 86' lang='lat' dir='ltr'><strong>Ipse</strong></span> <span class='ocrx_word' id='word_1_699' title='bbox 2480 1375 2572 1430; x_wconf 86' lang='lat' dir='ltr'><strong>ego</strong></span> <span class='ocrx_word' id='word_1_700' title='bbox 2596 1357 2754 1414; x_wconf 82' lang='lat' dir='ltr'><strong>Jesus</strong></span> <span class='ocrx_word' id='word_1_701' title='bbox 2784 1354 2901 1410; x_wconf 86' lang='lat' dir='ltr'><strong>misi</strong></span> <span class='ocrx_word' id='word_1_702' title='bbox 2927 1351 3173 1422; x_wconf 83' lang='lat' dir='ltr'><strong>angelum</strong></span> <span class='ocrx_word' id='word_1_703' title='bbox 3203 1365 3406 1411; x_wconf 87' lang='lat' dir='ltr'><strong>meum,</strong></span> <span class='ocrx_word' id='word_1_704' title='bbox 3435 1345 3714 1413; x_wconf 77' lang='lat' dir='ltr'><strong>testiﬁcari</strong></span> 
     </span>
    </p>
   </div>
   <div class='ocr_carea' id='block_1_66' title="bbox 2123 1437 3713 1516">
    <p class='ocr_par' dir='ltr' id='par_1_66' title="bbox 2123 1437 3713 1516">
     <span class='ocr_line' id='line_1_68' title="bbox 2123 1437 3713 1516; baseline -0.014 -5"><span class='ocrx_word' id='word_1_705' title='bbox 2123 1456 2264 1512; x_wconf 76' lang='lat' dir='ltr'><strong>vobis</strong></span> <span class='ocrx_word' id='word_1_706' title='bbox 2288 1456 2344 1508; x_wconf 86' lang='lat' dir='ltr'><strong>in</strong></span> <span class='ocrx_word' id='word_1_707' title='bbox 2383 1449 2657 1507; x_wconf 86' lang='lat' dir='ltr'><strong>Ecclesiis.</strong></span> <span class='ocrx_word' id='word_1_708' title='bbox 2694 1448 2807 1503; x_wconf 85' lang='lat' dir='ltr'><strong>Nec</strong></span> <span class='ocrx_word' id='word_1_709' title='bbox 2840 1441 3276 1516; x_wconf 66' lang='lat' dir='ltr'><strong>prtetereundum</strong></span> <span class='ocrx_word' id='word_1_710' title='bbox 3313 1439 3456 1508; x_wconf 87' lang='lat' dir='ltr'><strong>quod</strong></span> <span class='ocrx_word' id='word_1_711' title='bbox 3489 1437 3713 1506; x_wconf 75' lang='lat' dir='ltr'><strong>quidam</strong></span> 
     </span>
    </p>
   </div>
   <div class='ocr_carea' id='block_1_67' title="bbox 2125 1528 3717 1608">
    <p class='ocr_par' dir='ltr' id='par_1_67' title="bbox 2125 1528 3717 1608">
     <span class='ocr_line' id='line_1_69' title="bbox 2125 1528 3717 1608; baseline -0.016 -2"><span class='ocrx_word' id='word_1_712' title='bbox 2125 1549 2341 1606; x_wconf 85' lang='lat' dir='ltr'><strong>codices</strong></span> <span class='ocrx_word' id='word_1_713' title='bbox 2375 1546 2576 1602; x_wconf 83' lang='lat' dir='ltr'><strong>habent</strong></span> <span class='ocrx_word' id='word_1_714' title='bbox 2611 1555 2841 1597; x_wconf 87' lang='lat' dir='ltr'><strong>numero</strong></span> <span class='ocrx_word' id='word_1_715' title='bbox 2874 1536 3133 1608; x_wconf 82' lang='lat' dir='ltr'><strong>singulari</strong></span> <span class='ocrx_word' id='word_1_716' title='bbox 3161 1552 3173 1588; x_wconf 92' lang='lat'>:</span> <span class='ocrx_word' id='word_1_717' title='bbox 3203 1528 3717 1604; x_wconf 75' lang='lat' dir='ltr'><strong>Superwdiﬁcamini</strong></span> 
     </span>
    </p>
   </div>
   <div class='ocr_carea' id='block_1_68' title="bbox 474 4672 2062 4747">
    <p class='ocr_par' dir='ltr' id='par_1_68' title="bbox 474 4672 2062 4747">
     <span class='ocr_line' id='line_1_70' title="bbox 474 4672 2062 4747; baseline -0.005 -15"><span class='ocrx_word' id='word_1_718' title='bbox 474 4677 762 4747; x_wconf 86' lang='lat' dir='ltr'><strong>cipatioue,</strong></span> <span class='ocrx_word' id='word_1_719' title='bbox 791 4675 977 4731; x_wconf 84' lang='lat' dir='ltr'><strong>ﬁdeles</strong></span> <span class='ocrx_word' id='word_1_720' title='bbox 1005 4674 1214 4742; x_wconf 85' lang='lat' dir='ltr'><strong>lapides</strong></span> <span class='ocrx_word' id='word_1_721' title='bbox 1250 4673 1360 4727; x_wconf 86' lang='lat' dir='ltr'><strong>vivi</strong></span> <span class='ocrx_word' id='word_1_722' title='bbox 1385 4672 1708 4735; x_wconf 83' lang='lat' dir='ltr'><strong>elliciuntur,</strong></span> <span class='ocrx_word' id='word_1_723' title='bbox 1737 4673 1829 4741; x_wconf 87' lang='lat' dir='ltr'><strong>qui</strong></span> <span class='ocrx_word' id='word_1_724' title='bbox 1853 4687 1952 4742; x_wconf 80' lang='lat' dir='ltr'><strong>per</strong></span> <span class='ocrx_word' id='word_1_725' title='bbox 1976 4672 2062 4725; x_wconf 91' lang='lat' dir='ltr'><strong>in-</strong></span> 
     </span>
    </p>
   </div>
   <div class='ocr_carea' id='block_1_69' title="bbox 477 4763 2064 4836">
    <p class='ocr_par' dir='ltr' id='par_1_69' title="bbox 477 4763 2064 4836">
     <span class='ocr_line' id='line_1_71' title="bbox 477 4763 2064 4836; baseline -0.006 -11"><span class='ocrx_word' id='word_1_726' title='bbox 477 4767 789 4825; x_wconf 85' lang='lat' dir='ltr'><strong>ﬁdelitatem</strong></span> <span class='ocrx_word' id='word_1_727' title='bbox 799 4767 1017 4836; x_wconf 74' lang='lat' dir='ltr'><strong>lapides</strong></span> <span class='ocrx_word' id='word_1_728' title='bbox 1039 4765 1238 4820; x_wconf 87' lang='lat' dir='ltr'><strong>mortui</strong></span> <span class='ocrx_word' id='word_1_729' title='bbox 1260 4765 1500 4831; x_wconf 75' lang='lat' dir='ltr'><strong>fuerant,</strong></span> <span class='ocrx_word' id='word_1_730' title='bbox 1521 4765 1644 4821; x_wconf 90' lang='lat' dir='ltr'><strong>duri</strong></span> <span class='ocrx_word' id='word_1_731' title='bbox 1665 4763 1878 4820; x_wconf 89' lang='lat' dir='ltr'><strong>scilicet</strong></span> <span class='ocrx_word' id='word_1_732' title='bbox 1912 4773 1970 4819; x_wconf 87' lang='lat' dir='ltr'><strong>et</strong></span> <span class='ocrx_word' id='word_1_733' title='bbox 1990 4763 2064 4817; x_wconf 91' lang='lat' dir='ltr'><strong>in-</strong></span> 
     </span>
    </p>
   </div>
   <div class='ocr_carea' id='block_1_70' title="bbox 479 4857 2065 4932">
    <p class='ocr_par' dir='ltr' id='par_1_70' title="bbox 479 4857 2065 4932">
     <span class='ocr_line' id='line_1_72' title="bbox 479 4857 2065 4932; baseline -0.005 -12"><span class='ocrx_word' id='word_1_734' title='bbox 479 4862 788 4928; x_wconf 72' lang='lat' dir='ltr'><strong>sensibiles,</strong></span> <span class='ocrx_word' id='word_1_735' title='bbox 810 4862 1009 4932; x_wconf 84' lang='lat' dir='ltr'><strong>quibus</strong></span> <span class='ocrx_word' id='word_1_736' title='bbox 1031 4860 1231 4916; x_wconf 87' lang='lat' dir='ltr'><strong>merito</strong></span> <span class='ocrx_word' id='word_1_737' title='bbox 1252 4860 1562 4916; x_wconf 82' lang='lat' dir='ltr'><strong>diceretur:</strong></span> <span class='ocrx_word' id='word_1_738' title='bbox 1588 4858 1842 4927; x_wconf 78' lang='lat' dir='ltr'><strong>Auferam</strong></span> <span class='ocrx_word' id='word_1_739' title='bbox 1865 4876 1900 4912; x_wconf 89' lang='lat' dir='ltr'><strong>a</strong></span> <span class='ocrx_word' id='word_1_740' title='bbox 1925 4857 2065 4912; x_wconf 80' lang='lat' dir='ltr'><strong>vobis</strong></span> 
     </span>
    </p>
   </div>
   <div class='ocr_carea' id='block_1_71' title="bbox 482 4949 2067 5027">
    <p class='ocr_par' dir='ltr' id='par_1_71' title="bbox 482 4949 2067 5027">
     <span class='ocr_line' id='line_1_73' title="bbox 482 4949 2067 5027; baseline -0.005 -15"><span class='ocrx_word' id='word_1_741' title='bbox 482 4974 575 5013; x_wconf 82' lang='lat' dir='ltr'><strong>eor</strong></span> <span class='ocrx_word' id='word_1_742' title='bbox 606 4955 906 5027; x_wconf 82' lang='lat' dir='ltr'><strong>lapideum,</strong></span> <span class='ocrx_word' id='word_1_743' title='bbox 938 4964 985 5009; x_wconf 83' lang='lat' dir='ltr'><strong>et</strong></span> <span class='ocrx_word' id='word_1_744' title='bbox 1023 4954 1160 5009; x_wconf 85' lang='lat' dir='ltr'><strong>dabo</strong></span> <span class='ocrx_word' id='word_1_745' title='bbox 1197 4952 1339 5008; x_wconf 83' lang='lat' dir='ltr'><strong>vobis</strong></span> <span class='ocrx_word' id='word_1_746' title='bbox 1376 4969 1471 5007; x_wconf 86' lang='lat' dir='ltr'><strong>cor</strong></span> <span class='ocrx_word' id='word_1_747' title='bbox 1511 4967 1782 5005; x_wconf 77' lang='lat' dir='ltr'><strong>cumcum.</strong></span> <span class='ocrx_word' id='word_1_748' title='bbox 1817 4949 1926 5006; x_wconf 86' lang='lat' dir='ltr'><strong>Sed</strong></span> <span class='ocrx_word' id='word_1_749' title='bbox 1949 4958 2067 5004; x_wconf 86' lang='lat' dir='ltr'><strong>tan-</strong></span> 
     </span>
    </p>
   </div>
   <div class='ocr_carea' id='block_1_72' title="bbox 483 5039 2066 5117">
    <p class='ocr_par' dir='ltr' id='par_1_72' title="bbox 483 5039 2066 5117">
     <span class='ocr_line' id='line_1_74' title="bbox 483 5039 2066 5117; baseline -0.006 -16"><span class='ocrx_word' id='word_1_750' title='bbox 483 5062 645 5117; x_wconf 84' lang='lat' dir='ltr'><strong>quam</strong></span> <span class='ocrx_word' id='word_1_751' title='bbox 671 5046 881 5117; x_wconf 86' lang='lat' dir='ltr'><strong>lapides</strong></span> <span class='ocrx_word' id='word_1_752' title='bbox 903 5045 1010 5102; x_wconf 85' lang='lat' dir='ltr'><strong>vivi</strong></span> <span class='ocrx_word' id='word_1_753' title='bbox 1026 5085 1040 5108; x_wconf 89' lang='lat'><strong>,</strong></span> <span class='ocrx_word' id='word_1_754' title='bbox 1069 5043 1137 5100; x_wconf 90' lang='lat' dir='ltr'><strong>ad</strong></span> <span class='ocrx_word' id='word_1_755' title='bbox 1161 5041 1446 5114; x_wconf 78' lang='lat' dir='ltr'><strong>spirituale</strong></span> <span class='ocrx_word' id='word_1_756' title='bbox 1468 5039 1762 5096; x_wconf 70' lang='lat' dir='ltr'><strong>mdiﬁcium</strong></span> <span class='ocrx_word' id='word_1_757' title='bbox 1787 5047 2066 5108; x_wconf 79' lang='lat' dir='ltr'><strong>aptantur,</strong></span> 
     </span>
    </p>
   </div>
   <div class='ocr_carea' id='block_1_73' title="bbox 481 5117 2070 5209">
    <p class='ocr_par' dir='ltr' id='par_1_73' title="bbox 481 5117 2070 5209">
     <span class='ocr_line' id='line_1_75' title="bbox 481 5117 2070 5209; baseline -0.006 -17"><span class='ocrx_word' id='word_1_758' title='bbox 481 5137 574 5209; x_wconf 91' lang='lat' dir='ltr'><strong>qui</strong></span> <span class='ocrx_word' id='word_1_759' title='bbox 619 5149 718 5206; x_wconf 87' lang='lat' dir='ltr'><strong>per</strong></span> <span class='ocrx_word' id='word_1_760' title='bbox 760 5135 1146 5192; x_wconf 85' lang='lat' dir='ltr'><strong>discretionem</strong></span> <span class='ocrx_word' id='word_1_761' title='bbox 1197 5133 1398 5190; x_wconf 83' lang='lat' dir='ltr'><strong>eruditi</strong></span> <span class='ocrx_word' id='word_1_762' title='bbox 1447 5117 1723 5195; x_wconf 87' lang='lat' dir='ltr'><strong>doctoris,</strong></span> <span class='ocrx_word' id='word_1_763' title='bbox 1774 5129 2070 5199; x_wconf 84' lang='lat' dir='ltr'><strong>amputatis</strong></span> 
     </span>
    </p>
   </div>
   <div class='ocr_carea' id='block_1_74' title="bbox 483 5224 2073 5300">
    <p class='ocr_par' dir='ltr' id='par_1_74' title="bbox 483 5224 2073 5300">
     <span class='ocr_line' id='line_1_76' title="bbox 483 5224 2073 5300; baseline -0.006 -14"><span class='ocrx_word' id='word_1_764' title='bbox 483 5227 903 5300; x_wconf 72' lang='lat' dir='ltr'><strong>cogitationibus</strong></span> <span class='ocrx_word' id='word_1_765' title='bbox 933 5225 1249 5299; x_wconf 84' lang='lat' dir='ltr'><strong>superﬂuis,</strong></span> <span class='ocrx_word' id='word_1_766' title='bbox 1287 5227 1437 5282; x_wconf 90' lang='lat' dir='ltr'><strong>velut</strong></span> <span class='ocrx_word' id='word_1_767' title='bbox 1471 5225 1582 5281; x_wconf 90' lang='lat' dir='ltr'><strong>ictu</strong></span> <span class='ocrx_word' id='word_1_768' title='bbox 1619 5224 1963 5297; x_wconf 81' lang='lat' dir='ltr'><strong>quadrantur</strong></span> <span class='ocrx_word' id='word_1_769' title='bbox 1995 5239 2073 5277; x_wconf 86' lang='lat' dir='ltr'><strong>se-</strong></span> 
     </span>
    </p>
   </div>
   <div class='ocr_carea' id='block_1_75' title="bbox 483 5317 2071 5390">
    <p class='ocr_par' dir='ltr' id='par_1_75' title="bbox 483 5317 2071 5390">
     <span class='ocr_line' id='line_1_77' title="bbox 483 5317 2071 5390; baseline -0.006 -11"><span class='ocrx_word' id='word_1_770' title='bbox 483 5321 652 5379; x_wconf 88' lang='lat' dir='ltr'><strong>curis.</strong></span> <span class='ocrx_word' id='word_1_771' title='bbox 685 5319 757 5376; x_wconf 84' lang='lat' dir='ltr'><strong>Et</strong></span> <span class='ocrx_word' id='word_1_772' title='bbox 777 5319 920 5376; x_wconf 88' lang='lat' dir='ltr'><strong>sicut</strong></span> <span class='ocrx_word' id='word_1_773' title='bbox 941 5320 1162 5376; x_wconf 87' lang='lat' dir='ltr'><strong>ordines</strong></span> <span class='ocrx_word' id='word_1_774' title='bbox 1185 5318 1424 5390; x_wconf 85' lang='lat' dir='ltr'><strong>lapidum</strong></span> <span class='ocrx_word' id='word_1_775' title='bbox 1460 5319 1512 5373; x_wconf 91' lang='lat' dir='ltr'><strong>iu</strong></span> <span class='ocrx_word' id='word_1_776' title='bbox 1537 5317 1748 5388; x_wconf 76' lang='lat' dir='ltr'><strong>pariete</strong></span> <span class='ocrx_word' id='word_1_777' title='bbox 1779 5324 2071 5388; x_wconf 82' lang='lat' dir='ltr'><strong>portantur</strong></span> 
     </span>
    </p>
   </div>
   <div class='ocr_carea' id='block_1_76' title="bbox 487 5410 2073 5482">
    <p class='ocr_par' dir='ltr' id='par_1_76' title="bbox 487 5410 2073 5482">
     <span class='ocr_line' id='line_1_78' title="bbox 487 5410 2073 5482; baseline -0.004 -11"><span class='ocrx_word' id='word_1_778' title='bbox 487 5415 578 5472; x_wconf 89' lang='lat' dir='ltr'><strong>alii</strong></span> <span class='ocrx_word' id='word_1_779' title='bbox 622 5413 693 5469; x_wconf 88' lang='lat' dir='ltr'><strong>ab</strong></span> <span class='ocrx_word' id='word_1_780' title='bbox 735 5410 887 5477; x_wconf 88' lang='lat' dir='ltr'><strong>aliis,</strong></span> <span class='ocrx_word' id='word_1_781' title='bbox 916 5410 991 5467; x_wconf 82' lang='lat' dir='ltr'><strong>ita</strong></span> <span class='ocrx_word' id='word_1_782' title='bbox 1029 5419 1319 5482; x_wconf 88' lang='lat' dir='ltr'><strong>portantur</strong></span> <span class='ocrx_word' id='word_1_783' title='bbox 1359 5411 1546 5467; x_wconf 85' lang='lat' dir='ltr'><strong>ﬁdeles</strong></span> <span class='ocrx_word' id='word_1_784' title='bbox 1583 5411 1784 5482; x_wconf 83' lang='lat' dir='ltr'><strong>quique</strong></span> <span class='ocrx_word' id='word_1_785' title='bbox 1810 5426 1842 5465; x_wconf 89' lang='lat' dir='ltr'><strong>a</strong></span> <span class='ocrx_word' id='word_1_786' title='bbox 1867 5424 2073 5480; x_wconf 68' lang='lat' dir='ltr'><strong>praece-</strong></span> 
     </span>
    </p>
   </div>
   <div class='ocr_carea' id='block_1_77' title="bbox 489 5499 2080 5574">
    <p class='ocr_par' dir='ltr' id='par_1_77' title="bbox 489 5499 2080 5574">
     <span class='ocr_line' id='line_1_79' title="bbox 489 5499 2080 5574; baseline -0.004 -11"><span class='ocrx_word' id='word_1_787' title='bbox 489 5505 744 5563; x_wconf 83' lang='lat' dir='ltr'><strong>dentibus</strong></span> <span class='ocrx_word' id='word_1_788' title='bbox 767 5502 822 5558; x_wconf 91' lang='lat' dir='ltr'><strong>in</strong></span> <span class='ocrx_word' id='word_1_789' title='bbox 848 5502 1090 5559; x_wconf 86' lang='lat' dir='ltr'><strong>Ecclesia</strong></span> <span class='ocrx_word' id='word_1_790' title='bbox 1111 5499 1296 5570; x_wconf 86' lang='lat' dir='ltr'><strong>justis.</strong></span> <span class='ocrx_word' id='word_1_791' title='bbox 1323 5502 1551 5558; x_wconf 82' lang='lat' dir='ltr'><strong>Portant</strong></span> <span class='ocrx_word' id='word_1_792' title='bbox 1575 5511 1632 5558; x_wconf 90' lang='lat' dir='ltr'><strong>et</strong></span> <span class='ocrx_word' id='word_1_793' title='bbox 1659 5503 1758 5574; x_wconf 89' lang='lat' dir='ltr'><strong>ipsi</strong></span> <span class='ocrx_word' id='word_1_794' title='bbox 1787 5512 2080 5573; x_wconf 88' lang='lat' dir='ltr'><strong>sequentes</strong></span> 
     </span>
    </p>
   </div>
   <div class='ocr_carea' id='block_1_78' title="bbox 490 5593 2078 5670">
    <p class='ocr_par' dir='ltr' id='par_1_78' title="bbox 490 5593 2078 5670">
     <span class='ocr_line' id='line_1_80' title="bbox 490 5593 2078 5670; baseline -0.004 -16"><span class='ocrx_word' id='word_1_795' title='bbox 490 5615 589 5670; x_wconf 84' lang='lat' dir='ltr'><strong>per</strong></span> <span class='ocrx_word' id='word_1_796' title='bbox 629 5597 938 5654; x_wconf 82' lang='lat' dir='ltr'><strong>doctrinam</strong></span> <span class='ocrx_word' id='word_1_797' title='bbox 979 5605 1040 5651; x_wconf 90' lang='lat' dir='ltr'><strong>et</strong></span> <span class='ocrx_word' id='word_1_798' title='bbox 1083 5594 1460 5660; x_wconf 83' lang='lat' dir='ltr'><strong>tolerantiam,</strong></span> <span class='ocrx_word' id='word_1_799' title='bbox 1501 5609 1674 5664; x_wconf 88' lang='lat' dir='ltr'><strong>usque</strong></span> <span class='ocrx_word' id='word_1_800' title='bbox 1713 5595 1783 5649; x_wconf 88' lang='lat' dir='ltr'><strong>ad</strong></span> <span class='ocrx_word' id='word_1_801' title='bbox 1827 5593 2078 5649; x_wconf 86' lang='lat' dir='ltr'><strong>ultimum</strong></span> 
     </span>
    </p>
   </div>
   <div class='ocr_carea' id='block_1_79' title="bbox 489 5689 2080 5762">
    <p class='ocr_par' dir='ltr' id='par_1_79' title="bbox 489 5689 2080 5762">
     <span class='ocr_line' id='line_1_81' title="bbox 489 5689 2080 5762; baseline -0.002 -18"><span class='ocrx_word' id='word_1_802' title='bbox 489 5692 712 5761; x_wconf 76' lang='lat' dir='ltr'><strong>justum.</strong></span> <span class='ocrx_word' id='word_1_803' title='bbox 741 5690 843 5759; x_wconf 89' lang='lat' dir='ltr'><strong>Qui</strong></span> <span class='ocrx_word' id='word_1_804' title='bbox 867 5704 993 5745; x_wconf 87' lang='lat' dir='ltr'><strong>cum</strong></span> <span class='ocrx_word' id='word_1_805' title='bbox 1019 5705 1052 5744; x_wconf 85' lang='lat' dir='ltr'><strong>a</strong></span> <span class='ocrx_word' id='word_1_806' title='bbox 1075 5689 1348 5762; x_wconf 57' lang='lat' dir='ltr'><strong>priori-bus</strong></span> <span class='ocrx_word' id='word_1_807' title='bbox 1371 5697 1642 5760; x_wconf 86' lang='lat' dir='ltr'><strong>portetur,</strong></span> <span class='ocrx_word' id='word_1_808' title='bbox 1665 5702 1828 5758; x_wconf 85' lang='lat' dir='ltr'><strong>quem</strong></span> <span class='ocrx_word' id='word_1_809' title='bbox 1855 5695 2080 5758; x_wconf 87' lang='lat' dir='ltr'><strong>portare</strong></span> 
     </span>
    </p>
   </div>
   <div class='ocr_carea' id='block_1_80' title="bbox 497 5779 2080 5856">
    <p class='ocr_par' dir='ltr' id='par_1_80' title="bbox 497 5779 2080 5856">
     <span class='ocr_line' id='line_1_82' title="bbox 497 5779 2080 5856; baseline 0 -18"><span class='ocrx_word' id='word_1_810' title='bbox 497 5779 691 5838; x_wconf 81' lang='lat' dir='ltr'><strong>debeat</strong></span> <span class='ocrx_word' id='word_1_811' title='bbox 714 5784 1168 5856; x_wconf 82' lang='lat' dir='ltr'><strong>ipsesequentem</strong></span> <span class='ocrx_word' id='word_1_812' title='bbox 1197 5799 1300 5839; x_wconf 89' lang='lat' dir='ltr'><strong>non</strong></span> <span class='ocrx_word' id='word_1_813' title='bbox 1327 5782 1566 5841; x_wconf 81' lang='lat' dir='ltr'><strong>habebit.</strong></span> <span class='ocrx_word' id='word_1_814' title='bbox 1593 5781 1694 5850; x_wconf 85' lang='lat' dir='ltr'><strong>Qui</strong></span> <span class='ocrx_word' id='word_1_815' title='bbox 1719 5791 1898 5838; x_wconf 83' lang='lat' dir='ltr'><strong>autem</strong></span> <span class='ocrx_word' id='word_1_816' title='bbox 1919 5796 2080 5838; x_wconf 90' lang='lat' dir='ltr'><strong>omne</strong></span> 
     </span>
    </p>
   </div>
   <div class='ocr_carea' id='block_1_81' title="bbox 2240 4665 3766 4745">
    <p class='ocr_par' dir='ltr' id='par_1_81' title="bbox 2240 4665 3766 4745">
     <span class='ocr_line' id='line_1_83' title="bbox 2240 4665 3766 4745; baseline -0.007 -12"><span class='ocrx_word' id='word_1_817' title='bbox 2240 4679 2310 4733; x_wconf 72' lang='lat' dir='ltr'><strong>Et</strong></span> <span class='ocrx_word' id='word_1_818' title='bbox 2354 4677 2524 4732; x_wconf 83' lang='lat' dir='ltr'><strong>omnis</strong></span> <span class='ocrx_word' id='word_1_819' title='bbox 2570 4676 2661 4745; x_wconf 87' lang='lat' dir='ltr'><strong>qui</strong></span> <span class='ocrx_word' id='word_1_820' title='bbox 2709 4673 2873 4728; x_wconf 87' lang='lat' dir='ltr'><strong>credit</strong></span> <span class='ocrx_word' id='word_1_821' title='bbox 2919 4673 2975 4726; x_wconf 83' lang='lat' dir='ltr'><strong>in</strong></span> <span class='ocrx_word' id='word_1_822' title='bbox 3019 4686 3167 4735; x_wconf 82' lang='lat' dir='ltr'><strong>cum,</strong></span> <span class='ocrx_word' id='word_1_823' title='bbox 3217 4677 3324 4724; x_wconf 90' lang='lat' dir='ltr'><strong>etc.</strong></span> <span class='ocrx_word' id='word_1_824' title='bbox 3377 4668 3606 4737; x_wconf 84' lang='lat' dir='ltr'><strong>Propter</strong></span> <span class='ocrx_word' id='word_1_825' title='bbox 3653 4665 3766 4722; x_wconf 85' lang='lat' dir='ltr'><strong>hoc</strong></span> 
     </span>
    </p>
   </div>
   <div class='ocr_carea' id='block_1_82' title="bbox 2167 4760 3765 4843">
    <p class='ocr_par' dir='ltr' id='par_1_82' title="bbox 2167 4760 3765 4843">
     <span class='ocr_line' id='line_1_84' title="bbox 2167 4760 3765 4843; baseline -0.011 -15"><span class='ocrx_word' id='word_1_826' title='bbox 2167 4771 2310 4843; x_wconf 86' lang='lat' dir='ltr'><strong>quod</strong></span> <span class='ocrx_word' id='word_1_827' title='bbox 2347 4772 2598 4826; x_wconf 79' lang='lat' dir='ltr'><strong>dixerat:</strong></span> <span class='ocrx_word' id='word_1_828' title='bbox 2643 4768 2711 4822; x_wconf 91' lang='lat' dir='ltr'><strong>Et</strong></span> <span class='ocrx_word' id='word_1_829' title='bbox 2743 4783 2830 4822; x_wconf 80' lang='lat' dir='ltr'><strong>vos</strong></span> <span class='ocrx_word' id='word_1_830' title='bbox 2879 4774 3132 4836; x_wconf 81' lang='lat' dir='ltr'><strong>tanquam</strong></span> <span class='ocrx_word' id='word_1_831' title='bbox 3176 4761 3378 4833; x_wconf 84' lang='lat' dir='ltr'><strong>lapides</strong></span> <span class='ocrx_word' id='word_1_832' title='bbox 3426 4760 3526 4814; x_wconf 73' lang='lat' dir='ltr'><strong>vivi</strong></span> <span class='ocrx_word' id='word_1_833' title='bbox 3571 4775 3765 4828; x_wconf 47' lang='lat' dir='ltr'><strong>super</strong></span> 
     </span>
    </p>
   </div>
   <div class='ocr_carea' id='block_1_83' title="bbox 2169 4851 3767 4931">
    <p class='ocr_par' dir='ltr' id='par_1_83' title="bbox 2169 4851 3767 4931">
     <span class='ocr_line' id='line_1_85' title="bbox 2169 4851 3767 4931; baseline -0.009 -14"><span class='ocrx_word' id='word_1_834' title='bbox 2169 4862 2532 4931; x_wconf 71' lang='lat' dir='ltr'><strong>wdiﬁcamiui.</strong></span> <span class='ocrx_word' id='word_1_835' title='bbox 2576 4859 2811 4915; x_wconf 86' lang='lat' dir='ltr'><strong>Pulchre</strong></span> <span class='ocrx_word' id='word_1_836' title='bbox 2849 4865 3033 4912; x_wconf 86' lang='lat' dir='ltr'><strong>autem</strong></span> <span class='ocrx_word' id='word_1_837' title='bbox 3072 4854 3325 4911; x_wconf 89' lang='lat' dir='ltr'><strong>convenit</strong></span> <span class='ocrx_word' id='word_1_838' title='bbox 3361 4852 3496 4907; x_wconf 24' lang='lat' dir='ltr'><strong>huic.</strong></span> <span class='ocrx_word' id='word_1_839' title='bbox 3523 4851 3767 4921; x_wconf 82' lang='lat' dir='ltr'><strong>prophe-</strong></span> 
     </span>
    </p>
   </div>
   <div class='ocr_carea' id='block_1_84' title="bbox 2172 4941 3768 5021">
    <p class='ocr_par' dir='ltr' id='par_1_84' title="bbox 2172 4941 3768 5021">
     <span class='ocr_line' id='line_1_86' title="bbox 2172 4941 3768 5021; baseline -0.008 -14"><span class='ocrx_word' id='word_1_840' title='bbox 2172 4953 2262 5007; x_wconf 75' lang='lat' dir='ltr'><strong>tiae</strong></span> <span class='ocrx_word' id='word_1_841' title='bbox 2294 4950 2537 5021; x_wconf 73' lang='lat' dir='ltr'><strong>Apostoli</strong></span> <span class='ocrx_word' id='word_1_842' title='bbox 2575 4965 2774 5014; x_wconf 88' lang='lat' dir='ltr'><strong>sermo,</strong></span> <span class='ocrx_word' id='word_1_843' title='bbox 2804 4963 2914 5019; x_wconf 91' lang='lat' dir='ltr'><strong>quo</strong></span> <span class='ocrx_word' id='word_1_844' title='bbox 2947 4947 3144 5002; x_wconf 88' lang='lat' dir='ltr'><strong>dicitur</strong></span> <span class='ocrx_word' id='word_1_845' title='bbox 3174 4963 3188 4999; x_wconf 86' lang='lat'><strong>:</strong></span> <span class='ocrx_word' id='word_1_846' title='bbox 3222 4942 3538 4998; x_wconf 75' lang='lat' dir='ltr'><strong>Accedeutcs</strong></span> <span class='ocrx_word' id='word_1_847' title='bbox 3572 4941 3646 4994; x_wconf 79' lang='lat' dir='ltr'><strong>ad</strong></span> <span class='ocrx_word' id='word_1_848' title='bbox 3681 4941 3768 4994; x_wconf 84' lang='lat' dir='ltr'><strong>la-</strong></span> 
     </span>
    </p>
   </div>
   <div class='ocr_carea' id='block_1_85' title="bbox 2170 5031 3769 5115">
    <p class='ocr_par' dir='ltr' id='par_1_85' title="bbox 2170 5031 3769 5115">
     <span class='ocr_line' id='line_1_87' title="bbox 2170 5031 3769 5115; baseline -0.008 -17"><span class='ocrx_word' id='word_1_849' title='bbox 2170 5044 2346 5115; x_wconf 82' lang='lat' dir='ltr'><strong>pidem</strong></span> <span class='ocrx_word' id='word_1_850' title='bbox 2389 5043 2595 5107; x_wconf 79' lang='lat' dir='ltr'><strong>vivum,</strong></span> <span class='ocrx_word' id='word_1_851' title='bbox 2647 5041 2734 5096; x_wconf 87' lang='lat' dir='ltr'><strong>vel</strong></span> <span class='ocrx_word' id='word_1_852' title='bbox 2778 5039 3064 5095; x_wconf 86' lang='lat' dir='ltr'><strong>credentes</strong></span> <span class='ocrx_word' id='word_1_853' title='bbox 3104 5041 3160 5092; x_wconf 92' lang='lat' dir='ltr'><strong>in</strong></span> <span class='ocrx_word' id='word_1_854' title='bbox 3205 5051 3272 5092; x_wconf 90' lang='lat' dir='ltr'><strong>eo</strong></span> <span class='ocrx_word' id='word_1_855' title='bbox 3318 5050 3426 5090; x_wconf 89' lang='lat' dir='ltr'><strong>non</strong></span> <span class='ocrx_word' id='word_1_856' title='bbox 3471 5031 3769 5096; x_wconf 79' lang='lat' dir='ltr'><strong>confundi,</strong></span> 
     </span>
    </p>
   </div>
   <div class='ocr_carea' id='block_1_86' title="bbox 2175 5127 3772 5204">
    <p class='ocr_par' dir='ltr' id='par_1_86' title="bbox 2175 5127 3772 5204">
     <span class='ocr_line' id='line_1_88' title="bbox 2175 5127 3772 5204; baseline -0.008 -14"><span class='ocrx_word' id='word_1_857' title='bbox 2175 5135 2320 5190; x_wconf 87' lang='lat' dir='ltr'><strong>illius</strong></span> <span class='ocrx_word' id='word_1_858' title='bbox 2350 5133 2542 5204; x_wconf 88' lang='lat' dir='ltr'><strong>psalmi</strong></span> <span class='ocrx_word' id='word_1_859' title='bbox 2580 5131 2876 5194; x_wconf 78' lang='lat' dir='ltr'><strong>versiculo,</strong></span> <span class='ocrx_word' id='word_1_860' title='bbox 2914 5130 2968 5184; x_wconf 90' lang='lat' dir='ltr'><strong>in</strong></span> <span class='ocrx_word' id='word_1_861' title='bbox 3003 5144 3112 5200; x_wconf 85' lang='lat' dir='ltr'><strong>quo</strong></span> <span class='ocrx_word' id='word_1_862' title='bbox 3159 5143 3282 5184; x_wconf 90' lang='lat' dir='ltr'><strong>eum</strong></span> <span class='ocrx_word' id='word_1_863' title='bbox 3322 5127 3524 5184; x_wconf 85' lang='lat' dir='ltr'><strong>dictum</strong></span> <span class='ocrx_word' id='word_1_864' title='bbox 3569 5134 3725 5179; x_wconf 87' lang='lat' dir='ltr'><strong>esset</strong></span> <span class='ocrx_word' id='word_1_865' title='bbox 3758 5143 3772 5178; x_wconf 91' lang='lat'>:</span> 
     </span>
    </p>
   </div>
   <div class='ocr_carea' id='block_1_87' title="bbox 2167 5218 3776 5288">
    <p class='ocr_par' dir='ltr' id='par_1_87' title="bbox 2167 5218 3776 5288">
     <span class='ocr_line' id='line_1_89' title="bbox 2167 5218 3776 5288; baseline -0.006 -8"><span class='ocrx_word' id='word_1_866' title='bbox 2167 5226 2418 5280; x_wconf 75' lang='lat' dir='ltr'><strong>Accedite</strong></span> <span class='ocrx_word' id='word_1_867' title='bbox 2447 5224 2516 5280; x_wconf 86' lang='lat' dir='ltr'><strong>ad</strong></span> <span class='ocrx_word' id='word_1_868' title='bbox 2543 5240 2693 5288; x_wconf 86' lang='lat' dir='ltr'><strong>eum,</strong></span> <span class='ocrx_word' id='word_1_869' title='bbox 2723 5233 2776 5278; x_wconf 87' lang='lat' dir='ltr'><strong>et</strong></span> <span class='ocrx_word' id='word_1_870' title='bbox 2805 5222 3180 5277; x_wconf 71' lang='lat' dir='ltr'><strong>illuminamini</strong></span> <span class='ocrx_word' id='word_1_871' title='bbox 3197 5262 3212 5287; x_wconf 97' lang='lat'><strong>,</strong></span> <span class='ocrx_word' id='word_1_872' title='bbox 3246 5220 3504 5277; x_wconf 88' lang='lat' dir='ltr'><strong>continuo</strong></span> <span class='ocrx_word' id='word_1_873' title='bbox 3541 5218 3776 5288; x_wconf 82' lang='lat' dir='ltr'><strong>subjun-</strong></span> 
     </span>
    </p>
   </div>
   <div class='ocr_carea' id='block_1_88' title="bbox 2169 5309 3782 5376">
    <p class='ocr_par' dir='ltr' id='par_1_88' title="bbox 2169 5309 3782 5376">
     <span class='ocr_line' id='line_1_90' title="bbox 2169 5309 3782 5376; baseline -0.007 -1"><span class='ocrx_word' id='word_1_874' title='bbox 2169 5328 2324 5376; x_wconf 78' lang='lat' dir='ltr'><strong>-ctum</strong></span> <span class='ocrx_word' id='word_1_875' title='bbox 2359 5329 2486 5374; x_wconf 84' lang='lat' dir='ltr'><strong>est:</strong></span> <span class='ocrx_word' id='word_1_876' title='bbox 2526 5317 2594 5370; x_wconf 86' lang='lat' dir='ltr'><strong>Et</strong></span> <span class='ocrx_word' id='word_1_877' title='bbox 2632 5315 2808 5371; x_wconf 79' lang='lat' dir='ltr'><strong>uultus</strong></span> <span class='ocrx_word' id='word_1_878' title='bbox 2844 5316 2998 5371; x_wconf 82' lang='lat' dir='ltr'><strong>uestri</strong></span> <span class='ocrx_word' id='word_1_879' title='bbox 3039 5332 3142 5370; x_wconf 80' lang='lat' dir='ltr'><strong>non</strong></span> <span class='ocrx_word' id='word_1_880' title='bbox 3179 5314 3498 5369; x_wconf 84' lang='lat' dir='ltr'><strong>crubescent.</strong></span> <span class='ocrx_word' id='word_1_881' title='bbox 3549 5309 3653 5366; x_wconf 85' lang='lat' dir='ltr'><strong>Cui</strong></span> <span class='ocrx_word' id='word_1_882' title='bbox 3697 5312 3782 5366; x_wconf 86' lang='lat' dir='ltr'><strong>si-</strong></span> 
     </span>
    </p>
   </div>
   <div class='ocr_carea' id='block_1_89' title="bbox 2179 5404 3782 5477">
    <p class='ocr_par' dir='ltr' id='par_1_89' title="bbox 2179 5404 3782 5477">
     <span class='ocr_line' id='line_1_91' title="bbox 2179 5404 3782 5477; baseline -0.006 -11"><span class='ocrx_word' id='word_1_883' title='bbox 2179 5410 2308 5466; x_wconf 88' lang='lat' dir='ltr'><strong>mile</strong></span> <span class='ocrx_word' id='word_1_884' title='bbox 2338 5416 2421 5464; x_wconf 91' lang='lat' dir='ltr'><strong>est</strong></span> <span class='ocrx_word' id='word_1_885' title='bbox 2449 5408 2590 5477; x_wconf 92' lang='lat' dir='ltr'><strong>quod</strong></span> <span class='ocrx_word' id='word_1_886' title='bbox 2619 5405 2858 5462; x_wconf 79' lang='lat' dir='ltr'><strong>Joannes</strong></span> <span class='ocrx_word' id='word_1_887' title='bbox 2888 5407 2964 5461; x_wconf 89' lang='lat' dir='ltr'><strong>ait</strong></span> <span class='ocrx_word' id='word_1_888' title='bbox 2992 5425 3004 5460; x_wconf 90' lang='lat'>:</span> <span class='ocrx_word' id='word_1_889' title='bbox 3043 5405 3111 5460; x_wconf 84' lang='lat' dir='ltr'><strong>Et</strong></span> <span class='ocrx_word' id='word_1_890' title='bbox 3142 5422 3311 5468; x_wconf 72' lang='lat' dir='ltr'><strong>nunc,</strong></span> <span class='ocrx_word' id='word_1_891' title='bbox 3342 5404 3496 5474; x_wconf 81' lang='lat' dir='ltr'><strong>ﬁlioli</strong></span> <span class='ocrx_word' id='word_1_892' title='bbox 3515 5443 3529 5467; x_wconf 92' lang='lat'><strong>,</strong></span> <span class='ocrx_word' id='word_1_893' title='bbox 3558 5414 3782 5457; x_wconf 77' lang='lat' dir='ltr'><strong>manete</strong></span> 
     </span>
    </p>
   </div>
   <div class='ocr_carea' id='block_1_90' title="bbox 2179 5499 3782 5573">
    <p class='ocr_par' dir='ltr' id='par_1_90' title="bbox 2179 5499 3782 5573">
     <span class='ocr_line' id='line_1_92' title="bbox 2179 5499 3782 5573; baseline -0.002 -15"><span class='ocrx_word' id='word_1_894' title='bbox 2179 5506 2235 5558; x_wconf 84' lang='lat' dir='ltr'><strong>in</strong></span> <span class='ocrx_word' id='word_1_895' title='bbox 2262 5521 2341 5569; x_wconf 87' lang='lat' dir='ltr'><strong>eo,</strong></span> <span class='ocrx_word' id='word_1_896' title='bbox 2369 5512 2427 5556; x_wconf 86' lang='lat' dir='ltr'><strong>ut</strong></span> <span class='ocrx_word' id='word_1_897' title='bbox 2454 5519 2570 5556; x_wconf 89' lang='lat' dir='ltr'><strong>cum</strong></span> <span class='ocrx_word' id='word_1_898' title='bbox 2597 5503 2932 5573; x_wconf 82' lang='lat' dir='ltr'><strong>apparuerit,</strong></span> <span class='ocrx_word' id='word_1_899' title='bbox 2959 5501 3244 5555; x_wconf 80' lang='lat' dir='ltr'><strong>habeamus</strong></span> <span class='ocrx_word' id='word_1_900' title='bbox 3270 5499 3523 5569; x_wconf 80' lang='lat' dir='ltr'><strong>ﬁduciam</strong></span> <span class='ocrx_word' id='word_1_901' title='bbox 3542 5541 3556 5564; x_wconf 95' lang='lat'><strong>,</strong></span> <span class='ocrx_word' id='word_1_902' title='bbox 3581 5509 3634 5552; x_wconf 89' lang='lat' dir='ltr'><strong>et</strong></span> <span class='ocrx_word' id='word_1_903' title='bbox 3661 5515 3782 5554; x_wconf 75' lang='lat' dir='ltr'><strong>non</strong></span> 
     </span>
    </p>
   </div>
   <div class='ocr_carea' id='block_1_91' title="bbox 2181 5590 3701 5666">
    <p class='ocr_par' dir='ltr' id='par_1_91' title="bbox 2181 5590 3701 5666">
     <span class='ocr_line' id='line_1_93' title="bbox 2181 5590 3701 5666; baseline -0.005 -15"><span class='ocrx_word' id='word_1_904' title='bbox 2181 5594 2574 5666; x_wconf 69' lang='lat' dir='ltr'><strong>confundantur</strong></span> <span class='ocrx_word' id='word_1_905' title='bbox 2598 5593 2662 5647; x_wconf 84' lang='lat' dir='ltr'><strong>ab</strong></span> <span class='ocrx_word' id='word_1_906' title='bbox 2691 5609 2752 5647; x_wconf 89' lang='lat' dir='ltr'><strong>eo</strong></span> <span class='ocrx_word' id='word_1_907' title='bbox 2777 5593 2835 5646; x_wconf 83' lang='lat' dir='ltr'><strong>in</strong></span> <span class='ocrx_word' id='word_1_908' title='bbox 2863 5594 3089 5647; x_wconf 77' lang='lat' dir='ltr'><strong>aduentu</strong></span> <span class='ocrx_word' id='word_1_909' title='bbox 3113 5591 3229 5659; x_wconf 78' lang='lat' dir='ltr'><strong>ejus</strong></span> <span class='ocrx_word' id='word_1_910' title='bbox 3260 5592 3279 5662; x_wconf 87' lang='lat'><strong>(</strong></span> <span class='ocrx_word' id='word_1_911' title='bbox 3305 5590 3335 5645; x_wconf 84' lang='grc'><em>1</em></span> <span class='ocrx_word' id='word_1_912' title='bbox 3390 5590 3556 5646; x_wconf 82' lang='lat' dir='ltr'><strong>Joan.</strong></span> <span class='ocrx_word' id='word_1_913' title='bbox 3587 5607 3628 5646; x_wconf 89' lang='grc' dir='ltr'><strong>ιι</strong></span> <span class='ocrx_word' id='word_1_914' title='bbox 3655 5590 3701 5663; x_wconf 74' lang='lat'><strong>}.</strong></span> 
     </span>
    </p>
   </div>
   <div class='ocr_carea' id='block_1_92' title="bbox 2259 5683 3796 5757">
    <p class='ocr_par' dir='ltr' id='par_1_92' title="bbox 2259 5683 3796 5757">
     <span class='ocr_line' id='line_1_94' title="bbox 2259 5683 3796 5757; baseline -0.001 -17"><span class='ocrx_word' id='word_1_915' title='bbox 2259 5687 2418 5743; x_wconf 85' lang='lat' dir='ltr'><strong>Vobis</strong></span> <span class='ocrx_word' id='word_1_916' title='bbox 2451 5685 2615 5757; x_wconf 82' lang='lat' dir='ltr'><strong>igitur</strong></span> <span class='ocrx_word' id='word_1_917' title='bbox 2635 5685 2814 5740; x_wconf 76' lang='lat' dir='ltr'><strong>honor</strong></span> <span class='ocrx_word' id='word_1_918' title='bbox 2850 5684 3198 5739; x_wconf 81' lang='lat' dir='ltr'><strong>credentibus.</strong></span> <span class='ocrx_word' id='word_1_919' title='bbox 3243 5683 3340 5738; x_wconf 81' lang='lat' dir='ltr'><strong>ille</strong></span> <span class='ocrx_word' id='word_1_920' title='bbox 3368 5683 3631 5737; x_wconf 88' lang='lat' dir='ltr'><strong>nimirum</strong></span> <span class='ocrx_word' id='word_1_921' title='bbox 3679 5684 3796 5739; x_wconf 82' lang='lat' dir='ltr'><strong>ho-</strong></span> 
     </span>
    </p>
   </div>
   <div class='ocr_carea' id='block_1_93' title="bbox 2182 5775 3786 5849">
    <p class='ocr_par' dir='ltr' id='par_1_93' title="bbox 2182 5775 3786 5849">
     <span class='ocr_line' id='line_1_95' title="bbox 2182 5775 3786 5849; baseline -0.002 -12"><span class='ocrx_word' id='word_1_922' title='bbox 2182 5799 2297 5849; x_wconf 90' lang='lat' dir='ltr'><strong>nor,</strong></span> <span class='ocrx_word' id='word_1_923' title='bbox 2343 5789 2403 5836; x_wconf 92' lang='lat' dir='ltr'><strong>ut</strong></span> <span class='ocrx_word' id='word_1_924' title='bbox 2443 5796 2548 5837; x_wconf 88' lang='lat' dir='ltr'><strong>non</strong></span> <span class='ocrx_word' id='word_1_925' title='bbox 2591 5778 2994 5838; x_wconf 85' lang='lat' dir='ltr'><strong>confundamini</strong></span> <span class='ocrx_word' id='word_1_926' title='bbox 3036 5780 3105 5835; x_wconf 90' lang='lat' dir='ltr'><strong>ab</strong></span> <span class='ocrx_word' id='word_1_927' title='bbox 3141 5791 3208 5836; x_wconf 83' lang='lat' dir='ltr'><strong>eo</strong></span> <span class='ocrx_word' id='word_1_928' title='bbox 3245 5778 3299 5834; x_wconf 88' lang='lat' dir='ltr'><strong>in</strong></span> <span class='ocrx_word' id='word_1_929' title='bbox 3341 5777 3574 5833; x_wconf 87' lang='lat' dir='ltr'><strong>adventu</strong></span> <span class='ocrx_word' id='word_1_930' title='bbox 3618 5775 3786 5846; x_wconf 83' lang='lat' dir='ltr'><strong>ejus,</strong></span> 
     </span>
    </p>
   </div>
  </div>
