3940 6206
312 320 427 375 259

1150 325 1669 384 nonasnonas
1699 328 1768 383 IN
1802 290 2186 388 ertsrous
2224 333 2314 388 ET
2352 334 2765 393 EVANGELIA.

3480 349 3587 406 270

321 440 418 495 sed
445 438 735 507 aiant—ipse
762 439 876 492 ait:
912 436 972 493 Si
999 439 1116 510 quis
1154 441 1282 505 milii
1309 441 1680 497 ministrat-erit
1700 481 1715 506 ,
1745 442 1908 496 Ιιοηο-
1935 444 1986 504 Α
2011 445 2272 515 sanguine
2316 448 2488 503 nostri
2530 448 2929 522 Redemptoris,
2973 455 3115 525 quod
3151 467 3271 513 erat
3312 467 3584 526 quoiidam

322 530 552 601 tiﬁcabit
578 545 700 583 eum
730 528 892 583 Pater
918 545 1063 584 meus
1091 528 1284 600 (Joan.
1319 546 1396 587 xu
1439 531 1480 602 ).

396 622 523 677 Non
552 619 884 675 credentibus
915 629 1123 686 autem,
1151 619 1287 690 lapis
1314 636 1467 692 quem
1503 620 1905 692 reprobauerunt

320 714 666 783 cdiﬁcantes.
706 713 781 770 Ut
814 713 955 768 sicut
988 713 1136 767 illum
1175 715 1598 785 reprohaverunt
1625 730 1747 770 cum
1775 715 1907 771 tedi-

321 807 552 861 liearent
597 812 756 859 actus
797 819 958 869 suos,
1004 804 1247 859 nolentes
1290 817 1413 858 eum
1440 805 1509 858 .iu
1552 802 1905 863 fundamento

318 892 507 952 cordis
538 894 625 950 sui
657 908 895 965 ponere,
928 893 1002 949 ita
1038 903 1095 949 et
1127 895 1227 964 ipsi
1260 895 1618 965 reprobentur
1648 896 1718 955 ab
1749 911 1816 952 eo
1848 896 1903 951 in

317 987 557 1042 adventu
585 986 728 1057 ejus,
757 985 979 1041 uolente
1007 985 1099 1047 illo
1126 993 1252 1040 tunc
1289 1000 1385 1041 eos
1428 986 1523 1055 qui
1559 1001 1620 1041 se
1647 988 1903 1057 reproba-

316 1084 517 1131 verunt
544 1075 603 1132 in
622 1073 982 1131 aediﬁcatione
1007 1075 1255 1145 accipere
1277 1075 1471 1131 domus
1496 1090 1608 1132 suae
1624 1115 1641 1143 ,
1668 1091 1792 1146 qua
1817 1084 1903 1133 est

316 1168 373 1224 in
401 1167 579 1223 uelis.
610 1166 678 1224 Et
701 1168 819 1223 haec
843 1167 1122 1223 distinctio
1144 1167 1366 1224 honoris
1388 1167 1725 1224 credentium
1744 1210 1761 1235 ,
1792 1185 1899 1227 non

315 1256 655 1312 credentium
702 1262 881 1311 autem
927 1256 1235 1327 reprobatio
1279 1257 1560 1329 hucusque
1601 1258 1896 1331 pertingit;

314 1349 449 1404 hinc
477 1349 609 1404 item
640 1348 711 1404 de
733 1348 1079 1403 credentibus
1106 1345 1307 1403 infert:

392 1437 498 1493 Hic
532 1438 708 1508 factus
737 1440 897 1493 estin
924 1448 1080 1510 caput
1107 1438 1311 1509 anguli.
1348 1440 1487 1508 Quia
1510 1440 1792 1507 videlicet,
1820 1443 1899 1497 si-

310 1536 411 1585 cut
444 1529 585 1599 lapis
620 1528 899 1599 angularis
927 1529 1062 1584 duos
1085 1528 1320 1599 parietes
1344 1529 1657 1601 coniungit,
1681 1530 1758 1585 ita
1785 1530 1895 1585 Do-

310 1619 499 1676 minus
527 1618 837 1676 Judmorum
871 1620 1083 1690 plebem
1120 1621 1175 1677 in
1204 1637 1311 1676 una
1338 1621 1444 1677 sibi
1472 1623 1732 1678 societate
1770 1623 1894 1679 ﬁdei

307 1720 366 1767 et
395 1713 637 1783 gentium
667 1711 965 1781 copulavit,
993 1727 1057 1767 ac
1085 1727 1212 1767 mox
1239 1713 1308 1767 de
1335 1713 1641 1770 inﬁdelibus
1665 1714 1816 1769 addit
1842 1733 1856 1770 :

2004 534 2236 626 populus
2258 535 2421 592 Israel
2450 539 2760 609 redemptus
2790 542 3052 613 sanguine
3080 546 3203 617 agni
3234 547 3299 604 de
3324 549 3580 626 lEgypto.

2012 622 2163 681 Unde
2194 634 2249 680 et
2274 627 2330 682 in
2358 632 2606 700 sequenti
2630 646 2848 701 quoque
2879 634 3144 691 versiculo
3170 622 3584 709 mysticmvcte-

2007 717 2085 808 ris
2110 721 2430 777 recordatur
2470 723 2730 789 historiae,
2779 733 2833 779 et
2877 725 3018 781 hanc
3063 744 3201 786 novo
3245 731 3339 788 Dei
3388 737 3586 808 popqu

2005 806 2365 878 spiritualiter
2392 811 2551 867 docet
2573 813 2905 883 implendum
2936 816 3121 873 dicens
3146 837 3159 873 :

2078 896 2147 955 Ut
2188 902 2404 958 uirtutes
2427 891 2745 960 annuntietis
2768 906 2884 977 ejus
2912 910 3001 979 qui
3027 910 3091 964 de
3113 914 3337 981 tenebris
3376 934 3462 972 vos
3492 936 3582 973 vo-

2002 991 2141 1045 cavit
2168 992 2224 1045 in
2249 993 2560 1049 admirabile
2598 995 2773 1052 lumen
2817 1015 2993 1052 suum.
3043 997 3195 1057 Sicut
3232 1004 3376 1059 enim
3403 1007 3456 1060 hi
3486 1010 3581 1079 qui

2001 1079 2071 1138 de
2117 1080 2439 1153 Egyptiaca
2484 1086 2747 1141 servitute
2790 1087 3002 1144 liberati
3059 1101 3183 1147 sunt
3225 1109 3323 1163 per
3369 1094 3576 1161 Mosen.

2001 1185 2220 1228 carmen
2262 1173 2590 1245 triumphale
2624 1184 2746 1246 post
2792 1180 3077 1236 transitum
3110 1182 3277 1240 maris
3320 1185 3491 1243 Rubri
3521 1199 3578 1244 et

2001 1261 2308 1319 demersum
2337 1263 2637 1339 Pharaonis
2669 1270 2968 1328 exercitum
2997 1273 3226 1332 Domino
3253 1290 3573 1348 cantarunt,

2000 1350 2075 1406 ita
2099 1352 2150 1408 ei
2175 1369 2276 1411 nos
2301 1363 2514 1425 oportet
2538 1369 2661 1429 post
2688 1370 2965 1432 acceptam
2995 1365 3048 1420 in
3077 1365 3344 1437 baptismo
3387 1375 3575 1431 remis-

1998 1443 2204 1498 sionem
2227 1454 2597 1516 peccatorum,
2629 1448 2819 1520 dignas
2847 1452 3129 1511 beneﬂciis
3152 1458 3462 1518 coelestibus
3490 1479 3575 1519 re-

1996 1534 2233 1604 pendere
2273 1539 2497 1609 gratias.
2569 1539 2703 1597 Nam
2750 1545 2893 1611 quod
2934 1544 3194 1617 Egyptii,
3245 1566 3351 1606 non
3400 1553 3573 1609 solum

1996 1623 2124 1695 quia
2172 1625 2427 1697 populum
2475 1629 2570 1683 Dei
2612 1628 2944 1702 allligebant,
2995 1650 3185 1690 verum
3225 1639 3413 1709 etiam,
3444 1644 3569 1713 quia

1998 1713 2235 1771 tenebras
2293 1715 2379 1773 vel
2428 1718 2807 1775 tribulationes
2864 1721 3295 1795 interpretantur
3319 1770 3334 1795 ,
3388 1742 3573 1802 aperte

385 1801 455 1856 Et
479 1800 617 1871 lapis
640 1801 964 1871 offensionis,
990 1811 1038 1857 et
1060 1812 1208 1874 petra
1230 1802 1491 1894 mandati.
1519 1802 1659 1859 Hinc
1676 1813 1732 1860 et
1753 1803 1894 1861 Pau-
1920 1807 1967 1868 B
1993 1807 2373 1877 persequentia
2400 1823 2499 1864 nos
2523 1820 2746 1880 peccata
2763 1851 2779 1876 ,
2822 1813 2917 1868 sed
2942 1813 2996 1868 in
3027 1815 3349 1885 baptismate
3374 1800 3578 1894 signiti-

303 1891 438 1949 Ins:
489 1891 639 1956 Nos,
685 1893 891 1962 inquit,
938 1892 1284 1963 pmdicamus
1374 1891 1642 1948 Christum
1676 1895 1890 1964 cruciﬁ-

303 2003 438 2041 xum
463 2026 481 2051 ,
526 1984 735 2041 Iudicis
776 1985 986 2056 quidem
1027 1982 1335 2043 scandalum
1361 2024 1377 2049 ,
1428 1987 1666 2057 gentibus
1714 1996 1889 2042 autem

301 2074 591 2131 stultitiam
620 2073 853 2146 (llCor.
879 2074 953 2146 ι).

381 2165 483 2221 llis
506 2168 603 2238 qui
629 2167 900 2237 oﬂ'endunt
925 2169 981 2222 in
1009 2167 1161 2222 verba
1179 2208 1194 2231 ,
1227 2184 1320 2223 nec
1344 2168 1563 2223 credunt
1580 2208 1596 2233 ,
1625 2167 1682 2223 in
1707 2184 1810 2240 quo
1837 2178 1888 2224 et

300 2260 463 2330 positi
487 2267 633 2313 sunt.
662 2257 951 2315 Oll'endunt
976 2273 1106 2329 ergo
1130 2259 1226 2329 qui
1250 2273 1315 2315 eo
1346 2260 1463 2329 ipso
1486 2259 1633 2330 quod
1661 2259 1885 2315 verbum

302 2350 406 2406 Dei
436 2352 628 2407 audire
656 2367 749 2407 eos
777 2350 1076 2421 contingit,
1106 2350 1387 2407 offendunt
1421 2351 1604 2406 animo
1630 2351 1757 2406 dum
1783 2366 1882 2407 no-

300 2441 426 2497 lunt
459 2444 685 2499 credere
717 2443 861 2512 quod
884 2443 1108 2498 audiunt
1123 2483 1138 2508 ,
1165 2457 1397 2512 quorum
1419 2442 1702 2498 stultitiam
1722 2456 1884 2516 exag-

302 2537 547 2607 gerando
576 2534 832 2604 subjecit,
860 2550 962 2591 nec
984 2534 1214 2608 credunt
1245 2535 1300 2588 in
1328 2550 1436 2604 quo
1464 2544 1519 2590 et
1544 2536 1707 2605 positi
1735 2545 1878 2593 sunt.

300 2623 408 2693 Qui
447 2626 504 2680 in
544 2625 650 2681 hoc
680 2625 876 2695 positi,
914 2625 971 2679 id
1000 2631 1116 2689 est,
1152 2624 1212 2679 in
1249 2624 1352 2678 hoc
1378 2639 1475 2694 per
1501 2634 1751 2679 naturam
1779 2626 1879 2682 hoc

301 2716 481 2770 mines
510 2715 642 2771 facti
669 2722 826 2777 sunt,
856 2722 917 2769 ut
938 2714 1162 2770 credant
1191 2713 1330 2776 Deo,
1365 2721 1423 2768 et
1442 2713 1572 2783 ejus
1603 2714 1883 2785 obtempe-

301 2808 755 2872 rentvoluntati,
785 2806 1071 2863 Salomone
1100 2812 1416 2869 attestante,
1448 2805 1538 2875 qui
1568 2806 1682 2859 ait:
1713 2806 1880 2861 Deum

300 2900 429 2951 time
460 2908 509 2952 et
547 2898 799 2952 mandata
833 2898 949 2968 ejus
983 2897 1195 2971 observa
1219 2935 1239 2961 ,
1277 2895 1374 2950 hoc
1415 2903 1492 2949 est
1536 2896 1674 2949 enim
1711 2897 1881 2955 omnis

299 2988 458 3042 homo
486 2987 701 3060 (Eccle.
729 2987 841 3058 xu)
861 3028 877 3053 ,
908 2988 962 3042 in
990 2987 1094 3043 hoc
1120 2984 1442 3041 naturaliter
1466 2983 1643 3040 factus
1671 2993 1755 3042 est
1783 2986 1881 3041 ho-

300 3093 421 3142 mo,
469 3086 533 3133 ut
580 3078 751 3134 Deum
796 3079 1027 3142 timens,
1056 3075 1177 3145 ejus
1210 3076 1481 3131 mandatis
1522 3076 1875 3135 obseeundat.

1990 1903 2118 1950 cant
2154 1895 2353 1951 deleta.
2385 1895 2661 1955 Liberatio
2690 1917 2905 1971 quoque
2938 1903 3170 1961 filiorum
3200 1907 3383 1976 Israel,
3419 1920 3475 1966 et
3502 1915 3569 1968 ad

1989 1986 2312 2074 promissam
2336 1987 2464 2043 olim
2494 1991 2723 2060 patriam
2755 1995 3058 2063 perductio,
3090 1999 3338 2067 congruit
3363 2012 3565 2074 myste-

1989 2072 2072 2130 rio
2109 2084 2308 2130 nostra
2348 2077 2753 2151 redemptionis,
2803 2099 2902 2154 per
2939 2101 3098 2156 quam
3148 2088 3215 2142 ad
3264 2072 3438 2147 lucem
3478 2110 3567 2149 su-

1986 2176 2168 2233 pernae
2204 2166 2502 2224 mansionis
2530 2169 2833 2228 illustrante
2862 2190 2984 2241 nos,
3016 2190 3082 2233 ac
3106 2179 3333 2237 ducente
3363 2181 3565 2240 Christi

1985 2253 2161 2322 gratia
2185 2256 2476 2323 tendimus,
2498 2261 2655 2331 cujus
2676 2260 2851 2318 lucem
2874 2267 3085 2336 gratim,
3113 2266 3276 2325 etiam
3299 2272 3386 2327 illa
3407 2275 3565 2331 nubis

1984 2352 2044 2400 et
2089 2344 2231 2416 ignis
2277 2349 2527 2406 columna
2577 2358 2922 2423 monstravit,
2967 2374 3086 2429 qua:
3124 2377 3218 2418 eos
3252 2364 3304 2419 in
3334 2350 3448 2422 toto
3480 2366 3567 2422 iti~

1984 2451 2116 2494 nere
2162 2437 2254 2494 illo
2292 2455 2322 2494 a
2364 2443 2601 2500 tenebris
2643 2445 2886 2503 defendit
2932 2451 3190 2517 noctium,
3229 2462 3284 2510 et
3326 2458 3391 2511 ad
3442 2475 3564 2529 pro-

1985 2533 2181 2590 missas
2209 2536 2400 2604 patria:
2425 2538 2580 2594 sedes
2608 2540 2957 2598 inenarrabili
2988 2543 3124 2600 calle
3144 2530 3416 2615 perduxit.

2056 2621 2164 2690 Qui
2208 2625 2495 2698 aliquando
2535 2646 2637 2684 non
2684 2633 2929 2703 populus,
2972 2624 3111 2690 nunc
3139 2647 3313 2692 autem
3338 2647 3561 2713 populus

1982 2711 2105 2781 Dei,
2144 2717 2234 2787 qui
2270 2734 2375 2772 non
2415 2723 2678 2775 consecuti
2723 2724 3157 2791 misericordiam,
3199 2744 3337 2783 nunc
3385 2711 3557 2786 autem

1981 2802 2396 2875 misericordiam
2430 2811 2710 2865 consecuti.
2747 2798 2952 2868 Iudicat
2983 2825 3168 2885 aperte
3190 2834 3287 2889 per
3315 2820 3411 2876 bos
3443 2839 3561 2878 vcr-

1982 2892 2204 2961 siculos,
2227 2898 2369 2966 quod
2400 2898 2485 2955 his
2511 2901 2602 2971 qui
2628 2901 2696 2957 de
2721 2902 2968 2972 gentibus
2997 2907 3064 2959 ad
3090 2907 3246 2961 tidem
3261 2924 3557 2973 «onerant,

1982 2983 2121 3038 hanc
2148 2985 2367 3055 scripsit
2389 2988 2704 3058 Epistulam,
2727 2992 2819 3062 qui
2845 2994 3113 3063 quondam
3139 2996 3355 3053 alienati
3379 3014 3409 3054 a
3434 3016 3561 3056 con—

1981 3076 2289 3131 versatione
2322 3080 2503 3150 populi
2550 3081 2666 3148 Dei,
2710 3092 2838 3138 tunc
2883 3099 2981 3153 per
3025 3088 3253 3157 gratiam
3300 3089 3423 3145 ﬁdei
3466 3107 3560 3162 po-

298 3167 531 3235 ouidam
561 3170 775 3225 codices
798 3170 1035 3224 habent:
1064 3168 1122 3222 ιη
1147 3182 1255 3236 quo
1277 3174 1335 3222 et
1357 3166 1518 3235 posui
1548 3174 1707 3228 sum.
1735 3170 1883 3237 quod
1905 3147 1949 3210 C
1980 3162 2107 3233 palo
2140 3174 2266 3220 sunt
2306 3147 2424 3236 ejus
2458 3169 2618 3235 uniti,
2668 3179 2722 3225 et
2769 3147 3200 3229 miscricordiam
3242 3174 3415 3246 quam
3441 3147 3561 3252 spe-

299 3259 624 3331 intelligitur
653 3260 808 3329 juxta
852 3261 955 3315 hoc
998 3257 1141 3328 quod
1191 3256 1392 3312 Paulus
1436 3257 1503 3312 de
1546 3254 1775 3312 Domino
1802 3258 1882 3312 lo-

297 3367 474 3422 quens
501 3352 617 3406 ait:
647 3350 716 3406 In
749 3352 864 3422 ipso
898 3351 1038 3405 enim
1070 3349 1289 3402 vivimus
1322 3354 1372 3402 et
1409 3363 1673 3402 mouemur
1703 3358 1753 3403 et
1790 3367 1881 3404 su-

295 3459 416 3496 mus
442 3441 462 3513 (
483 3441 603 3495 Act.
636 3457 745 3497 xvn
769 3441 811 3512 ).

378 3530 483 3587 Vos
516 3543 692 3588 autem
713 3548 873 3603 genus
895 3531 1133 3600 electum,
1157 3532 1328 3604 regale
1350 3533 1726 3596 sacerdotium,
1754 3549 1879 3603 gens

298 3634 505 3687 sancta,
529 3621 751 3692 populus
776 3622 1155 3693 acquisitionis.
1187 3622 1300 3678 Hoc
1323 3631 1409 3679 est
1437 3622 1613 3678 laudis
1641 3624 1880 3679 testimo-

266 3716 452 3799 ’nium
489 3712 761 3783 quondam
800 3712 1026 3780 antiquo
1060 3712 1153 3767 Dei
1195 3713 1392 3782 popqu
1429 3727 1527 3782 per
1568 3712 1750 3768 Mosen
1786 3713 1881 3768 da-

301 3806 609 3881 tum,quod
632 3820 778 3860 nunc
802 3814 949 3862 recte
975 3806 1225 3878 gentibus
1247 3804 1339 3861 dat
1365 3806 1641 3876 apostolus
1662 3807 1878 3875 Petrus,

297 3899 393 3969 qui
444 3896 698 3951 videlicet
742 3896 798 3949 in
847 3894 1122 3952 Christum
1172 3882 1552 3962 crediderunt,
1612 3898 1704 3967 qui
1734 3898 1881 3953 velut

298 3990 439 4061 lapis
484 3989 760 4062 angularis
799 4003 943 4055 eam,
989 4004 1152 4059 quam
1190 3986 1355 4045 Israel
1394 3988 1449 4043 in
1491 4003 1550 4045 se
1593 3989 1874 4053 habuerat,

298 4084 530 4139 salutem
560 4090 750 4152 gentes
778 4081 1053 4147 adunavit,
1095 4096 1231 4150 quos
1268 4097 1430 4152 genus
1468 4079 1688 4136 electum
1719 4091 1879 4138 vocat

299 4181 524 4245 propter
548 4173 709 4228 iidem
747 4179 809 4226 ut
842 4170 1132 4240 distinguat
1162 4171 1230 4226 ab
1278 4172 1373 4227 eis.
1397 4170 1489 4242 qui
1526 4170 1770 4242 lapidem
1800 4172 1879 4226 vi-

303 4281 431 4320 vum
453 4262 797 4334 reprobando
826 4261 952 4319 facti
984 4273 1109 4318 sunt
1139 4262 1240 4333 ipsi
1284 4263 1522 4335 reprobi.
1556 4260 1751 4333 Regale
1777 4276 1875 4317 au-

304 4361 409 4410 tem
453 4352 828 4417 sacerdotium,
866 4352 958 4422 qui
990 4351 1132 4405 illius
1160 4352 1373 4422 corpori
1416 4360 1542 4407 sunt
1587 4352 1743 4417 uniti,
1782 4354 1875 4423 qui

304 4460 398 4500 rex
426 4459 672 4500 summus
702 4450 757 4497 et
784 4442 1037 4501 sacerdos
1068 4457 1229 4497 verus
1258 4451 1360 4508 est,
1389 4443 1752 4514 regnum-suis
1781 4443 1876 4497 tri-

305 4533 491 4599 bucns,
522 4542 580 4589 ut
608 4549 701 4588 rex
730 4540 786 4586 ct
810 4531 1052 4603 pontifex
1084 4530 1269 4588 eorum
1299 4539 1521 4603 peccata
1545 4532 1625 4587 sui
1657 4532 1877 4604 sangui-

304 4625 387 4679 nis
410 4625 583 4680 bostia
615 4621 898 4677 mundans.
936 4621 1133 4692 Regale
1170 4622 1530 4678 sacerdotium
1568 4638 1662 4677 eos
1696 4622 1872 4676 nomi-

304 4726 416 4779 nat,
441 4724 495 4769 et
522 4722 582 4768 ut
611 4728 835 4783 regnum
864 4727 1083 4781 sperare
1102 4722 1442 4782 perpetuum,
1470 4720 1524 4768 et
1549 4710 1754 4771 lxﬁtias
1780 4712 1874 4766 im-

305 4803 581 4859 maculatae
620 4802 1044 4857 conversationis
1074 4800 1182 4856 Deo
1214 4817 1427 4872 semper
1462 4800 1655 4858 ollerrc
1685 4801 1874 4856 memi-

305 4894 500 4951 nerint.
529 4890 669 4949 Gens
706 4907 919 4962 quoque
959 4902 1142 4945 sancta
1173 4899 1229 4945 et
1255 4891 1477 4962 papulas
1513 4891 1891 4962 acquisitionis

306 4995 584 5048 vocantur,
610 4985 766 5056 juxta
793 4985 844 5039 id
867 4984 1011 5054 quod
1040 4983 1316 5054 apostolus
1342 4982 1539 5038 Paulus
1575 4972 1872 5054 prophetiae

304 5092 591 5148 exponens,
615 5075 960 5138 sententiam,
994 5076 1222 5130 dicentis
1249 5093 1262 5128 :
1287 5074 1474 5128 Justus
1521 5083 1693 5130 autem
1729 5091 1873 5128 meus

305 5185 367 5225 ea:
406 5169 512 5239 [ide
562 5170 683 5223 eicit
740 5152 971 5236 (Ilabac.
1023 5166 1107 5238 ιι).
1158 5163 1312 5231 Quod
1356 5167 1403 5220 si
1446 5164 1764 5219 subtraxerit
1796 5181 1872 5229 se,

305 5274 403 5312 non
454 5259 675 5328 placebit
713 5258 905 5311 animle
954 5272 1099 5310 mete.
1142 5253 1250 5308 Nos
1299 5263 1497 5321 autent,
1535 5254 1726 5324 inquit,
1771 5269 1873 5307 non

304 5360 483 5399 sumus
555 5343 935 5397 subtractiouis
968 5341 1135 5412 ﬁliiin
1173 5338 1668 5407 perditionem,sed
1684 5336 1878 5405 ﬁdeiin

305 5437 706 5505 acquisitioucm
741 5420 957 5490 animm.
1003 5434 1154 5501 (lleb.
1185 5436 1264 5496 xl,
1316 5447 1373 5488 et
1406 5434 1459 5485 in
1494 5431 1710 5485 actibus
1737 5428 1881 5498 Apo-

300 5530 593 5588 stolorum:
629 5525 734 5582 Vos
763 5524 998 5599 Spiritus
1024 5532 1236 5579 sanctus
1280 5529 1451 5595 posuit
1495 5524 1761 5593 episcopos
1802 5522 1889 5578 re?

296 5637 413 5692 gere
440 5613 734 5674 Ecclesium
759 5615 989 5680 Domini,
1017 5631 1173 5686 quam
1199 5614 1475 5684 acquisivit
1501 5615 1754 5684 sanguine
1778 5631 1875 5668 suo

299 5711 431 5784 (Act.
470 5711 588 5767 xxl.
623 5707 857 5778 Populus
889 5721 1017 5777 ergo
1059 5705 1427 5775 acquisitionis
1454 5702 1578 5761 facti
1608 5721 1793 5761 sumus
1819 5707 1872 5761 in

1984 3253 2153 3308 rando
2176 3270 2283 3310 non
2313 3267 2573 3314 noverant
2606 3259 2805 3330 adepti.
2848 3261 3091 3318 Assumit
3135 3273 3313 3320 autem
3360 3283 3454 3323 eos
3494 3272 3560 3322 «Te

1982 3344 2245 3413 propheta
2286 3344 2442 3413 Osee,
2474 3349 2564 3419 qui
2590 3348 2656 3403 de
2685 3351 2969 3406 vocatione
2991 3354 3230 3424 gentium
3254 3358 3559 3429 prmcinens

1983 3432 2365 3515 ait:Yocabo,
2417 3438 2609 3508 inquit,
2664 3456 2769 3495 non
2819 3440 3029 3511 plebem
3072 3459 3286 3511 meam,
3344 3448 3555 3518 plebem

1982 3537 2184 3588 meam,
2233 3533 2285 3579 et
2317 3541 2424 3579 non
2461 3529 2884 3584 misericordiam
2913 3543 3280 3599 consecutam,
3304 3537 3420 3606 jam
3450 3541 3555 3593 mi-

1982 3614 2332 3670 sericordiam
2365 3627 2733 3685 consecutam,
2764 3629 2818 3675 et
2844 3620 2949 3676 erit
2979 3623 3030 3676 in
3062 3621 3199 3691 loco,
3231 3627 3321 3682 ubi
3352 3628 3554 3685 dictum

1983 3713 2067 3760 est
2087 3706 2204 3761 eis:
2234 3705 2351 3763 Non
2378 3707 2531 3778 plebs
2560 3726 2677 3767 mea
2703 3727 2822 3781 vos,
2870 3712 2943 3767 ibi
2975 3712 3313 3772 vocabuntur
3339 3718 3431 3775 lilii
3462 3722 3556 3777 Dei

1983 3796 2093 3851 vivi
2118 3795 2292 3870 (Osca:
2320 3795 2406 3871 ιι).

2540 3908 2662 3948 Αιιλ
2696 3908 2995 3951 εκνοεῐτιο.

2052 3976 2377 4047 Deponentes
2406 3996 2609 4036 omnem
2633 3980 2910 4037 malitiam.
2942 3982 3179 4041 Dicendo
3203 4001 3417 4042 omnem
3446 4005 3554 4045 ma-

1981 4063 2173 4133 litiam,
2227 4079 2545 4126 cunctorum
2588 4072 2878 4126 criminum
2932 4082 3183 4141 matrem,
3232 4092 3340 4131 uno
3389 4080 3555 4135 verbo

1982 4156 2264 4212 conclusit.

2050 4243 2121 4297 Et
2144 4261 2348 4299 omnem
2394 4247 2594 4302 dolum.
2625 4248 2882 4315 Quamvis
2916 4248 3073 4306 dolus
3099 4253 3336 4309 maxime
3364 4256 3432 4311 ad
3459 4258 3552 4313 de-

1981 4333 2284 4403 cipiendum
2338 4337 2605 4406 pertineat
2656 4339 2984 4408 proximum,
3032 4341 3121 4397 ille
3162 4351 3341 4398 tamen
3392 4361 3554 4403 omne

1980 4437 2013 4480 a
2047 4439 2105 4480 se
2146 4423 2330 4480 dolum
2378 4426 2620 4497 deponit,
2669 4428 2760 4497 qui
2804 4444 2863 4484 se
2900 4431 3171 4486 veraciter
3212 4443 3554 4504 peccatorem

1978 4514 2276 4587 cognoscit,
2306 4522 2377 4571 ‘et
2417 4516 2558 4588 quod
2606 4518 3012 4588 retinet'corde,
3041 4521 3146 4578 hoc
3181 4523 3470 4581 conﬁtetur
3501 4540 3557 4584 et

1978 4621 2094 4663 ore.

2050 4697 2121 4751 Et
2162 4698 2569 4755 simulationem.
2629 4699 2938 4770 Simulatio,
2997 4720 3117 4775 qua:
3170 4706 3276 4763 alio
3337 4713 3556 4769 nomine

1979 4797 2206 4845 vocatur
2238 4789 2405 4856 ﬁctio,
2436 4800 2519 4847 est
2555 4793 2609 4847 in
2635 4792 2876 4862 homine,
2906 4798 3122 4866 quando
3153 4798 3297 4854 aliud
3341 4804 3471 4873 tegit
3500 4807 3554 4859 in

1981 4881 2163 4946 corde,
2188 4881 2333 4938 aliud
2355 4893 2620 4940 monstrat
2640 4886 2693 4940 in
2717 4900 2901 4958 Opere,
2929 4887 3068 4943 bona
3101 4893 3337 4947 ostendit
3363 4910 3551 4965 supcr-

1981 4971 2122 5036 llcie,
2153 4980 2209 5026 et
2234 4972 2374 5026 mala
2404 4981 2552 5029 tenet
2574 4973 2628 5028 in
2658 4983 2896 5045 pectore.

2063 5061 2133 5116 Et
2192 5064 2464 5118 invidiam.
2522 5064 2715 5119 Invidit
2757 5064 3002 5123 diabolus
3048 5067 3179 5125 Adze
3235 5071 3554 5129 beatitudini

1980 5161 2037 5209 et
2079 5152 2339 5217 felicitati,
2390 5164 2447 5209 et
2489 5154 2608 5210 ideo
2654 5169 2882 5225 peccare
2930 5157 3005 5214 illi
3048 5162 3240 5226 suasit,
3271 5173 3327 5219 et
3353 5166 3434 5220 sic
3458 5182 3556 5235 per

1982 5246 2237 5302 invidiam
2293 5244 2491 5303 diaboli
2550 5262 2696 5303 mors
2755 5250 2808 5304 in
2875 5252 3061 5308 orbem
3127 5264 3396 5313 terrarum
3469 5260 3554 5313 in-

1980 5333 2183 5389 troivit.

2047 5424 2115 5478 Et
2163 5441 2342 5480 omnes
2385 5427 2748 5485 detractiones.
2791 5431 3066 5490 Detractio
3112 5443 3169 5491 et
3213 5435 3547 5505 blasphemia

1976 5526 2081 5581 est,
2124 5526 2179 5572 ct
2211 5518 2507 5589 suspiciosa
2536 5521 2902 5590 reprehensio,
2941 5534 2995 5580 ct
3027 5526 3290 5581 malorum
3320 5538 3545 5595 operum

1976 5609 2326 5675 existimatio,
2375 5619 2431 5664 et
2474 5612 2651 5667 omnis
2700 5615 2920 5668 omnino
2962 5615 3220 5669 venenata
3255 5623 3310 5669 et
3350 5617 3547 5672 absens

1977 5701 2042 5756 de
2071 5699 2238 5755 fratre
2267 5700 2483 5757 locutio.
2519 5700 2691 5759 Aliter
2718 5723 2729 5753 τ
2763 5702 2963 5757 Malitia
2995 5703 3176 5758 hocin
3206 5703 3325 5759 loco
3354 5706 3548 5764 intelli-
