3940 6206
263 387 392 446 2η.

1109 377 1652 451 COLLECTIONES
1675 379 1740 451 Ιᾉ
1758 444 1764 449 _
1785 377 2166 452 EPISTQLAS
2209 378 2296 432 ΕΤ
2339 376 2472 431 EVA
2486 375 2570 430 NG
2583 373 2758 429 ΕΗΔ.

3452 375 3556 430 275

265 506 444 566 dicit;
475 499 666 565 Pater,
693 513 824 570 quos
852 495 1044 554 dedisti
1073 497 1226 564 mihi,
1253 494 1367 551 volo
1399 505 1454 549 ut
1489 494 1575 548 ubi
1604 510 1720 546 sum
1745 509 1859 564 ego,
1894 498 1945 556 Α
1969 490 2116 546 enim
2141 499 2198 547 et
2232 487 2452 566 Simeon
2485 489 2558 543 ait
2585 508 2596 542 :
2629 487 2772 571 Quia
2807 487 3044 571 viderunt
3089 488 3230 542 oculi
3268 489 3366 571 mei
3406 488 3545 543 salu-

265 597 426 655 etilli
453 597 561 650 sint
586 606 816 658 mecum,
848 599 904 644 ut
935 587 1143 670 videant
1168 586 1470 642 claritatem.
1489 601 1684 666 meam,
1711 580 1880 655 quam

266 687 466 746 dedisti
491 683 646 740 mihi.

343 780 470 838 Non
504 775 838 832 credentibus
871 781 1070 836 autem,
1105 771 1242 840 lapis,
1271 786 1424 840 quem
1448 768 1865 841 reprobaverunt

267 865 728 941 mdiﬁcantes.(l§x
739 863 1128 936 Cassiod.)Soli
1147 862 1202 917 in
1215 870 1330 917 toto
1344 861 1544 916 mundo
1554 847 1724 936 Judaei
1743 867 1795 913 tu
1803 875 1868 914 ne

267 963 606 1032 albicantes
618 975 740 1017 esse
757 957 1106 1021 videbantur,
1121 955 1247 1026 quia
1262 955 1389 1010 dum
1403 960 1611 1025 caetera:
1623 950 1870 1006 nationes

270 1057 432 1134 idolis
455 1053 876 1118 sacriﬁcabant,
905 1051 988 1110 illi.
1010 1049 1111 1106 soli
1134 1050 1303 1112 Deum
1329 1047 1603 1116 colebant,
1625 1044 1720 1100 sed
1742 1043 1867 1134 ﬁdei

268 1129 386 1204 sua:
411 1146 679 1206 fabricam
706 1143 932 1210 minime
960 1139 1308 1212 perfecerunt
1336 1179 1350 1194 .
1387 1137 1656 1220 Quoniam
1689 1129 1878 1208 ipsum.

268 1241 366 1309 qui
405 1245 526 1294 erat
561 1236 700 1306 lapis
738 1233 1090 1295 fortissimus,
1136 1230 1433 1303 angularis,
1463 1245 1617 1285 more
1643 1229 1868 1284 demen-

270 1325 410 1386 tiu'm
455 1331 925 1399 contempserunt.
955 1321 1061 1390 Qui
1085 1322 1270 1387 factus
1307 1336 1429 1389 esse
1467 1321 1522 1376 in
1557 1327 1725 1391 caput
1770 1336 1869 1374 au-

265 1421 380 1492 guli
428 1418 648 1481 dicitur,
695 1416 824 1487 quia
873 1413 1306 1470 circumcisionis
1343 1412 1674 1482 etgentium
1700 1425 1868 1492 popu-

267 1514 386 1568 lum
414 1509 710 1582 copulavit.
738 1506 980 1585 Angulus
1002 1506 1150 1564 enim
1180 1521 1247 1562 ex
1275 1503 1466 1585 Graeco
1488 1502 1867 1574 .sermonelde-

265 1581 537 1661 scendita
553 1602 702 1673 16w,
733 1598 878 1669 quod
904 1581 1098 1662 Latine
1125 1581 1503 1669 dicitur‘genlu,
1535 1595 1639 1650 hoc
1661 1594 1872 1671 inﬂexu

264 1694 512 1764 speciem
553 1691 760 1768 anguli,
800 1687 1069 1754 conformi
1115 1687 1379 1758 qualitate
1438 1687 1698 1761 restituit,
1753 1687 1866 1742 sive

264 1791 412 1860 lapis
454 1785 734 1859 angularis
772 1782 1024 1844 Christus
1063 1780 1285 1847 dicitur,
1317 1787 1542 1851 propter
1564 1778 1864 1850 copulatio-

1971 590 2276 660 tare-tuum,
2303 581 2441 652 quod
2468 565 2670 652 parasti
2697 565 2818 632 ante
2855 565 3044 648 faciem
3079 568 3315 633 omnium
3339 577 3557 651 populo-

1972 655 2109 730 rum.
2166 657 2379 731 Lumen.
2422 657 2490 727 ad
2535 655 2899 726 reuelationem
2947 656 3200 742 gentium,
3241 681 3288 726 et
3331 671 3557 742 gloriam

1968 764 2130 836 plebis
2151 775 2256 820 tua:
2286 763 2611 839 Israel,‘.etc.
2645 763 2798 836 (Luc.
2824 763 2938 834 xx).
2969 763 3036 818 Et
3060 761 3172 833 ipse
3196 755 3458 818 Dominus
3489 762 3559 820 de

1969 872 2030 912 se
2073 858 2188 910 ait:
2220 856 2334 927 Ego
2383 854 2628 910 sumqu
2668 855 2873 909 mundi.
2916 854 2983 909 Et
3030 852 3268 909 Joannes
3305 853 3374 909 de
3424 845 3516 908 illo
3539 850 3558 907 τ’

1972 946 2104 1002 Erat
2131 946 2224 1001 luat
2242 963 2387 1012 vera,
2407 963 2526 1017 qua:
2547 945 2815 1000 illuminat
2838 963 3055 1001 onmem.
3071 947 3334 1002 hominem
3357 938 3561 1003 uenien-

1967 1051 2070 1097 tem
2098 1042 2153 1095 in
2174 1042 2312 1118 hunc
2342 1041 2596 1096 mundum
2622 1040 2802 1112 (Joan.
2834 1041 2896 1110 l).

2041 1133 2144 1207 Qui
2189 1132 2475 1209 aliquando
2512 1150 2630 1210 non.
2654 1118 2907 1204 populus,
2941 1149 3078 1186 nunc
3117 1142 3293 1186 autem
3333 1130 3559 1203 populus

1967 1225 2085 1280 Dei.
2117 1225 2192 1302 De
2227 1225 2424 1298 populo
2455 1225 2585 1280 dicit
2612 1219 2875 1297 gentium,
2909 1225 2998 1294 qui
3025 1237 3185 1302 antea
3211 1225 3331 1279 sine
3359 1223 3480 1295 lege
3503 1232 3561 1279 et.

1965 1298 2246 1387 prophetis
2285 1323 2339 1370 et
2372 1331 2624 1372 sermone
2654 1316 2743 1370 vix
2773 1323 2891 1390 erat
2919 1298 3152 1370 Domini.
3185 1315 3261 1371 De
3287 1330 3394 1384 quo
3421 1321 3476 1368 et
3503 1313 3558 1367 in

1967 1406 2184 1474 Psalmo
2241 1407 2357 1478 ipse
2408 1407 2670 1461 Dominus
2722 1391 2853 1461 dicit
2891 1421 2918 1460 τι
2951 1390 3188 1475 Populus
3242 1423 3394 1476 quem
3449 1399 3556 1460 neu

1965 1499 2203 1570 cognoui,
2249 1499 2427 1572 idest,
2454 1499 2520 1552 ad
2551 1514 2710 1567 quem
2750 1513 2859 1552 non
2902 1485 3046 1563 veni,
3097 1498 3393 1568 prophetas
3442 1513 3553 1553 non

1965 1589 2108 1666 misi.
2143 1591 2376 1655 servivit,
2404 1590 2456 1644 id
2480 1597 2588 1654 est,
2611 1590 2866 1668 credidit,
2895 1591 3022 1643 mihi
3047 1588 3222 1660 (Psal.
3250 1591 3406 1661 xvu).
3436 1591 3562 1659 Q'ui-

1965 1696 2180 1754 cunque
2203 1683 2347 1737 enim
2372 1682 2547 1737 credit
2569 1691 2626 1736 et
2653 1682 2843 1760 servit,
2866 1681 3010 1752 quod
3037 1682 3240 1738 factum
3267 1691 3352 1738 est
3379 1699 3409 1738 a
3433 1699 3564 1756 gen-

1967 1773 2134 1840 tibus,
2168 1789 2288 1845 qua:
2318 1789 2427 1829 non
2463 1773 2680 1829 fuerant
2717 1789 2749 1828 a
2788 1772 3008 1830 Christo
3029 1759 3334 1830 carnaliter
3374 1773 3554 1849 inqui-

265 1896 396 1938 nem
440 1879 677 1936 duorum
716 1881 1190 1938 testamentorum,
1241 1871 1329 1929 vel
1354 1871 1482 1941 quia
1509 1879 1726 1951 terrena
1757 1885 1868 1926 ece-
1897 1869 1946 1940 B_
1971 1864 2110 1919 sine.

264 1974 526 2039 lestibus,
549 1977 604 2028 et
621 1968 867 2031 caelestia
892 1965 1124 2020 terrenis
1149 1957 1758 2040 paciﬁcanslcoltulavit.

339 2066 412 2122 Et
447 2065 587 2136 lapis
613 2060 919 2133 offensionis
946 2067 994 2114 et
1019 2067 1167 2129 petra
1205 2053 1466 2136 scandali,
1494 2045 1686 2136 bisqui
1709 2052 1871 2124 oﬂ'en-

269 2159 406 2213 dunt
443 2133 513 2211 in
535 2155 687 2211 verba
731 2168 825 2208 nec
861 2149 1105 2206 credunt.
1145 2148 1241 2214 llis
1267 2133 1359 2218 qui
1393 2133 1504 2220 non.
1526 2133 1760 2223 credunt
1787 2144 1869 2199 in—

273 2249 654 2308 carnationem
697 2243 913 2306 Domini
963 2240 1152 2308 nostri,
1185 2238 1314 2295 Jesu
1369 2235 1594 2310 Christi,
1651 2235 1736 2312 vel
1775 2234 1873 2311 qui

273 2341 619 2400 divinitatem
659 2339 715 2393 in
752 2351 818 2392 eo
865 2349 985 2390 esse
1027 2349 1134 2410 non
1186 2331 1438 2404 credunt,
1493 2329 1606 2397 sed.
1633 2327 1870 2409 amicum

271 2432 713 2504 publicanorum,
743 2435 801 2482 et
827 2425 938 2506 vini
979 2409 1289 2496 putatorem
1332 2409 1486 2508 more
1531 2417 1868 2496 indecorum,

268 2534 554 2596 et‘purum
584 2536 711 2599 eum
738 2518 1016 2596 hominem
1060 2514 1505 2598 blaspbeinantes
1545 2525 1668 2584 esse
1715 2509 1869 2564 dixe-

267 2624 403 2672 runt
456 2615 673 2687 (Matth.
703 2610 804 2677 xx).
839 2608 952 2675 Illis
989 2609 1046 2672 in
1086 2605 1446 2692 odensiouem
1479 2602 1614 2691 etin
1640 2601 1869 2677 seanda-

270 2707 386 2763 lnm
423 2705 602 2764 lactus
635 2711 732 2763 est,
751 2701 1022 2764 Christus.
1053 2691 1410 2768 Olfenderunt
1433 2693 1667 2767 enimin
1691 2691 1865 2771 illum,

268 2807 325 2855 et
352 2812 467 2853 non
498 2795 782 2852 credentes
803 2791 1108 2863 perierunt.

285 2913 288 2916 ·
341 2888 415 2945 In
443 2903 552 2959 quo
573 2895 622 2941 et
650 2885 805 2957 positi
847 2891 992 2944 sunt.
1041 2881 1100 2937 In
1147 2879 1367 2948 Christo
1415 2877 1564 2934 enim
1613 2876 1869 2950 dicuntur

266 2985 523 3042 homines
563 2979 750 3052 positi,
799 2978 926 3048 quia
961 2991 1058 3046 per
1098 2975 1281 3046 ipsum
1325 2972 1453 3039 facti
1495 2960 1642 3039 sunt,
1677 2969 1870 3046 omnia

264 3077 408 3138 enim
440 3090 537 3144 per
561 3073 735 3143 ipsum
773 3069 916 3139 facta
948 3077 1094 3133 sunt,
1143 3076 1191 3121 et
1235 3066 1346 3128 sine
1390 3064 1501 3135 ipso
1545 3065 1746 3132 factum
1792 3070 1867 3115 est

269 3165 402 3221 nihil
424 3163 613 3236 (Joan.
640 3161 707 3234 ι),
735 3162 790 3216 in
838 3159 956 3231 ipso
985 3159 1132 3214 enim
1165 3171 1374 3222 sumus,
1406 3154 1638 3224 vivimus
1666 3160 1724 3209 et
1753 3166 1867 3222 Ino-

267 3275 482 3316 vemur.
717 3262 722 3265 “

349 3348 455 3404 llos
478 3359 655 3403 autem
681 3362 843 3417 genus
865 3343 1104 3418 electum.
1133 3341 1253 3413 Ipse
1280 3340 1428 3396 enim
1449 3339 1713 3396 Dominus
1739 3351 1864 3410 apo-

269 3440 428 3496 stolis
452 3440 531 3494 ait
557 3457 570 3492 :
602 3437 730 3492 Non
762 3452 854 3491 vos
885 3451 968 3490 me
995 3435 1244 3507 elegistis,
1267 3433 1358 3488 sed
1385 3448 1490 3502 ego
1511 3429 1642 3502 elegi
1671 3446 1780 3498 vos,
1806 3436 1872 3500 et.

270 3533 399 3588 item
427 3548 442 3585 :
471 3521 618 3600 Ego‘
635 3527 768 3599 elegi
809 3544 900 3582 vos
933 3527 999 3582 de
1044 3525 1266 3591 mundo,
1304 3532 1580 3596 propterea
1619 3521 1730 3578 odit
1780 3537 1865 3576 vos

269 3623 500 3685 mundus
553 3619 740 3690 (Joan.
823 3621 941 3692 ιν).
1001 3619 1190 3675 Potest
1229 3625 1412 3679 autem
1464 3623 1521 3671 et
1563 3612 1866 3680 secundum

268 3717 548 3774 Abraham
606 3729 777 3784 genus
824 3728 947 3769 esse
997 3712 1257 3775 electum,
1308 3707 1543 3778 populus
1597 3704 1861 3777 gentium.

267 3809 506 3866 Abrahae
527 3807 675 3862 enim
697 3806 904 3861 dictum
926 3811 1010 3859 est
1036 3821 1050 3858 :
1079 3803 1148 3858 In
1169 3801 1364 3857 semine
1385 3809 1476 3854 tuo
1498 3797 1870 3862 benedicentur

271 3921 454 3960 omnes
480 3912 678 3975 gentes.

343 3993 542 4066 Regale
587 3990 961 4047 sacerdotium.
1023 3987 1196 4045 Nemo
1247 3992 1566 4048 sanctorum
1615 3990 1721 4048 est,
1772 3981 1866 4053 qui

270 4084 631 4156 spiritualiter
662 4081 958 4149 sacerdotii
983 4077 1160 4136 cilicio
1183 4085 1390 4143 careat,
1415 4093 1540 4132 cum
1580 4075 1658 4144 sit
1690 4089 1864 4156 mem-

271 4153 432 4230 brum
482 4173 700 4239 aeterni,
748 4171 947 4230 summi
1001 4169 1346 4243 cmlest-isquc
1393 4166 1723 4248 sacerdotis,
1773 4153 1874 4235 qui

269 4283 334 4321 se
379 4265 656 4321 oﬂ'erendo
690 4262 842 4318 Patri
883 4277 985 4334 pro
1025 4262 1185 4318 nobis
1221 4276 1323 4318 suo
1360 4275 1462 4317 nos
1486 4257 1704 4328 corpori
1734 4259 1869 4322 adu-

271 4358 447 4414 navit.

339 4447 482 4516 Gens
503 4457 708 4522 sancta.
730 4446 816 4504 Ad
833 4446 1303 4525 comparationem
1325 4445 1501 4515 gentis
1531 4441 1863 4525 {admei-um,

267 4554 396 4609 quae
443 4539 546 4610 mu
584 4527 643 4608 iii
689 4537 924 4612 Esrpw
968 4554 1003 4612 ρ

1991 2001 1996 2008 ,
2043 1955 2148 2025 Qui
2178 1957 2439 2028 consecuti
2479 1953 3001 2010 misericordiam-”
3027 1962 3131 2017 est,
3163 1963 3288 2010 ante
3318 1955 3559 2012 vocatio-

1973 2062 2100 2102 nem
2130 2055 2185 2101 et
2212 2046 2562 2116 baptismum.
2985 2033 2988 2037 ’
3022 2032 3026 2036 ’

2044 2136 2206 2191 Nunc
2231 2146 2407 2208 autem
2434 2136 2852 2192 misericordiam
2879 2122 3165 2190 consecuti.
3202 2135 3558 2202 Subauditur,

1971 2229 2104 2286 estis
2131 2227 2563 2284 misericordiam
2596 2225 2701 2283 ﬁde
2729 2212 2986 2296 baptismi
3012 2215 3067 2282 et
3092 2213 3560 2298 peccatorum'i‘ve-

1972 2322 2122 2394 niam
2139 2317 2442 2392 consecuti,
2474 2305 2719 2389 insuper,
2744 2305 2799 2373 et
2830 2318 2977 2373 illum
3011 2319 3096 2374 cui
3125 2307 3409 2375 Psalmista
3441 2305 3556 2376 ait:

1971 2400 2289 2470 Deus'meus
2327 2413 2692 2488 misericordia
2722 2398 2836 2490 mea
2861 2408 3034 2482 (I’sal.
3069 2412 3244 2483 Lvm).

2324 2539 2666 2581 EVANGELIU)!
2693 2538 2929 2588 JOANNIS,
2959 2539 3080 2579 CAP.
3109 2540 3200 2579 XX.

2049 2636 2068 2668 ι
2100 2605 2464 2672 υηειέεώιηιὶ
2496 2613 2662 2670 Maria
2697 2611 3012 2686 Magdalene
3039 2615 3190 2669 venit
3229 2628 3408 2679 mane,
3435 2629 3561 2668 cum

1975 2726 1996 2760 ι
2024 2705 2200 2764 adhuc
2240 2708 2480 2763 tenebrae
2525 2713 2712 2761 essent
2753 2705 2821 2760 ad
2867 2713 3308 2770 monumentum,
3349 2713 3404 2760 et
3429 2705 3564 2761 vidit

1975 2820 1994 2852 ι
2024 2800 2258 2871 lapidem
2295 2799 2566 2856 sublatum
2598 2811 2630 2852 a
2663 2805 3034 2853 monumento.
3063 2797 3318 2854 Cucurrit
3344 2812 3476 2867 ergo
3505 2806 3563 2854 et

1978 2911 1996 2944 α
2025 2893 2174 2948 venit
2215 2891 2285 2945 ad
2333 2888 2613 2946 Simonem
2661 2887 2881 2944 Petrum
2910 2897 2968 2944 et
2996 2889 3065 2944 ad
3101 2889 3270 2944 alium
3321 2889 3561 2960 discipu-

1975 3004 1996 3038 ι
2025 2985 2138 3040 lum
2183 2999 2346 3054 quem
2389 2982 2648 3054 diligebat
2673 2981 2852 3049 Iesus,
2885 2990 2942 3038 et
2977 2981 3110 3039 dicit
3147 2981 3266 3037 eis:
3295 2979 3561 3037 Tulerunt

1978 3095 1996 3128 ι
2027 3075 2315 3132 Dominum
2343 3075 2411 3130 de
2436 3084 2813 3140 monumento,
2846 3083 2903 3130 et
2931 3074 3118 3130 nescio
3141 3074 3230 3130 ubi
3261 3079 3563 3143 posuerunt

1977 3184 1996 3217 ι
2025 3168 2172 3222 eum.
2200 3166 2385 3221 Exivit
2410 3172 2543 3236 ergo
2570 3165 2767 3222 Petrus
2794 3173 2850 3222 et
2880 3165 2970 3224 ille
2997 3166 3136 3222 alius
3161 3164 3479 3235 discipulus,
3506 3173 3563 3218 et

1975 3276 1994 3312 ε
2017 3265 2290 3314 venerunt
2316 3257 2384 3313 ad
2415 3265 2845 3314 mouumentum.
2884 3257 3194 3313 Currebant
3227 3264 3413 3311 autem
3449 3254 3558 3325 duo

1976 3368 1994 3401 ι
2023 3349 2209 3414 simul,
2255 3357 2312 3406 et
2351 3349 2443 3405 ille
2487 3348 2627 3419 alius
2665 3349 2963 3418 discipulus
3002 3349 3360 3419 przecueurrit
3398 3346 3562 3403 citius

1974 3445 2006 3492 ε’
2022 3439 2206 3506 Petro,
2229 3448 2286 3496 et
2307 3439 2457 3495 venit
2481 3439 2689 3511 primus
2707 3439 2775 3494 ad
2801 3447 3230 3494 monumentum.
3264 3438 3330 3493 Et
3356 3453 3479 3493 cum
3500 3453 3561 3493 se

1975 3530 2360 3594 «inclinasset,
2405 3530 2543 3585 vidit
2598 3530 2917 3585 linteamina
2975 3529 3177 3599 posita,
3229 3545 3335 3584 non
3376 3536 3561 3590 tamen

1975 3640 1993 3673 ι
2022 3620 2284 3692 introivit.
2326 3619 2483 3676 Venit
2518 3634 2646 3690 ergo
2674 3618 2862 3675 Simon
2891 3620 3084 3675 Petrus
3121 3634 3355 3688 sequens
3400 3634 3553 3684 eum,

1975 3733 1994 3767 ι
2023 3725 2080 3771 et
2126 3714 2373 3772 introivit
2409 3713 2466 3768 in
2515 3721 2950 3778 monumentum,
2980 3720 3035 3770 et
3062 3711 3197 3767 vidit
3244 3711 3560 3767 linteamina

1975 3825 1993 3859 ι
2023 3807 2217 3876 posita,
2258 3813 2315 3861 et
2351 3805 2628 3861 sud-arium
2667 3805 2812 3875 quod
2841 3804 3020 3860 fuerat
3049 3817 3212 3873 super
3240 3810 3405 3874 caput
3444 3801 3562 3871 ejus

1973 3918 1993 3951 σ
2023 3915 2130 3954 non
2175 3915 2299 3955 cum
2339 3898 2747 3954 linteaminibus
2791 3899 3028 3968 positum
3054 3938 3070 3963 ,
3113 3897 3208 3952 sed
3261 3897 3555 3966 separatim

1974 4011 1994 4043 ς
2025 3993 2323 4048 involutum
2347 3993 2401 4047 in
2431 4008 2600 4048 unum
2627 3993 2825 4048 locum.
2869 3993 3021 4048 Tunc
3067 4007 3196 4064 ergo
3227 3989 3477 4046 introivit
3501 3997 3558 4042 et

1974 4085 2110 4152 (ille
2162 4085 2461 4156 discipulus
2491 4085 2583 4155 qui
2624 4093 2849 4140 venerat
2879 4085 3089 4154 primus
3130 4083 3194 4138 ad
3234 4096 3557 4137 monumen-

1975 4195 1996 4230 ‹
2027 4186 2162 4243 tum,
2206 4186 2263 4233 et
2297 4177 2434 4230 vidit
2457 4186 2513 4232 et
2547 4177 2798 4232 credidit.
2835 4175 3084 4230 Nondum
3130 4174 3277 4228 enim
3316 4173 3562 4230 sciebant

1975 4289 1993 4322 ι
2024 4270 2385 4341 Scripturam,
2417 4269 2542 4338 quia
2580 4267 2870 4340 oportebat
2899 4281 3023 4344 eum
3053 4281 3085 4320 a
3114 4265 3346 4322 mortuis
3376 4279 3556 4320 resur-

1976 4379 1994 4412 ι
2023 4375 2170 4432 gere.
2202 4380 2220 4412 ι

2041 4449 2164 4507 Una
2205 4450 2412 4506 sabbati
2448 4449 2627 4512 Maria
2668 4447 2983 4520 Magdalene
3032 4448 3168 4504 venit
3214 4465 3390 4514 mane,
3435 4465 3557 4504 cum

1007 4520 1202 4614 opulus
1229 4519 1620 4604 Christianus,
1671 4519 1763 4601 qui
1799 4531 1858 4586 in

1979 4549 2144 4604 adhuc
2165 4549 2389 4603 tenebris
2412 4555 2604 4613 essent,
2639 4545 2709 4601 ad
2734 4519 3154 4610 monumentum,
3199 4531 3247 4600 et
3272 4543 3397 4599 vidit
3427 4542 3558 4614 lapi-

267 4632 543 4702 baptismo
568 4631 771 4703 Christi
799 4613 1190 4708 sanctiﬁcatur,
1227 4644 1361 4715 gens
1390 4617 1577 4713 sancta
1607 4613 1858 4715 vocatur,

1979 4641 2082 4694 t‘em
2099 4637 2364 4694 sublatum
2387 4656 2422 4692 a
2438 4646 2792 4702 monumento,
2807 4643 2864 4692 et
2890 4635 2990 4692 rel.
3023 4634 3124 4707 (Ex
3135 4633 3390 4707 August.)
3406 4613 3560 4692 Sicut

266 4722 338 4791 de
366 4722 565 4791 quibus
589 4731 645 4778 et
676 4705 1034 4802 Dominus—ait
1057 4705 1156 4792 pro
1177 4721 1257 4801 eis
1277 4707 1295 4772 ἰ
1312 4708 1436 4803 ’ξαρ
1462 4705 1741 4802 sanat/tea
1781 4719 1866 4770 me

265 4818 468 4884 ipsum,
492 4825 550 4882 ut
575 4815 682 4870 sint
708 4793 812 4888 ipsi}
838 4795 1155 4884 sanctiﬁcati
1178 4798 1235 4893 in
1256 4793 1488 4892 veritate.
1665 4793 1670 4802 ’

341 4907 583 4978 Populus
610 4905 994 4986 acquisitionis.
1022 4889 1348 4984 Sicut'euim
1376 4889 1441 4984 d‘e
1471 4896 1705 4973 Egypto
1733 4901 1864 4956 edu-

262 5011 394 5056 ctus
423 5000 657 5071 populus
683 5014 784 5069 per
811 4997 1019 5065 Mosen,
1057 4998 1361 5068 acquisitus
1400 5003 1485 5051 est
1532 4996 1660 5062 Deo,
1709 4993 1788 5050 sic
1812 5002 1867 5049 et

263 5091 505 5162 populus
547 5090 892 5146 Christianus
934 5091 1176 5160 pretioso
1225 5087 1489 5159 sanguine
1533 5083 1737 5143 Christi
1780 5101 1865 5142 re-

205 5177 222 5188 ’
266 5186 528 5252 demptus
551 5190 654 5247 est,
678 5182 744 5238 de
769 5181 999 5255 caligine
1027 5189 1082 5238 et
1103 5179 1440 5236 infidelitatis
1468 5180 1703 5236 tenebris
1732 5178 1865 5235 libe-

267 5283 448 5338 ratus,
478 5273 724 5344 quotidie
743 5273 1047 5345 acquiritur
1071 5274 1203 5328 Deo.

349 5363 416 5430 Ut
463 5365 678 5428 virtutes
727 5365 1050 5420 annuntietis
1094 5366 1230 5436 ejus,
1278 5365 1369 5436 qui
1416 5364 1480 5419 de
1523 5363 1746 5418 tenebris
1772 5379 1862 5418 vos

264 5456 472 5529 secarit
517 5457 574 5511 in
602 5456 918 5514 admirabile
959 5457 1137 5512 lumen
1176 5473 1352 5512 suum.
1410 5455 1484 5512 Ut
1530 5454 1864 5510 aununtietis

263 5550 505 5615 virtutes
527 5551 863 5618 operationis
891 5549 1119 5616 Christi,
1150 5550 1242 5619 qui
1266 5564 1371 5604 vos
1386 5548 1453 5608 de
1478 5547 1722 5606 tenebris
1748 5545 1866 5602 inii-

266 5623 518 5696 delitatis
549 5639 618 5693 ad
660 5638 840 5703 ﬁdem,
881 5648 937 5694 et
973 5641 1040 5696 de
1075 5639 1396 5711 ignorantia:
1421 5639 1652 5710 caligine
1679 5638 1747 5696 ad
1775 5653 1868 5694 ve-

269 5743 394 5799 ram
420 5727 772 5799 sapientiam,
789 5746 909 5800 qua:
927 5731 1182 5787 Christus
1208 5740 1315 5797 est,
1340 5731 1633 5804 revocavit.
1658 5730 1736 5786 De
1759 5746 1868 5801 quo

263 5826 332 5880 et
362 5818 596 5882 subdit:
630 5818 698 5877 In
734 5821 1048 5877 admirabile
1082 5821 1261 5878 lumen
1303 5839 1478 5890 suum.
1527 5823 1604 5880 De
1649 5823 1868 5881 Christo

1966 4731 2021 4785 in
2065 4728 2334 4800 principio
2380 4727 2578 4784 mulier
2603 4734 2796 4783 auctor
2824 4725 2995 4796 culpae
3017 4725 3137 4781 viro
3167 4724 3291 4791 fuit,
3321 4725 3406 4788 vir
3431 4741 3558 4782 exe-

1965 4831 2128 4879 cutor
2147 4821 2378 4887 erroris,
2423 4820 2498 4876 ita
2527 4835 2694 4886 nunc,
2743 4834 2868 4890 qua:
2911 4819 3063 4888 prius
3106 4827 3338 4874 mortem
3375 4828 3561 4891 gusta-

1965 4919 2141 4979 verat,
2185 4911 2643 4968 resurrectionem
2683 4910 2835 4980 prior
2873 4908 3028 4963 vidit.
3086 4908 3153 4964 Et
3197 4924 3267 4964 ne
3310 4909 3556 4980 perpetui

1971 5010 2157 5057 reatus
2199 5003 2340 5072 apud
2383 5001 2530 5056 viros
2558 4991 2907 5070 opprobrium
2939 4999 3256 5064 sustineret,
3289 5014 3406 5068 qum
3436 5000 3555 5054 cul-

1971 5108 2095 5164 pam
2139 5093 2259 5148 viro
2300 5090 2688 5156 transfuderat,
2737 5079 3032 5167 transfudit
3063 5097 3119 5145 et
3145 5083 3398 5161 gratiam.
3439 5090 3559 5146 Una

1971 5183 2185 5239 sabbati
2225 5183 2376 5250 dicit,
2429 5197 2594 5254 quam
2629 5181 2746 5253 jam
2788 5181 2932 5238 diem
2970 5180 3304 5247 Dominicam
3339 5191 3560 5254 propter

1970 5273 2183 5330 Domini
2231 5274 2690 5331 resurrectionem
2740 5289 2859 5330 mos
2906 5273 3257 5331 Christianus
3303 5275 3556 5347 appellat,

1969 5379 2130 5435 quem
2153 5365 2440 5422 Matthaeus
2463 5365 2620 5422 solus.
2634 5365 2688 5420 in
2709 5364 3071 5436 Evangelistis
3090 5367 3327 5438 primum
3345 5365 3559 5421 sabbati

1969 5456 2290 5511 nominavit.

2040 5543 2286 5600 Cucurrit
2309 5562 2451 5616 ergo,
2482 5554 2532 5600 et
2564 5546 2704 5600 venit
2734 5547 2804 5600 ad
2835 5546 3104 5603 Simonem
3137 5544 3356 5614 Petrum
3391 5555 3441 5599 et
3484 5544 3558 5627 ad

1972 5636 2139 5694 alium
2167 5636 2505 5708 discipulum,
2548 5655 2699 5709 quem
2723 5638 2972 5710 diligebat
3000 5639 3180 5708 Iesus,
3211 5649 3258 5693 et
3285 5638 3412 5693 dicit
3437 5641 3516 5710 eis
3537 5657 3559 5698 :

1977 5728 2230 5785 Tulerunt
2258 5728 2542 5785 Dominum
2571 5745 2746 5782 meum
2788 5729 2853 5782 de
2889 5738 3250 5796 monumento,
3287 5740 3338 5786 et
3385 5731 3558 5788 nescio

1975 5821 2063 5876 ubi
2084 5831 2367 5894 posuerunt
2389 5837 2524 5876 eum.
2553 5817 2752 5876 Amore
2775 5819 2942 5900 nimio
2971 5819 3206 5892 turbata,
3239 5823 3366 5893 dum
3395 5839 3559 5898 quem
