3954 6200
400 384 507 442 2‘75

1705 384 2055 443 SMARAGDI
2090 386 2385 444 ABBATIS

3572 388 3679 445 276

403 501 675 575 quaesivit,
721 519 829 559 non
862 502 1087 560 invenit.
1125 501 1383 560 Cucurrit
1409 502 1688 573 discipulis
1713 502 1986 569 nuntiare,
2016 506 2069 566 Α
2091 520 2250 576 super
2285 513 2444 574 caput
2480 503 2636 568 Iesu,
2686 521 2789 559 non
2828 519 2947 558 cum
2985 502 3379 558 linteaminibus
3415 502 3679 575 positum,

405 606 465 652 ut
492 605 589 652 aut
615 610 799 651 secum
827 602 1155 665 quaererent,
1196 600 1291 650 aut
1329 610 1517 652 secum
1559 595 1809 651 dolerent
1848 595 1992 651 abla-

406 694 518 743 tum
545 687 855 750 Dominum,
887 701 1048 756 quem
1076 686 1365 742 Dominum
1400 686 1687 742 nominare
1723 701 1830 742 non
1875 701 1991 741 mc-

406 780 528 842 tuit,
558 780 686 835 dum
717 793 914 848 corpus
942 778 1088 835 illius
1123 777 1498 835 tantummodo
1526 786 1798 849 quaereret
1820 778 1874 832 in
1902 791 1991 832 se-

402 870 613 943 pulcro.

478 963 651 1020 Επῑυὶι
683 980 804 1034 ergo
838 963 1023 1018 Petrus
1055 972 1102 1017 et
1133 961 1222 1016 ille
1244 960 1383 1016 alius
1406 960 1721 1034 discipulus,
1759 969 1807 1014 et
1842 944 1992 1015 vene?

402 1067 525 1114 runt
554 1056 625 1112 ad
665 1065 1079 1111 monumentum.
1131 1054 1428 1111 Currebant
1466 1065 1641 1109 autem
1671 1055 1777 1109 duo
1807 1054 1989 1121 simul,

400 1160 450 1204 et
493 1164 610 1205 ecce
648 1147 787 1202 alius
831 1145 1123 1217 discipulus
1163 1145 1508 1217 praecucurrit
1554 1142 1711 1199 ritius
1746 1140 1906 1199 Petro
1941 1152 1991 1198 et

400 1240 539 1294 venit
570 1240 772 1310 primus
818 1237 888 1292 (td
934 1247 1350 1292 monumentum.
1402 1236 1747 1291 Advertenda
1801 1234 1892 1290 hic
1936 1243 1993 1288 ct

400 1329 833 1387 commendanda
870 1327 1272 1401 rccapitulatio,
1304 1326 1575 1396 quomodo
1619 1326 1855 1381 reditum
1884 1331 1988 1390 est,

400 1423 471 1477 ad
495 1423 549 1478 id
578 1421 722 1492 quod
753 1420 931 1475 fuerat
958 1419 1408 1490 praetermissum,
1439 1427 1495 1474 et
1526 1427 1784 1487 tanquam
1814 1417 1860 1471 si
1887 1418 1993 1472 hoc

402 1522 724 1589 sequeretur
752 1511 1062 1580 aljunctum
1092 1517 1194 1565 est.
1228 1509 1363 1565 Cum
1392 1510 1536 1564 cnim
1577 1509 1691 1578 jam
1737 1507 1988 1573 dixisset,

406 1613 678 1661 venerunt
707 1604 771 1658 ad
803 1610 1236 1667 monumentum,
1268 1616 1552 1673 regressus
1576 1610 1680 1666 est,
1719 1608 1781 1656 ut
1807 1599 1993 1654 narra-

400 1707 487 1756 ret
510 1696 781 1770 quomodo
814 1702 1098 1759 venerunt,
1146 1702 1308 1763 atque
1347 1692 1466 1749 ait:
1495 1689 1787 1747 Currebam
1814 1699 1990 1744 autem

401 1792 510 1846 duo
549 1788 731 1853 simul,
777 1796 883 1842 etc.
932 1786 1034 1842 Ubi
1081 1785 1320 1840 ostendit
1361 1783 1505 1854 quod
1546 1795 1890 1852 prmenrrcns
1920 1780 1990 1836 ad

400 1888 811 1940 monumentum
828 1878 979 1949 prior
998 1877 1210 1932 venerit
1226 1876 1314 1930 ille
1334 1876 1472 1930 alius
1495 1874 1808 1943 discipulus,
1826 1885 1987 1942 quem
2018 1870 2067 1930 B

400 1973 642 2044 seipsum
665 1971 951 2042 signiﬁcat,
978 1969 1359 2038 sed'tanquam
1382 1968 1447 2022 de
1458 1966 1588 2030 alio,
1611 1979 1765 2020 more
1785 1971 1988 2020 saneta:

402 2060 719 2134 scripturae,
743 2068 941 2117 cuncta
962 2067 1173 2114 narrat.

472 2154 542 2209 Et
570 2169 689 2214 cum
716 2168 771 2207 se
798 2150 1130 2215 inclinasset,
1160 2148 1291 2203 vidit
1319 2148 1629 2203 linteamina
1655 2147 1856 2218 posita,
1886 2160 1991 2199 non

401 2258 577 2307 tamen
612 2244 863 2300 introivit.
905 2242 1059 2310 Quod
1098 2256 1229 2296 vero
1272 2240 1443 2296 Maria
1491 2237 1802 2310 Magdalene
1841 2237 1993 2292 venit

403 2340 472 2397 ad
508 2344 918 2391 monumentum
956 2348 1078 2389 cum
1116 2332 1295 2386 adhuc
1320 2329 1558 2386 tenebrae
1587 2335 1806 2394 essent,
1832 2326 1992 2396 juxta

403 2427 688 2493 historiam
745 2430 1002 2479 narratur
1052 2423 1221 2487 hora,
1272 2421 1425 2490 iuxta
1476 2416 1812 2474 intellectum
1859 2428 1993 2471 vero

403 2519 691 2591 mysticum
714 2558 729 2583 ,
761 2514 1092 2587 requirentis
1127 2513 1373 2584 signatur
1404 2508 1780 2581 intelligentia.
1822 2506 1991 2562 Maria

402 2611 549 2665 enim
590 2618 869 2663 auctorem
911 2604 1178 2668 omnium,
1216 2616 1379 2671 quem
1403 2614 1569 2655 carne
1605 2599 1818 2653 viderat
1846 2612 1992 2653 mor-

403 2712 578 2766 tuum,
600 2701 876 2772 quaerebat
901 2698 955 2753 in
984 2701 1355 2758 monumento,
1370 2700 1427 2747 et
1446 2691 1575 2763 quia
1596 2690 1744 2745 hunc
1769 2688 1993 2747 minimc

402 2794 641 2858 invenit,
693 2790 930 2846 furatum
966 2788 1219 2844 credidit.
1258 2785 1453 2841 Adhuc
1480 2792 1613 2853 ergo
1644 2788 1805 2838 erant
1841 2787 1993 2837 tene»

400 2888 548 2951 brae,
589 2900 711 2940 cum
748 2884 898 2939 venit
931 2882 1000 2937 ad
1035 2886 1466 2936 monumentum.
1505 2874 1760 2933 Cucurrit
1800 2873 1989 2936 citius,

398 2977 678 3050 discipulis
724 2976 1026 3042 nuntiavit,
1068 2976 1164 3030 sed
1210 2971 1288 3029 illi
1334 2987 1447 3042 pra:
1484 2970 1700 3026 cauet-is
1738 2981 1992 3026 cucurre~

402 3080 556 3137 runt,
584 3074 677 3143 qui
706 3087 818 3141 prae
845 3071 1062 3126 caeteris
1087 3072 1407 3122 amaverunt
1427 3105 1443 3129 ,
1468 3061 1728 3118 videlicet
1746 3101 1761 3126 ,
1792 3061 1989 3119 Petrus

400 3174 456 3220 et
491 3161 750 3219 Joannes.
792 3160 1097 3216 Currebam
1122 3165 1305 3212 autem
1334 3156 1440 3211 duo
1463 3154 1629 3211 simul
1647 3195 1663 3220 ,
1694 3154 1789 3209 sed
1818 3151 1986 3208 Joan-

2094 601 2199 650 etc.
2238 593 2350 663 (Ex
2371 593 2570 667 Greg.)
2594 595 2735 663 Quid
2763 603 2849 650 est
2882 594 3029 665 quod
3054 594 3333 650 sudarium
3358 595 3555 666 capitis
3574 597 3672 653 Do

2093 688 2226 743 mini
2254 704 2380 743 cum
2408 688 2818 744 linteaminibus
2839 702 2946 742 non
2975 685 3251 755 invenitur
3274 686 3333 741 in
3360 701 3679 745 monumen-

2092 787 2186 843 to,
2219 779 2327 834 nisi
2351 778 2480 849 quia
2520 784 2819 834 attestante
2857 776 3059 843 Paulo,
3091 785 3257 847 caput
3293 774 3497 833 Christi
3537 780 3682 838 Deus

2091 880 2212 935 est.
2266 882 2322 928 et
2368 871 2671 927 divinitatis
2716 867 3293 939 incomprehensibilia
3336 882 3682 927 sacramenta

2092 963 2160 1016 ab
2184 962 2513 1041 infirmitatis
2538 969 2739 1017 nostrae
2759 960 3069 1032 cognitione
3088 958 3327 1026 disjunta
3346 969 3481 1014 sunt
3495 1001 3509 1025 ,
3535 960 3685 1030 ejus-

2093 1068 2198 1124 que
2247 1054 2491 1123 potentia
2555 1060 2825 1107 creaturas
2875 1051 3218 1106 transcendit
3270 1058 3549 1106 namram.
3612 1053 3715 1121 Et

2093 1146 2389 1200 notandum
2433 1144 2579 1214 quod
2624 1159 2732 1198 non
2783 1142 2961 1198 solum
2996 1142 3293 1210 separatim
3318 1182 3336 1207 ,
3378 1143 3475 1197 sed
3513 1144 3683 1199 etiam

2094 1237 2390 1293 involutum
2448 1235 2677 1292 inveniri
2722 1235 2943 1290 dicitur.
2994 1233 3246 1288 Linteum
3289 1234 3489 1305 quippe
3530 1236 3679 1305 quod

2094 1332 2405 1396 involvitur,
2431 1331 2549 1401 ejus
2568 1342 2671 1384 nec
2697 1328 2911 1383 initium
2938 1342 3039 1381 nec
3061 1325 3186 1380 ﬁnis
3205 1327 3484 1395 aspicitur.
3513 1327 3683 1386 Recte

2092 1440 2222 1498 ergo
2245 1423 2524 1480 sudarium
2551 1422 2747 1493 capitis
2774 1422 3072 1477 involutum
3104 1421 3385 1474 inventum
3408 1429 3493 1475 est
3513 1461 3527 1486 ,
3552 1422 3683 1491 quia

2093 1513 2361 1572 celsitudo
2405 1514 2737 1577 Divinitatis,
2768 1526 2872 1568 nec
2919 1513 3088 1583 erepit
3142 1516 3301 1575 esSe,
3348 1526 3452 1566 nec
3497 1512 3679 1567 desiit.

2091 1608 2237 1665 Bene
2266 1614 2449 1663 autem
2476 1606 2715 1661 dicitur:
2750 1604 2819 1658 In
2848 1621 3013 1659 unum
3053 1603 3260 1669 locum,
3293 1604 3419 1674 quia
3452 1604 3507 1659 in
3547 1606 3685 1661 scis-

2092 1715 2219 1756 sura
2249 1697 2511 1763 mentium
2546 1697 2688 1752 Deus
2716 1712 2825 1750 non
2851 1703 2955 1750 est.
2992 1694 3136 1750 Deus
3162 1694 3362 1764 quippe
3388 1695 3444 1749 in
3466 1695 3686 1752 unitate

2091 1799 2208 1855 est,
2243 1798 2299 1845 et
2326 1789 2401 1844 illi
2430 1787 2549 1858 ejus
2574 1787 2777 1842 habere
2802 1787 3030 1858 gratiam
3071 1796 3375 1852 merentur,
3405 1786 3497 1858 qui
3524 1802 3585 1841 se
3613 1788 3684 1843 ab

2095 1885 2326 1940 invicem
2355 1898 2455 1952 per
2480 1891 2751 1937 sectarum
2779 1882 3036 1936 seandaia
3065 1897 3174 1935 non
3200 1881 3464 1935 dividunt.
3495 1881 3685 1937 Potest

2093 1989 2308 2046 quoque
2336 1988 2437 2045 per
2460 1974 2739 2029 sudarium
2758 2015 2773 2039 ,
2803 1974 2987 2042 passio
3015 1973 3217 2027 Christi
3258 1973 3471 2027 Domini
3508 1973 3685 2028 nostri

2093 2066 2391 2139 designari,
2449 2065 2606 2136 cujus
2645 2065 2920 2136 passionis
2978 2071 3320 2119 sacramenta
3377 2064 3685 2120 inﬁdelibus

2093 2167 2222 2213 sunt
2246 2157 2491 2213 involuta
2512 2198 2526 2224 ,
2552 2156 2682 2228 quia
2709 2171 2868 2226 quem
2894 2144 3155 2210 videbant
3177 2170 3344 2211 carne
3368 2155 3681 2221 mortalem,

2093 2247 2264 2303 Deum
2303 2262 2426 2304 esse
2468 2246 2829 2303 immortalem
2874 2263 2984 2301 non
3025 2248 3341 2302 credebant.
3388 2246 3685 2303 Sudarium

2092 2353 2254 2409 ergo,
2286 2339 2431 2410 quod
2460 2353 2626 2409 super
2653 2348 2815 2408 caput
2844 2338 2965 2409 ejus
3001 2337 3203 2401 fuerat,
3249 2354 3497 2394 seorsum
3536 2340 3686 2395 inve-

2094 2431 2243 2486 nitur
2264 2473 2278 2497 ,
2319 2432 2447 2502 quia
2478 2432 2592 2501 ipsa
2624 2431 2808 2502 passio
2838 2430 3222 2501 Redemptoris
3252 2431 3424 2486 nostri
3464 2431 3626 2502 longe
3648 2446 3695 2487 θλ

2092 2523 2345 2592 passione
2389 2531 2575 2578 nostra
2618 2521 2865 2591 scjuncta
2892 2529 3008 2586 est,
3040 2537 3201 2590 quam
3231 2523 3353 2593 ipse
3376 2523 3495 2577 sine
3522 2522 3685 2593 culpa

2092 2614 2335 2684 pertulit.
2385 2614 2539 2682 Quod
2585 2630 2685 2670 nos
2732 2613 2891 2684 culpa
2945 2613 3270 2679 toleramus,
3323 2613 3440 2683 ipse
3487 2621 3686 2683 sponte

2093 2706 2255 2761 morti
2299 2708 2659 2763 succumbere
2706 2704 2918 2770 voluit,
2967 2704 3036 2761 ad
3079 2719 3244 2775 quam
3290 2719 3390 2759 nos
3430 2704 3689 2760 venimus

2094 2797 2270 2852 inviti.
2304 2796 2567 2867 Sequitur
2587 2816 2602 2853 :

2114 2888 2119 2897 '
2166 2886 2209 2941 Τ
2211 2896 2313 2942 un‘c
2339 2904 2462 2958 ergo
2489 2888 2724 2943 introivit
2752 2897 2805 2941 et
2840 2886 2929 2941 ille
2969 2885 3263 2957 discipulus
3283 2900 3303 2951 ,'
3338 2887 3429 2957 qui
3466 2897 3683 2942 venerat

2091 2979 2238 3050 prius
2279 2978 2361 3031 ad
2390 2989 2808 3032 monumentum.
2841 2976 3136 3047 Postquam
3176 2977 3402 3031 intravit
3448 2976 3681 3043 Petrus,

2094 3069 2367 3139 ingressus
2408 3076 2500 3123 ‘est
2551 3077 2608 3123 et
2655 3066 2897 3123 Joannes
2931 3085 2946 3121 :
2984 3065 3256 3137 posterior
3307 3066 3533 3123 intravit
3585 3068 3683 3137 qui

2094 3162 2244 3232 prior
2282 3168 2527 3223 venerat.
2573 3159 2769 3215 Notum
2808 3169 2894 3216 est
2942 3160 3090 3230 quod
3130 3162 3188 3213 in
3224 3160 3332 3214 (ine
3372 3159 3561 3213 nmndi
3612 3159 3686 3215 ad

401 3268 500 3311 nes
526 3251 887 3323 praecucurrit
909 3249 1075 3305 Petro
1100 3248 1281 3304 citius.
1312 3246 1474 3301 Venit
1514 3245 1666 3316 prior
1701 3245 1770 3301 ad
1796 3259 1986 3300 monu-

2098 3223 2480 3324 lledemptoris
2524 3252 2685 3307 iidem
2732 3252 2901 3307 etiam
2944 3223 3130 3307 ludam
3171 3250 3462 3321 colligitur,
3509 3248 3686 3305 Paulo

401 3353 645 3401 mentum
662 3383 677 3409 ,
701 3351 766 3397 ‘et
790 3340 999 3413 ingredi
1020 3354 1136 3395 non
1165 3337 1531 3410 praesumpsit.

456 3435 632 3493 "Venit
656 3451 781 3506 ergo
811 3433 999 3490 Simon
1026 3428 1216 3485 Petrus
1242 3444 1464 3501 sequens
1487 3443 1607 3483 eum
1628 3468 1644 3495 ,
1675 3437 1725 3483 et
1752 3427 1990 3482 introivit

398 3532 454 3586 in
492 3537 906 3584 monumentum.
944 3526 1052 3581 Iste
1085 3539 1217 3580 vero
1249 3538 1444 3579 cursus
1480 3523 1709 3578 duorum
1746 3522 1987 3593 discipu-s

401 3621 575 3675 inrum
619 3634 874 3689 magnum
918 3617 1082 3672 habet
1126 3616 1466 3686 myszerium.
1512 3612 1654 3682 Quid
1696 3615 1840 3669 enim
1890 3628 1990 3683 per

398 3711 698 3772 Joannem,
733 3708 823 3778 qui
866 3707 1016 3777 prior
1047 3706 1197 3761 venit
1229 3706 1299 3761 ad
1332 3713 1745 3759 monumentum
1783 3711 1838 3760 et
1878 3718 1985 3759 non

400 3803 652 3867 intravit,
693 3801 795 3856 nisi
833 3814 1105 3871 synagoga
1139 3797 1520 3869 signiﬁcatur?
1564 3796 1704 3865 Quid
1749 3811 1846 3866 per
1887 3795 1987 3852 Ρθο

402 3910 579 3963 trum,
612 3896 714 3950 nisi
743 3892 985 3950 Ecclesia
1016 3907 1083 3947 ex
1112 3891 1366 3962 gentibus
1392 3898 1722 3960 congregata
1761 3889 1986 3944 demon-c

399 3999 626 4056 stratur,
657 4004 777 4059 quae
805 3986 1076 4059 posterius
1105 3992 1296 4041 vocata
1323 3992 1381 4040 et
1407 3983 1558 4053 prior
1586 3981 1851 4037 intravit?
1878 3980 1987 4037 Cu~

398 4089 689 4139 currerunt
718 4078 864 4134 enim
902 4077 1110 4148 pariter
1151 4074 1429 4147 gentilitas
1459 4080 1517 4128 et
1549 4084 1825 4144 synagoga
1843 4110 1860 4136 ,
1886 4082 1987 4141 per

398 4174 558 4244 hujus
586 4172 766 4230 saeculi
796 4169 1193 4231 successiones,
1225 4166 1320 4223 sed
1347 4180 1457 4221 non
1481 4164 1602 4236 pari
1625 4162 1985 4235 intelligentia

403 4268 716 4323 veniebant.
755 4263 917 4321 Venit
951 4274 1225 4335 synagoga
1252 4260 1404 4331 prior
1431 4258 1500 4314 ad
1536 4265 1948 4313 monumentum
1965 4295 1983 4321 ,

397 4367 494 4422 sed
530 4365 753 4421 minime
790 4360 1050 4425 intravit,
1100 4358 1229 4430 quia
1276 4356 1411 4428 legis
1442 4355 1690 4427 quaedam
1724 4353 1887 4409 mund

240 4478 265 4503 κ
288 4512 301 4522 ,
398 4456 669 4530 percepit,
716 4451 1035 4526 prophetias
1079 4450 1147 4506 de
1194 4447 1574 4505 incarnatione
1620 4460 1686 4501 ac
1727 4445 1982 4516 passidne

2092 3351 2385 3400 attestante
2409 3343 2501 3414 qui
2533 3343 2610 3397 ait
2637 3360 2649 3396 :
2683 3342 2857 3396 Donec
2881 3340 3152 3413 plenitudo
3177 3340 3408 3411 gentium
3428 3340 3681 3405 intraret,

2089 3445 2145 3492 et
2165 3436 2240 3491 sic
2268 3438 2437 3490 omnis
2465 3433 2641 3488 Israel
2666 3432 2844 3488 salvus
2871 3431 3021 3501 ﬁeret
3049 3433 3066 3503 (
3090 3431 3243 3486 Rom.
3272 3447 3311 3485 tt
3334 3429 3377 3503 ).

2161 3527 2245 3582 Et
2269 3526 2401 3581 vidit
2441 3535 2491 3580 et
2531 3525 2773 3580 credidit.
2797 3524 2938 3592 Quid
2960 3538 3092 3593 ergo
3130 3522 3286 3589 vidit,
3322 3531 3381 3577 et
3420 3521 3552 3591 quid
3580 3536 3689 3577 ore

2088 3618 2362 3675 credidit?
2400 3617 2547 3673 Vidit
2587 3617 2902 3672 linteamina
2941 3614 3123 3685 posita
3150 3621 3206 3668 et
3252 3612 3486 3669 credidit
3531 3612 3685 3681 quod

2088 3710 2285 3765 mulier
2313 3709 2529 3764 dixerat
2556 3709 2623 3765 de
2653 3714 3008 3764 monumento
3036 3705 3327 3760 Dominum
3354 3703 3525 3759 fuisse
3548 3703 3685 3759 sub-

2085 3802 2274 3857 latum.
2317 3801 2511 3856 Adhuc
2551 3801 2791 3855 tenebrre
2819 3803 2978 3853 erant
3004 3798 3059 3850 in
3087 3805 3461 3859 monumento,
3488 3794 3542 3849 id
3570 3804 3682 3861 est,

2087 3893 2138 3947 in
2171 3893 2443 3947 mentibus
2471 3890 2689 3945 illorum
2711 3930 2727 3955 ,
2761 3889 2882 3944 ideo
2911 3886 3176 3956 sequitur.

2156 3987 2227 4043 Et
2257 3989 2394 4043 dixit
2417 4003 2436 4042 :
2469 3986 2725 4041 Nondum
2753 3985 2892 4040 enim
2917 3982 3151 4038 sciebant
3182 3980 3523 4052 Scriptura,
3548 3981 3681 4051 quia

2084 4088 2343 4151 oporteret
2385 4093 2508 4133 eum
2553 4095 2587 4132 a
2633 4078 2859 4131 mortuis
2903 4090 3192 4145 resurgere.
3233 4072 3503 4127 Abierant
3545 4084 3683 4142 ergo

2084 4170 2283 4226 iterum
2312 4167 2558 4240 discipuli
2587 4168 2655 4223 ad
2683 4166 3038 4236 semetipsos,
3078 4163 3134 4218 id
3171 4169 3290 4227 est,
3325 4160 3417 4216 ubi
3463 4158 3686 4216 halitu-

2083 4264 2244 4329 bant,
2276 4269 2332 4317 et
2360 4259 2506 4316 unde
2530 4258 2597 4314 ad
2621 4263 3031 4313 monumentum
3059 4259 3454 4310 cucurrerunt:

2723 4382 3043 4427 CONCORDIA.

2153 4473 2222 4528 Et
2250 4473 2307 4528 in
2336 4470 2531 4543 lapidis
2558 4467 2777 4523 nomine
2797 4508 2812 4532 ,
2843 4473 2899 4521 et
2926 4466 2981 4519 in
3012 4463 3242 4519 duorum
3271 4458 3675 4533 signiﬁcatione

401 4551 684 4642 Do‘l‘inic?
724 4543 967 4642 θῗίίίνίίν
1010 4540 1106 4597 sed
2005 4579 2061 4639 Β
2084 4534 2439 4635 populorum,
2474 4559 2700 4615 istarum
2733 4557 2964 4613 duarum
3003 4553 3344 4625 congrua'ﬁt
3383 4549 3677 4607 concordia

401 4641 547 4697 Vidit
582 4638 729 4694 enim
760 4633 997 4705 Joannes
1033 4630 1213 4701 posita
1258 4627 1616 4690 linteamina,
1654 4639 1761 4678 non
1797 4632 1981 4679 tamen

2098 4627 2396 4714 lectionum.
2420 4653 2489 4708 Et
2508 4654 2562 4707 in
2583 4649 2828 4721 angulari
2848 4646 3027 4717 lapide
3049 4647 3345 4702 secundum
3370 4641 3676 4713 apostolum

398 4729 646 4788 introivit
664 4768 680 4796 ,
710 4727 843 4798 quia
868 4721 1122 4779 videlicet
1151 4731 1424 4791 synagoga
1467 4725 1524 4772 et
1549 4713 1848 4783 Scriptum
1888 4729 1982 4768 sa—

398 4837 506 4879 cra:
533 4825 873 4876 sacramenta
901 4812 1182 4886 cognovit,
1209 4817 1268 4866 et
1292 4818 1473 4864 tamen
1505 4807 1664 4863 ﬁdem
1689 4806 1985 4862 Dominica:

398 4911 668 4985 passionis
695 4907 971 4966 credendo
995 4906 1203 4961 intrare
1227 4900 1466 4966 distulit,
1494 4912 1656 4970 quem
1679 4897 1773 4954 diu
1801 4898 1985 4970 longe-

399 5019 506 5078 que
542 5001 915 5075 prophetavit,
954 5003 1278 5069 praesentem
1317 4992 1451 5049 vidit
1486 5000 1541 5048 et
1576 4990 1782 5056 renuit,
1810 4990 1987 5046 homi-

399 5110 524 5153 nem
550 5108 670 5150 esse
706 5091 986 5162 despexit,
1024 5087 1194 5143 Deum
1237 5099 1402 5140 carne
1447 5081 1732 5138 mortalem
1776 5079 1984 5137 factum

398 5184 623 5241 medere
662 5182 854 5238 uoluit.
902 5179 1043 5247 Quid
1079 5191 1209 5248 ergo
1249 5182 1369 5239 est,
1415 5172 1523 5232 nisi
1564 5170 1691 5242 quia
1728 5179 1788 5226 et
1823 5170 1986 5226 citius

396 5277 671 5344 cucurrit,
699 5281 755 5330 et
780 5283 963 5329 tamen
995 5278 1121 5326 ante
1159 5274 1568 5324 monumentum
1598 5279 1768 5320 vacua
1808 5263 1979 5320 stetit.

337 5397 345 5404 -
398 5370 558 5428 Venit
611 5373 795 5423 autem
839 5362 1033 5419 Simon
1084 5359 1283 5415 Petrus
1332 5358 1669 5426 subsequens
1716 5370 1841 5410 eum
1861 5394 1877 5420 ,
1924 5363 1984 5410 et

396 5460 641 5521 introivit
688 5457 745 5514 in
795 5459 1240 5516 monumentum,
1289 5448 1415 5518 quia
1466 5454 1652 5503 secuta
1709 5446 1984 5516 posterior

370 5546 640 5611 AECciesia
687 5549 968 5623 gentium,
1013 5544 1372 5601 mediatorem
1418 5540 1514 5597 Dei
1559 5548 1616 5597 et
1663 5540 1978 5603 hominum,

396 5646 675 5703 hominem
701 5642 980 5700 Christum
1006 5637 1224 5702 Iesum,
1254 5644 1310 5692 et
1336 5633 1589 5706 cognovit
1626 5647 1793 5689 carne
1836 5647 1979 5688 mor-

399 5744 581 5801 tuum,
611 5745 669 5789 et
693 5734 966 5790 viventem
989 5728 1221 5787 credidit
1246 5725 1438 5781 Deum.
1470 5722 1761 5793 Sequitur:

474 5826 545 5882 Et
571 5824 702 5879 vidit
730 5825 1038 5882 linteamina
1062 5822 1253 5895 posita,
1272 5827 1320 5874 et
1340 5816 1616 5874 sudarium
1639 5815 1781 5889 quod
1811 5816 1982 5895 fuerat

2088 4756 2317 4818 uterque
2355 4745 2584 4818 populus
2611 4742 2917 4813 copulatur,
2947 4748 3003 4797 et.
3028 4741 3081 4795 in
3124 4736 3335 4795 duobus
3365 4733 3670 4806 Apostoiis,

2086 4837 2384 4895 secundum
2422 4833 2774 4905 Evangelium
2811 4831 3027 4901 utrique
3068 4829 3249 4900 populi
3275 4827 3672 4898 designantur:

2085 4930 2324 4988 Joannes
2351 4929 2496 4985 enim
2533 4925 2871 4992 Judznorum,
2904 4923 3099 4979 Petrus
3136 4922 3393 4993 populant
3425 4918 3675 4990 gentium

2091 5025 2121 5077 ii
2133 5022 2369 5094 gnrabat.

2277 5132 2594 5189 DUMINICA
2629 5134 2696 5189 iN
2734 5100 3005 5193 octava
3044 5132 3350 5193 pascua;

2168 5264 2427 5308 EPISTOLA
2455 5268 2620 5308 PBIIA
2649 5270 2807 5311 ΒΕΔΤΙ
2838 5271 3054 5312 JOANNIS
3083 5275 3373 5328 Ανοετοιι,
3401 5275 3528 5317 CAP.
3565 5275 3618 5317 ν.

2171 5379 2191 5414 ι
2226 5360 2405 5419 Omne
2421 5362 2565 5431 quod
2579 5372 2767 5420 natum
2786 5375 2873 5421 cst
2892 5381 2958 5421 ex
2981 5366 3111 5432 Deo,
3128 5368 3592 5427 vincitmundnm.
3614 5368 3692 5430 Et.

2102 5472 2127 5507 ι
2160 5456 2275 5510 δαῖε
2300 5465 2387 5510 est
2412 5455 2639 5513 victoria
2667 5471 2789 5526 qua:
2819 5458 2988 5514 vincit
3016 5462 3276 5517 mundum
3306 5463 3441 5519 ﬁdes
3470 5474 3685 5524 nostra.

2101 5566 2124 5599 ε
2158 5547 2291 5613 Quis
2330 5557 2417 5602 est
2442 5555 2623 5603 autem
2653 5538 2745 5617 qui
2776 5548 2945 5604 vincit
2972 5551 3234 5607 mundum
3260 5593 3275 5618 ,
3305 5554 3412 5609 nisi
3440 5556 3534 5626 qui
3562 5571 3690 5613 cre-

2099 5651 2123 5685 s
2154 5635 2259 5699 dit,
2302 5636 2559 5704 quoniam
2585 5635 2745 5693 Jesus
2765 5647 2853 5694 est
2878 5638 3045 5695 Filius
3077 5640 3191 5697 Dei.
3227 5642 3328 5699 Hic
3355 5653 3441 5700 est
3465 5646 3557 5715 qui
3586 5661 3688 5701 ve-

2098 5743 2117 5777 c
2153 5726 2234 5780 nit
2252 5740 2355 5796 per
2369 5742 2563 5797 aquam
2585 5730 2642 5785 et
2661 5730 2978 5800 sanguinem
3001 5730 3254 5789 Christus
3272 5733 3453 5792 Iesus.
3478 5736 3596 5792 Non
3620 5737 3684 5792 in

2096 5832 2116 5866 ι
2149 5830 2290 5884 aqua
2320 5816 2493 5872 solum
2514 5860 2528 5887 ,
2556 5819 2651 5875 sed
2676 5820 2731 5875 in
2763 5834 2902 5891 aqua
2936 5830 2991 5876 et
3020 5806 3301 5896 sanguine;
3354 5826 3419 5881 Et
3449 5828 3687 5899 spiritus
