3954 6200
258 339 359 395 277

1085 337 1608 395 COLLECTIONES
1647 338 1712 393 ΙΝ
1747 338 2130 395 EPISTOLAS
2169 340 2257 395 ΕΤ
2298 340 2709 398 EVANGELIA.

3427 354 3530 412 278

266 482 290 512 ι-
319 469 401 516 est
440 458 534 529 qui
560 456 903 520 testiﬁcatur,
941 455 1199 525 quoniam
1231 453 1482 511 Christus
1509 465 1594 511 est
1620 456 1840 510 veritas.
1872 456 1924 519 Α
1949 455 2281 527 blaSphemi,
2329 457 2422 527 qui
2469 457 2612 514 hunc
2661 459 2926 516 fantasma
2975 478 3098 519 esse
3141 464 3529 534 dogmatizant.

266 574 282 603 ι
313 552 584 620 Quoniam
613 557 724 603 tres
748 555 876 602 sunt
900 547 994 617 qui
1027 547 1396 602 testimonium
1430 546 1560 600 dant
1588 547 1640 602 in
1670 545 1810 601 emio
1829 587 1844 611 ,

266 669 282 699 ι
320 643 759 707 Pater,Verbum
783 649 836 695 et
863 639 1100 710 Spiritus
1120 647 1363 704 sanctus,
1380 649 1433 694 et
1463 639 1518 694 hi
1547 647 1660 694 tres
1680 653 1848 692 unum

267 757 284 788 ι
321 741 469 800 sunt,
492 735 587 804 qui
610 731 977 788 testimonium
1005 732 1138 785 dant
1169 731 1220 783 in
1254 738 1416 792 terra,
1441 730 1684 799 spiritus,
1710 743 1849 798 aqua

268 848 284 880 ι
321 836 375 883 et
404 825 648 896 sanguis,
679 822 735 876 hi
765 831 822 876 et
853 829 964 876 tres
995 836 1160 874 mium
1194 827 1339 874 sunt.
1376 818 1432 874 Si
1482 819 1850 874 testimonium

268 939 286 970 ι
319 917 597 972 hominum
628 913 958 984 accipimus,
989 910 1356 966 testimonium
1396 909 1489 964 Dei
1509 908 1706 977 'majus
1745 916 1846 963 est.

267 1028 286 1060 ε
325 1008 588 1076 Quoniam
617 1006 721 1060 hoc
748 1011 830 1058 est
857 1001 1222 1057 testimonium
1249 1000 1344 1054 Dei
1369 1000 1510 1068 quod
1537 998 1710 1068 majus
1731 1009 1814 1053 est
1832 1039 1846 1064 ,

267 1120 286 1154 ι
323 1101 581 1172 quoniam
613 1096 935 1152 testiﬁcatus
959 1095 1136 1149 est-de
1162 1093 1306 1148 Filio
1322 1108 1440 1148 suo.
1472 1092 1574 1158 Qui
1597 1093 1770 1148 credit
1795 1092 1848 1146 in

267 1213 285 1244 ι
324 1191 520 1246 Filium
550 1190 676 1253 Dei,
707 1189 868 1242 habet
895 1185 1265 1240 testimonium
1294 1184 1389 1239 Dei
1423 1185 1476 1239 in
1506 1199 1582 1239 se.
1621 1203 1639 1236 ι

336 1283 504 1339 Omne
532 1281 669 1354 quod
697 1290 877 1334 natum
904 1288 978 1333 est
1005 1294 1070 1332 ea:
1095 1277 1228 1342 Deo,
1258 1278 1412 1331 vincit
1440 1276 1714 1329 mundum.
1748 1274 1849 1346 (Et

263 1377 515 1450 August.)
543 1375 666 1429 Ideo
695 1387 930 1442 namque
959 1371 1212 1425 mandata
1237 1369 1416 1424 divina
1449 1383 1554 1422 non
1580 1375 1704 1421 sunt
1729 1382 1851 1437 gra-

262 1474 371 1535 via,
397 1471 523 1538 quia
548 1482 735 1521 omnes
759 1466 848 1534 qui
879 1479 1004 1518 vera
1027 1463 1310 1517 devotione
1339 1461 1424 1514 his
1452 1461 1845 1528 mancipantur,

262 1573 318 1617 et
348 1560 576 1614 adversa
606 1556 788 1610 mundi
815 1554 976 1624 hujus
1005 1560 1060 1606 et
1101 1551 1466 1607 blandimenta
1507 1548 1623 1620 pari
1670 1556 1851 1602 mente

261 1659 644 1714 contemnunt,
685 1650 855 1718 ipsam
897 1661 1112 1716 quoque
1157 1652 1423 1707 mortem,
1457 1642 1604 1697 velut
1645 1641 1852 1710 ingres-

261 1761 383 1802 sum
426 1743 617 1815 patriae
654 1741 788 1794 coelo
822 1739 891 1793 tis
931 1745 1197 1792 amantes.
1243 1735 1308 1790 Et
1338 1750 1404 1790 ne
1443 1734 1566 1803 quis
1603 1748 1700 1788 sua
1741 1732 1850 1785 vir-

1948 547 2141 602 Pereat
2169 549 2236 603 de
2265 559 2410 603 terra
2437 552 2696 606 memoria
2724 567 2911 608 eorum
2931 595 2946 621 ,
2979 554 3070 624 qui
3099 571 3223 612 eum
3252 557 3336 611 vel
3369 558 3534 614 Deum

1949 638 2032 692 vel
2071 639 2347 694 hominem
2375 655 2495 695 esse
2525 657 2716 696 verum
2747 643 3038 714 denegant.

2023 729 2161 796 Quia
2181 741 2286 786 tres
2310 742 2430 786 sunt
2450 735 2539 802 qui
2559 735 2908 790 testimonium
2930 738 3090 802 dant,
3120 738 3370 809 Spiritus,
3399 757 3539 811 aqua

1950 833 1997 878 et
2025 826 2256 895 sanguis.
2289 826 2524 896 Spiritus
2556 829 2701 882 dedit
2729 829 3096 886 testimonium
3116 871 3130 896 ,
3164 833 3420 900 quoniam
3449 831 3538 887 Je-

1951 930 2053 970 sus-
2075 923 2157 970 est
2176 917 2380 972 veritas
2404 957 2417 980 ,
2451 916 2542 986 qui
2571 933 2735 989 super
2769 917 3100 990 baptizatum
3137 923 3439 978 descendit.
3480 923 3535 978 Si

1951 1007 2093 1062 enim
2124 1023 2286 1062 verus
2301 1006 2465 1062 Filius
2489 1007 2580 1065 Dei
2607 1027 2713 1065 non
2743 1019 2916 1076 esset,
2953 1027 3296 1084 nequaquam
3326 1015 3380 1068 in
3408 1029 3534 1070 eum

1952 1108 2099 1153 tanta
2127 1099 2566 1157 manifestatione
2585 1103 2822 1171 Spiritus
2854 1114 3076 1159 sanctus
3112 1107 3344 1162 veniret.
3377 1108 3530 1176 Aqua

1952 1189 2116 1243 etiam
2151 1197 2207 1244 et
2246 1192 2468 1261 sanguis
2499 1192 2698 1246 dedere
2729 1195 3101 1250 testimonium
3120 1237 3134 1260 ,
3165 1197 3420 1266 quoniam
3449 1197 3548 1252 Je-'

1951 1296 2044 1334 sas
2085 1290 2169 1334 est
2216 1282 2416 1335 veritas
2441 1322 2453 1344 ,
2493 1283 2751 1350 quoniam
2796 1286 2862 1340 de
2903 1285 3072 1342 latere
3116 1285 3234 1354 ejus
3279 1289 3332 1341 in
3373 1304 3538 1343 cruce

1952 1371 2150 1424 mortui
2181 1381 2496 1425 manarunt.
2532 1371 2684 1438 Quod
2729 1375 3038 1430 nullatenus
3083 1376 3195 1430 ﬁeri
3239 1387 3455 1447 posset,
3490 1380 3534 1433 si

1953 1475 2137 1514 veram
2163 1462 2343 1515 carnis
2369 1470 2622 1516 naturam
2648 1477 2754 1516 non
2783 1465 3024 1519 haberet.
3053 1465 3159 1520 Sed
3185 1474 3237 1521 et
3264 1468 3364 1522 hoc
3393 1470 3538 1538 quod

1955 1562 2078 1608 ante
2107 1555 2446 1622 passionem,
2483 1572 2604 1609 eum
2635 1566 2846 1622 oraret,
2882 1557 3057 1613 factus
3088 1569 3171 1614 est
3212 1562 3378 1616 sudor
3415 1562 3536 1630 ejus

1953 1645 2093 1698 sicut
2121 1653 2288 1714 guttae
2325 1646 2604 1716 sanguinis
2623 1686 2636 1711 ,
2671 1648 3011 1706 decurrentis
3040 1652 3091 1704 in
3125 1660 3328 1706 terram
3353 1695 3367 1718 ,
3397 1656 3538 1708 veri-

1955 1735 2054 1789 tati
2087 1737 2268 1791 carnis
2298 1745 2588 1806 assuznptze
2618 1741 2985 1795 testimonium
3017 1744 3126 1798 dat.
3162 1744 3270 1800 Nec
3303 1747 3536 1801 reticen-

261 1845 382 1889 tute
407 1810 597 1888 mundi
623 1830 709 1885 vel
751 1829 909 1883 luxus
936 1828 1019 1881 vel
1053 1827 1266 1883 labores
1295 1841 1355 1881 se
1397 1839 1657 1894 superare
1689 1835 1849 1891 posse
1877 1810 1924 1870 Β
1952 1825 2078 1879 dum
2119 1827 2261 1895 quod
2298 1827 2351 1880 in
2407 1829 2510 1882 hoc
2539 1845 2756 1898 quoque
2784 1832 3000 1900 sanguis
3031 1844 3085 1887 et
3113 1849 3251 1903 aqua
3296 1837 3536 1891 resumo.

263 1927 595 1988 conﬁderet,
629 1923 876 1980 consulte
905 1921 1020 1989 subj
1031 1921 1178 1992 ungit
1205 1941 1221 1974 ι

337 2019 404 2073 Et
443 2020 557 2073 Iure
583 2025 660 2072 est
689 2017 906 2071 victoria
930 2031 1047 2084 qua:
1079 2015 1234 2068 vincit
1267 2013 1520 2067 mundum
1543 2053 1556 2078 ,
1591 2011 1721 2079 ﬁdes
1751 2026 1847 2063 no-

264 2123 396 2167 stra.
430 2111 525 2165 Illa
558 2109 814 2164 nimirum
846 2107 979 2161 ﬁdes
1003 2149 1015 2170 ,
1045 2119 1166 2176 qum
1203 2121 1301 2174 per
1338 2103 1680 2159 dilectionem
1723 2115 1852 2170 ope-

265 2213 456 2267 ratur;
489 2201 578 2257 illa
606 2201 758 2263 ﬁdes,
783 2215 888 2268 qua
914 2200 1031 2269 ejus
1055 2197 1340 2252 humiliter
1357 2195 1615 2250 auxilium
1644 2192 1850 2263 ﬂagita-

265 2312 417 2357 mus,
464 2293 557 2363 qui
600 2293 713 2346 ait:
761 2289 827 2345 ln
868 2290 1063 2344 mundo
1104 2306 1404 2360 pressuram
1436 2287 1717 2351 habebitis,
1758 2285 1850 2340 sed

264 2387 547 2456 conﬁdite,
579 2400 671 2455 ego
703 2384 803 2437 vici
832 2382 1083 2437 mundum
1116 2381 1317 2453 (Joan.
1350 2381 1491 2452 xvi).

335 2477 469 2544 Quis
496 2489 570 2530 cst
594 2484 768 2528 autem
794 2475 884 2544 qui
910 2474 1067 2527 vincit
1103 2472 1358 2525 mundum
1377 2513 1391 2536 ,
1420 2472 1521 2526 nisi
1565 2473 1655 2542 qui
1683 2472 1844 2525 credit

262 2570 514 2638 quoniam
542 2567 696 2621 Iesus
732 2575 806 2620 est
846 2563 1018 2619 Filius
1049 2563 1146 2618 Dei
1173 2565 1197 2617 ?
1225 2563 1404 2618 Vincit
1440 2563 1720 2626 mundum,
1754 2564 1846 2632 qui

264 2660 448 2715 Iesum
484 2655 809 2713 esseFil‘ium
851 2656 948 2712 Dei
984 2655 1247 2719 credens,
1295 2656 1454 2725 digna
1499 2655 1674 2710 eidem
1722 2655 1847 2710 ﬁdei

266 2767 431 2824 Opera
473 2751 672 2824 jungit.
716 2750 822 2806 Sed
857 2750 1100 2819 nunquid
1137 2747 1250 2803 sola
1291 2749 1591 2802 divinitatis
1630 2749 1747 2818 ejus
1782 2748 1846 2801 ti-

265 2847 393 2910 des,
434 2855 488 2900 et
523 2845 795 2901 confessio
833 2845 973 2898 valet
1012 2844 1078 2898 ad
1117 2845 1342 2898 salutem
1390 2839 1682 2896 sufﬁcere?
1727 2841 1849 2895 vide

265 2937 572 3007 sequentia.

283 3030 291 3036 ’
338 3028 439 3081 Hic
472 3038 548 3081 cst
585 3030 671 3098 qui
709 3029 843 3082 venit
882 3045 974 3097 per
1009 3043 1200 3096 aquam
1239 3036 1286 3080 et
1322 3027 1660 3097 sanguinem,
1691 3023 1847 3077 Iesus

264 3117 528 3171 Christ-us.
571 3117 671 3184 Qui
712 3133 840 3186 ergo
878 3125 996 3170 erat
1033 3126 1270 3171 :eternus
1304 3117 1395 3170 Dei
1423 3110 1620 3179 Filius,
1674 3112 1847 3168 factus

264 3221 343 3265 est
378 3211 546 3264 homo
584 3209 639 3263 in
677 3217 949 3277 tempore,
990 3216 1047 3260 ut
1084 3223 1220 3276 quos
1260 3223 1357 3276 per
1389 3204 1688 3260 divinitatis
1737 3219 1848 3258 suae

263 3302 562 3372 potentiam
594 3307 904 3358 creaverat.
927 3315 1025 3369 per
1049 3298 1401 3353 humanitatis
1431 3314 1541 3352 sum
1566 3297 1849 3351 inﬁrmita—

265 3402 368 3446 tem
405 3399 701 3446 recrearet.
738 3390 839 3457 Qui
872 3390 1018 3445 venit
1048 3405 1145 3458 per
1174 3405 1369 3459 aquam
1401 3398 1456 3443 et
1494 3390 1809 3459 sanguinem
1830 3429 1843 3450 ,

267 3498 457 3551 aquam
509 3481 758 3536 videlicet
811 3480 1049 3545 lavacri,
1100 3488 1155 3534 et
1203 3478 1521 3546 sanguinem
1569 3493 1679 3533 suae
1727 3493 1849 3546 pas-

267 3575 452 3630 sionis.

340 3668 459 3721 Non
494 3667 551 3719 in
579 3683 717 3736 aqua
745 3664 944 3728 solum,
978 3664 1068 3717 sed
1095 3666 1148 3717 in
1180 3679 1317 3733 aqua
1347 3670 1392 3715 et
1420 3660 1694 3730 sanguine.
1729 3658 1845 3713 Non

265 3759 316 3811 in
351 3774 493 3828 aqua
536 3758 709 3812 solum
744 3756 1008 3827 baptizari
1045 3763 1268 3825 propter
1315 3762 1556 3808 nostram
1609 3753 1846 3806 ablutio-

268 3867 384 3905 nem
416 3852 671 3924 dignatus
713 3858 829 3914 est,
876 3858 937 3903 ut
979 3848 1133 3902 nobis
1163 3846 1417 3916 baptismi
1449 3853 1848 3900 sacramentum

268 3947 617 3996 consecraret
663 3955 727 3993 ac
775 3940 1044 4003 traderet,
1099 3952 1285 3992 verum
1323 3937 1503 3991 etiam'
1525 3935 1845 4006 sanguinem

268 4049 420 4086 suum
460 4032 609 4088 dedit
643 4047 742 4100 pro
780 4031 972 4096 nobis,
1010 4046 1106 4084 sua
1144 4045 1242 4084 nos
1278 4029 1529 4099 passione
1577 4026 1841 4091 redemit,

267 4126 416 4194 cujus
464 4125 825 4181 sacramentis
873 4140 1088 4195 semper
1132 4125 1353 4191 refecti,
1407 4122 1739 4178 nutriremur
1782 4120 1848 4174 ad

267 4217 518 4272 salutem.

337 4309 404 4362 Et
434 4308 665 4381 Spiritus
681 4318 756 4364 est
774 4311 862 4380 qui
888 4309 1220 4378 testiﬁcatur,
1243 4309 1491 4380 quoniam
1515 4307 1752 4362 Christus
1773 4315 1848 4360 est

266 4402 477 4454 veritas.
504 4402 782 4473 Baptizato
807 4401 860 4455 in
887 4399 1122 4455 Jordaue
1151 4401 1396 4464 Domino,
1425 4399 1699 4454 descendit
1728 4398 1849 4468 Spi-

267 4493 408 4546 ritas
442 4503 666 4548 sanctus
699 4493 754 4546 in
792 4494 970 4563 specie
1006 4492 1268 4548 columba:
1308 4507 1472 4562 super
1508 4507 1663 4555 eum,
1697 4491 1850 4545 testi-

266 4584 510 4636 monium
548 4583 623 4637 illi
661 4583 955 4652 perhibens
1008 4584 1134 4653 quia
1193 4584 1396 4638 veritas
1429 4591 1546 4646 est,
1583 4583 1687 4637 hoc
1725 4590 1808 4636 est
1831 4623 1845 4647 ,

264 4690 435 4727 verus
465 4673 552 4728 Dei
571 4671 772 4740 Filius,
809 4689 972 4730 verus
1004 4674 1273 4729 mediator
1310 4673 1401 4729 Dei
1438 4681 1493 4729 et
1531 4675 1846 4739 hominum,

265 4781 438 4819 verus
473 4765 691 4819 humani
740 4766 956 4837 generis
1003 4765 1312 4836 redemptor
1356 4781 1419 4821 ac
1465 4765 1850 4821 reconciliator

264 4857 284 4926 (
313 4857 504 4910 Matth.
537 4875 594 4912 ιιι
623 4859 661 4928 ).
706 4857 846 4912 Vere
884 4859 998 4928 ipse
1034 4859 1270 4913 mundus
1299 4859 1366 4913 ab
1396 4858 1540 4912 omni
1571 4856 1692 4911 labe
1717 4872 1847 4927 pec-

264 4948 413 5011 cati,
463 4963 588 5002 vere
635 4947 906 5003 sufﬁciens
953 4947 1141 5002 tollere
1184 4955 1407 5018 peccata
1446 4947 1652 5001 mundi.
1694 4945 1848 5012 Quod

262 5041 432 5094 etiam
475 5042 588 5110 ipse
630 5041 868 5110 Baptista
907 5041 1022 5095 viso
1057 5038 1299 5108 ejusdem
1327 5038 1566 5109 Spiritus
1614 5037 1848 5093 adventu

265 5131 574 5203 intelligens
604 5133 681 5186 ait
708 5150 719 5184 :
757 5131 860 5196 Qui
890 5149 970 5186 me
997 5131 1137 5185 misit
1172 5131 1439 5200 baptizare
1471 5131 1526 5184 in
1557 5147 1726 5201 aqua,
1762 5128 1852 5183 ille

266 5224 398 5276 mihi
427 5223 556 5277 dixit
582 5265 598 5288 ,
641 5239 798 5292 super
831 5239 980 5295 quem
1019 5222 1206 5277 videris
1244 5220 1498 5293 Spiritum
1538 5219 1853 5274 descenden—

263 5324 374 5367 tem
411 5324 456 5368 et
490 5325 788 5369 manentem
819 5331 975 5385 super
999 5331 1116 5368 eum
1137 5356 1151 5380 ,
1182 5315 1265 5367 hic
1292 5323 1368 5366 est
1401 5313 1492 5384 qui
1528 5311 1758 5381 baptizat
1796 5311 1852 5364 in

263 5403 470 5475 Spiritu
499 5413 708 5466 sancto,
740 5414 788 5458 et
824 5385 915 5475 ego
946 5404 1054 5457 vidi
1074 5445 1089 5469 ,
1118 5414 1163 5457 et
1198 5402 1550 5456 testimonium
1581 5400 1848 5471 perhibui,

261 5497 396 5562 quia
424 5497 505 5552 hic
533 5506 607 5552 est
642 5495 818 5551 Filius
851 5497 945 5550 Dei
973 5498 1154 5566 (.loan.
1186 5495 1256 5566 ι).
1285 5494 1439 5563 Quod
1469 5509 1597 5563 ergo
1628 5493 1855 5563 spiritus

263 5587 452 5641 Jesum
473 5590 750 5644 Christum
773 5603 892 5643 esse
915 5589 1196 5641 veritatem
1223 5596 1470 5650 testatur,
1497 5586 1508 5637 i
1517 5601 1612 5654 pse
1634 5601 1692 5638 se
1717 5583 1856 5636 veri-

265 5688 438 5734 tatem
468 5682 838 5752 cognominat.
870 5681 1112 5751 Daptista
1155 5679 1300 5733 illum
1342 5680 1625 5734 veritatem
1663 5677 1856 5747 prcedi-

265 5782 397 5841 (δι,
443 5776 586 5833 ﬁlius
638 5776 863 5832 tonitrui
899 5778 1182 5830 veritatem
1222 5773 1576 5844 cvangelizat.
1620 5775 1857 5830 Taccant

1877 4534 1929 4593 D

1952 1917 2102 1970 nium
2130 1917 2204 1972 illi
2236 1917 2532 1983 dederunt,
2566 1920 2708 1988 quod
2741 1921 2810 1975 de
2837 1921 3010 1976 latere
3044 1925 3242 1978 mortui
3274 1925 3539 1980 vivaciter

1950 2007 2302 2073 eﬁluxerunt,
2352 2011 2497 2079 quod
2542 2020 2662 2065 erat
2710 2021 2900 2067 contra
2955 2021 3205 2068 naturam
3255 2013 3533 2086 corporis,

1950 2107 2110 2168 atque
2137 2099 2207 2153 ob
2239 2100 2290 2153 id
2317 2102 2593 2171 mysteriis
2611 2112 2802 2171 «aptum
2820 2145 2833 2169 ,
2863 2113 2920 2159 et
2949 2106 3260 2163 testimonio
3284 2109 3540 2165 veritatis

1950 2187 2050 2242 fuit
2100 2204 2396 2260 congruum
2443 2189 2647 2262 (lonn.
2700 2193 2844 2259 xu).
2879 2194 3177 2261 Videlicet,
3212 2197 3532 2264 insinuans,

1950 2282 2092 2352 quod
2122 2291 2177 2336 et
2206 2283 2381 2353 ipsum
2414 2283 2629 2340 Domini
2663 2301 2862 2355 corpus
2883 2327 2896 2351 ,
2928 2288 3124 2344 melius
3153 2298 3276 2360 post
3303 2300 3535 2347 mortem

1951 2381 2095 2429 esset
2149 2374 2454 2439 victurum,
2517 2378 2901 2432 resuscitatum
2947 2379 3013 2434 'in
3066 2381 3264 2453 gloria,
3317 2389 3372 2436 et
3420 2382 3534 2452 ipsa

1949 2483 2098 2522 mors
2129 2466 2273 2521 illius
2303 2468 2459 2523 nobis
2485 2468 2656 2523 vitam
2686 2470 2931 2524 donaret.
2977 2470 3090 2527 Hoc
3130 2487 3348 2542 quoque
3389 2474 3535 2543 quod

1948 2559 2113 2613 sudor
2142 2559 2260 2628 ejus
2289 2559 2464 2613 instar
2491 2567 2765 2629 guttarum
2808 2562 3088 2630 sanguinis
3129 2564 3453 2619 decurrebat
3484 2565 3537 2618 in

1951 2657 2184 2711 terram,
2219 2649 2589 2702 testimonium
2635 2650 2956 2719 perhibebat
3004 2651 3143 2718 illis,
3187 2663 3540 2710 sacrosancto

1951 2739 2240 2809 mysterio,
2290 2740 2434 2806 quod
2483 2739 2782 2794 Ecclesium
2828 2749 3030 2807 totam,
3073 2758 3173 2815 per
3209 2747 3400 2801 orbem
3439 2759 3541 2802 suo

1951 2830 2212 2901 sanguine
2241 2818 2469 2884 lavaret.

2018 2917 2088 2974 Et
2115 2932 2219 2976 tres
2242 2937 2402 2975 unum
2424 2929 2566 2975 sunt.
2590 2917 2867 2976 lndividua
2891 2939 3122 2993 namque
3143 2926 3258 2981 haec
3285 2938 3532 2993 manent,

1951 3011 2190 3081 nihilque
2232 3025 2420 3066 eorum
2467 3026 2497 3065 a
2543 3011 2626 3066 sui
2658 3014 2996 3067 connexione
3029 3013 3352 3085 sejungitur,
3399 3018 3532 3086 quia

1955 3111 2055 3158 nec
2083 3105 2198 3158 sine
2229 3103 2512 3160 divinitate
2549 3120 2676 3159 vera
2719 3106 3065 3172 humanitas,
3112 3125 3210 3163 nee
3247 3111 3366 3165 sine
3407 3128 3533 3171 vera

1876 3173 1919 3236 C
1952 3193 2221 3249 credenda
2248 3203 2332 3249 est
2356 3196 2693 3250 humanitate
2716 3198 2988 3252 divinitas.
3025 3199 3130 3254 Sed
3163 3201 3275 3256 lure
3300 3201 3352 3255 in
3381 3205 3538 3259 nobis

1952 3299 2119 3338 unum
2153 3293 2310 3349 sunt,
2345 3300 2450 3339 non
2483 3295 2678 3341 natura
2723 3288 2963 3357 ejusdem
3011 3290 3408 3359 subsistentite,
3444 3295 3538 3349 sed

1949 3374 2189 3444 ejusdem
2221 3377 2535 3445 operatione
2566 3379 2829 3450 mysterii.
2857 3379 2988 3433 Nam
3020 3381 3162 3435 sicut
3192 3383 3383 3439 lentus
3408 3384 3536 3438 Am-

1949 3466 2164 3521 brosius
2195 3467 2269 3520 ait
2297 3485 2310 3519 :
2345 3466 2582 3536 Spiritus
2608 3477 2844 3523 mentem
2872 3479 3095 3524 renovat
3114 3511 3130 3535 ,
3159 3486 3298 3541 aqua
3325 3475 3539 3541 proﬁcit

1950 3558 2016 3611 ad
2040 3557 2312 3612 lavacrum
2335 3600 2344 3616 .
2367 3561 2586 3629 sanguis
2609 3569 2891 3628 exspectat
2912 3561 2978 3615 ad
3012 3563 3271 3630 pretium.
3297 3563 3536 3634 Spiritus

1949 3650 2094 3704 enim
2119 3666 2216 3706 nos
2232 3667 2329 3721 per
2355 3653 2698 3722 adoptionem
2729 3653 2868 3707 ﬁlios
2889 3654 2982 3707 Dei
3016 3654 3173 3720 fecit;
3208 3657 3346 3711 sacri
3374 3657 3537 3713 fontis

1949 3745 2092 3799 unda
2119 3760 2217 3799 nos
2246 3745 2436 3800 abluit.
2480 3746 2700 3814 sanguis
2733 3732 2944 3800 Domini
2975 3763 3075 3802 nos
3106 3748 3354 3802 redemit.
3395 3750 3540 3806 Alte-

1952 3851 2075 3890 rum
2106 3837 2272 3907 igitur
2301 3837 2602 3902 invisibile,
2637 3838 2868 3892 alterum
2895 3838 3532 3906 visibile,-testimouium

1953 3922 2300 3984 sacramento
2327 3931 2683 3998 consequitur
2711 3931 2960 4000 spiritali.

2025 4037 2089 4094 Si
2132 4040 2482 4093 testimonium
2525 4042 2794 4094 hominum
2826 4045 3121 4113 accepimus
3141 4085 3154 4108 ,
3183 4044 3534 4100 testimonium

1950 4128 2050 4182 Dei
2092 4129 2268 4200 majus
2316 4139 2410 4183 est.
2461 4128 2725 4195 Quoniam
2773 4131 2868 4184 hoc
2913 4141 2988 4184 est
3042 4135 3392 4186 testimonium
3440 4134 3538 4187 Dei

1951 4206 2090 4292 quod
2130 4221 2303 4290 majus
2344 4229 2454 4285 est,
2483 4229 2590 4275 etc.
2637 4221 2885 4290 Magnum
2929 4231 3012 4276 est
3041 4223 3405 4277 testimonium
3434 4227 3536 4279 ho-

1953 4311 2116 4365 minis
2142 4351 2155 4375 ,
2183 4311 2324 4380 quod
2355 4311 2602 4381 perhibet
2625 4307 2691 4363 de
2705 4307 2838 4365 Filio
2867 4312 2960 4365 Dei
2993 4311 3214 4368 dicens:
3248 4313 3396 4368 Dixit
3427 4313 3537 4369 Do-

1955 4401 2126 4455 minus
2151 4400 2375 4454 Domiuo
2393 4417 2524 4466 meo,
2551 4397 2684 4454 Sede
2712 4418 2743 4453 a
2771 4401 2968 4456 dextris
3000 4403 3127 4457 meis
3161 4403 3332 4473 (Psal.
3395 4408 3533 4476 CIX).

1956 4492 2022 4546 Et
2050 4507 2117 4547 ex
2146 4505 2374 4560 persona
2405 4490 2548 4546 illius
2575 4489 2668 4544 ﬁlii
2700 4491 2793 4546 Dei
2826 4511 2837 4544 :
2871 4491 3126 4547 Dominus
3156 4494 3290 4547 dixit
3315 4494 3384 4549 ad
3412 4512 3494 4550 me
3517 4511 3535 4548 :

1959 4579 2135 4634 Filius
2186 4595 2331 4634 meus
2363 4596 2416 4634 es
2467 4590 2522 4633 tu
2560 4577 2752 4652 (Psal.
2782 4597 2818 4635 ιι
2943 4581 3184 4654 Itemque
3212 4601 3274 4640 ex
3310 4600 3536 4656 persona

1958 4673 2127 4743 patris
2153 4671 2424 4742 iuquentis
2453 4672 2518 4726 de
2560 4672 2671 4726 ﬁlio
2702 4691 2714 4726 :
2766 4673 2892 4744 Ipse,
2930 4675 3184 4731 invocabit
3232 4695 3344 4746 me,
3376 4677 3538 4733 Pater

1959 4782 2103 4821 meus
2150 4781 2203 4819 es
2258 4774 2348 4829 tu,
2395 4763 2538 4818 Deus
2579 4781 2724 4819 meus
2778 4775 2824 4818 et
2864 4778 3132 4838 susceptor
3176 4768 3364 4823 salutis
3407 4787 3535 4826 mere

1959 4856 1978 4926 (
2005 4854 2150 4910 Psal.
2182 4854 2489 4925 LXXXVIII).
2525 4854 2689 4909 Pater
2720 4871 2906 4920 meus,
2949 4857 3076 4926 quia
3104 4872 3205 4929 ego
3221 4855 3388 4913 Filius
3420 4859 3536 4913 Dei.

1957 4948 2102 5002 Deus
2132 4963 2316 5009 meus,
2349 4947 2474 5015 quia
2505 4962 2606 5016 ego
2635 4948 2820 5011 homo,
2852 4955 3136 5018 susceptor
3163 4948 3352 5003 salutis
3383 4964 3540 5014 luem,

1960 5037 2085 5106 quia
2132 5052 2231 5107 ego
2277 5051 2538 5106 passurus
2585 5044 2640 5089 et
2675 5051 2704 5089 a
2743 5045 2916 5090 morte
2956 5037 3250 5095 salvandus
3291 5057 3430 5094 sum.
3476 5040 3544 5093 Et

1959 5145 2059 5199 ego
2089 5127 2508 5200 primogenitum
2536 5143 2732 5197 ponam
2764 5126 2913 5180 illum
2935 5167 2949 5191 ,
2982 5130 3256 5185 excelsum
3298 5147 3408 5202 pra:
3454 5148 3541 5185 re-

1959 5223 2116 5294 gibus
2161 5230 2338 5275 terrae.
2393 5219 2642 5290 Magnum
2694 5220 2796 5275 hoc
2841 5222 3243 5288 testimonium,
3285 5203 3450 5279 verax
3489 5231 3544 5276 et

1960 5313 2108 5368 omni
2141 5311 2454 5380 acceptione
2482 5310 2722 5380 dignum.
2767 5310 2881 5367 l-loc
2918 5314 3288 5369 testimonium
3335 5314 3426 5368 Dei
3457 5320 3542 5367 est

1949 5401 2017 5456 de
2033 5401 2180 5464 Filio,
2212 5402 2305 5456 sed
2333 5401 2501 5455 multo
2522 5400 2703 5470 majus
2729 5410 2814 5457 est
2843 5404 3208 5460 testimonium
3237 5406 3366 5469 Dei,
3397 5403 3542 5472 quod

1958 5492 2281 5551 testiﬁcatus
2309 5500 2393 5547 est
2437 5491 2551 5562 ipse
2581 5493 2647 5547 de
2678 5492 2788 5548 ﬁlio
2818 5510 2916 5549 suo
2935 5535 2949 5560 ,
2979 5511 3103 5550 cum
3131 5495 3210 5549 de
3225 5493 3364 5549 coelo
3391 5492 3541 5552 illum

1958 5587 2258 5656 alloquens,
2288 5585 2392 5638 ait:
2423 5583 2500 5639 Tu
2527 5602 2580 5640 cs
2606 5583 2778 5640 Filias
2805 5603 2955 5640 meus
2971 5585 3213 5648 dilectus,
3241 5585 3295 5636 in
3321 5595 3368 5638 te
3392 5601 3537 5638 com-

1959 5680 2156 5752 placuit
2187 5677 2314 5732 mihi
2353 5678 2369 5750 (
2397 5679 2583 5734 Matth.
2615 5697 2673 5734 ιιι
2697 5721 2710 5744 ,
2743 5681 2803 5734 i7
2832 5680 2870 5752 ).
2906 5678 3155 5747 Magnum
3189 5685 3274 5732 est
3299 5680 3548 5734 testimo-

1961 5773 2110 5827 nium
2163 5768 2552 5836 Prtecursoris,
2603 5771 2744 5840 quod
2797 5770 2889 5824 Dei
2915 5765 3050 5821 Filio
3093 5768 3385 5838 perhibi-ns
3424 5772 3538 5826 ait:
