  <div class='ocr_page' id='page_1' title='image "/cluster/home/n/w/nwhite01/storage/ocr_20150623/102/hvd.32044052820032/146.png"; bbox 0 0 3940 6206; ppageno 0'>
   <div class='ocr_carea' id='block_1_1' title="bbox 284 343 1350 481">
    <p class='ocr_par' dir='ltr' id='par_1_1' title="bbox 284 343 1350 481">
     <span class='ocr_line' id='line_1_1' title="bbox 284 343 1350 481; baseline -0.004 -1"><span class='ocrx_word' id='word_1_1' title='bbox 284 419 390 481; x_wconf 71' lang='grc'><strong>281</strong></span> <span class='ocrx_word' id='word_1_2' title='bbox 1127 343 1350 477; x_wconf 62' lang='grc' dir='ltr'><strong>σοιιέ</strong></span> 
     </span>
    </p>
   </div>
   <div class='ocr_carea' id='block_1_2' title="bbox 1127 396 2750 482">
    <p class='ocr_par' dir='ltr' id='par_1_2' title="bbox 1127 396 2750 482">
     <span class='ocr_line' id='line_1_2' title="bbox 1127 396 2750 482; baseline 0.002 -6"><span class='ocrx_word' id='word_1_3' title='bbox 1127 396 1646 478; x_wconf 44' lang='lat' dir='ltr'><strong>COLL&#39;IiCTlONES</strong></span> <span class='ocrx_word' id='word_1_4' title='bbox 1682 419 1749 476; x_wconf 81' lang='lat' dir='ltr'><strong>IN</strong></span> <span class='ocrx_word' id='word_1_5' title='bbox 1790 421 2170 478; x_wconf 83' lang='lat' dir='ltr'><strong>EPISTOLAS</strong></span> <span class='ocrx_word' id='word_1_6' title='bbox 2209 423 2297 480; x_wconf 87' lang='grc' dir='ltr'>ΕΤ</span> <span class='ocrx_word' id='word_1_7' title='bbox 2336 423 2750 482; x_wconf 82' lang='lat' dir='ltr'><strong>EVANGELIA.</strong></span> 
     </span>
    </p>
   </div>
   <div class='ocr_carea' id='block_1_3' title="bbox 3465 428 3574 486">
    <p class='ocr_par' dir='ltr' id='par_1_3' title="bbox 3465 428 3574 486">
     <span class='ocr_line' id='line_1_3' title="bbox 3465 428 3574 486; baseline 0 -1"><span class='ocrx_word' id='word_1_8' title='bbox 3465 428 3574 486; x_wconf 64' lang='lat'><strong>28!</strong></span> 
     </span>
    </p>
   </div>
   <div class='ocr_carea' id='block_1_4' title="bbox 283 507 3578 610">
    <p class='ocr_par' dir='ltr' id='par_1_4' title="bbox 283 507 3578 610">
     <span class='ocr_line' id='line_1_4' title="bbox 283 507 3578 610; baseline 0.002 -18"><span class='ocrx_word' id='word_1_9' title='bbox 283 545 342 592; x_wconf 84' lang='lat' dir='ltr'><strong>et</strong></span> <span class='ocrx_word' id='word_1_10' title='bbox 369 537 428 606; x_wconf 85' lang='lat' dir='ltr'><strong>in</strong></span> <span class='ocrx_word' id='word_1_11' title='bbox 635 540 722 590; x_wconf 88' lang='lat' dir='ltr'><strong>est</strong></span> <span class='ocrx_word' id='word_1_12' title='bbox 741 530 921 588; x_wconf 82' lang='lat' dir='ltr'><strong>futura</strong></span> <span class='ocrx_word' id='word_1_13' title='bbox 944 531 1217 604; x_wconf 80' lang='lat' dir='ltr'><strong>signiﬁcat</strong></span> <span class='ocrx_word' id='word_1_14' title='bbox 1234 575 1250 600; x_wconf 92' lang='lat'><strong>,</strong></span> <span class='ocrx_word' id='word_1_15' title='bbox 1271 535 1398 604; x_wconf 84' lang='lat' dir='ltr'><strong>quia</strong></span> <span class='ocrx_word' id='word_1_16' title='bbox 1421 549 1527 590; x_wconf 90' lang='lat' dir='ltr'><strong>non</strong></span> <span class='ocrx_word' id='word_1_17' title='bbox 1552 534 1694 589; x_wconf 90' lang='lat' dir='ltr'><strong>sicut</strong></span> <span class='ocrx_word' id='word_1_18' title='bbox 1714 533 1878 604; x_wconf 83' lang='lat' dir='ltr'><strong>Enty-</strong></span> <span class='ocrx_word' id='word_1_19' title='bbox 1909 535 1959 595; x_wconf 83' lang='grc' dir='ltr'><strong>Α</strong></span> <span class='ocrx_word' id='word_1_20' title='bbox 1984 542 2107 603; x_wconf 89' lang='lat' dir='ltr'><strong>post</strong></span> <span class='ocrx_word' id='word_1_21' title='bbox 2136 537 2589 592; x_wconf 90' lang='lat' dir='ltr'><strong>resurrectionem</strong></span> <span class='ocrx_word' id='word_1_22' title='bbox 2612 535 2825 592; x_wconf 84' lang='lat' dir='ltr'><strong>Domini</strong></span> <span class='ocrx_word' id='word_1_23' title='bbox 2859 545 3110 607; x_wconf 79' lang='lat' dir='ltr'><strong>patenter</strong></span> <span class='ocrx_word' id='word_1_24' title='bbox 3135 548 3480 610; x_wconf 86' lang='lat' dir='ltr'><strong>acceperunt,</strong></span> <span class='ocrx_word' id='word_1_25' title='bbox 3517 551 3578 597; x_wconf 91' lang='lat' dir='ltr'><strong>ut</strong></span> 
     </span>
    </p>
   </div>
   <div class='ocr_carea' id='block_1_5' title="bbox 286 624 1880 697">
    <p class='ocr_par' dir='ltr' id='par_1_5' title="bbox 286 624 1880 697">
     <span class='ocr_line' id='line_1_5' title="bbox 286 624 1880 697; baseline -0.008 -9"><span class='ocrx_word' id='word_1_26' title='bbox 286 632 451 688; x_wconf 89' lang='lat' dir='ltr'><strong>chius</strong></span> <span class='ocrx_word' id='word_1_27' title='bbox 479 625 1102 696; x_wconf 67' lang='lat' dir='ltr'><strong>Constantinopolitanae</strong></span> <span class='ocrx_word' id='word_1_28' title='bbox 1128 625 1279 682; x_wconf 86' lang='lat' dir='ltr'><strong>urbis</strong></span> <span class='ocrx_word' id='word_1_29' title='bbox 1313 625 1598 697; x_wconf 82' lang='lat' dir='ltr'><strong>episcopus</strong></span> <span class='ocrx_word' id='word_1_30' title='bbox 1627 624 1843 696; x_wconf 79' lang='lat' dir='ltr'><strong>scrip..it</strong></span> <span class='ocrx_word' id='word_1_31' title='bbox 1869 642 1880 676; x_wconf 94' lang='lat'><em>:</em></span> 
     </span>
    </p>
   </div>
   <div class='ocr_carea' id='block_1_6' title="bbox 291 715 1887 795">
    <p class='ocr_par' dir='ltr' id='par_1_6' title="bbox 291 715 1887 795">
     <span class='ocr_line' id='line_1_6' title="bbox 291 715 1887 795; baseline -0.006 -17"><span class='ocrx_word' id='word_1_32' title='bbox 291 721 540 795; x_wconf 64' lang='lat' dir='ltr'><strong>«Corpus</strong></span> <span class='ocrx_word' id='word_1_33' title='bbox 563 729 812 777; x_wconf 88' lang='lat' dir='ltr'><strong>nostrum</strong></span> <span class='ocrx_word' id='word_1_34' title='bbox 834 720 888 775; x_wconf 91' lang='lat' dir='ltr'><strong>in</strong></span> <span class='ocrx_word' id='word_1_35' title='bbox 911 718 1002 774; x_wconf 84' lang='lat' dir='ltr'><strong>illa</strong></span> <span class='ocrx_word' id='word_1_36' title='bbox 1025 718 1439 774; x_wconf 79' lang='lat' dir='ltr'><strong>resurrectionis</strong></span> <span class='ocrx_word' id='word_1_37' title='bbox 1461 716 1632 788; x_wconf 80' lang='lat' dir='ltr'><strong>gloria</strong></span> <span class='ocrx_word' id='word_1_38' title='bbox 1653 715 1759 771; x_wconf 88' lang='lat' dir='ltr'><strong>erit</strong></span> <span class='ocrx_word' id='word_1_39' title='bbox 1788 715 1887 769; x_wconf 86' lang='lat' dir='ltr'><strong>im-</strong></span> 
     </span>
    </p>
   </div>
   <div class='ocr_carea' id='block_1_7' title="bbox 285 802 1884 887">
    <p class='ocr_par' dir='ltr' id='par_1_7' title="bbox 285 802 1884 887">
     <span class='ocr_line' id='line_1_7' title="bbox 285 802 1884 887; baseline -0.007 -16"><span class='ocrx_word' id='word_1_40' title='bbox 285 813 560 887; x_wconf 68' lang='lat' dir='ltr'><strong>palpsbile</strong></span> <span class='ocrx_word' id='word_1_41' title='bbox 579 854 594 880; x_wconf 93' lang='lat'><strong>,</strong></span> <span class='ocrx_word' id='word_1_42' title='bbox 624 811 803 867; x_wconf 87' lang='lat' dir='ltr'><strong>ventis</strong></span> <span class='ocrx_word' id='word_1_43' title='bbox 827 807 1360 881; x_wconf 34' lang='lat' dir='ltr'><strong>aereque‘subtilius.</strong></span> <span class='ocrx_word' id='word_1_44' title='bbox 1395 808 1452 862; x_wconf 87' lang='lat' dir='ltr'><strong>in</strong></span> <span class='ocrx_word' id='word_1_45' title='bbox 1483 802 1574 862; x_wconf 84' lang='lat' dir='ltr'><strong>illa</strong></span> <span class='ocrx_word' id='word_1_46' title='bbox 1601 807 1746 862; x_wconf 89' lang='lat' dir='ltr'><strong>enim</strong></span> <span class='ocrx_word' id='word_1_47' title='bbox 1794 821 1884 861; x_wconf 89' lang='lat' dir='ltr'><strong>re-</strong></span> 
     </span>
    </p>
   </div>
   <div class='ocr_carea' id='block_1_8' title="bbox 285 899 1882 976">
    <p class='ocr_par' dir='ltr' id='par_1_8' title="bbox 285 899 1882 976">
     <span class='ocr_line' id='line_1_8' title="bbox 285 899 1882 976; baseline -0.006 -12"><span class='ocrx_word' id='word_1_48' title='bbox 285 905 650 964; x_wconf 86' lang='lat' dir='ltr'><strong>surrectionis</strong></span> <span class='ocrx_word' id='word_1_49' title='bbox 662 904 832 976; x_wconf 86' lang='lat' dir='ltr'><strong>gloria</strong></span> <span class='ocrx_word' id='word_1_50' title='bbox 847 904 957 958; x_wconf 89' lang='lat' dir='ltr'><strong>erit</strong></span> <span class='ocrx_word' id='word_1_51' title='bbox 970 918 1171 972; x_wconf 85' lang='lat' dir='ltr'><strong>corpus</strong></span> <span class='ocrx_word' id='word_1_52' title='bbox 1187 909 1435 958; x_wconf 86' lang='lat' dir='ltr'><strong>nostrum</strong></span> <span class='ocrx_word' id='word_1_53' title='bbox 1454 900 1652 958; x_wconf 75' lang='lat' dir='ltr'><strong>subtile</strong></span> <span class='ocrx_word' id='word_1_54' title='bbox 1666 899 1882 969; x_wconf 86' lang='lat' dir='ltr'><strong>quidem</strong></span> 
     </span>
    </p>
   </div>
   <div class='ocr_carea' id='block_1_9' title="bbox 287 993 1884 1081">
    <p class='ocr_par' dir='ltr' id='par_1_9' title="bbox 287 993 1884 1081">
     <span class='ocr_line' id='line_1_9' title="bbox 287 993 1884 1081; baseline -0.004 -25"><span class='ocrx_word' id='word_1_55' title='bbox 287 1016 394 1074; x_wconf 83' lang='lat' dir='ltr'><strong>per</strong></span> <span class='ocrx_word' id='word_1_56' title='bbox 432 998 689 1056; x_wconf 80' lang='lat' dir='ltr'><strong>eﬂ‘ectum</strong></span> <span class='ocrx_word' id='word_1_57' title='bbox 735 996 1037 1069; x_wconf 85' lang='lat' dir='ltr'><strong>spiritualis</strong></span> <span class='ocrx_word' id='word_1_58' title='bbox 1077 995 1364 1081; x_wconf 68' lang='lat' dir='ltr'><strong>potentiae,</strong></span> <span class='ocrx_word' id='word_1_59' title='bbox 1410 993 1504 1049; x_wconf 88' lang='lat' dir='ltr'><strong>sed</strong></span> <span class='ocrx_word' id='word_1_60' title='bbox 1536 1002 1592 1050; x_wconf 88' lang='lat' dir='ltr'><strong>et</strong></span> <span class='ocrx_word' id='word_1_61' title='bbox 1619 993 1884 1065; x_wconf 83' lang='lat' dir='ltr'><strong>palpabile</strong></span> 
     </span>
    </p>
   </div>
   <div class='ocr_carea' id='block_1_10' title="bbox 283 1080 1881 1160">
    <p class='ocr_par' dir='ltr' id='par_1_10' title="bbox 283 1080 1881 1160">
     <span class='ocr_line' id='line_1_10' title="bbox 283 1080 1881 1160; baseline -0.004 -15"><span class='ocrx_word' id='word_1_62' title='bbox 283 1105 387 1160; x_wconf 85' lang='lat' dir='ltr'><strong>per</strong></span> <span class='ocrx_word' id='word_1_63' title='bbox 412 1088 702 1144; x_wconf 88' lang='lat' dir='ltr'><strong>veritatem</strong></span> <span class='ocrx_word' id='word_1_64' title='bbox 728 1095 960 1141; x_wconf 67' lang='lat' dir='ltr'><strong>naturae.</strong></span> <span class='ocrx_word' id='word_1_65' title='bbox 991 1105 1010 1137; x_wconf 76' lang='grc' dir='ltr'><strong><em>ι</em></strong></span> <span class='ocrx_word' id='word_1_66' title='bbox 1040 1080 1226 1154; x_wconf 86' lang='lat' dir='ltr'><strong>Neque</strong></span> <span class='ocrx_word' id='word_1_67' title='bbox 1257 1080 1384 1141; x_wconf 84' lang='lat' dir='ltr'><strong>huic</strong></span> <span class='ocrx_word' id='word_1_68' title='bbox 1409 1083 1696 1139; x_wconf 86' lang='lat' dir='ltr'><strong>assertioni</strong></span> <span class='ocrx_word' id='word_1_69' title='bbox 1725 1090 1881 1154; x_wconf 87' lang='lat' dir='ltr'><strong>pute-</strong></span> 
     </span>
    </p>
   </div>
   <div class='ocr_carea' id='block_1_11' title="bbox 286 1174 1884 1249">
    <p class='ocr_par' dir='ltr' id='par_1_11' title="bbox 286 1174 1884 1249">
     <span class='ocr_line' id='line_1_11' title="bbox 286 1174 1884 1249; baseline -0.001 -17"><span class='ocrx_word' id='word_1_70' title='bbox 286 1187 382 1232; x_wconf 89' lang='lat' dir='ltr'><strong>tur</strong></span> <span class='ocrx_word' id='word_1_71' title='bbox 403 1177 651 1249; x_wconf 82' lang='lat' dir='ltr'><strong>Apostoli</strong></span> <span class='ocrx_word' id='word_1_72' title='bbox 676 1191 860 1232; x_wconf 87' lang='lat' dir='ltr'><strong>sermo</strong></span> <span class='ocrx_word' id='word_1_73' title='bbox 891 1189 1228 1247; x_wconf 86' lang='lat' dir='ltr'><strong>repugnare,</strong></span> <span class='ocrx_word' id='word_1_74' title='bbox 1256 1175 1384 1245; x_wconf 84' lang='lat' dir='ltr'><strong>quia</strong></span> <span class='ocrx_word' id='word_1_75' title='bbox 1410 1189 1540 1229; x_wconf 88' lang='lat' dir='ltr'><strong>caro</strong></span> <span class='ocrx_word' id='word_1_76' title='bbox 1576 1181 1631 1228; x_wconf 92' lang='lat' dir='ltr'><strong>et</strong></span> <span class='ocrx_word' id='word_1_77' title='bbox 1663 1174 1884 1245; x_wconf 81' lang='lat' dir='ltr'><strong>sanguis</strong></span> 
     </span>
    </p>
   </div>
   <div class='ocr_carea' id='block_1_12' title="bbox 285 1249 1882 1336">
    <p class='ocr_par' dir='ltr' id='par_1_12' title="bbox 285 1249 1882 1336">
     <span class='ocr_line' id='line_1_12' title="bbox 285 1249 1882 1336; baseline -0.002 -15"><span class='ocrx_word' id='word_1_78' title='bbox 285 1280 517 1336; x_wconf 85' lang='lat' dir='ltr'><strong>regnum</strong></span> <span class='ocrx_word' id='word_1_79' title='bbox 559 1265 655 1321; x_wconf 90' lang='lat' dir='ltr'><strong>Dei</strong></span> <span class='ocrx_word' id='word_1_80' title='bbox 697 1281 805 1320; x_wconf 90' lang='lat' dir='ltr'><strong>non</strong></span> <span class='ocrx_word' id='word_1_81' title='bbox 845 1249 1219 1336; x_wconf 81' lang='lat' dir='ltr'><strong>possidebunt.</strong></span> <span class='ocrx_word' id='word_1_82' title='bbox 1263 1263 1379 1320; x_wconf 85' lang='lat' dir='ltr'><strong>lloc</strong></span> <span class='ocrx_word' id='word_1_83' title='bbox 1413 1261 1561 1320; x_wconf 91' lang='lat' dir='ltr'><strong>enim</strong></span> <span class='ocrx_word' id='word_1_84' title='bbox 1593 1261 1715 1319; x_wconf 91' lang='lat' dir='ltr'><strong>loco</strong></span> <span class='ocrx_word' id='word_1_85' title='bbox 1739 1263 1882 1334; x_wconf 85' lang='lat' dir='ltr'><strong>Apo-</strong></span> 
     </span>
    </p>
   </div>
   <div class='ocr_carea' id='block_1_13' title="bbox 285 1359 1883 1433">
    <p class='ocr_par' dir='ltr' id='par_1_13' title="bbox 285 1359 1883 1433">
     <span class='ocr_line' id='line_1_13' title="bbox 285 1359 1883 1433; baseline -0.004 -12"><span class='ocrx_word' id='word_1_86' title='bbox 285 1364 460 1421; x_wconf 89' lang='lat' dir='ltr'><strong>stolus</strong></span> <span class='ocrx_word' id='word_1_87' title='bbox 485 1364 668 1421; x_wconf 89' lang='lat' dir='ltr'><strong>carnls</strong></span> <span class='ocrx_word' id='word_1_88' title='bbox 692 1372 750 1419; x_wconf 91' lang='lat' dir='ltr'><strong>et</strong></span> <span class='ocrx_word' id='word_1_89' title='bbox 772 1363 1054 1433; x_wconf 83' lang='lat' dir='ltr'><strong>sanguinis</strong></span> <span class='ocrx_word' id='word_1_90' title='bbox 1091 1362 1311 1418; x_wconf 85' lang='lat' dir='ltr'><strong>nomine</strong></span> <span class='ocrx_word' id='word_1_91' title='bbox 1330 1402 1344 1427; x_wconf 93' lang='lat'><strong>,</strong></span> <span class='ocrx_word' id='word_1_92' title='bbox 1369 1376 1480 1416; x_wconf 90' lang='lat' dir='ltr'><strong>non</strong></span> <span class='ocrx_word' id='word_1_93' title='bbox 1520 1359 1883 1416; x_wconf 82' lang='lat' dir='ltr'><strong>substantiam</strong></span> 
     </span>
    </p>
   </div>
   <div class='ocr_carea' id='block_1_14' title="bbox 285 1450 1882 1525">
    <p class='ocr_par' dir='ltr' id='par_1_14' title="bbox 285 1450 1882 1525">
     <span class='ocr_line' id='line_1_14' title="bbox 285 1450 1882 1525; baseline -0.001 -17"><span class='ocrx_word' id='word_1_94' title='bbox 285 1455 404 1510; x_wconf 84' lang='lat' dir='ltr'><strong>veri</strong></span> <span class='ocrx_word' id='word_1_95' title='bbox 429 1454 710 1525; x_wconf 90' lang='lat' dir='ltr'><strong>corporis,</strong></span> <span class='ocrx_word' id='word_1_96' title='bbox 753 1453 847 1508; x_wconf 87' lang='lat' dir='ltr'><strong>sed</strong></span> <span class='ocrx_word' id='word_1_97' title='bbox 888 1453 1293 1524; x_wconf 86' lang='lat' dir='ltr'><strong>cormptionem</strong></span> <span class='ocrx_word' id='word_1_98' title='bbox 1331 1451 1682 1507; x_wconf 85' lang='lat' dir='ltr'><strong>mortalitatis</strong></span> <span class='ocrx_word' id='word_1_99' title='bbox 1716 1450 1882 1522; x_wconf 85' lang='lat' dir='ltr'><strong>signi-</strong></span> 
     </span>
    </p>
   </div>
   <div class='ocr_carea' id='block_1_15' title="bbox 284 1543 1881 1617">
    <p class='ocr_par' dir='ltr' id='par_1_15' title="bbox 284 1543 1881 1617">
     <span class='ocr_line' id='line_1_15' title="bbox 284 1543 1881 1617; baseline -0.002 -16"><span class='ocrx_word' id='word_1_100' title='bbox 284 1545 438 1611; x_wconf 84' lang='lat' dir='ltr'><strong>ﬁcat,</strong></span> <span class='ocrx_word' id='word_1_101' title='bbox 463 1546 608 1602; x_wconf 80' lang='lat' dir='ltr'><strong>sient</strong></span> <span class='ocrx_word' id='word_1_102' title='bbox 634 1545 749 1617; x_wconf 86' lang='lat' dir='ltr'><strong>ipse</strong></span> <span class='ocrx_word' id='word_1_103' title='bbox 765 1553 1170 1615; x_wconf 83' lang='lat' dir='ltr'><strong>consequenter</strong></span> <span class='ocrx_word' id='word_1_104' title='bbox 1193 1544 1488 1614; x_wconf 88' lang='lat' dir='ltr'><strong>exposuit,</strong></span> <span class='ocrx_word' id='word_1_105' title='bbox 1508 1543 1740 1601; x_wconf 84' lang='lat' dir='ltr'><strong>dicens:</strong></span> <span class='ocrx_word' id='word_1_106' title='bbox 1770 1543 1881 1598; x_wconf 88' lang='lat' dir='ltr'><strong>Ne-</strong></span> 
     </span>
    </p>
   </div>
   <div class='ocr_carea' id='block_1_16' title="bbox 281 1635 1447 1710">
    <p class='ocr_par' dir='ltr' id='par_1_16' title="bbox 281 1635 1447 1710">
     <span class='ocr_line' id='line_1_16' title="bbox 281 1635 1447 1710; baseline -0.003 -18"><span class='ocrx_word' id='word_1_107' title='bbox 281 1654 386 1710; x_wconf 82' lang='lat' dir='ltr'><strong>que</strong></span> <span class='ocrx_word' id='word_1_108' title='bbox 423 1638 690 1708; x_wconf 76' lang='lat' dir='ltr'><strong>corruptio</strong></span> <span class='ocrx_word' id='word_1_109' title='bbox 713 1637 1125 1708; x_wconf 82' lang='lat' dir='ltr'><strong>incorruptelam</strong></span> <span class='ocrx_word' id='word_1_110' title='bbox 1147 1635 1447 1707; x_wconf 73' lang='lat' dir='ltr'><strong>possidebit.</strong></span> 
     </span>
    </p>
   </div>
   <div class='ocr_carea' id='block_1_17' title="bbox 356 1725 1876 1800">
    <p class='ocr_par' dir='ltr' id='par_1_17' title="bbox 356 1725 1876 1800">
     <span class='ocr_line' id='line_1_17' title="bbox 356 1725 1876 1800; baseline -0.003 -13"><span class='ocrx_word' id='word_1_111' title='bbox 356 1729 502 1787; x_wconf 85' lang='lat' dir='ltr'><strong>Dicit</strong></span> <span class='ocrx_word' id='word_1_112' title='bbox 529 1743 653 1799; x_wconf 84' lang='lat' dir='ltr'><strong>ergo</strong></span> <span class='ocrx_word' id='word_1_113' title='bbox 676 1730 752 1785; x_wconf 82' lang='lat' dir='ltr'><strong>eis</strong></span> <span class='ocrx_word' id='word_1_114' title='bbox 775 1730 1008 1784; x_wconf 75' lang='lat' dir='ltr'><strong>iterum:</strong></span> <span class='ocrx_word' id='word_1_115' title='bbox 1040 1725 1163 1784; x_wconf 71' lang='lat' dir='ltr'><strong>Pas:</strong></span> <span class='ocrx_word' id='word_1_116' title='bbox 1201 1729 1362 1784; x_wconf 81' lang='lat' dir='ltr'><strong>uobis.</strong></span> <span class='ocrx_word' id='word_1_117' title='bbox 1409 1727 1512 1800; x_wconf 79' lang='lat' dir='ltr'><strong>(Ex</strong></span> <span class='ocrx_word' id='word_1_118' title='bbox 1541 1726 1730 1800; x_wconf 79' lang='lat' dir='ltr'><strong>Greg.)</strong></span> <span class='ocrx_word' id='word_1_119' title='bbox 1767 1727 1876 1783; x_wconf 64' lang='lat' dir='ltr'><strong>lte-</strong></span> 
     </span>
    </p>
   </div>
   <div class='ocr_carea' id='block_1_18' title="bbox 223 1819 1882 1889">
    <p class='ocr_par' dir='ltr' id='par_1_18' title="bbox 223 1819 1882 1889">
     <span class='ocr_line' id='line_1_18' title="bbox 223 1819 1882 1889; baseline -0.002 -12"><span class='ocrx_word' id='word_1_120' title='bbox 223 1859 225 1861; x_wconf 61' lang='grc' dir='ltr'><strong><em>ι</em></strong></span> <span class='ocrx_word' id='word_1_121' title='bbox 285 1823 429 1878; x_wconf 83' lang='lat' dir='ltr'><strong>ratio</strong></span> <span class='ocrx_word' id='word_1_122' title='bbox 483 1819 1142 1877; x_wconf 80' lang='lat' dir='ltr'><strong>sermonls&#39;conlirmatio</strong></span> <span class='ocrx_word' id='word_1_123' title='bbox 1166 1827 1283 1876; x_wconf 78' lang='lat' dir='ltr'><strong>&#39;est.</strong></span> <span class='ocrx_word' id='word_1_124' title='bbox 1335 1819 1490 1889; x_wconf 87' lang='lat' dir='ltr'><strong>Quod</strong></span> <span class='ocrx_word' id='word_1_125' title='bbox 1523 1827 1708 1875; x_wconf 87' lang='lat' dir='ltr'><strong>autem</strong></span> <span class='ocrx_word' id='word_1_126' title='bbox 1746 1819 1882 1876; x_wconf 87' lang='lat' dir='ltr'><strong>dicit-</strong></span> 
     </span>
    </p>
   </div>
   <div class='ocr_carea' id='block_1_19' title="bbox 1987 627 3260 702">
    <p class='ocr_par' dir='ltr' id='par_1_19' title="bbox 1987 627 3260 702">
     <span class='ocr_line' id='line_1_19' title="bbox 1987 627 3260 702; baseline 0.003 -21"><span class='ocrx_word' id='word_1_127' title='bbox 1987 627 2245 696; x_wconf 83' lang='lat' dir='ltr'><strong>prodesse</strong></span> <span class='ocrx_word' id='word_1_128' title='bbox 2271 644 2377 684; x_wconf 91' lang='lat' dir='ltr'><strong>non</strong></span> <span class='ocrx_word' id='word_1_129' title='bbox 2414 630 2602 698; x_wconf 85' lang='lat' dir='ltr'><strong>paucis</strong></span> <span class='ocrx_word' id='word_1_130' title='bbox 2630 629 2723 684; x_wconf 90' lang='lat' dir='ltr'><strong>sed</strong></span> <span class='ocrx_word' id='word_1_131' title='bbox 2753 630 2994 700; x_wconf 86' lang='lat' dir='ltr'><strong>pluribus</strong></span> <span class='ocrx_word' id='word_1_132' title='bbox 3019 639 3260 702; x_wconf 89' lang='lat' dir='ltr'><strong>possent.</strong></span> 
     </span>
    </p>
   </div>
   <div class='ocr_carea' id='block_1_20' title="bbox 2061 717 3581 800">
    <p class='ocr_par' dir='ltr' id='par_1_20' title="bbox 2061 717 3581 800">
     <span class='ocr_line' id='line_1_20' title="bbox 2061 717 3581 800; baseline 0.007 -28"><span class='ocrx_word' id='word_1_133' title='bbox 2061 717 2285 774; x_wconf 81' lang='lat' dir='ltr'><strong>Thomas</strong></span> <span class='ocrx_word' id='word_1_134' title='bbox 2314 731 2492 776; x_wconf 86' lang='lat' dir='ltr'><strong>autem</strong></span> <span class='ocrx_word' id='word_1_135' title='bbox 2511 739 2648 777; x_wconf 89' lang='lat' dir='ltr'><strong>unus</strong></span> <span class='ocrx_word' id='word_1_136' title='bbox 2675 723 2745 777; x_wconf 87' lang='lat' dir='ltr'><strong>de</strong></span> <span class='ocrx_word' id='word_1_137' title='bbox 2759 723 3053 787; x_wconf 82' lang='lat' dir='ltr'><strong>duodecim,</strong></span> <span class='ocrx_word' id='word_1_138' title='bbox 3084 725 3174 795; x_wconf 86' lang='lat' dir='ltr'><strong>qui</strong></span> <span class='ocrx_word' id='word_1_139' title='bbox 3197 725 3390 780; x_wconf 86' lang='lat' dir='ltr'><strong>dicitur</strong></span> <span class='ocrx_word' id='word_1_140' title='bbox 3412 726 3581 800; x_wconf 80' lang='lat' dir='ltr'><strong>Didy-</strong></span> 
     </span>
    </p>
   </div>
   <div class='ocr_carea' id='block_1_21' title="bbox 1985 813 3579 888">
    <p class='ocr_par' dir='ltr' id='par_1_21' title="bbox 1985 813 3579 888">
     <span class='ocr_line' id='line_1_21' title="bbox 1985 813 3579 888; baseline 0.007 -25"><span class='ocrx_word' id='word_1_141' title='bbox 1985 827 2124 875; x_wconf 88' lang='lat' dir='ltr'><strong>mus,</strong></span> <span class='ocrx_word' id='word_1_142' title='bbox 2153 828 2256 866; x_wconf 89' lang='lat' dir='ltr'><strong>non</strong></span> <span class='ocrx_word' id='word_1_143' title='bbox 2283 822 2418 877; x_wconf 84' lang='lat' dir='ltr'><strong>erat,</strong></span> <span class='ocrx_word' id='word_1_144' title='bbox 2459 822 2563 869; x_wconf 90' lang='lat' dir='ltr'><strong>etc.</strong></span> <span class='ocrx_word' id='word_1_145' title='bbox 2599 813 2701 886; x_wconf 80' lang='lat' dir='ltr'><strong>(Ex</strong></span> <span class='ocrx_word' id='word_1_146' title='bbox 2726 813 2915 887; x_wconf 84' lang='lat' dir='ltr'><strong>Greg.)</strong></span> <span class='ocrx_word' id='word_1_147' title='bbox 2963 815 3070 870; x_wconf 84' lang='lat' dir='ltr'><strong>iste</strong></span> <span class='ocrx_word' id='word_1_148' title='bbox 3115 832 3254 870; x_wconf 89' lang='lat' dir='ltr'><strong>unus</strong></span> <span class='ocrx_word' id='word_1_149' title='bbox 3282 817 3579 888; x_wconf 83' lang='lat' dir='ltr'><strong>discipulus</strong></span> 
     </span>
    </p>
   </div>
   <div class='ocr_carea' id='block_1_22' title="bbox 1985 904 3576 976">
    <p class='ocr_par' dir='ltr' id='par_1_22' title="bbox 1985 904 3576 976">
     <span class='ocr_line' id='line_1_22' title="bbox 1985 904 3576 976; baseline 0.003 -15"><span class='ocrx_word' id='word_1_150' title='bbox 1985 904 2178 968; x_wconf 83' lang='lat' dir='ltr'><strong>defuit,</strong></span> <span class='ocrx_word' id='word_1_151' title='bbox 2206 920 2481 970; x_wconf 83' lang='lat' dir='ltr'><strong>reversus,</strong></span> <span class='ocrx_word' id='word_1_152' title='bbox 2527 906 2671 975; x_wconf 85' lang='lat' dir='ltr'><strong>quod</strong></span> <span class='ocrx_word' id='word_1_153' title='bbox 2701 916 2914 976; x_wconf 85' lang='lat' dir='ltr'><strong>gestum</strong></span> <span class='ocrx_word' id='word_1_154' title='bbox 2957 913 3066 971; x_wconf 89' lang='lat' dir='ltr'><strong>est,</strong></span> <span class='ocrx_word' id='word_1_155' title='bbox 3119 908 3359 973; x_wconf 58' lang='lat' dir='ltr'><strong>audivit,</strong></span> <span class='ocrx_word' id='word_1_156' title='bbox 3394 910 3576 965; x_wconf 89' lang='lat' dir='ltr'><strong>audita</strong></span> 
     </span>
    </p>
   </div>
   <div class='ocr_carea' id='block_1_23' title="bbox 1983 995 3578 1064">
    <p class='ocr_par' dir='ltr' id='par_1_23' title="bbox 1983 995 3578 1064">
     <span class='ocr_line' id='line_1_23' title="bbox 1983 995 3578 1064; baseline 0.004 -15"><span class='ocrx_word' id='word_1_157' title='bbox 1983 996 2207 1051; x_wconf 86' lang='lat' dir='ltr'><strong>credere</strong></span> <span class='ocrx_word' id='word_1_158' title='bbox 2239 996 2440 1052; x_wconf 86' lang='lat' dir='ltr'><strong>renuit.</strong></span> <span class='ocrx_word' id='word_1_159' title='bbox 2478 995 2638 1051; x_wconf 80' lang='lat' dir='ltr'><strong>Venit</strong></span> <span class='ocrx_word' id='word_1_160' title='bbox 2668 997 2864 1052; x_wconf 82' lang='lat' dir='ltr'><strong>iterum</strong></span> <span class='ocrx_word' id='word_1_161' title='bbox 2895 997 3178 1064; x_wconf 90' lang='lat' dir='ltr'><strong>Dominus,</strong></span> <span class='ocrx_word' id='word_1_162' title='bbox 3222 1007 3280 1054; x_wconf 95' lang='lat' dir='ltr'><strong>et</strong></span> <span class='ocrx_word' id='word_1_163' title='bbox 3318 1015 3424 1054; x_wconf 91' lang='lat' dir='ltr'><strong>non</strong></span> <span class='ocrx_word' id='word_1_164' title='bbox 3459 1015 3578 1055; x_wconf 89' lang='lat' dir='ltr'><strong>cre—</strong></span> 
     </span>
    </p>
   </div>
   <div class='ocr_carea' id='block_1_24' title="bbox 1983 1085 3578 1160">
    <p class='ocr_par' dir='ltr' id='par_1_24' title="bbox 1983 1085 3578 1160">
     <span class='ocr_line' id='line_1_24' title="bbox 1983 1085 3578 1160; baseline 0.005 -20"><span class='ocrx_word' id='word_1_165' title='bbox 1983 1085 2130 1143; x_wconf 86' lang='lat' dir='ltr'><strong>denti</strong></span> <span class='ocrx_word' id='word_1_166' title='bbox 2181 1087 2476 1157; x_wconf 89' lang='lat' dir='ltr'><strong>discipulo,</strong></span> <span class='ocrx_word' id='word_1_167' title='bbox 2520 1087 2664 1144; x_wconf 91' lang='lat' dir='ltr'><strong>latus</strong></span> <span class='ocrx_word' id='word_1_168' title='bbox 2709 1089 3037 1159; x_wconf 86' lang='lat' dir='ltr'><strong>palpandum</strong></span> <span class='ocrx_word' id='word_1_169' title='bbox 3079 1091 3330 1160; x_wconf 84' lang='lat' dir='ltr'><strong>praebuit,</strong></span> <span class='ocrx_word' id='word_1_170' title='bbox 3381 1107 3578 1148; x_wconf 85' lang='lat' dir='ltr'><strong>manus</strong></span> 
     </span>
    </p>
   </div>
   <div class='ocr_carea' id='block_1_25' title="bbox 1980 1178 3578 1248">
    <p class='ocr_par' dir='ltr' id='par_1_25' title="bbox 1980 1178 3578 1248">
     <span class='ocr_line' id='line_1_25' title="bbox 1980 1178 3578 1248; baseline 0.006 -17"><span class='ocrx_word' id='word_1_171' title='bbox 1980 1178 2239 1243; x_wconf 78' lang='lat' dir='ltr'><strong>ostendit,</strong></span> <span class='ocrx_word' id='word_1_172' title='bbox 2275 1187 2334 1234; x_wconf 89' lang='lat' dir='ltr'><strong>et</strong></span> <span class='ocrx_word' id='word_1_173' title='bbox 2359 1188 2576 1236; x_wconf 86' lang='lat' dir='ltr'><strong>ostensa</strong></span> <span class='ocrx_word' id='word_1_174' title='bbox 2606 1197 2826 1237; x_wconf 90' lang='lat' dir='ltr'><strong>suorum</strong></span> <span class='ocrx_word' id='word_1_175' title='bbox 2870 1183 3154 1238; x_wconf 86' lang='lat' dir='ltr'><strong>vulnerum</strong></span> <span class='ocrx_word' id='word_1_176' title='bbox 3186 1184 3460 1248; x_wconf 87' lang='lat' dir='ltr'><strong>cicatrice,</strong></span> <span class='ocrx_word' id='word_1_177' title='bbox 3493 1186 3578 1240; x_wconf 82' lang='lat' dir='ltr'><strong>in-</strong></span> 
     </span>
    </p>
   </div>
   <div class='ocr_carea' id='block_1_26' title="bbox 1981 1269 3577 1344">
    <p class='ocr_par' dir='ltr' id='par_1_26' title="bbox 1981 1269 3577 1344">
     <span class='ocr_line' id='line_1_26' title="bbox 1981 1269 3577 1344; baseline 0.006 -20"><span class='ocrx_word' id='word_1_178' title='bbox 1981 1269 2432 1330; x_wconf 85' lang='lat' dir='ltr'><strong>ﬁdelitatisillius</strong></span> <span class='ocrx_word' id='word_1_179' title='bbox 2457 1276 2658 1332; x_wconf 84' lang='lat' dir='ltr'><strong>vulnus</strong></span> <span class='ocrx_word' id='word_1_180' title='bbox 2688 1277 2918 1332; x_wconf 77' lang='lat' dir='ltr'><strong>sanavit.</strong></span> <span class='ocrx_word' id='word_1_181' title='bbox 2952 1276 3112 1344; x_wconf 87' lang='lat' dir='ltr'><strong>Quid,</strong></span> <span class='ocrx_word' id='word_1_182' title='bbox 3145 1277 3345 1334; x_wconf 81' lang='lat' dir='ltr'><strong>fratres</strong></span> <span class='ocrx_word' id='word_1_183' title='bbox 3371 1280 3577 1334; x_wconf 86' lang='lat' dir='ltr'><strong>charis-</strong></span> 
     </span>
    </p>
   </div>
   <div class='ocr_carea' id='block_1_27' title="bbox 1980 1360 3572 1439">
    <p class='ocr_par' dir='ltr' id='par_1_27' title="bbox 1980 1360 3572 1439">
     <span class='ocr_line' id='line_1_27' title="bbox 1980 1360 3572 1439; baseline 0.005 -24"><span class='ocrx_word' id='word_1_184' title='bbox 1980 1360 2122 1427; x_wconf 88' lang='lat' dir='ltr'><strong>simi,</strong></span> <span class='ocrx_word' id='word_1_185' title='bbox 2150 1362 2290 1432; x_wconf 85' lang='lat' dir='ltr'><strong>quid</strong></span> <span class='ocrx_word' id='word_1_186' title='bbox 2333 1363 2478 1419; x_wconf 87' lang='lat' dir='ltr'><strong>inter</strong></span> <span class='ocrx_word' id='word_1_187' title='bbox 2511 1365 2626 1421; x_wconf 59' lang='lat' dir='ltr'><strong>huic</strong></span> <span class='ocrx_word' id='word_1_188' title='bbox 2658 1366 3131 1422; x_wconf 87' lang='lat' dir='ltr'><strong>animadvertitis?</strong></span> <span class='ocrx_word' id='word_1_189' title='bbox 3156 1366 3408 1439; x_wconf 85' lang='lat' dir='ltr'><strong>Nunquid</strong></span> <span class='ocrx_word' id='word_1_190' title='bbox 3444 1383 3572 1424; x_wconf 87' lang='lat' dir='ltr'><strong>casu</strong></span> 
     </span>
    </p>
   </div>
   <div class='ocr_carea' id='block_1_28' title="bbox 1979 1457 3573 1529">
    <p class='ocr_par' dir='ltr' id='par_1_28' title="bbox 1979 1457 3573 1529">
     <span class='ocr_line' id='line_1_28' title="bbox 1979 1457 3573 1529; baseline 0.006 -21"><span class='ocrx_word' id='word_1_191' title='bbox 1979 1463 2190 1525; x_wconf 87' lang='lat' dir='ltr'><strong>gestum</strong></span> <span class='ocrx_word' id='word_1_192' title='bbox 2239 1457 2482 1512; x_wconf 87' lang='lat' dir='ltr'><strong>creditur</strong></span> <span class='ocrx_word' id='word_1_193' title='bbox 2507 1499 2520 1523; x_wconf 97' lang='lat'><strong>,</strong></span> <span class='ocrx_word' id='word_1_194' title='bbox 2553 1468 2668 1514; x_wconf 15' lang='lat' dir='ltr'><strong>aut&#39;</strong></span> <span class='ocrx_word' id='word_1_195' title='bbox 2700 1459 2906 1515; x_wconf 89' lang='lat' dir='ltr'><strong>electus</strong></span> <span class='ocrx_word' id='word_1_196' title='bbox 2961 1460 3051 1515; x_wconf 86' lang='lat' dir='ltr'><strong>ille</strong></span> <span class='ocrx_word' id='word_1_197' title='bbox 3100 1459 3414 1529; x_wconf 77' lang='lat' dir='ltr'><strong>discipulus</strong></span> <span class='ocrx_word' id='word_1_198' title='bbox 3442 1469 3573 1517; x_wconf 89' lang='lat' dir='ltr'><strong>tunc</strong></span> 
     </span>
    </p>
   </div>
   <div class='ocr_carea' id='block_1_29' title="bbox 1979 1545 3573 1618">
    <p class='ocr_par' dir='ltr' id='par_1_29' title="bbox 1979 1545 3573 1618">
     <span class='ocr_line' id='line_1_29' title="bbox 1979 1545 3573 1618; baseline 0.005 -19"><span class='ocrx_word' id='word_1_199' title='bbox 1979 1545 2214 1612; x_wconf 80' lang='lat' dir='ltr'><strong>deesset,</strong></span> <span class='ocrx_word' id='word_1_200' title='bbox 2241 1551 2536 1618; x_wconf 80' lang='lat' dir='ltr'><strong>post-haec</strong></span> <span class='ocrx_word' id='word_1_201' title='bbox 2564 1551 2790 1606; x_wconf 86' lang='lat' dir='ltr'><strong>veniens</strong></span> <span class='ocrx_word' id='word_1_202' title='bbox 2815 1551 3069 1616; x_wconf 74' lang='lat' dir='ltr'><strong>audiret,</strong></span> <span class='ocrx_word' id='word_1_203' title='bbox 3105 1551 3331 1607; x_wconf 88' lang='lat' dir='ltr'><strong>audiens</strong></span> <span class='ocrx_word' id='word_1_204' title='bbox 3355 1551 3573 1607; x_wconf 88' lang='lat' dir='ltr'><strong>dubita-</strong></span> 
     </span>
    </p>
   </div>
   <div class='ocr_carea' id='block_1_30' title="bbox 1979 1636 3574 1710">
    <p class='ocr_par' dir='ltr' id='par_1_30' title="bbox 1979 1636 3574 1710">
     <span class='ocr_line' id='line_1_30' title="bbox 1979 1636 3574 1710; baseline 0.005 -20"><span class='ocrx_word' id='word_1_205' title='bbox 1979 1644 2084 1700; x_wconf 88' lang='lat' dir='ltr'><strong>ret,</strong></span> <span class='ocrx_word' id='word_1_206' title='bbox 2115 1636 2367 1692; x_wconf 88' lang='lat' dir='ltr'><strong>dubitans</strong></span> <span class='ocrx_word' id='word_1_207' title='bbox 2389 1639 2673 1709; x_wconf 56' lang='lat' dir='ltr'><strong>palparet;</strong></span> <span class='ocrx_word' id='word_1_208' title='bbox 2705 1639 2932 1710; x_wconf 88' lang='lat' dir='ltr'><strong>palpans</strong></span> <span class='ocrx_word' id='word_1_209' title='bbox 2974 1639 3267 1695; x_wconf 83' lang='lat' dir='ltr'><strong>crederet?</strong></span> <span class='ocrx_word' id='word_1_210' title='bbox 3319 1639 3436 1695; x_wconf 87' lang='lat' dir='ltr'><strong>Non</strong></span> <span class='ocrx_word' id='word_1_211' title='bbox 3468 1641 3574 1698; x_wconf 90' lang='lat' dir='ltr'><strong>hoc</strong></span> 
     </span>
    </p>
   </div>
   <div class='ocr_carea' id='block_1_31' title="bbox 1977 1730 3576 1802">
    <p class='ocr_par' dir='ltr' id='par_1_31' title="bbox 1977 1730 3576 1802">
     <span class='ocr_line' id='line_1_31' title="bbox 1977 1730 3576 1802; baseline 0.003 -18"><span class='ocrx_word' id='word_1_212' title='bbox 1977 1743 2129 1793; x_wconf 77' lang='lat' dir='ltr'><strong>casu;</strong></span> <span class='ocrx_word' id='word_1_213' title='bbox 2151 1730 2256 1784; x_wconf 87' lang='lat' dir='ltr'><strong>sed</strong></span> <span class='ocrx_word' id='word_1_214' title='bbox 2271 1730 2879 1801; x_wconf 54' lang='lat' dir='ltr'><strong>divinnrdispensatione</strong></span> <span class='ocrx_word' id='word_1_215' title='bbox 2907 1739 3118 1802; x_wconf 88' lang='lat' dir='ltr'><strong>gestum</strong></span> <span class='ocrx_word' id='word_1_216' title='bbox 3146 1740 3248 1787; x_wconf 83' lang='lat' dir='ltr'><strong>est.</strong></span> <span class='ocrx_word' id='word_1_217' title='bbox 3279 1731 3402 1802; x_wconf 81' lang='lat' dir='ltr'><strong>Egit</strong></span> <span class='ocrx_word' id='word_1_218' title='bbox 3422 1748 3576 1788; x_wconf 88' lang='lat' dir='ltr'><strong>nam-</strong></span> 
     </span>
    </p>
   </div>
   <div class='ocr_carea' id='block_1_32' title="bbox 1977 1822 3570 1894">
    <p class='ocr_par' dir='ltr' id='par_1_32' title="bbox 1977 1822 3570 1894">
     <span class='ocr_line' id='line_1_32' title="bbox 1977 1822 3570 1894; baseline 0.002 -18"><span class='ocrx_word' id='word_1_219' title='bbox 1977 1835 2082 1891; x_wconf 91' lang='lat' dir='ltr'><strong>que</strong></span> <span class='ocrx_word' id='word_1_220' title='bbox 2109 1822 2248 1877; x_wconf 90' lang='lat' dir='ltr'><strong>miro</strong></span> <span class='ocrx_word' id='word_1_221' title='bbox 2269 1823 2427 1877; x_wconf 86' lang='lat' dir='ltr'><strong>modo</strong></span> <span class='ocrx_word' id='word_1_222' title='bbox 2453 1837 2699 1893; x_wconf 84' lang='lat' dir='ltr'><strong>superna</strong></span> <span class='ocrx_word' id='word_1_223' title='bbox 2726 1823 3120 1888; x_wconf 63' lang='lat' dir='ltr'><strong>clementiawt</strong></span> <span class='ocrx_word' id='word_1_224' title='bbox 3145 1823 3442 1894; x_wconf 86' lang='lat' dir='ltr'><strong>discipulus</strong></span> <span class='ocrx_word' id='word_1_225' title='bbox 3472 1823 3570 1878; x_wconf 91' lang='lat' dir='ltr'><strong>du-</strong></span> 
     </span>
    </p>
   </div>
   <div class='ocr_carea' id='block_1_33' title="bbox 283 1903 3571 1986">
    <p class='ocr_par' dir='ltr' id='par_1_33' title="bbox 283 1903 3571 1986">
     <span class='ocr_line' id='line_1_33' title="bbox 283 1903 3571 1986; baseline 0.001 -18"><span class='ocrx_word' id='word_1_226' title='bbox 283 1913 524 1968; x_wconf 89' lang='lat' dir='ltr'><strong>secundo</strong></span> <span class='ocrx_word' id='word_1_227' title='bbox 550 1932 563 1967; x_wconf 90' lang='lat'><strong>:</strong></span> <span class='ocrx_word' id='word_1_228' title='bbox 599 1912 717 1968; x_wconf 67' lang='lat' dir='ltr'><strong>Pax</strong></span> <span class='ocrx_word' id='word_1_229' title='bbox 739 1912 902 1974; x_wconf 82' lang='lat' dir='ltr'><strong>vobis,</strong></span> <span class='ocrx_word' id='word_1_230' title='bbox 940 1912 1182 1968; x_wconf 87' lang='lat' dir='ltr'><strong>ostendit</strong></span> <span class='ocrx_word' id='word_1_231' title='bbox 1203 1911 1484 1982; x_wconf 78' lang='lat' dir='ltr'><strong>paciﬁcatn</strong></span> <span class='ocrx_word' id='word_1_232' title='bbox 1521 1925 1640 1966; x_wconf 88' lang='lat' dir='ltr'><strong>esse</strong></span> <span class='ocrx_word' id='word_1_233' title='bbox 1665 1925 1786 1980; x_wconf 67' lang='lat' dir='ltr'><strong>qua:</strong></span> <span class='ocrx_word' id='word_1_234' title='bbox 1822 1911 1889 1966; x_wconf 90' lang='lat' dir='ltr'><strong>in-</strong></span> <span class='ocrx_word' id='word_1_235' title='bbox 1906 1903 1954 1963; x_wconf 87' lang='lat' dir='ltr'><strong>B</strong></span> <span class='ocrx_word' id='word_1_236' title='bbox 1981 1913 2184 1979; x_wconf 89' lang='lat' dir='ltr'><strong>bitans,</strong></span> <span class='ocrx_word' id='word_1_237' title='bbox 2213 1914 2342 1969; x_wconf 91' lang='lat' dir='ltr'><strong>dum</strong></span> <span class='ocrx_word' id='word_1_238' title='bbox 2364 1915 2615 1986; x_wconf 64' lang='lat' dir='ltr'><strong>mag&#39;stri</strong></span> <span class='ocrx_word' id='word_1_239' title='bbox 2641 1915 2728 1970; x_wconf 85' lang='lat' dir='ltr'><strong>sui</strong></span> <span class='ocrx_word' id='word_1_240' title='bbox 2743 1914 2975 1970; x_wconf 85' lang='lat' dir='ltr'><strong>&#39;vulnera</strong></span> <span class='ocrx_word' id='word_1_241' title='bbox 3007 1915 3255 1984; x_wconf 89' lang='lat' dir='ltr'><strong>palparet</strong></span> <span class='ocrx_word' id='word_1_242' title='bbox 3272 1917 3486 1981; x_wconf 84' lang='lat' dir='ltr'><strong>&#39;carnis,</strong></span> <span class='ocrx_word' id='word_1_243' title='bbox 3514 1915 3571 1970; x_wconf 90' lang='lat' dir='ltr'><strong>in</strong></span> 
     </span>
    </p>
   </div>
   <div class='ocr_carea' id='block_1_34' title="bbox 281 2003 1769 2075">
    <p class='ocr_par' dir='ltr' id='par_1_34' title="bbox 281 2003 1769 2075">
     <span class='ocr_line' id='line_1_34' title="bbox 281 2003 1769 2075; baseline -0.003 -14"><span class='ocrx_word' id='word_1_244' title='bbox 281 2005 439 2061; x_wconf 68' lang='lat' dir='ltr'><strong>cmlis</strong></span> <span class='ocrx_word' id='word_1_245' title='bbox 461 2011 592 2060; x_wconf 87' lang='lat' dir='ltr'><strong>sunt</strong></span> <span class='ocrx_word' id='word_1_246' title='bbox 622 2011 677 2059; x_wconf 92' lang='lat' dir='ltr'><strong>et</strong></span> <span class='ocrx_word' id='word_1_247' title='bbox 700 2018 820 2074; x_wconf 68' lang='lat' dir='ltr'><strong>quae</strong></span> <span class='ocrx_word' id='word_1_248' title='bbox 849 2003 904 2060; x_wconf 92' lang='lat' dir='ltr'><strong>in</strong></span> <span class='ocrx_word' id='word_1_249' title='bbox 935 2003 1096 2059; x_wconf 87' lang='lat' dir='ltr'><strong>terris</strong></span> <span class='ocrx_word' id='word_1_250' title='bbox 1122 2020 1220 2074; x_wconf 88' lang='lat' dir='ltr'><strong>per</strong></span> <span class='ocrx_word' id='word_1_251' title='bbox 1242 2003 1562 2075; x_wconf 86' lang='lat' dir='ltr'><strong>sanguinem</strong></span> <span class='ocrx_word' id='word_1_252' title='bbox 1589 2017 1769 2057; x_wconf 89' lang='lat' dir='ltr'><strong>suum.</strong></span> 
     </span>
    </p>
   </div>
   <div class='ocr_carea' id='block_1_35' title="bbox 357 2081 1891 2164">
    <p class='ocr_par' dir='ltr' id='par_1_35' title="bbox 357 2081 1891 2164">
     <span class='ocr_line' id='line_1_35' title="bbox 357 2081 1891 2164; baseline -0.003 -13"><span class='ocrx_word' id='word_1_253' title='bbox 357 2095 512 2151; x_wconf 80' lang='lat' dir='ltr'><strong>Sicut</strong></span> <span class='ocrx_word' id='word_1_254' title='bbox 539 2095 682 2149; x_wconf 80' lang='lat' dir='ltr'><strong>misit</strong></span> <span class='ocrx_word' id='word_1_255' title='bbox 705 2111 786 2149; x_wconf 87' lang='lat' dir='ltr'><strong>me</strong></span> <span class='ocrx_word' id='word_1_256' title='bbox 822 2091 986 2149; x_wconf 87' lang='lat' dir='ltr'><strong>Pater</strong></span> <span class='ocrx_word' id='word_1_257' title='bbox 1017 2103 1072 2149; x_wconf 88' lang='lat' dir='ltr'><strong>et</strong></span> <span class='ocrx_word' id='word_1_258' title='bbox 1091 2095 1360 2164; x_wconf 80' lang='lat' dir='ltr'><strong>egn&#39;mitto</strong></span> <span class='ocrx_word' id='word_1_259' title='bbox 1383 2111 1489 2148; x_wconf 83' lang='lat' dir='ltr'><strong>vos.</strong></span> <span class='ocrx_word' id='word_1_260' title='bbox 1522 2081 1891 2149; x_wconf 79' lang='lat' dir='ltr'><strong>PaterFilitIm</strong></span> 
     </span>
    </p>
   </div>
   <div class='ocr_carea' id='block_1_36' title="bbox 283 2183 1878 2256">
    <p class='ocr_par' dir='ltr' id='par_1_36' title="bbox 283 2183 1878 2256">
     <span class='ocr_line' id='line_1_36' title="bbox 283 2183 1878 2256; baseline -0.001 -17"><span class='ocrx_word' id='word_1_261' title='bbox 283 2184 469 2250; x_wconf 88' lang='lat' dir='ltr'><strong>misit,</strong></span> <span class='ocrx_word' id='word_1_262' title='bbox 518 2183 612 2256; x_wconf 88' lang='lat' dir='ltr'><strong>qui</strong></span> <span class='ocrx_word' id='word_1_263' title='bbox 660 2183 806 2239; x_wconf 86' lang='lat' dir='ltr'><strong>hunc</strong></span> <span class='ocrx_word' id='word_1_264' title='bbox 839 2198 938 2254; x_wconf 91' lang='lat' dir='ltr'><strong>pro</strong></span> <span class='ocrx_word' id='word_1_265' title='bbox 971 2184 1343 2254; x_wconf 86' lang='lat' dir='ltr'><strong>redemptione</strong></span> <span class='ocrx_word' id='word_1_266' title='bbox 1398 2185 1613 2254; x_wconf 86' lang='lat' dir='ltr'><strong>generis</strong></span> <span class='ocrx_word' id='word_1_267' title='bbox 1655 2183 1878 2239; x_wconf 86' lang='lat' dir='ltr'><strong>humani</strong></span> 
     </span>
    </p>
   </div>
   <div class='ocr_carea' id='block_1_37' title="bbox 284 2263 1878 2343">
    <p class='ocr_par' dir='ltr' id='par_1_37' title="bbox 284 2263 1878 2343">
     <span class='ocr_line' id='line_1_37' title="bbox 284 2263 1878 2343; baseline 0.001 -14"><span class='ocrx_word' id='word_1_268' title='bbox 284 2276 555 2332; x_wconf 87' lang='lat' dir='ltr'><strong>incarnari</strong></span> <span class='ocrx_word' id='word_1_269' title='bbox 583 2276 892 2332; x_wconf 80' lang='lat' dir='ltr'><strong>constituit;</strong></span> <span class='ocrx_word' id='word_1_270' title='bbox 937 2263 1426 2343; x_wconf 19' lang='lat' dir='ltr'><strong>Quem&#39;videlicet&#39;,</strong></span> <span class='ocrx_word' id='word_1_271' title='bbox 1477 2276 1532 2331; x_wconf 92' lang='lat' dir='ltr'><strong>in</strong></span> <span class='ocrx_word' id='word_1_272' title='bbox 1559 2275 1761 2331; x_wconf 86' lang='lat' dir='ltr'><strong>mundo</strong></span> <span class='ocrx_word' id='word_1_273' title='bbox 1787 2289 1878 2330; x_wconf 76' lang='lat' dir='ltr'><strong>ve-</strong></span> 
     </span>
    </p>
   </div>
   <div class='ocr_carea' id='block_1_38' title="bbox 281 2363 1876 2438">
    <p class='ocr_par' dir='ltr' id='par_1_38' title="bbox 281 2363 1876 2438">
     <span class='ocr_line' id='line_1_38' title="bbox 281 2363 1876 2438; baseline -0.001 -17"><span class='ocrx_word' id='word_1_274' title='bbox 281 2366 400 2422; x_wconf 85' lang='lat' dir='ltr'><strong>ni&#39;re</strong></span> <span class='ocrx_word' id='word_1_275' title='bbox 430 2366 498 2421; x_wconf 90' lang='lat' dir='ltr'><strong>ad</strong></span> <span class='ocrx_word' id='word_1_276' title='bbox 528 2365 837 2438; x_wconf 81' lang='lat' dir='ltr'><strong>passionem</strong></span> <span class='ocrx_word' id='word_1_277' title='bbox 866 2366 1056 2430; x_wconf 91' lang='lat' dir='ltr'><strong>voluit,</strong></span> <span class='ocrx_word' id='word_1_278' title='bbox 1092 2366 1188 2421; x_wconf 92' lang='lat' dir='ltr'><strong>sed</strong></span> <span class='ocrx_word' id='word_1_279' title='bbox 1236 2373 1420 2420; x_wconf 88' lang='lat' dir='ltr'><strong>tamen</strong></span> <span class='ocrx_word' id='word_1_280' title='bbox 1460 2363 1876 2420; x_wconf 83' lang='lat' dir='ltr'><strong>amavitFllium</strong></span> 
     </span>
    </p>
   </div>
   <div class='ocr_carea' id='block_1_39' title="bbox 281 2453 1878 2527">
    <p class='ocr_par' dir='ltr' id='par_1_39' title="bbox 281 2453 1878 2527">
     <span class='ocr_line' id='line_1_39' title="bbox 281 2453 1878 2527; baseline -0.001 -15"><span class='ocrx_word' id='word_1_281' title='bbox 281 2473 442 2527; x_wconf 83' lang='lat' dir='ltr'><strong>quem</strong></span> <span class='ocrx_word' id='word_1_282' title='bbox 483 2457 554 2512; x_wconf 90' lang='lat' dir='ltr'><strong>ad</strong></span> <span class='ocrx_word' id='word_1_283' title='bbox 599 2456 913 2527; x_wconf 81' lang='lat' dir='ltr'><strong>passionem</strong></span> <span class='ocrx_word' id='word_1_284' title='bbox 948 2457 1117 2512; x_wconf 85' lang='lat' dir='ltr'><strong>misit.</strong></span> <span class='ocrx_word' id='word_1_285' title='bbox 1169 2455 1385 2512; x_wconf 83' lang='lat' dir='ltr'><strong>Eiectos</strong></span> <span class='ocrx_word' id='word_1_286' title='bbox 1428 2470 1559 2511; x_wconf 86' lang='lat' dir='ltr'><strong>vero</strong></span> <span class='ocrx_word' id='word_1_287' title='bbox 1603 2453 1878 2525; x_wconf 84' lang='lat' dir='ltr'><strong>apostolos</strong></span> 
     </span>
    </p>
   </div>
   <div class='ocr_carea' id='block_1_40' title="bbox 280 2546 1878 2618">
    <p class='ocr_par' dir='ltr' id='par_1_40' title="bbox 280 2546 1878 2618">
     <span class='ocr_line' id='line_1_40' title="bbox 280 2546 1878 2618; baseline -0.001 -14"><span class='ocrx_word' id='word_1_288' title='bbox 280 2549 677 2604; x_wconf 79' lang='lat' dir='ltr'><strong>Dominus‘non</strong></span> <span class='ocrx_word' id='word_1_289' title='bbox 717 2548 784 2603; x_wconf 88' lang='lat' dir='ltr'><strong>ad</strong></span> <span class='ocrx_word' id='word_1_290' title='bbox 812 2547 1001 2603; x_wconf 89' lang='lat' dir='ltr'><strong>mundi</strong></span> <span class='ocrx_word' id='word_1_291' title='bbox 1029 2548 1245 2618; x_wconf 87' lang='lat' dir='ltr'><strong>gaudia,</strong></span> <span class='ocrx_word' id='word_1_292' title='bbox 1277 2547 1396 2612; x_wconf 88' lang='lat' dir='ltr'><strong>sed,</strong></span> <span class='ocrx_word' id='word_1_293' title='bbox 1427 2547 1571 2602; x_wconf 84' lang='lat' dir='ltr'><strong>sicut</strong></span> <span class='ocrx_word' id='word_1_294' title='bbox 1595 2546 1710 2617; x_wconf 88' lang='lat' dir='ltr'><strong>ipse</strong></span> <span class='ocrx_word' id='word_1_295' title='bbox 1747 2547 1878 2602; x_wconf 84' lang='lat' dir='ltr'><strong>mis-</strong></span> 
     </span>
    </p>
   </div>
   <div class='ocr_carea' id='block_1_41' title="bbox 280 2637 1877 2713">
    <p class='ocr_par' dir='ltr' id='par_1_41' title="bbox 280 2637 1877 2713">
     <span class='ocr_line' id='line_1_41' title="bbox 280 2637 1877 2713; baseline -0.002 -15"><span class='ocrx_word' id='word_1_296' title='bbox 280 2651 372 2699; x_wconf 87' lang='lat' dir='ltr'><strong>sus</strong></span> <span class='ocrx_word' id='word_1_297' title='bbox 391 2651 478 2698; x_wconf 88' lang='lat' dir='ltr'><strong>est</strong></span> <span class='ocrx_word' id='word_1_298' title='bbox 505 2642 575 2697; x_wconf 90' lang='lat' dir='ltr'><strong>ad</strong></span> <span class='ocrx_word' id='word_1_299' title='bbox 601 2641 904 2713; x_wconf 86' lang='lat' dir='ltr'><strong>passiones,</strong></span> <span class='ocrx_word' id='word_1_300' title='bbox 944 2641 1002 2695; x_wconf 88' lang='lat' dir='ltr'><strong>in</strong></span> <span class='ocrx_word' id='word_1_301' title='bbox 1032 2637 1291 2696; x_wconf 87' lang='lat' dir='ltr'><strong>mundum</strong></span> <span class='ocrx_word' id='word_1_302' title='bbox 1309 2639 1509 2696; x_wconf 77' lang='lat' dir='ltr'><strong>&#39;mittit.</strong></span> <span class='ocrx_word' id='word_1_303' title='bbox 1561 2637 1717 2695; x_wconf 91' lang='lat' dir='ltr'><strong>Sicut</strong></span> <span class='ocrx_word' id='word_1_304' title='bbox 1744 2653 1877 2710; x_wconf 88' lang='lat' dir='ltr'><strong>ergo</strong></span> 
     </span>
    </p>
   </div>
   <div class='ocr_carea' id='block_1_42' title="bbox 280 2731 1877 2804">
    <p class='ocr_par' dir='ltr' id='par_1_42' title="bbox 280 2731 1877 2804">
     <span class='ocr_line' id='line_1_42' title="bbox 280 2731 1877 2804; baseline -0.003 -12"><span class='ocrx_word' id='word_1_305' title='bbox 280 2733 503 2792; x_wconf 70' lang='lat' dir='ltr'><strong>etﬁlins</strong></span> <span class='ocrx_word' id='word_1_306' title='bbox 530 2745 754 2792; x_wconf 88' lang='lat' dir='ltr'><strong>amatur</strong></span> <span class='ocrx_word' id='word_1_307' title='bbox 774 2750 806 2790; x_wconf 88' lang='lat' dir='ltr'><strong>a</strong></span> <span class='ocrx_word' id='word_1_308' title='bbox 827 2734 1010 2800; x_wconf 86' lang='lat' dir='ltr'><strong>Patre,</strong></span> <span class='ocrx_word' id='word_1_309' title='bbox 1040 2741 1096 2789; x_wconf 82' lang='lat' dir='ltr'><strong>et</strong></span> <span class='ocrx_word' id='word_1_310' title='bbox 1119 2741 1300 2788; x_wconf 89' lang='lat' dir='ltr'><strong>tamen</strong></span> <span class='ocrx_word' id='word_1_311' title='bbox 1327 2733 1396 2788; x_wconf 91' lang='lat' dir='ltr'><strong>ad</strong></span> <span class='ocrx_word' id='word_1_312' title='bbox 1421 2731 1728 2804; x_wconf 83' lang='lat' dir='ltr'><strong>passionem</strong></span> <span class='ocrx_word' id='word_1_313' title='bbox 1751 2732 1877 2787; x_wconf 85' lang='lat' dir='ltr'><strong>mit-</strong></span> 
     </span>
    </p>
   </div>
   <div class='ocr_carea' id='block_1_43' title="bbox 279 2823 1875 2898">
    <p class='ocr_par' dir='ltr' id='par_1_43' title="bbox 279 2823 1875 2898">
     <span class='ocr_line' id='line_1_43' title="bbox 279 2823 1875 2898; baseline -0.003 -16"><span class='ocrx_word' id='word_1_314' title='bbox 279 2828 435 2892; x_wconf 87' lang='lat' dir='ltr'><strong>titur,</strong></span> <span class='ocrx_word' id='word_1_315' title='bbox 473 2827 551 2883; x_wconf 68' lang='grc' dir='ltr'><strong>ξω</strong></span> <span class='ocrx_word' id='word_1_316' title='bbox 577 2837 633 2883; x_wconf 92' lang='lat' dir='ltr'><strong>et</strong></span> <span class='ocrx_word' id='word_1_317' title='bbox 663 2826 913 2898; x_wconf 82' lang='lat' dir='ltr'><strong>discipuli</strong></span> <span class='ocrx_word' id='word_1_318' title='bbox 940 2833 1195 2881; x_wconf 86' lang='lat' dir='ltr'><strong>amantur</strong></span> <span class='ocrx_word' id='word_1_319' title='bbox 1231 2839 1264 2879; x_wconf 91' lang='lat' dir='ltr'><strong>a</strong></span> <span class='ocrx_word' id='word_1_320' title='bbox 1291 2823 1544 2888; x_wconf 87' lang='lat' dir='ltr'><strong>Domino,</strong></span> <span class='ocrx_word' id='word_1_321' title='bbox 1567 2823 1660 2894; x_wconf 92' lang='lat' dir='ltr'><strong>qui</strong></span> <span class='ocrx_word' id='word_1_322' title='bbox 1692 2831 1875 2878; x_wconf 83' lang='lat' dir='ltr'><strong>tamen</strong></span> 
     </span>
    </p>
   </div>
   <div class='ocr_carea' id='block_1_44' title="bbox 280 2913 1869 2992">
    <p class='ocr_par' dir='ltr' id='par_1_44' title="bbox 280 2913 1869 2992">
     <span class='ocr_line' id='line_1_44' title="bbox 280 2913 1869 2992; baseline -0.003 -18"><span class='ocrx_word' id='word_1_323' title='bbox 280 2922 346 2976; x_wconf 86' lang='lat' dir='ltr'><strong>ad</strong></span> <span class='ocrx_word' id='word_1_324' title='bbox 370 2920 686 2992; x_wconf 86' lang='lat' dir='ltr'><strong>passionem</strong></span> <span class='ocrx_word' id='word_1_325' title='bbox 711 2919 1006 2974; x_wconf 90' lang='lat' dir='ltr'><strong>mittuntur</strong></span> <span class='ocrx_word' id='word_1_326' title='bbox 1030 2916 1087 2972; x_wconf 88' lang='lat' dir='ltr'><strong>in</strong></span> <span class='ocrx_word' id='word_1_327' title='bbox 1116 2915 1399 2971; x_wconf 84' lang='lat' dir='ltr'><strong>mundum.</strong></span> <span class='ocrx_word' id='word_1_328' title='bbox 1429 2914 1616 2985; x_wconf 83' lang='lat' dir='ltr'><strong>Itaque</strong></span> <span class='ocrx_word' id='word_1_329' title='bbox 1639 2913 1869 2971; x_wconf 87' lang='lat' dir='ltr'><strong>dicitur:</strong></span> 
     </span>
    </p>
   </div>
   <div class='ocr_carea' id='block_1_45' title="bbox 282 3006 1874 3079">
    <p class='ocr_par' dir='ltr' id='par_1_45' title="bbox 282 3006 1874 3079">
     <span class='ocr_line' id='line_1_45' title="bbox 282 3006 1874 3079; baseline -0.002 -14"><span class='ocrx_word' id='word_1_330' title='bbox 282 3009 423 3066; x_wconf 82' lang='lat' dir='ltr'><strong>Sicut</strong></span> <span class='ocrx_word' id='word_1_331' title='bbox 447 3011 591 3064; x_wconf 81' lang='lat' dir='ltr'><strong>misit</strong></span> <span class='ocrx_word' id='word_1_332' title='bbox 621 3026 703 3064; x_wconf 87' lang='lat' dir='ltr'><strong>me</strong></span> <span class='ocrx_word' id='word_1_333' title='bbox 725 3006 911 3074; x_wconf 84' lang='lat' dir='ltr'><strong>Pater,</strong></span> <span class='ocrx_word' id='word_1_334' title='bbox 940 3016 989 3064; x_wconf 85' lang='lat' dir='ltr'><strong>et</strong></span> <span class='ocrx_word' id='word_1_335' title='bbox 1014 3023 1108 3079; x_wconf 83' lang='lat' dir='ltr'><strong>ego</strong></span> <span class='ocrx_word' id='word_1_336' title='bbox 1129 3007 1281 3062; x_wconf 81' lang='lat' dir='ltr'><strong>mitto</strong></span> <span class='ocrx_word' id='word_1_337' title='bbox 1305 3024 1415 3072; x_wconf 84' lang='lat' dir='ltr'><strong>vos,</strong></span> <span class='ocrx_word' id='word_1_338' title='bbox 1439 3006 1492 3062; x_wconf 90' lang='lat' dir='ltr'><strong>id</strong></span> <span class='ocrx_word' id='word_1_339' title='bbox 1516 3016 1621 3072; x_wconf 90' lang='lat' dir='ltr'><strong>est,</strong></span> <span class='ocrx_word' id='word_1_340' title='bbox 1653 3021 1717 3062; x_wconf 90' lang='lat' dir='ltr'><strong>ea</strong></span> <span class='ocrx_word' id='word_1_341' title='bbox 1744 3006 1874 3062; x_wconf 83' lang='lat' dir='ltr'><strong>cha-</strong></span> 
     </span>
    </p>
   </div>
   <div class='ocr_carea' id='block_1_46' title="bbox 281 3099 1870 3174">
    <p class='ocr_par' dir='ltr' id='par_1_46' title="bbox 281 3099 1870 3174">
     <span class='ocr_line' id='line_1_46' title="bbox 281 3099 1870 3174; baseline -0.003 -16"><span class='ocrx_word' id='word_1_342' title='bbox 281 3104 438 3160; x_wconf 86' lang='lat' dir='ltr'><strong>ritate</strong></span> <span class='ocrx_word' id='word_1_343' title='bbox 461 3117 562 3159; x_wconf 90' lang='lat' dir='ltr'><strong>vos</strong></span> <span class='ocrx_word' id='word_1_344' title='bbox 589 3103 754 3174; x_wconf 88' lang='lat' dir='ltr'><strong>diligo</strong></span> <span class='ocrx_word' id='word_1_345' title='bbox 778 3142 794 3168; x_wconf 94' lang='lat'><strong>,</strong></span> <span class='ocrx_word' id='word_1_346' title='bbox 830 3117 954 3158; x_wconf 90' lang='lat' dir='ltr'><strong>cum</strong></span> <span class='ocrx_word' id='word_1_347' title='bbox 990 3102 1134 3156; x_wconf 88' lang='lat' dir='ltr'><strong>inter</strong></span> <span class='ocrx_word' id='word_1_348' title='bbox 1161 3099 1414 3157; x_wconf 86' lang='lat' dir='ltr'><strong>scandala</strong></span> <span class='ocrx_word' id='word_1_349' title='bbox 1460 3107 1870 3170; x_wconf 87' lang='lat' dir='ltr'><strong>persecutorum</strong></span> 
     </span>
    </p>
   </div>
   <div class='ocr_carea' id='block_1_47' title="bbox 278 3189 1878 3264">
    <p class='ocr_par' dir='ltr' id='par_1_47' title="bbox 278 3189 1878 3264">
     <span class='ocr_line' id='line_1_47' title="bbox 278 3189 1878 3264; baseline -0.001 -15"><span class='ocrx_word' id='word_1_350' title='bbox 278 3194 464 3258; x_wconf 79' lang='lat' dir='ltr'><strong>mitto,</strong></span> <span class='ocrx_word' id='word_1_351' title='bbox 495 3204 605 3264; x_wconf 87' lang='lat' dir='ltr'><strong>qua</strong></span> <span class='ocrx_word' id='word_1_352' title='bbox 637 3207 724 3249; x_wconf 89' lang='lat' dir='ltr'><strong>me</strong></span> <span class='ocrx_word' id='word_1_353' title='bbox 752 3192 1024 3250; x_wconf 73' lang='lat' dir='ltr'><strong>cher-itote</strong></span> <span class='ocrx_word' id='word_1_354' title='bbox 1046 3189 1210 3247; x_wconf 87' lang='lat' dir='ltr'><strong>Pater</strong></span> <span class='ocrx_word' id='word_1_355' title='bbox 1236 3189 1460 3263; x_wconf 77' lang='lat' dir='ltr'><strong>diligit,</strong></span> <span class='ocrx_word' id='word_1_356' title='bbox 1493 3205 1657 3263; x_wconf 91' lang='lat' dir='ltr'><strong>quem</strong></span> <span class='ocrx_word' id='word_1_357' title='bbox 1686 3191 1878 3249; x_wconf 89' lang='lat' dir='ltr'><strong>venire</strong></span> 
     </span>
    </p>
   </div>
   <div class='ocr_carea' id='block_1_48' title="bbox 277 3281 1163 3356">
    <p class='ocr_par' dir='ltr' id='par_1_48' title="bbox 277 3281 1163 3356">
     <span class='ocr_line' id='line_1_48' title="bbox 277 3281 1163 3356; baseline -0.006 -14"><span class='ocrx_word' id='word_1_358' title='bbox 277 3287 344 3342; x_wconf 85' lang='lat' dir='ltr'><strong>ad</strong></span> <span class='ocrx_word' id='word_1_359' title='bbox 369 3285 683 3342; x_wconf 86' lang='lat' dir='ltr'><strong>tolerandas</strong></span> <span class='ocrx_word' id='word_1_360' title='bbox 705 3285 986 3356; x_wconf 85' lang='lat' dir='ltr'><strong>passiones</strong></span> <span class='ocrx_word' id='word_1_361' title='bbox 1001 3281 1163 3339; x_wconf 69' lang='lat' dir='ltr'><strong>fecit.</strong></span> 
     </span>
    </p>
   </div>
   <div class='ocr_carea' id='block_1_49' title="bbox 349 3375 1876 3448">
    <p class='ocr_par' dir='ltr' id='par_1_49' title="bbox 349 3375 1876 3448">
     <span class='ocr_line' id='line_1_49' title="bbox 349 3375 1876 3448; baseline -0.001 -15"><span class='ocrx_word' id='word_1_362' title='bbox 349 3379 466 3435; x_wconf 84' lang='lat' dir='ltr'><strong>Hoc</strong></span> <span class='ocrx_word' id='word_1_363' title='bbox 501 3395 622 3434; x_wconf 88' lang='lat' dir='ltr'><strong>cum</strong></span> <span class='ocrx_word' id='word_1_364' title='bbox 651 3379 890 3442; x_wconf 70' lang='lat' dir='ltr'><strong>dixisset,</strong></span> <span class='ocrx_word' id='word_1_365' title='bbox 922 3377 1199 3448; x_wconf 71' lang='lat' dir='ltr'><strong>insit/ﬂavit</strong></span> <span class='ocrx_word' id='word_1_366' title='bbox 1220 3416 1235 3440; x_wconf 93' lang='lat'><strong>,</strong></span> <span class='ocrx_word' id='word_1_367' title='bbox 1268 3387 1317 3430; x_wconf 89' lang='lat' dir='ltr'><strong>et</strong></span> <span class='ocrx_word' id='word_1_368' title='bbox 1340 3375 1467 3430; x_wconf 84' lang='lat' dir='ltr'><strong>dicit</strong></span> <span class='ocrx_word' id='word_1_369' title='bbox 1496 3377 1574 3432; x_wconf 85' lang='lat' dir='ltr'><strong>eis</strong></span> <span class='ocrx_word' id='word_1_370' title='bbox 1599 3390 1618 3430; x_wconf 89' lang='lat'><strong><em>:</em></strong></span> <span class='ocrx_word' id='word_1_371' title='bbox 1648 3375 1876 3448; x_wconf 80' lang='lat' dir='ltr'><strong>Accipite</strong></span> 
     </span>
    </p>
   </div>
   <div class='ocr_carea' id='block_1_50' title="bbox 278 3459 1880 3542">
    <p class='ocr_par' dir='ltr' id='par_1_50' title="bbox 278 3459 1880 3542">
     <span class='ocr_line' id='line_1_50' title="bbox 278 3459 1880 3542; baseline -0.002 -17"><span class='ocrx_word' id='word_1_372' title='bbox 278 3469 539 3542; x_wconf 81' lang='lat' dir='ltr'><strong>Spiritum</strong></span> <span class='ocrx_word' id='word_1_373' title='bbox 582 3459 844 3524; x_wconf 77' lang='lat' dir='ltr'><strong>s‘anct’urh‘.</strong></span> <span class='ocrx_word' id='word_1_374' title='bbox 877 3463 1238 3534; x_wconf 72' lang='lat' dir='ltr'><strong>Quaerendum</strong></span> <span class='ocrx_word' id='word_1_375' title='bbox 1269 3465 1430 3520; x_wconf 78' lang='lat' dir='ltr'><strong>nubis</strong></span> <span class='ocrx_word' id='word_1_376' title='bbox 1479 3473 1592 3532; x_wconf 68' lang='lat' dir='ltr'><strong>est,</strong></span> <span class='ocrx_word' id='word_1_377' title='bbox 1629 3466 1761 3536; x_wconf 91' lang='lat' dir='ltr'><strong>quid</strong></span> <span class='ocrx_word' id='word_1_378' title='bbox 1795 3475 1880 3522; x_wconf 89' lang='lat' dir='ltr'><strong>est</strong></span> 
     </span>
    </p>
   </div>
   <div class='ocr_carea' id='block_1_51' title="bbox 278 3556 1876 3632">
    <p class='ocr_par' dir='ltr' id='par_1_51' title="bbox 278 3556 1876 3632">
     <span class='ocr_line' id='line_1_51' title="bbox 278 3556 1876 3632; baseline -0.003 -18"><span class='ocrx_word' id='word_1_379' title='bbox 278 3561 420 3632; x_wconf 89' lang='lat' dir='ltr'><strong>quod</strong></span> <span class='ocrx_word' id='word_1_380' title='bbox 445 3559 717 3629; x_wconf 86' lang='lat' dir='ltr'><strong>Spiritum</strong></span> <span class='ocrx_word' id='word_1_381' title='bbox 765 3564 1030 3615; x_wconf 82' lang='lat' dir='ltr'><strong>sanctum&#39;</strong></span> <span class='ocrx_word' id='word_1_382' title='bbox 1063 3556 1326 3611; x_wconf 84' lang='lat' dir='ltr'><strong>Dominus</strong></span> <span class='ocrx_word' id='word_1_383' title='bbox 1369 3564 1575 3623; x_wconf 89' lang='lat' dir='ltr'><strong>noster,</strong></span> <span class='ocrx_word' id='word_1_384' title='bbox 1620 3564 1676 3612; x_wconf 91' lang='lat' dir='ltr'><strong>et</strong></span> <span class='ocrx_word' id='word_1_385' title='bbox 1707 3556 1876 3612; x_wconf 87' lang='lat' dir='ltr'><strong>semel</strong></span> 
     </span>
    </p>
   </div>
   <div class='ocr_carea' id='block_1_52' title="bbox 277 3647 1872 3718">
    <p class='ocr_par' dir='ltr' id='par_1_52' title="bbox 277 3647 1872 3718">
     <span class='ocr_line' id='line_1_52' title="bbox 277 3647 1872 3718; baseline -0.003 -11"><span class='ocrx_word' id='word_1_386' title='bbox 277 3651 428 3707; x_wconf 90' lang='lat' dir='ltr'><strong>dedit</strong></span> <span class='ocrx_word' id='word_1_387' title='bbox 453 3650 513 3704; x_wconf 89' lang='lat' dir='ltr'><strong>in</strong></span> <span class='ocrx_word' id='word_1_388' title='bbox 543 3659 689 3705; x_wconf 88' lang='lat' dir='ltr'><strong>terra</strong></span> <span class='ocrx_word' id='word_1_389' title='bbox 724 3649 1062 3714; x_wconf 86' lang='lat' dir='ltr'><strong>consistens,</strong></span> <span class='ocrx_word' id='word_1_390' title='bbox 1107 3657 1163 3704; x_wconf 87' lang='lat' dir='ltr'><strong>et</strong></span> <span class='ocrx_word' id='word_1_391' title='bbox 1187 3647 1352 3704; x_wconf 91' lang='lat' dir='ltr'><strong>semel</strong></span> <span class='ocrx_word' id='word_1_392' title='bbox 1386 3647 1524 3704; x_wconf 81' lang='lat' dir='ltr'><strong>ccelo</strong></span> <span class='ocrx_word' id='word_1_393' title='bbox 1555 3649 1872 3718; x_wconf 66' lang='lat' dir='ltr'><strong>priesidens.</strong></span> 
     </span>
    </p>
   </div>
   <div class='ocr_carea' id='block_1_53' title="bbox 279 3738 1876 3815">
    <p class='ocr_par' dir='ltr' id='par_1_53' title="bbox 279 3738 1876 3815">
     <span class='ocr_line' id='line_1_53' title="bbox 279 3738 1876 3815; baseline -0.002 -16"><span class='ocrx_word' id='word_1_394' title='bbox 279 3743 464 3815; x_wconf 78' lang='lat' dir='ltr'><strong>Neque</strong></span> <span class='ocrx_word' id='word_1_395' title='bbox 489 3743 638 3798; x_wconf 85' lang='lat' dir='ltr'><strong>enim</strong></span> <span class='ocrx_word' id='word_1_396' title='bbox 665 3741 771 3797; x_wconf 86' lang='lat' dir='ltr'><strong>alio</strong></span> <span class='ocrx_word' id='word_1_397' title='bbox 795 3740 994 3796; x_wconf 84' lang='lat' dir='ltr'><strong>in‘loco</strong></span> <span class='ocrx_word' id='word_1_398' title='bbox 1016 3738 1421 3811; x_wconf 90' lang='lat' dir='ltr'><strong>datnsSpiritus</strong></span> <span class='ocrx_word' id='word_1_399' title='bbox 1447 3749 1666 3796; x_wconf 91' lang='lat' dir='ltr'><strong>sanctus</strong></span> <span class='ocrx_word' id='word_1_400' title='bbox 1686 3747 1876 3811; x_wconf 89' lang='lat' dir='ltr'><strong>aperte</strong></span> 
     </span>
    </p>
   </div>
   <div class='ocr_carea' id='block_1_54' title="bbox 279 3829 1874 3902">
    <p class='ocr_par' dir='ltr' id='par_1_54' title="bbox 279 3829 1874 3902">
     <span class='ocr_line' id='line_1_54' title="bbox 279 3829 1874 3902; baseline -0.004 -10"><span class='ocrx_word' id='word_1_401' title='bbox 279 3843 648 3900; x_wconf 73' lang='lat' dir='ltr'><strong>monstratur,</strong></span> <span class='ocrx_word' id='word_1_402' title='bbox 678 3833 783 3890; x_wconf 88' lang='lat' dir='ltr'><strong>nisi</strong></span> <span class='ocrx_word' id='word_1_403' title='bbox 817 3840 948 3888; x_wconf 90' lang='lat' dir='ltr'><strong>tunc</strong></span> <span class='ocrx_word' id='word_1_404' title='bbox 966 3873 981 3897; x_wconf 94' lang='lat'><strong>,</strong></span> <span class='ocrx_word' id='word_1_405' title='bbox 1022 3846 1147 3886; x_wconf 89' lang='lat' dir='ltr'><strong>cum</strong></span> <span class='ocrx_word' id='word_1_406' title='bbox 1175 3846 1276 3902; x_wconf 91' lang='lat' dir='ltr'><strong>per</strong></span> <span class='ocrx_word' id='word_1_407' title='bbox 1303 3829 1723 3886; x_wconf 83' lang='lat' dir='ltr'><strong>insnt‘ﬂationem</strong></span> <span class='ocrx_word' id='word_1_408' title='bbox 1747 3845 1874 3902; x_wconf 89' lang='lat' dir='ltr'><strong>per-</strong></span> 
     </span>
    </p>
   </div>
   <div class='ocr_carea' id='block_1_55' title="bbox 278 3923 1876 4000">
    <p class='ocr_par' dir='ltr' id='par_1_55' title="bbox 278 3923 1876 4000">
     <span class='ocr_line' id='line_1_55' title="bbox 278 3923 1876 4000; baseline -0.004 -16"><span class='ocrx_word' id='word_1_409' title='bbox 278 3930 499 4000; x_wconf 88' lang='lat' dir='ltr'><strong>cipitur,</strong></span> <span class='ocrx_word' id='word_1_410' title='bbox 544 3935 604 3984; x_wconf 89' lang='lat' dir='ltr'><strong>et</strong></span> <span class='ocrx_word' id='word_1_411' title='bbox 623 3927 965 3998; x_wconf 81' lang='lat' dir='ltr'><strong>postmOdum</strong></span> <span class='ocrx_word' id='word_1_412' title='bbox 1003 3940 1128 3980; x_wconf 92' lang='lat' dir='ltr'><strong>cum</strong></span> <span class='ocrx_word' id='word_1_413' title='bbox 1166 3926 1234 3982; x_wconf 92' lang='lat' dir='ltr'><strong>de</strong></span> <span class='ocrx_word' id='word_1_414' title='bbox 1269 3923 1410 3980; x_wconf 83' lang='lat' dir='ltr'><strong>coelo</strong></span> <span class='ocrx_word' id='word_1_415' title='bbox 1441 3923 1737 3980; x_wconf 88' lang='lat' dir='ltr'><strong>vcniensin</strong></span> <span class='ocrx_word' id='word_1_416' title='bbox 1772 3923 1876 3980; x_wconf 89' lang='lat' dir='ltr'><strong>lin-</strong></span> 
     </span>
    </p>
   </div>
   <div class='ocr_carea' id='block_1_56' title="bbox 278 4011 1873 4091">
    <p class='ocr_par' dir='ltr' id='par_1_56' title="bbox 278 4011 1873 4091">
     <span class='ocr_line' id='line_1_56' title="bbox 278 4011 1873 4091; baseline -0.002 -18"><span class='ocrx_word' id='word_1_417' title='bbox 278 4020 397 4091; x_wconf 80' lang='lat' dir='ltr'><strong>guis</strong></span> <span class='ocrx_word' id='word_1_418' title='bbox 440 4018 613 4073; x_wconf 84' lang='lat' dir='ltr'><strong>variis</strong></span> <span class='ocrx_word' id='word_1_419' title='bbox 658 4011 1087 4072; x_wconf 82' lang='lat' dir='ltr'><strong>demunstratur.</strong></span> <span class='ocrx_word' id='word_1_420' title='bbox 1133 4013 1244 4070; x_wconf 82' lang='lat' dir='ltr'><strong>Cur</strong></span> <span class='ocrx_word' id='word_1_421' title='bbox 1272 4028 1402 4086; x_wconf 79' lang='lat' dir='ltr'><strong>ergo</strong></span> <span class='ocrx_word' id='word_1_422' title='bbox 1444 4015 1597 4086; x_wconf 91' lang='lat' dir='ltr'><strong>prius</strong></span> <span class='ocrx_word' id='word_1_423' title='bbox 1626 4015 1680 4069; x_wconf 90' lang='lat' dir='ltr'><strong>in</strong></span> <span class='ocrx_word' id='word_1_424' title='bbox 1727 4023 1873 4071; x_wconf 88' lang='lat' dir='ltr'><strong>terra</strong></span> 
     </span>
    </p>
   </div>
   <div class='ocr_carea' id='block_1_57' title="bbox 279 4106 1873 4183">
    <p class='ocr_par' dir='ltr' id='par_1_57' title="bbox 279 4106 1873 4183">
     <span class='ocr_line' id='line_1_57' title="bbox 279 4106 1873 4183; baseline -0.004 -15"><span class='ocrx_word' id='word_1_425' title='bbox 279 4110 556 4183; x_wconf 68' lang='lat' dir='ltr'><strong>discipulis</strong></span> <span class='ocrx_word' id='word_1_426' title='bbox 578 4110 741 4166; x_wconf 90' lang='lat' dir='ltr'><strong>datur</strong></span> <span class='ocrx_word' id='word_1_427' title='bbox 755 4132 779 4175; x_wconf 85' lang='lat'><strong>,-</strong></span> <span class='ocrx_word' id='word_1_428' title='bbox 805 4107 1151 4180; x_wconf 86' lang='lat' dir='ltr'><strong>postmodum</strong></span> <span class='ocrx_word' id='word_1_429' title='bbox 1191 4106 1259 4162; x_wconf 92' lang='lat' dir='ltr'><strong>de</strong></span> <span class='ocrx_word' id='word_1_430' title='bbox 1292 4106 1434 4162; x_wconf 84' lang='lat' dir='ltr'><strong>coelo</strong></span> <span class='ocrx_word' id='word_1_431' title='bbox 1479 4106 1731 4171; x_wconf 86' lang='lat' dir='ltr'><strong>mittitur,</strong></span> <span class='ocrx_word' id='word_1_432' title='bbox 1768 4106 1873 4162; x_wconf 89' lang='lat' dir='ltr'><strong>nisi</strong></span> 
     </span>
    </p>
   </div>
   <div class='ocr_carea' id='block_1_58' title="bbox 278 4195 1876 4276">
    <p class='ocr_par' dir='ltr' id='par_1_58' title="bbox 278 4195 1876 4276">
     <span class='ocr_line' id='line_1_58' title="bbox 278 4195 1876 4276; baseline -0.007 -15"><span class='ocrx_word' id='word_1_433' title='bbox 278 4205 419 4276; x_wconf 83' lang='lat' dir='ltr'><strong>quod</strong></span> <span class='ocrx_word' id='word_1_434' title='bbox 456 4205 565 4259; x_wconf 91' lang='lat' dir='ltr'><strong>duo</strong></span> <span class='ocrx_word' id='word_1_435' title='bbox 613 4209 742 4258; x_wconf 88' lang='lat' dir='ltr'><strong>sunt</strong></span> <span class='ocrx_word' id='word_1_436' title='bbox 783 4206 1055 4270; x_wconf 80' lang='lat' dir='ltr'><strong>praecepta</strong></span> <span class='ocrx_word' id='word_1_437' title='bbox 1100 4197 1405 4261; x_wconf 89' lang='lat' dir='ltr'><strong>charitatis,</strong></span> <span class='ocrx_word' id='word_1_438' title='bbox 1441 4195 1658 4252; x_wconf 90' lang='lat' dir='ltr'><strong>dilectio</strong></span> <span class='ocrx_word' id='word_1_439' title='bbox 1686 4195 1876 4274; x_wconf 85' lang='lat' dir='ltr'><strong>videli-</strong></span> 
     </span>
    </p>
   </div>
   <div class='ocr_carea' id='block_1_59' title="bbox 280 4285 1875 4365">
    <p class='ocr_par' dir='ltr' id='par_1_59' title="bbox 280 4285 1875 4365">
     <span class='ocr_line' id='line_1_59' title="bbox 280 4285 1875 4365; baseline -0.009 -11"><span class='ocrx_word' id='word_1_440' title='bbox 280 4299 364 4354; x_wconf 79' lang='lat' dir='ltr'><strong>cet</strong></span> <span class='ocrx_word' id='word_1_441' title='bbox 393 4296 493 4352; x_wconf 82' lang='lat' dir='ltr'><strong>Dei</strong></span> <span class='ocrx_word' id='word_1_442' title='bbox 528 4301 587 4350; x_wconf 89' lang='lat' dir='ltr'><strong>et</strong></span> <span class='ocrx_word' id='word_1_443' title='bbox 613 4292 847 4365; x_wconf 75' lang='lat' dir='ltr'><strong>prdximi</strong></span> <span class='ocrx_word' id='word_1_444' title='bbox 869 4291 892 4344; x_wconf 86' lang='lat'><strong>?</strong></span> <span class='ocrx_word' id='word_1_445' title='bbox 916 4290 976 4346; x_wconf 85' lang='lat' dir='ltr'><strong>In</strong></span> <span class='ocrx_word' id='word_1_446' title='bbox 1006 4298 1166 4345; x_wconf 84' lang='lat' dir='ltr'><strong>terra</strong></span> <span class='ocrx_word' id='word_1_447' title='bbox 1197 4289 1358 4344; x_wconf 90' lang='lat' dir='ltr'><strong>datur</strong></span> <span class='ocrx_word' id='word_1_448' title='bbox 1387 4287 1634 4358; x_wconf 89' lang='lat' dir='ltr'><strong>spiritus,</strong></span> <span class='ocrx_word' id='word_1_449' title='bbox 1663 4294 1724 4341; x_wconf 89' lang='lat' dir='ltr'><strong>ut</strong></span> <span class='ocrx_word' id='word_1_450' title='bbox 1751 4285 1875 4341; x_wconf 85' lang='lat' dir='ltr'><strong>dili-</strong></span> 
     </span>
    </p>
   </div>
   <div class='ocr_carea' id='block_1_60' title="bbox 278 4373 1875 4461">
    <p class='ocr_par' dir='ltr' id='par_1_60' title="bbox 278 4373 1875 4461">
     <span class='ocr_line' id='line_1_60' title="bbox 278 4373 1875 4461; baseline -0.008 -16"><span class='ocrx_word' id='word_1_451' title='bbox 278 4389 436 4461; x_wconf 76' lang='lat' dir='ltr'><strong>gatur</strong></span> <span class='ocrx_word' id='word_1_452' title='bbox 462 4386 776 4458; x_wconf 89' lang='lat' dir='ltr'><strong>proximus,</strong></span> <span class='ocrx_word' id='word_1_453' title='bbox 826 4381 967 4439; x_wconf 67' lang='lat' dir='ltr'><strong>coalo</strong></span> <span class='ocrx_word' id='word_1_454' title='bbox 996 4381 1184 4446; x_wconf 79' lang='lat' dir='ltr'><strong>datur,</strong></span> <span class='ocrx_word' id='word_1_455' title='bbox 1210 4388 1274 4435; x_wconf 83' lang='lat' dir='ltr'><strong>ut</strong></span> <span class='ocrx_word' id='word_1_456' title='bbox 1300 4379 1556 4452; x_wconf 83' lang='lat' dir='ltr'><strong>diligatur</strong></span> <span class='ocrx_word' id='word_1_457' title='bbox 1585 4379 1745 4434; x_wconf 90' lang='lat' dir='ltr'><strong>Deus.</strong></span> <span class='ocrx_word' id='word_1_458' title='bbox 1788 4373 1875 4434; x_wconf 85' lang='lat' dir='ltr'><strong>Si-</strong></span> 
     </span>
    </p>
   </div>
   <div class='ocr_carea' id='block_1_61' title="bbox 277 4470 1874 4551">
    <p class='ocr_par' dir='ltr' id='par_1_61' title="bbox 277 4470 1874 4551">
     <span class='ocr_line' id='line_1_61' title="bbox 277 4470 1874 4551; baseline -0.009 -13"><span class='ocrx_word' id='word_1_459' title='bbox 277 4491 372 4538; x_wconf 85' lang='lat' dir='ltr'><strong>cut</strong></span> <span class='ocrx_word' id='word_1_460' title='bbox 400 4485 533 4551; x_wconf 84' lang='lat' dir='ltr'><strong>ergo</strong></span> <span class='ocrx_word' id='word_1_461' title='bbox 557 4491 667 4533; x_wconf 87' lang='lat' dir='ltr'><strong>una</strong></span> <span class='ocrx_word' id='word_1_462' title='bbox 692 4483 776 4532; x_wconf 89' lang='lat' dir='ltr'><strong>est</strong></span> <span class='ocrx_word' id='word_1_463' title='bbox 803 4473 1045 4530; x_wconf 88' lang='lat' dir='ltr'><strong>charitas</strong></span> <span class='ocrx_word' id='word_1_464' title='bbox 1093 4479 1150 4526; x_wconf 88' lang='lat' dir='ltr'><strong>et</strong></span> <span class='ocrx_word' id='word_1_465' title='bbox 1176 4471 1282 4526; x_wconf 92' lang='lat' dir='ltr'><strong>duo</strong></span> <span class='ocrx_word' id='word_1_466' title='bbox 1308 4479 1599 4541; x_wconf 68' lang='lat' dir='ltr'><strong>princepta,</strong></span> <span class='ocrx_word' id='word_1_467' title='bbox 1631 4470 1708 4524; x_wconf 87' lang='lat' dir='ltr'><strong>ita</strong></span> <span class='ocrx_word' id='word_1_468' title='bbox 1731 4484 1874 4524; x_wconf 89' lang='lat' dir='ltr'><strong>unus</strong></span> 
     </span>
    </p>
   </div>
   <div class='ocr_carea' id='block_1_62' title="bbox 277 4558 1872 4640">
    <p class='ocr_par' dir='ltr' id='par_1_62' title="bbox 277 4558 1872 4640">
     <span class='ocr_line' id='line_1_62' title="bbox 277 4558 1872 4640; baseline -0.008 -14"><span class='ocrx_word' id='word_1_469' title='bbox 277 4571 505 4640; x_wconf 87' lang='lat' dir='ltr'><strong>spiritus</strong></span> <span class='ocrx_word' id='word_1_470' title='bbox 541 4575 598 4622; x_wconf 91' lang='lat' dir='ltr'><strong>et</strong></span> <span class='ocrx_word' id='word_1_471' title='bbox 631 4565 737 4620; x_wconf 92' lang='lat' dir='ltr'><strong>duo</strong></span> <span class='ocrx_word' id='word_1_472' title='bbox 783 4565 930 4619; x_wconf 88' lang='lat' dir='ltr'><strong>data.</strong></span> <span class='ocrx_word' id='word_1_473' title='bbox 982 4561 1142 4616; x_wconf 89' lang='lat' dir='ltr'><strong>Prius</strong></span> <span class='ocrx_word' id='word_1_474' title='bbox 1187 4575 1219 4614; x_wconf 90' lang='lat' dir='ltr'><strong>a</strong></span> <span class='ocrx_word' id='word_1_475' title='bbox 1269 4559 1602 4615; x_wconf 87' lang='lat' dir='ltr'><strong>consistente</strong></span> <span class='ocrx_word' id='word_1_476' title='bbox 1644 4558 1872 4614; x_wconf 91' lang='lat' dir='ltr'><strong>Domino</strong></span> 
     </span>
    </p>
   </div>
   <div class='ocr_carea' id='block_1_63' title="bbox 276 4650 1872 4728">
    <p class='ocr_par' dir='ltr' id='par_1_63' title="bbox 276 4650 1872 4728">
     <span class='ocr_line' id='line_1_63' title="bbox 276 4650 1872 4728; baseline -0.006 -12"><span class='ocrx_word' id='word_1_477' title='bbox 276 4662 331 4716; x_wconf 89' lang='lat' dir='ltr'><strong>in</strong></span> <span class='ocrx_word' id='word_1_478' title='bbox 353 4670 527 4725; x_wconf 86' lang='lat' dir='ltr'><strong>terra,</strong></span> <span class='ocrx_word' id='word_1_479' title='bbox 554 4655 899 4728; x_wconf 85' lang='lat' dir='ltr'><strong>postmodum</strong></span> <span class='ocrx_word' id='word_1_480' title='bbox 923 4654 978 4709; x_wconf 89' lang='lat' dir='ltr'><strong>in</strong></span> <span class='ocrx_word' id='word_1_481' title='bbox 1002 4651 1160 4717; x_wconf 72' lang='lat' dir='ltr'><strong>cmlo,</strong></span> <span class='ocrx_word' id='word_1_482' title='bbox 1191 4652 1320 4722; x_wconf 89' lang='lat' dir='ltr'><strong>quia</strong></span> <span class='ocrx_word' id='word_1_483' title='bbox 1346 4651 1400 4705; x_wconf 90' lang='lat' dir='ltr'><strong>in</strong></span> <span class='ocrx_word' id='word_1_484' title='bbox 1433 4650 1667 4720; x_wconf 76' lang='lat' dir='ltr'><strong>proximi</strong></span> <span class='ocrx_word' id='word_1_485' title='bbox 1687 4665 1872 4706; x_wconf 91' lang='lat' dir='ltr'><strong>amore</strong></span> 
     </span>
    </p>
   </div>
   <div class='ocr_carea' id='block_1_64' title="bbox 277 4739 1870 4818">
    <p class='ocr_par' dir='ltr' id='par_1_64' title="bbox 277 4739 1870 4818">
     <span class='ocr_line' id='line_1_64' title="bbox 277 4739 1870 4818; baseline -0.01 -8"><span class='ocrx_word' id='word_1_486' title='bbox 277 4754 530 4816; x_wconf 86' lang='lat' dir='ltr'><strong>discitur,</strong></span> <span class='ocrx_word' id='word_1_487' title='bbox 566 4747 803 4818; x_wconf 82' lang='lat' dir='ltr'><strong>qualiter</strong></span> <span class='ocrx_word' id='word_1_488' title='bbox 835 4741 1111 4816; x_wconf 80' lang='lat' dir='ltr'><strong>perveniri</strong></span> <span class='ocrx_word' id='word_1_489' title='bbox 1140 4741 1339 4796; x_wconf 87' lang='lat' dir='ltr'><strong>debeat</strong></span> <span class='ocrx_word' id='word_1_490' title='bbox 1376 4741 1444 4795; x_wconf 92' lang='lat' dir='ltr'><strong>ad</strong></span> <span class='ocrx_word' id='word_1_491' title='bbox 1472 4755 1712 4796; x_wconf 91' lang='lat' dir='ltr'><strong>amorem</strong></span> <span class='ocrx_word' id='word_1_492' title='bbox 1752 4739 1870 4795; x_wconf 89' lang='lat' dir='ltr'><strong>Dei.</strong></span> 
     </span>
    </p>
   </div>
   <div class='ocr_carea' id='block_1_65' title="bbox 278 4817 1878 4913">
    <p class='ocr_par' dir='ltr' id='par_1_65' title="bbox 278 4817 1878 4913">
     <span class='ocr_line' id='line_1_65' title="bbox 278 4817 1878 4913; baseline -0.011 -9"><span class='ocrx_word' id='word_1_493' title='bbox 278 4817 610 4904; x_wconf 77' lang='lat' dir='ltr'><strong>lnsuﬂlando</strong></span> <span class='ocrx_word' id='word_1_494' title='bbox 635 4834 1241 4913; x_wconf 81' lang='lat' dir='ltr'><strong>signiﬁcavitSpiritum</strong></span> <span class='ocrx_word' id='word_1_495' title='bbox 1268 4842 1538 4900; x_wconf 89' lang='lat' dir='ltr'><strong>sanctum,</strong></span> <span class='ocrx_word' id='word_1_496' title='bbox 1564 4847 1672 4888; x_wconf 91' lang='lat' dir='ltr'><strong>non</strong></span> <span class='ocrx_word' id='word_1_497' title='bbox 1696 4817 1878 4888; x_wconf 79' lang='lat' dir='ltr'><strong>Patris</strong></span> 
     </span>
    </p>
   </div>
   <div class='ocr_carea' id='block_1_66' title="bbox 276 4926 1302 5008">
    <p class='ocr_par' dir='ltr' id='par_1_66' title="bbox 276 4926 1302 5008">
     <span class='ocr_line' id='line_1_66' title="bbox 276 4926 1302 5008; baseline -0.019 -13"><span class='ocrx_word' id='word_1_498' title='bbox 276 4937 448 4994; x_wconf 77' lang='lat' dir='ltr'><strong>solius</strong></span> <span class='ocrx_word' id='word_1_499' title='bbox 475 4947 597 4990; x_wconf 85' lang='lat' dir='ltr'><strong>esse</strong></span> <span class='ocrx_word' id='word_1_500' title='bbox 616 4930 889 5008; x_wconf 81' lang='lat' dir='ltr'><strong>spiritum,</strong></span> <span class='ocrx_word' id='word_1_501' title='bbox 917 4926 1012 4981; x_wconf 90' lang='lat' dir='ltr'><strong>sed</strong></span> <span class='ocrx_word' id='word_1_502' title='bbox 1039 4931 1095 4978; x_wconf 91' lang='lat' dir='ltr'><strong>et</strong></span> <span class='ocrx_word' id='word_1_503' title='bbox 1123 4938 1302 4978; x_wconf 90' lang='lat' dir='ltr'><strong>suum.</strong></span> 
     </span>
    </p>
   </div>
   <div class='ocr_carea' id='block_1_67' title="bbox 349 5013 1878 5095">
    <p class='ocr_par' dir='ltr' id='par_1_67' title="bbox 349 5013 1878 5095">
     <span class='ocr_line' id='line_1_67' title="bbox 349 5013 1878 5095; baseline -0.012 -12"><span class='ocrx_word' id='word_1_504' title='bbox 349 5017 925 5095; x_wconf 41' lang='lat' dir='ltr'><strong>Quorum’rcmiseritis</strong></span> <span class='ocrx_word' id='word_1_505' title='bbox 941 5024 1179 5087; x_wconf 87' lang='lat' dir='ltr'><strong>peccata,</strong></span> <span class='ocrx_word' id='word_1_506' title='bbox 1204 5013 1540 5066; x_wconf 82' lang='lat' dir='ltr'><strong>remittuntur</strong></span> <span class='ocrx_word' id='word_1_507' title='bbox 1562 5013 1657 5077; x_wconf 88' lang='lat' dir='ltr'><strong>eis,</strong></span> <span class='ocrx_word' id='word_1_508' title='bbox 1682 5021 1730 5066; x_wconf 88' lang='lat' dir='ltr'><strong>et</strong></span> <span class='ocrx_word' id='word_1_509' title='bbox 1752 5029 1878 5083; x_wconf 87' lang='lat' dir='ltr'><strong>quo-</strong></span> 
     </span>
    </p>
   </div>
   <div class='ocr_carea' id='block_1_68' title="bbox 277 5101 1874 5179">
    <p class='ocr_par' dir='ltr' id='par_1_68' title="bbox 277 5101 1874 5179">
     <span class='ocr_line' id='line_1_68' title="bbox 277 5101 1874 5179; baseline -0.01 -5"><span class='ocrx_word' id='word_1_510' title='bbox 277 5133 396 5173; x_wconf 85' lang='lat' dir='ltr'><strong>rum</strong></span> <span class='ocrx_word' id='word_1_511' title='bbox 420 5111 767 5176; x_wconf 87' lang='lat' dir='ltr'><strong>retinueritis,</strong></span> <span class='ocrx_word' id='word_1_512' title='bbox 799 5116 905 5165; x_wconf 90' lang='lat' dir='ltr'><strong>etc.</strong></span> <span class='ocrx_word' id='word_1_513' title='bbox 939 5106 1042 5179; x_wconf 82' lang='lat' dir='ltr'><strong>(Ex</strong></span> <span class='ocrx_word' id='word_1_514' title='bbox 1069 5102 1259 5174; x_wconf 84' lang='lat' dir='ltr'><strong>Beda.)</strong></span> <span class='ocrx_word' id='word_1_515' title='bbox 1288 5102 1430 5158; x_wconf 87' lang='lat' dir='ltr'><strong>Ecce</strong></span> <span class='ocrx_word' id='word_1_516' title='bbox 1467 5101 1707 5158; x_wconf 87' lang='lat' dir='ltr'><strong>charitas</strong></span> <span class='ocrx_word' id='word_1_517' title='bbox 1753 5118 1874 5172; x_wconf 76' lang='lat' dir='ltr'><strong>quze</strong></span> 
     </span>
    </p>
   </div>
   <div class='ocr_carea' id='block_1_69' title="bbox 273 5192 1870 5280">
    <p class='ocr_par' dir='ltr' id='par_1_69' title="bbox 273 5192 1870 5280">
     <span class='ocr_line' id='line_1_69' title="bbox 273 5192 1870 5280; baseline -0.01 -16"><span class='ocrx_word' id='word_1_518' title='bbox 273 5205 648 5280; x_wconf 85' lang='lat' dir='ltr'><strong>perSpiritum</strong></span> <span class='ocrx_word' id='word_1_519' title='bbox 673 5207 922 5257; x_wconf 88' lang='lat' dir='ltr'><strong>sanctum</strong></span> <span class='ocrx_word' id='word_1_520' title='bbox 948 5193 1268 5252; x_wconf 75' lang='lat' dir='ltr'><strong>dill‘unditur</strong></span> <span class='ocrx_word' id='word_1_521' title='bbox 1294 5192 1350 5248; x_wconf 92' lang='lat' dir='ltr'><strong>in</strong></span> <span class='ocrx_word' id='word_1_522' title='bbox 1374 5192 1625 5248; x_wconf 90' lang='lat' dir='ltr'><strong>cordibus</strong></span> <span class='ocrx_word' id='word_1_523' title='bbox 1649 5193 1870 5258; x_wconf 89' lang='lat' dir='ltr'><strong>nostris,</strong></span> 
     </span>
    </p>
   </div>
   <div class='ocr_carea' id='block_1_70' title="bbox 274 5281 1872 5370">
    <p class='ocr_par' dir='ltr' id='par_1_70' title="bbox 274 5281 1872 5370">
     <span class='ocr_line' id='line_1_70' title="bbox 274 5281 1872 5370; baseline -0.01 -17"><span class='ocrx_word' id='word_1_524' title='bbox 274 5295 608 5370; x_wconf 83' lang='lat' dir='ltr'><strong>participum</strong></span> <span class='ocrx_word' id='word_1_525' title='bbox 634 5307 856 5348; x_wconf 88' lang='lat' dir='ltr'><strong>suorum</strong></span> <span class='ocrx_word' id='word_1_526' title='bbox 884 5293 1107 5359; x_wconf 84' lang='lat' dir='ltr'><strong>peccata</strong></span> <span class='ocrx_word' id='word_1_527' title='bbox 1145 5283 1390 5362; x_wconf 83' lang='lat' dir='ltr'><strong>dimittit.</strong></span> <span class='ocrx_word' id='word_1_528' title='bbox 1435 5281 1637 5338; x_wconf 86' lang='lat' dir='ltr'><strong>Eorum</strong></span> <span class='ocrx_word' id='word_1_529' title='bbox 1689 5291 1872 5338; x_wconf 90' lang='lat' dir='ltr'><strong>autem</strong></span> 
     </span>
    </p>
   </div>
   <div class='ocr_carea' id='block_1_71' title="bbox 275 5371 1871 5458">
    <p class='ocr_par' dir='ltr' id='par_1_71' title="bbox 275 5371 1871 5458">
     <span class='ocr_line' id='line_1_71' title="bbox 275 5371 1871 5458; baseline -0.011 -15"><span class='ocrx_word' id='word_1_530' title='bbox 275 5388 372 5458; x_wconf 88' lang='lat' dir='ltr'><strong>qui</strong></span> <span class='ocrx_word' id='word_1_531' title='bbox 403 5397 514 5441; x_wconf 87' lang='lat' dir='ltr'><strong>non</strong></span> <span class='ocrx_word' id='word_1_532' title='bbox 543 5372 671 5440; x_wconf 62' lang='lat' dir='ltr'><strong>s&#39;unt</strong></span> <span class='ocrx_word' id='word_1_533' title='bbox 697 5380 814 5450; x_wconf 75' lang='lat' dir='ltr'><strong>ejus</strong></span> <span class='ocrx_word' id='word_1_534' title='bbox 845 5377 1158 5450; x_wconf 88' lang='lat' dir='ltr'><strong>participes,</strong></span> <span class='ocrx_word' id='word_1_535' title='bbox 1177 5371 1343 5430; x_wconf 79' lang='lat' dir='ltr'><strong>tenet.</strong></span> <span class='ocrx_word' id='word_1_536' title='bbox 1366 5372 1490 5428; x_wconf 81' lang='lat' dir='ltr'><strong>Ideo</strong></span> <span class='ocrx_word' id='word_1_537' title='bbox 1520 5381 1871 5456; x_wconf 87' lang='lat' dir='ltr'><strong>posteaquam</strong></span> 
     </span>
    </p>
   </div>
   <div class='ocr_carea' id='block_1_72' title="bbox 276 5463 1874 5546">
    <p class='ocr_par' dir='ltr' id='par_1_72' title="bbox 276 5463 1874 5546">
     <span class='ocr_line' id='line_1_72' title="bbox 276 5463 1874 5546; baseline -0.01 -10"><span class='ocrx_word' id='word_1_538' title='bbox 276 5479 456 5536; x_wconf 87' lang='lat' dir='ltr'><strong>dixit:</strong></span> <span class='ocrx_word' id='word_1_539' title='bbox 502 5475 737 5546; x_wconf 79' lang='lat' dir='ltr'><strong>Accipite</strong></span> <span class='ocrx_word' id='word_1_540' title='bbox 761 5469 1019 5542; x_wconf 86' lang='lat' dir='ltr'><strong>Spiritum</strong></span> <span class='ocrx_word' id='word_1_541' title='bbox 1065 5473 1326 5530; x_wconf 85' lang='lat' dir='ltr'><strong>sanctum,</strong></span> <span class='ocrx_word' id='word_1_542' title='bbox 1371 5463 1476 5518; x_wconf 86' lang='lat' dir='ltr'><strong>hoc</strong></span> <span class='ocrx_word' id='word_1_543' title='bbox 1514 5464 1770 5519; x_wconf 89' lang='lat' dir='ltr'><strong>continuo</strong></span> <span class='ocrx_word' id='word_1_544' title='bbox 1805 5464 1874 5520; x_wconf 88' lang='lat' dir='ltr'><strong>de</strong></span> 
     </span>
    </p>
   </div>
   <div class='ocr_carea' id='block_1_73' title="bbox 276 5557 1878 5646">
    <p class='ocr_par' dir='ltr' id='par_1_73' title="bbox 276 5557 1878 5646">
     <span class='ocr_line' id='line_1_73' title="bbox 276 5557 1878 5646; baseline -0.009 -16"><span class='ocrx_word' id='word_1_545' title='bbox 276 5581 633 5646; x_wconf 77' lang='lat' dir='ltr'><strong>peccatorum</strong></span> <span class='ocrx_word' id='word_1_546' title='bbox 654 5565 976 5624; x_wconf 89' lang='lat' dir='ltr'><strong>remissione</strong></span> <span class='ocrx_word' id='word_1_547' title='bbox 999 5576 1064 5616; x_wconf 85' lang='lat' dir='ltr'><strong>ac</strong></span> <span class='ocrx_word' id='word_1_548' title='bbox 1085 5559 1395 5616; x_wconf 89' lang='lat' dir='ltr'><strong>detentione</strong></span> <span class='ocrx_word' id='word_1_549' title='bbox 1417 5557 1663 5628; x_wconf 89' lang='lat' dir='ltr'><strong>subjecit.</strong></span> <span class='ocrx_word' id='word_1_550' title='bbox 1694 5559 1878 5617; x_wconf 82' lang='lat' dir='ltr'><strong>Scien-</strong></span> 
     </span>
    </p>
   </div>
   <div class='ocr_carea' id='block_1_74' title="bbox 279 5650 1878 5731">
    <p class='ocr_par' dir='ltr' id='par_1_74' title="bbox 279 5650 1878 5731">
     <span class='ocr_line' id='line_1_74' title="bbox 279 5650 1878 5731; baseline -0.009 -8"><span class='ocrx_word' id='word_1_551' title='bbox 279 5668 413 5722; x_wconf 92' lang='lat' dir='ltr'><strong>dum</strong></span> <span class='ocrx_word' id='word_1_552' title='bbox 461 5678 595 5721; x_wconf 88' lang='lat' dir='ltr'><strong>vero</strong></span> <span class='ocrx_word' id='word_1_553' title='bbox 634 5669 748 5726; x_wconf 90' lang='lat' dir='ltr'><strong>est,</strong></span> <span class='ocrx_word' id='word_1_554' title='bbox 797 5656 942 5731; x_wconf 88' lang='lat' dir='ltr'><strong>quod</strong></span> <span class='ocrx_word' id='word_1_555' title='bbox 971 5653 1027 5711; x_wconf 87' lang='lat' dir='ltr'><strong>hi</strong></span> <span class='ocrx_word' id='word_1_556' title='bbox 1068 5653 1160 5722; x_wconf 91' lang='lat' dir='ltr'><strong>qui</strong></span> <span class='ocrx_word' id='word_1_557' title='bbox 1195 5652 1432 5721; x_wconf 86' lang='lat' dir='ltr'><strong>primum</strong></span> <span class='ocrx_word' id='word_1_558' title='bbox 1461 5650 1723 5722; x_wconf 89' lang='lat' dir='ltr'><strong>Spiritum</strong></span> <span class='ocrx_word' id='word_1_559' title='bbox 1755 5669 1878 5710; x_wconf 85' lang='lat' dir='ltr'><strong>san-</strong></span> 
     </span>
    </p>
   </div>
   <div class='ocr_carea' id='block_1_75' title="bbox 281 5742 1884 5816">
    <p class='ocr_par' dir='ltr' id='par_1_75' title="bbox 281 5742 1884 5816">
     <span class='ocr_line' id='line_1_75' title="bbox 281 5742 1884 5816; baseline -0.011 0"><span class='ocrx_word' id='word_1_560' title='bbox 281 5767 434 5816; x_wconf 82' lang='lat' dir='ltr'><strong>ctum</strong></span> <span class='ocrx_word' id='word_1_561' title='bbox 481 5755 810 5816; x_wconf 82' lang='lat' dir='ltr'><strong>habuerunt,</strong></span> <span class='ocrx_word' id='word_1_562' title='bbox 856 5755 917 5804; x_wconf 90' lang='lat' dir='ltr'><strong>ut</strong></span> <span class='ocrx_word' id='word_1_563' title='bbox 963 5752 1022 5800; x_wconf 90' lang='lat' dir='ltr'><strong>et</strong></span> <span class='ocrx_word' id='word_1_564' title='bbox 1050 5743 1152 5814; x_wconf 88' lang='lat' dir='ltr'><strong>ipsi</strong></span> <span class='ocrx_word' id='word_1_565' title='bbox 1180 5742 1499 5797; x_wconf 89' lang='lat' dir='ltr'><strong>innocenter</strong></span> <span class='ocrx_word' id='word_1_566' title='bbox 1528 5743 1791 5810; x_wconf 72' lang='lat' dir='ltr'><strong>viverent,</strong></span> <span class='ocrx_word' id='word_1_567' title='bbox 1828 5751 1884 5801; x_wconf 91' lang='lat' dir='ltr'><strong>et</strong></span> 
     </span>
    </p>
   </div>
   <div class='ocr_carea' id='block_1_76' title="bbox 286 5831 1888 5924">
    <p class='ocr_par' dir='ltr' id='par_1_76' title="bbox 286 5831 1888 5924">
     <span class='ocr_line' id='line_1_76' title="bbox 286 5831 1888 5924; baseline -0.009 -16"><span class='ocrx_word' id='word_1_568' title='bbox 286 5853 342 5909; x_wconf 90' lang='lat' dir='ltr'><strong>in</strong></span> <span class='ocrx_word' id='word_1_569' title='bbox 369 5847 758 5924; x_wconf 66' lang='lat' dir='ltr'><strong>praedicatione</strong></span> <span class='ocrx_word' id='word_1_570' title='bbox 786 5837 1112 5915; x_wconf 86' lang='lat' dir='ltr'><strong>quibusdam</strong></span> <span class='ocrx_word' id='word_1_571' title='bbox 1139 5831 1479 5905; x_wconf 85' lang='lat' dir='ltr'><strong>prodessent.</strong></span> <span class='ocrx_word' id='word_1_572' title='bbox 1510 5832 1714 5892; x_wconf 85' lang='lat' dir='ltr'><strong>Idcirco</strong></span> <span class='ocrx_word' id='word_1_573' title='bbox 1741 5835 1888 5893; x_wconf 87' lang='lat' dir='ltr'><strong>hunc</strong></span> 
     </span>
    </p>
   </div>
   <div class='ocr_carea' id='block_1_77' title="bbox 1896 4610 1950 4670">
    <p class='ocr_par' dir='ltr' id='par_1_77' title="bbox 1896 4610 1950 4670">
     <span class='ocr_line' id='line_1_77' title="bbox 1896 4610 1950 4670; baseline 0 0"><span class='ocrx_word' id='word_1_574' title='bbox 1896 4610 1950 4670; x_wconf 88' lang='lat' dir='ltr'><strong>D</strong></span> 
     </span>
    </p>
   </div>
   <div class='ocr_carea' id='block_1_78' title="bbox 1980 2004 3572 2062">
    <p class='ocr_par' dir='ltr' id='par_1_78' title="bbox 1980 2004 3572 2062">
     <span class='ocr_line' id='line_1_78' title="bbox 1980 2004 3572 2062; baseline 0.001 -2"><span class='ocrx_word' id='word_1_575' title='bbox 1980 2005 2137 2060; x_wconf 89' lang='lat' dir='ltr'><strong>nobis</strong></span> <span class='ocrx_word' id='word_1_576' title='bbox 2165 2004 2386 2061; x_wconf 81' lang='lat' dir='ltr'><strong>vulnera</strong></span> <span class='ocrx_word' id='word_1_577' title='bbox 2426 2015 2646 2062; x_wconf 84' lang='lat' dir='ltr'><strong>sanaret</strong></span> <span class='ocrx_word' id='word_1_578' title='bbox 2675 2005 3035 2061; x_wconf 68' lang='lat' dir='ltr'><strong>inﬁdelitatis.</strong></span> <span class='ocrx_word' id='word_1_579' title='bbox 3056 2004 3197 2061; x_wconf 84' lang='lat' dir='ltr'><strong>Plus</strong></span> <span class='ocrx_word' id='word_1_580' title='bbox 3220 2006 3368 2061; x_wconf 90' lang='lat' dir='ltr'><strong>enim</strong></span> <span class='ocrx_word' id='word_1_581' title='bbox 3411 2007 3572 2062; x_wconf 86' lang='lat' dir='ltr'><strong>nobis</strong></span> 
     </span>
    </p>
   </div>
   <div class='ocr_carea' id='block_1_79' title="bbox 1978 2093 3570 2168">
    <p class='ocr_par' dir='ltr' id='par_1_79' title="bbox 1978 2093 3570 2168">
     <span class='ocr_line' id='line_1_79' title="bbox 1978 2093 3570 2168; baseline 0.001 -18"><span class='ocrx_word' id='word_1_582' title='bbox 1978 2093 2212 2151; x_wconf 62' lang='lat' dir='ltr'><strong>Thema}</strong></span> <span class='ocrx_word' id='word_1_583' title='bbox 2238 2094 2528 2152; x_wconf 77' lang='lat' dir='ltr'><strong>inﬁdelitas</strong></span> <span class='ocrx_word' id='word_1_584' title='bbox 2554 2096 2622 2152; x_wconf 90' lang='lat' dir='ltr'><strong>ad</strong></span> <span class='ocrx_word' id='word_1_585' title='bbox 2654 2095 3192 2168; x_wconf 57' lang='lat' dir='ltr'><strong>fidem,«-quam-.tides</strong></span> <span class='ocrx_word' id='word_1_586' title='bbox 3232 2098 3570 2153; x_wconf 87' lang='lat' dir='ltr'><strong>credentium</strong></span> 
     </span>
    </p>
   </div>
   <div class='ocr_carea' id='block_1_80' title="bbox 1976 2183 3569 2257">
    <p class='ocr_par' dir='ltr' id='par_1_80' title="bbox 1976 2183 3569 2257">
     <span class='ocr_line' id='line_1_80' title="bbox 1976 2183 3569 2257; baseline 0 -17"><span class='ocrx_word' id='word_1_587' title='bbox 1976 2183 2364 2256; x_wconf 86' lang='lat' dir='ltr'><strong>discipulorum</strong></span> <span class='ocrx_word' id='word_1_588' title='bbox 2407 2185 2628 2256; x_wconf 79' lang='lat' dir='ltr'><strong>profuit.</strong></span> <span class='ocrx_word' id='word_1_589' title='bbox 2680 2185 2986 2253; x_wconf 77' lang='lat' dir='ltr'><strong>Quia-dum</strong></span> <span class='ocrx_word' id='word_1_590' title='bbox 3014 2185 3108 2241; x_wconf 86' lang='lat' dir='ltr'><strong>ille</strong></span> <span class='ocrx_word' id='word_1_591' title='bbox 3147 2185 3215 2241; x_wconf 89' lang='lat' dir='ltr'><strong>ad</strong></span> <span class='ocrx_word' id='word_1_592' title='bbox 3253 2185 3569 2257; x_wconf 79' lang='lat' dir='ltr'><strong>fidem-pal-</strong></span> 
     </span>
    </p>
   </div>
   <div class='ocr_carea' id='block_1_81' title="bbox 1975 2277 3572 2346">
    <p class='ocr_par' dir='ltr' id='par_1_81' title="bbox 1975 2277 3572 2346">
     <span class='ocr_line' id='line_1_81' title="bbox 1975 2277 3572 2346; baseline 0.001 -14"><span class='ocrx_word' id='word_1_593' title='bbox 1975 2279 2153 2346; x_wconf 82' lang='lat' dir='ltr'><strong>pando</strong></span> <span class='ocrx_word' id='word_1_594' title='bbox 2197 2277 2498 2340; x_wconf 86' lang='lat' dir='ltr'><strong>reducitur,</strong></span> <span class='ocrx_word' id='word_1_595' title='bbox 2553 2286 2742 2332; x_wconf 83' lang='lat' dir='ltr'><strong>nostra</strong></span> <span class='ocrx_word' id='word_1_596' title='bbox 2791 2291 2998 2343; x_wconf 55' lang='lat' dir='ltr'><strong>meum.</strong></span> <span class='ocrx_word' id='word_1_597' title='bbox 3031 2277 3204 2332; x_wconf 81' lang='lat' dir='ltr'><strong>omni=</strong></span> <span class='ocrx_word' id='word_1_598' title='bbox 3235 2277 3572 2334; x_wconf 81' lang='lat' dir='ltr'><strong>dubitatione</strong></span> 
     </span>
    </p>
   </div>
   <div class='ocr_carea' id='block_1_82' title="bbox 1975 2367 2831 2438">
    <p class='ocr_par' dir='ltr' id='par_1_82' title="bbox 1975 2367 2831 2438">
     <span class='ocr_line' id='line_1_82' title="bbox 1975 2367 2831 2438; baseline -0.006 -13"><span class='ocrx_word' id='word_1_599' title='bbox 1975 2368 2302 2438; x_wconf 84' lang='lat' dir='ltr'><strong>postposita,</strong></span> <span class='ocrx_word' id='word_1_600' title='bbox 2320 2367 2392 2423; x_wconf 78' lang='lat' dir='ltr'><strong>in</strong></span> <span class='ocrx_word' id='word_1_601' title='bbox 2419 2367 2524 2423; x_wconf 79' lang='lat' dir='ltr'><strong>[ide</strong></span> <span class='ocrx_word' id='word_1_602' title='bbox 2551 2367 2831 2423; x_wconf 82' lang='lat' dir='ltr'><strong>solidatur.</strong></span> 
     </span>
    </p>
   </div>
   <div class='ocr_carea' id='block_1_83' title="bbox 2047 2456 3574 2530">
    <p class='ocr_par' dir='ltr' id='par_1_83' title="bbox 2047 2456 3574 2530">
     <span class='ocr_line' id='line_1_83' title="bbox 2047 2456 3574 2530; baseline -0.001 -16"><span class='ocrx_word' id='word_1_603' title='bbox 2047 2458 2308 2514; x_wconf 74' lang='lat' dir='ltr'><strong>Dixerunt</strong></span> <span class='ocrx_word' id='word_1_604' title='bbox 2357 2476 2480 2530; x_wconf 82' lang='lat' dir='ltr'><strong>ergo</strong></span> <span class='ocrx_word' id='word_1_605' title='bbox 2531 2459 2578 2514; x_wconf 85' lang='lat' dir='ltr'><strong>ei</strong></span> <span class='ocrx_word' id='word_1_606' title='bbox 2625 2457 2718 2513; x_wconf 88' lang='lat' dir='ltr'><strong>alii</strong></span> <span class='ocrx_word' id='word_1_607' title='bbox 2767 2458 3012 2529; x_wconf 76' lang='lat' dir='ltr'><strong>discipuli</strong></span> <span class='ocrx_word' id='word_1_608' title='bbox 3043 2475 3080 2513; x_wconf 67' lang='lat'><strong>:~</strong></span> <span class='ocrx_word' id='word_1_609' title='bbox 3109 2456 3574 2514; x_wconf 77' lang='lat' dir='ltr'><strong>VidimusDomi-</strong></span> 
     </span>
    </p>
   </div>
   <div class='ocr_carea' id='block_1_84' title="bbox 1977 2548 3572 2608">
    <p class='ocr_par' dir='ltr' id='par_1_84' title="bbox 1977 2548 3572 2608">
     <span class='ocr_line' id='line_1_84' title="bbox 1977 2548 3572 2608; baseline -0.001 -1"><span class='ocrx_word' id='word_1_610' title='bbox 1977 2569 2121 2608; x_wconf 85' lang='lat' dir='ltr'><strong>num.</strong></span> <span class='ocrx_word' id='word_1_611' title='bbox 2172 2551 2276 2606; x_wconf 85' lang='lat' dir='ltr'><strong>Ille</strong></span> <span class='ocrx_word' id='word_1_612' title='bbox 2297 2561 2473 2606; x_wconf 72' lang='lat' dir='ltr'><strong>autem</strong></span> <span class='ocrx_word' id='word_1_613' title='bbox 2497 2551 2632 2606; x_wconf 71' lang='lat' dir='ltr'><strong>dixit</strong></span> <span class='ocrx_word' id='word_1_614' title='bbox 2677 2551 2794 2606; x_wconf 89' lang='lat' dir='ltr'><strong>eis:</strong></span> <span class='ocrx_word' id='word_1_615' title='bbox 2844 2548 2967 2606; x_wconf 83' lang='lat' dir='ltr'><strong>Nisi</strong></span> <span class='ocrx_word' id='word_1_616' title='bbox 3008 2550 3185 2607; x_wconf 70' lang='lat' dir='ltr'><strong>uidero</strong></span> <span class='ocrx_word' id='word_1_617' title='bbox 3221 2551 3299 2605; x_wconf 78' lang='lat' dir='ltr'><strong>in-</strong></span> <span class='ocrx_word' id='word_1_618' title='bbox 3327 2551 3572 2605; x_wconf 83' lang='lat' dir='ltr'><strong>manibus</strong></span> 
     </span>
    </p>
   </div>
   <div class='ocr_carea' id='block_1_85' title="bbox 1974 2630 3568 2715">
    <p class='ocr_par' dir='ltr' id='par_1_85' title="bbox 1974 2630 3568 2715">
     <span class='ocr_line' id='line_1_85' title="bbox 1974 2630 3568 2715; baseline -0.003 -16"><span class='ocrx_word' id='word_1_619' title='bbox 1974 2630 2090 2715; x_wconf 75' lang='lat' dir='ltr'><strong>ejus</strong></span> <span class='ocrx_word' id='word_1_620' title='bbox 2111 2644 2349 2714; x_wconf 75' lang='lat' dir='ltr'><strong>ﬁxuram</strong></span> <span class='ocrx_word' id='word_1_621' title='bbox 2367 2643 2662 2708; x_wconf 72' lang='lat' dir='ltr'><strong>clavorum,</strong></span> <span class='ocrx_word' id='word_1_622' title='bbox 2688 2651 2736 2697; x_wconf 84' lang='lat' dir='ltr'><strong>et</strong></span> <span class='ocrx_word' id='word_1_623' title='bbox 2759 2641 2968 2696; x_wconf 82' lang='lat' dir='ltr'><strong>mittam</strong></span> <span class='ocrx_word' id='word_1_624' title='bbox 2989 2641 3433 2712; x_wconf 79' lang='lat' dir='ltr'><strong>digitum-meum,</strong></span> <span class='ocrx_word' id='word_1_625' title='bbox 3461 2647 3568 2696; x_wconf 87' lang='lat' dir='ltr'><strong>etc.</strong></span> 
     </span>
    </p>
   </div>
   <div class='ocr_carea' id='block_1_86' title="bbox 1973 2729 3576 2802">
    <p class='ocr_par' dir='ltr' id='par_1_86' title="bbox 1973 2729 3576 2802">
     <span class='ocr_line' id='line_1_86' title="bbox 1973 2729 3576 2802; baseline -0.004 -10"><span class='ocrx_word' id='word_1_626' title='bbox 1973 2733 2129 2802; x_wconf 81' lang='lat' dir='ltr'><strong>Quod</strong></span> <span class='ocrx_word' id='word_1_627' title='bbox 2155 2741 2335 2790; x_wconf 88' lang='lat' dir='ltr'><strong>autem</strong></span> <span class='ocrx_word' id='word_1_628' title='bbox 2366 2731 2500 2789; x_wconf 91' lang='lat' dir='ltr'><strong>dicit</strong></span> <span class='ocrx_word' id='word_1_629' title='bbox 2538 2729 2820 2796; x_wconf 66' lang='lat' dir='ltr'><strong>Joannes,</strong></span> <span class='ocrx_word' id='word_1_630' title='bbox 2841 2747 2953 2786; x_wconf 90' lang='lat' dir='ltr'><strong>non</strong></span> <span class='ocrx_word' id='word_1_631' title='bbox 2975 2746 3098 2786; x_wconf 89' lang='lat' dir='ltr'><strong>cum</strong></span> <span class='ocrx_word' id='word_1_632' title='bbox 3126 2731 3233 2786; x_wconf 89' lang='lat' dir='ltr'><strong>illis</strong></span> <span class='ocrx_word' id='word_1_633' title='bbox 3257 2729 3423 2785; x_wconf 82' lang='lat' dir='ltr'><strong>fuisse</strong></span> <span class='ocrx_word' id='word_1_634' title='bbox 3442 2738 3576 2785; x_wconf 87' lang='lat' dir='ltr'><strong>tunc</strong></span> 
     </span>
    </p>
   </div>
   <div class='ocr_carea' id='block_1_87' title="bbox 1974 2819 3573 2895">
    <p class='ocr_par' dir='ltr' id='par_1_87' title="bbox 1974 2819 3573 2895">
     <span class='ocr_line' id='line_1_87' title="bbox 1974 2819 3573 2895; baseline -0.004 -14"><span class='ocrx_word' id='word_1_635' title='bbox 1974 2823 2282 2895; x_wconf 82' lang='lat' dir='ltr'><strong>apostolum</strong></span> <span class='ocrx_word' id='word_1_636' title='bbox 2324 2821 2627 2888; x_wconf 82' lang='lat' dir='ltr'><strong>Thomam,</strong></span> <span class='ocrx_word' id='word_1_637' title='bbox 2675 2836 2800 2876; x_wconf 91' lang='lat' dir='ltr'><strong>cum</strong></span> <span class='ocrx_word' id='word_1_638' title='bbox 2843 2820 3140 2876; x_wconf 84' lang='lat' dir='ltr'><strong>secundum</strong></span> <span class='ocrx_word' id='word_1_639' title='bbox 3189 2819 3411 2882; x_wconf 86' lang='lat' dir='ltr'><strong>Lucam,</strong></span> <span class='ocrx_word' id='word_1_640' title='bbox 3463 2819 3573 2874; x_wconf 91' lang='lat' dir='ltr'><strong>duo</strong></span> 
     </span>
    </p>
   </div>
   <div class='ocr_carea' id='block_1_88' title="bbox 1973 2909 3574 2988">
    <p class='ocr_par' dir='ltr' id='par_1_88' title="bbox 1973 2909 3574 2988">
     <span class='ocr_line' id='line_1_88' title="bbox 1973 2909 3574 2988; baseline -0.006 -14"><span class='ocrx_word' id='word_1_641' title='bbox 1973 2917 2093 2986; x_wconf 76' lang='lat' dir='ltr'><strong>illi,-</strong></span> <span class='ocrx_word' id='word_1_642' title='bbox 2116 2930 2349 2988; x_wconf 90' lang='lat' dir='ltr'><strong>quorum</strong></span> <span class='ocrx_word' id='word_1_643' title='bbox 2373 2921 2496 2970; x_wconf 90' lang='lat' dir='ltr'><strong>erat</strong></span> <span class='ocrx_word' id='word_1_644' title='bbox 2521 2928 2662 2969; x_wconf 88' lang='lat' dir='ltr'><strong>unus</strong></span> <span class='ocrx_word' id='word_1_645' title='bbox 2693 2911 2981 2981; x_wconf 84' lang='lat' dir='ltr'><strong>Cleophas,</strong></span> <span class='ocrx_word' id='word_1_646' title='bbox 3018 2910 3253 2981; x_wconf 86' lang='lat' dir='ltr'><strong>regressi</strong></span> <span class='ocrx_word' id='word_1_647' title='bbox 3283 2910 3340 2964; x_wconf 89' lang='lat' dir='ltr'><strong>in</strong></span> <span class='ocrx_word' id='word_1_648' title='bbox 3379 2909 3574 2965; x_wconf 45' lang='lat' dir='ltr'><strong>Hieru‘</strong></span> 
     </span>
    </p>
   </div>
   <div class='ocr_carea' id='block_1_89' title="bbox 1973 3002 3572 3078">
    <p class='ocr_par' dir='ltr' id='par_1_89' title="bbox 1973 3002 3572 3078">
     <span class='ocr_line' id='line_1_89' title="bbox 1973 3002 3572 3078; baseline -0.006 -11"><span class='ocrx_word' id='word_1_649' title='bbox 1973 3010 2181 3076; x_wconf 72' lang='lat' dir='ltr'><strong>salem,</strong></span> <span class='ocrx_word' id='word_1_650' title='bbox 2220 3010 2932 3078; x_wconf 76' lang='lat' dir='ltr'><strong>inveneruntcongregatos</strong></span> <span class='ocrx_word' id='word_1_651' title='bbox 2955 3002 3230 3068; x_wconf 86' lang='lat' dir='ltr'><strong>undecim,</strong></span> <span class='ocrx_word' id='word_1_652' title='bbox 3276 3003 3572 3072; x_wconf 84' lang='lat' dir='ltr'><strong>eteosqui</strong></span> 
     </span>
    </p>
   </div>
   <div class='ocr_carea' id='block_1_90' title="bbox 1973 3094 3575 3170">
    <p class='ocr_par' dir='ltr' id='par_1_90' title="bbox 1973 3094 3575 3170">
     <span class='ocr_line' id='line_1_90' title="bbox 1973 3094 3575 3170; baseline -0.006 -12"><span class='ocrx_word' id='word_1_653' title='bbox 1973 3116 2098 3158; x_wconf 82' lang='lat' dir='ltr'><strong>cum</strong></span> <span class='ocrx_word' id='word_1_654' title='bbox 2142 3099 2274 3170; x_wconf 89' lang='lat' dir='ltr'><strong>ipsis</strong></span> <span class='ocrx_word' id='word_1_655' title='bbox 2319 3106 2476 3155; x_wconf 84' lang='lat' dir='ltr'><strong>erant</strong></span> <span class='ocrx_word' id='word_1_656' title='bbox 2501 3137 2517 3164; x_wconf 92' lang='lat'><strong>,</strong></span> <span class='ocrx_word' id='word_1_657' title='bbox 2546 3095 2737 3168; x_wconf 85' lang='lat' dir='ltr'><strong>procul</strong></span> <span class='ocrx_word' id='word_1_658' title='bbox 2798 3095 2962 3151; x_wconf 89' lang='lat' dir='ltr'><strong>dubio</strong></span> <span class='ocrx_word' id='word_1_659' title='bbox 3022 3094 3432 3166; x_wconf 86' lang='lat' dir='ltr'><strong>intelligendum</strong></span> <span class='ocrx_word' id='word_1_660' title='bbox 3489 3103 3575 3150; x_wconf 80' lang='lat' dir='ltr'><strong>est</strong></span> 
     </span>
    </p>
   </div>
   <div class='ocr_carea' id='block_1_91' title="bbox 1974 3183 3572 3260">
    <p class='ocr_par' dir='ltr' id='par_1_91' title="bbox 1974 3183 3572 3260">
     <span class='ocr_line' id='line_1_91' title="bbox 1974 3183 3572 3260; baseline -0.004 -15"><span class='ocrx_word' id='word_1_661' title='bbox 1974 3189 2119 3260; x_wconf 91' lang='lat' dir='ltr'><strong>quod</strong></span> <span class='ocrx_word' id='word_1_662' title='bbox 2143 3188 2270 3244; x_wconf 89' lang='lat' dir='ltr'><strong>inde</strong></span> <span class='ocrx_word' id='word_1_663' title='bbox 2317 3187 2561 3242; x_wconf 85' lang='lat' dir='ltr'><strong>Thomas</strong></span> <span class='ocrx_word' id='word_1_664' title='bbox 2579 3184 2832 3250; x_wconf 84' lang='lat' dir='ltr'><strong>exierat,.</strong></span> <span class='ocrx_word' id='word_1_665' title='bbox 2866 3184 3268 3254; x_wconf 46' lang='lat' dir='ltr'><strong>antequamveis</strong></span> <span class='ocrx_word' id='word_1_666' title='bbox 3309 3183 3572 3238; x_wconf 86' lang='lat' dir='ltr'><strong>Dominus</strong></span> 
     </span>
    </p>
   </div>
   <div class='ocr_carea' id='block_1_92' title="bbox 1976 3282 2831 3354">
    <p class='ocr_par' dir='ltr' id='par_1_92' title="bbox 1976 3282 2831 3354">
     <span class='ocr_line' id='line_1_92' title="bbox 1976 3282 2831 3354; baseline -0.012 -12"><span class='ocrx_word' id='word_1_667' title='bbox 1976 3286 2101 3342; x_wconf 67' lang='lat' dir='ltr'><strong>haec</strong></span> <span class='ocrx_word' id='word_1_668' title='bbox 2125 3282 2475 3354; x_wconf 86' lang='lat' dir='ltr'><strong>loquentibus</strong></span> <span class='ocrx_word' id='word_1_669' title='bbox 2505 3286 2831 3351; x_wconf 81' lang='lat' dir='ltr'><strong>appareret.-</strong></span> 
     </span>
    </p>
   </div>
   <div class='ocr_carea' id='block_1_93' title="bbox 2047 3367 3572 3448">
    <p class='ocr_par' dir='ltr' id='par_1_93' title="bbox 2047 3367 3572 3448">
     <span class='ocr_line' id='line_1_93' title="bbox 2047 3367 3572 3448; baseline -0.006 -17"><span class='ocrx_word' id='word_1_670' title='bbox 2047 3375 2116 3431; x_wconf 82' lang='lat' dir='ltr'><strong>Et</strong></span> <span class='ocrx_word' id='word_1_671' title='bbox 2137 3375 2384 3448; x_wconf 64' lang='lat' dir='ltr'><strong>postdies</strong></span> <span class='ocrx_word' id='word_1_672' title='bbox 2412 3382 2561 3438; x_wconf 74' lang='lat' dir='ltr'><strong>octo,</strong></span> <span class='ocrx_word' id='word_1_673' title='bbox 2589 3373 2966 3427; x_wconf 42' lang='lat' dir='ltr'><strong>iterumverant-</strong></span> <span class='ocrx_word' id='word_1_674' title='bbox 2989 3367 3236 3440; x_wconf 82' lang='lat' dir='ltr'><strong>discipuli</strong></span> <span class='ocrx_word' id='word_1_675' title='bbox 3264 3369 3391 3439; x_wconf 85' lang='lat' dir='ltr'><strong>ejus&#39;</strong></span> <span class='ocrx_word' id='word_1_676' title='bbox 3405 3369 3572 3433; x_wconf 83' lang='lat' dir='ltr'><strong>intus,</strong></span> 
     </span>
    </p>
   </div>
   <div class='ocr_carea' id='block_1_94' title="bbox 1975 3460 3573 3532">
    <p class='ocr_par' dir='ltr' id='par_1_94' title="bbox 1975 3460 3573 3532">
     <span class='ocr_line' id='line_1_94' title="bbox 1975 3460 3573 3532; baseline -0.006 -8"><span class='ocrx_word' id='word_1_677' title='bbox 1975 3479 2022 3524; x_wconf 86' lang='lat' dir='ltr'><strong>et</strong></span> <span class='ocrx_word' id='word_1_678' title='bbox 2049 3467 2276 3522; x_wconf 82' lang='lat' dir='ltr'><strong>Thomas</strong></span> <span class='ocrx_word' id='word_1_679' title='bbox 2313 3483 2442 3520; x_wconf 83' lang='lat' dir='ltr'><strong>cum</strong></span> <span class='ocrx_word' id='word_1_680' title='bbox 2465 3464 2730 3530; x_wconf 69' lang='lat' dir='ltr'><strong>eis;.venit</strong></span> <span class='ocrx_word' id='word_1_681' title='bbox 2759 3462 2916 3517; x_wconf 74' lang='lat' dir='ltr'><strong>Iesus</strong></span> <span class='ocrx_word' id='word_1_682' title='bbox 2937 3461 3124 3532; x_wconf 86' lang='lat' dir='ltr'><strong>januis</strong></span> <span class='ocrx_word' id='word_1_683' title='bbox 3149 3460 3366 3526; x_wconf 86' lang='lat' dir='ltr'><strong>clausis,</strong></span> <span class='ocrx_word' id='word_1_684' title='bbox 3394 3469 3573 3515; x_wconf 69' lang='lat' dir='ltr'><strong>etsta-</strong></span> 
     </span>
    </p>
   </div>
   <div class='ocr_carea' id='block_1_95' title="bbox 1974 3550 3572 3614">
    <p class='ocr_par' dir='ltr' id='par_1_95' title="bbox 1974 3550 3572 3614">
     <span class='ocr_line' id='line_1_95' title="bbox 1974 3550 3572 3614; baseline -0.004 0"><span class='ocrx_word' id='word_1_685' title='bbox 1974 3561 2037 3614; x_wconf 85' lang='lat' dir='ltr'><strong>tit</strong></span> <span class='ocrx_word' id='word_1_686' title='bbox 2061 3561 2117 3613; x_wconf 87' lang='lat' dir='ltr'><strong>in</strong></span> <span class='ocrx_word' id='word_1_687' title='bbox 2159 3557 2331 3614; x_wconf 85' lang='lat' dir='ltr'><strong>medio</strong></span> <span class='ocrx_word' id='word_1_688' title='bbox 2359 3573 2541 3612; x_wconf 85' lang='lat' dir='ltr'><strong>eorum</strong></span> <span class='ocrx_word' id='word_1_689' title='bbox 2571 3565 2620 3610; x_wconf 90' lang='lat' dir='ltr'><strong>et</strong></span> <span class='ocrx_word' id='word_1_690' title='bbox 2659 3555 2795 3609; x_wconf 74' lang='lat' dir='ltr'><strong>dixit</strong></span> <span class='ocrx_word' id='word_1_691' title='bbox 2835 3555 2953 3608; x_wconf 85' lang='lat' dir='ltr'><strong>eis:</strong></span> <span class='ocrx_word' id='word_1_692' title='bbox 2990 3550 3112 3605; x_wconf 70' lang='lat' dir='ltr'><strong>Pax</strong></span> <span class='ocrx_word' id='word_1_693' title='bbox 3151 3551 3312 3605; x_wconf 81' lang='lat' dir='ltr'><strong>vobis.</strong></span> <span class='ocrx_word' id='word_1_694' title='bbox 3365 3551 3572 3607; x_wconf 73' lang='lat' dir='ltr'><strong>Deinde</strong></span> 
     </span>
    </p>
   </div>
   <div class='ocr_carea' id='block_1_96' title="bbox 1974 3639 3572 3716">
    <p class='ocr_par' dir='ltr' id='par_1_96' title="bbox 1974 3639 3572 3716">
     <span class='ocr_line' id='line_1_96' title="bbox 1974 3639 3572 3716; baseline -0.006 -12"><span class='ocrx_word' id='word_1_695' title='bbox 1974 3650 2112 3704; x_wconf 81' lang='lat' dir='ltr'><strong>dicit</strong></span> <span class='ocrx_word' id='word_1_696' title='bbox 2133 3648 2347 3703; x_wconf 75' lang='lat' dir='ltr'><strong>Thomte</strong></span> <span class='ocrx_word' id='word_1_697' title='bbox 2375 3661 2406 3700; x_wconf 92' lang='lat'><strong>:-</strong></span> <span class='ocrx_word' id='word_1_698' title='bbox 2446 3645 2598 3716; x_wconf 80' lang='lat' dir='ltr'><strong>Infer</strong></span> <span class='ocrx_word' id='word_1_699' title='bbox 2636 3645 2861 3715; x_wconf 81' lang='lat' dir='ltr'><strong>digitum</strong></span> <span class='ocrx_word' id='word_1_700' title='bbox 2893 3652 3041 3696; x_wconf 87' lang='lat' dir='ltr'><strong>tuum</strong></span> <span class='ocrx_word' id='word_1_701' title='bbox 3067 3642 3170 3696; x_wconf 85' lang='lat' dir='ltr'><strong>huc</strong></span> <span class='ocrx_word' id='word_1_702' title='bbox 3189 3681 3205 3707; x_wconf 91' lang='lat'><strong>,</strong></span> <span class='ocrx_word' id='word_1_703' title='bbox 3237 3650 3288 3696; x_wconf 90' lang='lat' dir='ltr'><strong>et</strong></span> <span class='ocrx_word' id='word_1_704' title='bbox 3314 3639 3428 3696; x_wconf 82' lang='lat' dir='ltr'><strong>vide</strong></span> <span class='ocrx_word' id='word_1_705' title='bbox 3454 3658 3572 3695; x_wconf 81' lang='lat' dir='ltr'><strong>ma-</strong></span> 
     </span>
    </p>
   </div>
   <div class='ocr_carea' id='block_1_97' title="bbox 1975 3731 3569 3810">
    <p class='ocr_par' dir='ltr' id='par_1_97' title="bbox 1975 3731 3569 3810">
     <span class='ocr_line' id='line_1_97' title="bbox 1975 3731 3569 3810; baseline -0.006 -14"><span class='ocrx_word' id='word_1_706' title='bbox 1975 3757 2073 3796; x_wconf 86' lang='lat' dir='ltr'><strong>nus</strong></span> <span class='ocrx_word' id='word_1_707' title='bbox 2107 3756 2295 3804; x_wconf 68' lang='lat' dir='ltr'><strong>meas,</strong></span> <span class='ocrx_word' id='word_1_708' title='bbox 2328 3747 2435 3794; x_wconf 87' lang='lat' dir='ltr'><strong>etc.</strong></span> <span class='ocrx_word' id='word_1_709' title='bbox 2482 3737 2597 3810; x_wconf 80' lang='lat' dir='ltr'><strong>(Ex.</strong></span> <span class='ocrx_word' id='word_1_710' title='bbox 2625 3734 2818 3808; x_wconf 84' lang='lat' dir='ltr'><strong>Greg.)</strong></span> <span class='ocrx_word' id='word_1_711' title='bbox 2866 3733 2959 3790; x_wconf 90' lang='lat' dir='ltr'><strong>Sic</strong></span> <span class='ocrx_word' id='word_1_712' title='bbox 3001 3733 3200 3804; x_wconf 87' lang='lat' dir='ltr'><strong>quippe</strong></span> <span class='ocrx_word' id='word_1_713' title='bbox 3246 3731 3569 3802; x_wconf 88' lang='lat' dir='ltr'><strong>discipulum</strong></span> 
     </span>
    </p>
   </div>
   <div class='ocr_carea' id='block_1_98' title="bbox 1973 3825 3571 3905">
    <p class='ocr_par' dir='ltr' id='par_1_98' title="bbox 1973 3825 3571 3905">
     <span class='ocr_line' id='line_1_98' title="bbox 1973 3825 3571 3905; baseline -0.004 -17"><span class='ocrx_word' id='word_1_714' title='bbox 1973 3841 2102 3905; x_wconf 84' lang='lat' dir='ltr'><strong>post</strong></span> <span class='ocrx_word' id='word_1_715' title='bbox 2151 3831 2608 3888; x_wconf 84' lang='lat' dir='ltr'><strong>resurrectionem</strong></span> <span class='ocrx_word' id='word_1_716' title='bbox 2656 3844 2812 3885; x_wconf 87' lang='lat' dir='ltr'><strong>suam</strong></span> <span class='ocrx_word' id='word_1_717' title='bbox 2859 3827 3118 3883; x_wconf 85' lang='lat' dir='ltr'><strong>dubitare</strong></span> <span class='ocrx_word' id='word_1_718' title='bbox 3151 3825 3430 3897; x_wconf 81' lang='lat' dir='ltr'><strong>permisit,</strong></span> <span class='ocrx_word' id='word_1_719' title='bbox 3470 3840 3571 3881; x_wconf 83' lang='lat' dir='ltr'><strong>nec</strong></span> 
     </span>
    </p>
   </div>
   <div class='ocr_carea' id='block_1_99' title="bbox 1974 3917 3570 3986">
    <p class='ocr_par' dir='ltr' id='par_1_99' title="bbox 1974 3917 3570 3986">
     <span class='ocr_line' id='line_1_99' title="bbox 1974 3917 3570 3986; baseline -0.006 -4"><span class='ocrx_word' id='word_1_720' title='bbox 1974 3934 2157 3982; x_wconf 85' lang='lat' dir='ltr'><strong>tamen</strong></span> <span class='ocrx_word' id='word_1_721' title='bbox 2187 3926 2255 3980; x_wconf 72' lang='lat' dir='ltr'><strong>in&#39;</strong></span> <span class='ocrx_word' id='word_1_722' title='bbox 2277 3923 2618 3979; x_wconf 86' lang='lat' dir='ltr'><strong>dubitatione</strong></span> <span class='ocrx_word' id='word_1_723' title='bbox 2656 3921 2920 3986; x_wconf 85' lang='lat' dir='ltr'><strong>deseruit,</strong></span> <span class='ocrx_word' id='word_1_724' title='bbox 2967 3920 3109 3976; x_wconf 87' lang='lat' dir='ltr'><strong>sicut</strong></span> <span class='ocrx_word' id='word_1_725' title='bbox 3145 3927 3272 3974; x_wconf 89' lang='lat' dir='ltr'><strong>ante</strong></span> <span class='ocrx_word' id='word_1_726' title='bbox 3311 3917 3570 3972; x_wconf 80' lang='lat' dir='ltr'><strong>nativita-</strong></span> 
     </span>
    </p>
   </div>
   <div class='ocr_carea' id='block_1_100' title="bbox 1973 4011 3569 4084">
    <p class='ocr_par' dir='ltr' id='par_1_100' title="bbox 1973 4011 3569 4084">
     <span class='ocr_line' id='line_1_100' title="bbox 1973 4011 3569 4084; baseline -0.007 -10"><span class='ocrx_word' id='word_1_727' title='bbox 1973 4025 2086 4074; x_wconf 90' lang='lat' dir='ltr'><strong>tem</strong></span> <span class='ocrx_word' id='word_1_728' title='bbox 2113 4032 2268 4074; x_wconf 90' lang='lat' dir='ltr'><strong>suam</strong></span> <span class='ocrx_word' id='word_1_729' title='bbox 2298 4017 2502 4072; x_wconf 84' lang='lat' dir='ltr'><strong>habere</strong></span> <span class='ocrx_word' id='word_1_730' title='bbox 2546 4015 2771 4069; x_wconf 88' lang='lat' dir='ltr'><strong>Mariam</strong></span> <span class='ocrx_word' id='word_1_731' title='bbox 2803 4027 3065 4084; x_wconf 90' lang='lat' dir='ltr'><strong>sponsum</strong></span> <span class='ocrx_word' id='word_1_732' title='bbox 3101 4011 3300 4075; x_wconf 89' lang='lat' dir='ltr'><strong>voluit,</strong></span> <span class='ocrx_word' id='word_1_733' title='bbox 3349 4011 3441 4080; x_wconf 86' lang='lat' dir='ltr'><strong>qui</strong></span> <span class='ocrx_word' id='word_1_734' title='bbox 3484 4017 3569 4064; x_wconf 89' lang='lat' dir='ltr'><strong>ta-</strong></span> 
     </span>
    </p>
   </div>
   <div class='ocr_carea' id='block_1_101' title="bbox 1974 4099 3568 4176">
    <p class='ocr_par' dir='ltr' id='par_1_101' title="bbox 1974 4099 3568 4176">
     <span class='ocr_line' id='line_1_101' title="bbox 1974 4099 3568 4176; baseline -0.006 -12"><span class='ocrx_word' id='word_1_735' title='bbox 1974 4125 2100 4166; x_wconf 87' lang='lat' dir='ltr'><strong>men</strong></span> <span class='ocrx_word' id='word_1_736' title='bbox 2139 4108 2208 4163; x_wconf 89' lang='lat' dir='ltr'><strong>ad</strong></span> <span class='ocrx_word' id='word_1_737' title='bbox 2238 4105 2358 4176; x_wconf 83' lang='lat' dir='ltr'><strong>ejus</strong></span> <span class='ocrx_word' id='word_1_738' title='bbox 2391 4105 2610 4174; x_wconf 86' lang='lat' dir='ltr'><strong>nuptias</strong></span> <span class='ocrx_word' id='word_1_739' title='bbox 2650 4119 2756 4158; x_wconf 92' lang='lat' dir='ltr'><strong>non</strong></span> <span class='ocrx_word' id='word_1_740' title='bbox 2785 4103 3053 4173; x_wconf 81' lang='lat' dir='ltr'><strong>pervenit.</strong></span> <span class='ocrx_word' id='word_1_741' title='bbox 3103 4100 3238 4155; x_wconf 89' lang='lat' dir='ltr'><strong>Nam</strong></span> <span class='ocrx_word' id='word_1_742' title='bbox 3269 4102 3346 4155; x_wconf 87' lang='lat' dir='ltr'><strong>ita</strong></span> <span class='ocrx_word' id='word_1_743' title='bbox 3390 4099 3568 4155; x_wconf 78' lang='lat' dir='ltr'><strong>factus</strong></span> 
     </span>
    </p>
   </div>
   <div class='ocr_carea' id='block_1_102' title="bbox 1973 4191 3571 4267">
    <p class='ocr_par' dir='ltr' id='par_1_102' title="bbox 1973 4191 3571 4267">
     <span class='ocr_line' id='line_1_102' title="bbox 1973 4191 3571 4267; baseline -0.008 -11"><span class='ocrx_word' id='word_1_744' title='bbox 1973 4208 2058 4256; x_wconf 88' lang='lat' dir='ltr'><strong>est</strong></span> <span class='ocrx_word' id='word_1_745' title='bbox 2103 4196 2399 4267; x_wconf 88' lang='lat' dir='ltr'><strong>discipulus</strong></span> <span class='ocrx_word' id='word_1_746' title='bbox 2445 4195 2700 4249; x_wconf 84' lang='lat' dir='ltr'><strong>dubitans</strong></span> <span class='ocrx_word' id='word_1_747' title='bbox 2740 4201 2798 4248; x_wconf 92' lang='lat' dir='ltr'><strong>et</strong></span> <span class='ocrx_word' id='word_1_748' title='bbox 2837 4192 3068 4262; x_wconf 88' lang='lat' dir='ltr'><strong>palpans</strong></span> <span class='ocrx_word' id='word_1_749' title='bbox 3108 4191 3261 4246; x_wconf 88' lang='lat' dir='ltr'><strong>testis</strong></span> <span class='ocrx_word' id='word_1_750' title='bbox 3302 4205 3445 4244; x_wconf 74' lang='lat' dir='ltr'><strong>verae</strong></span> <span class='ocrx_word' id='word_1_751' title='bbox 3484 4204 3571 4244; x_wconf 88' lang='lat' dir='ltr'><strong>re-</strong></span> 
     </span>
    </p>
   </div>
   <div class='ocr_carea' id='block_1_103' title="bbox 1973 4278 3566 4354">
    <p class='ocr_par' dir='ltr' id='par_1_103' title="bbox 1973 4278 3566 4354">
     <span class='ocr_line' id='line_1_103' title="bbox 1973 4278 3566 4354; baseline -0.006 -10"><span class='ocrx_word' id='word_1_752' title='bbox 1973 4287 2348 4350; x_wconf 87' lang='lat' dir='ltr'><strong>surrectionis,</strong></span> <span class='ocrx_word' id='word_1_753' title='bbox 2382 4285 2523 4340; x_wconf 90' lang='lat' dir='ltr'><strong>sicut</strong></span> <span class='ocrx_word' id='word_1_754' title='bbox 2561 4297 2794 4354; x_wconf 88' lang='lat' dir='ltr'><strong>sponsus</strong></span> <span class='ocrx_word' id='word_1_755' title='bbox 2818 4281 3008 4336; x_wconf 89' lang='lat' dir='ltr'><strong>matris</strong></span> <span class='ocrx_word' id='word_1_756' title='bbox 3043 4279 3226 4334; x_wconf 80' lang='lat' dir='ltr'><strong>fuerat</strong></span> <span class='ocrx_word' id='word_1_757' title='bbox 3257 4287 3441 4334; x_wconf 88' lang='lat' dir='ltr'><strong>custos</strong></span> <span class='ocrx_word' id='word_1_758' title='bbox 3478 4278 3566 4334; x_wconf 88' lang='lat' dir='ltr'><strong>in-</strong></span> 
     </span>
    </p>
   </div>
   <div class='ocr_carea' id='block_1_104' title="bbox 1975 4375 2659 4452">
    <p class='ocr_par' dir='ltr' id='par_1_104' title="bbox 1975 4375 2659 4452">
     <span class='ocr_line' id='line_1_104' title="bbox 1975 4375 2659 4452; baseline -0.012 -16"><span class='ocrx_word' id='word_1_759' title='bbox 1975 4381 2280 4452; x_wconf 73' lang='lat' dir='ltr'><strong>tegerrima:</strong></span> <span class='ocrx_word' id='word_1_760' title='bbox 2309 4375 2659 4448; x_wconf 81' lang='lat' dir='ltr'><strong>virginitatis.</strong></span> 
     </span>
    </p>
   </div>
   <div class='ocr_carea' id='block_1_105' title="bbox 2047 4463 3568 4544">
    <p class='ocr_par' dir='ltr' id='par_1_105' title="bbox 2047 4463 3568 4544">
     <span class='ocr_line' id='line_1_105' title="bbox 2047 4463 3568 4544; baseline -0.003 -20"><span class='ocrx_word' id='word_1_761' title='bbox 2047 4469 2155 4544; x_wconf 79' lang='lat' dir='ltr'><strong>(Ex</strong></span> <span class='ocrx_word' id='word_1_762' title='bbox 2185 4467 2373 4541; x_wconf 86' lang='lat' dir='ltr'><strong>Beda.)</strong></span> <span class='ocrx_word' id='word_1_763' title='bbox 2417 4466 2534 4522; x_wconf 86' lang='lat' dir='ltr'><strong>Non</strong></span> <span class='ocrx_word' id='word_1_764' title='bbox 2582 4465 2756 4522; x_wconf 89' lang='lat' dir='ltr'><strong>solum</strong></span> <span class='ocrx_word' id='word_1_765' title='bbox 2804 4480 2998 4520; x_wconf 89' lang='lat' dir='ltr'><strong>manus</strong></span> <span class='ocrx_word' id='word_1_766' title='bbox 3041 4471 3097 4519; x_wconf 91' lang='lat' dir='ltr'><strong>et</strong></span> <span class='ocrx_word' id='word_1_767' title='bbox 3144 4463 3329 4534; x_wconf 87' lang='lat' dir='ltr'><strong>pedes,</strong></span> <span class='ocrx_word' id='word_1_768' title='bbox 3369 4463 3568 4532; x_wconf 84' lang='lat' dir='ltr'><strong>quibus</strong></span> 
     </span>
    </p>
   </div>
   <div class='ocr_carea' id='block_1_106' title="bbox 1975 4558 3570 4630">
    <p class='ocr_par' dir='ltr' id='par_1_106' title="bbox 1975 4558 3570 4630">
     <span class='ocr_line' id='line_1_106' title="bbox 1975 4558 3570 4630; baseline -0.004 -11"><span class='ocrx_word' id='word_1_769' title='bbox 1975 4562 2174 4619; x_wconf 81' lang='lat' dir='ltr'><strong>indicia</strong></span> <span class='ocrx_word' id='word_1_770' title='bbox 2222 4561 2498 4617; x_wconf 81' lang='lat' dir='ltr'><strong>clavorum</strong></span> <span class='ocrx_word' id='word_1_771' title='bbox 2523 4560 2770 4615; x_wconf 88' lang='lat' dir='ltr'><strong>claruere</strong></span> <span class='ocrx_word' id='word_1_772' title='bbox 2814 4558 3043 4630; x_wconf 89' lang='lat' dir='ltr'><strong>vestigia</strong></span> <span class='ocrx_word' id='word_1_773' title='bbox 3069 4597 3094 4624; x_wconf 79' lang='lat'><strong>,.</strong></span> <span class='ocrx_word' id='word_1_774' title='bbox 3137 4559 3242 4613; x_wconf 86' lang='lat' dir='ltr'><strong>sed</strong></span> <span class='ocrx_word' id='word_1_775' title='bbox 3276 4563 3570 4613; x_wconf 88' lang='lat' dir='ltr'><strong>attestante</strong></span> 
     </span>
    </p>
   </div>
   <div class='ocr_carea' id='block_1_107' title="bbox 1975 4647 3568 4723">
    <p class='ocr_par' dir='ltr' id='par_1_107' title="bbox 1975 4647 3568 4723">
     <span class='ocr_line' id='line_1_107' title="bbox 1975 4647 3568 4723; baseline -0.003 -13"><span class='ocrx_word' id='word_1_776' title='bbox 1975 4654 2218 4710; x_wconf 83' lang='lat' dir='ltr'><strong>Joanne:</strong></span> <span class='ocrx_word' id='word_1_777' title='bbox 2266 4654 2334 4708; x_wconf 90' lang='lat' dir='ltr'><strong>Et</strong></span> <span class='ocrx_word' id='word_1_778' title='bbox 2371 4651 2485 4723; x_wconf 78' lang='lat' dir='ltr'><strong>jam</strong></span> <span class='ocrx_word' id='word_1_779' title='bbox 2515 4651 2657 4707; x_wconf 91' lang='lat' dir='ltr'><strong>latus</strong></span> <span class='ocrx_word' id='word_1_780' title='bbox 2692 4653 2837 4721; x_wconf 85' lang='lat' dir='ltr'><strong>quod</strong></span> <span class='ocrx_word' id='word_1_781' title='bbox 2869 4650 3057 4705; x_wconf 89' lang='lat' dir='ltr'><strong>lancea</strong></span> <span class='ocrx_word' id='word_1_782' title='bbox 3103 4648 3338 4705; x_wconf 78' lang='lat' dir='ltr'><strong>foratum</strong></span> <span class='ocrx_word' id='word_1_783' title='bbox 3389 4647 3568 4705; x_wconf 88' lang='lat' dir='ltr'><strong>fuerat</strong></span> 
     </span>
    </p>
   </div>
   <div class='ocr_carea' id='block_1_108' title="bbox 1976 4739 3569 4808">
    <p class='ocr_par' dir='ltr' id='par_1_108' title="bbox 1976 4739 3569 4808">
     <span class='ocr_line' id='line_1_108' title="bbox 1976 4739 3569 4808; baseline -0.005 -6"><span class='ocrx_word' id='word_1_784' title='bbox 1976 4745 2228 4802; x_wconf 88' lang='lat' dir='ltr'><strong>ostendit.</strong></span> <span class='ocrx_word' id='word_1_785' title='bbox 2265 4744 2336 4801; x_wconf 90' lang='lat' dir='ltr'><strong>Ut</strong></span> <span class='ocrx_word' id='word_1_786' title='bbox 2368 4743 2642 4808; x_wconf 85' lang='lat' dir='ltr'><strong>videlicet,</strong></span> <span class='ocrx_word' id='word_1_787' title='bbox 2675 4751 2894 4798; x_wconf 86' lang='lat' dir='ltr'><strong>ostensa</strong></span> <span class='ocrx_word' id='word_1_788' title='bbox 2926 4741 3210 4796; x_wconf 68' lang='lat' dir='ltr'><strong>vulnerum</strong></span> <span class='ocrx_word' id='word_1_789' title='bbox 3240 4754 3458 4794; x_wconf 82' lang='lat' dir='ltr'><strong>suorum</strong></span> <span class='ocrx_word' id='word_1_790' title='bbox 3490 4739 3569 4795; x_wconf 83' lang='lat' dir='ltr'><strong>ci-</strong></span> 
     </span>
    </p>
   </div>
   <div class='ocr_carea' id='block_1_109' title="bbox 1977 4828 3568 4901">
    <p class='ocr_par' dir='ltr' id='par_1_109' title="bbox 1977 4828 3568 4901">
     <span class='ocr_line' id='line_1_109' title="bbox 1977 4828 3568 4901; baseline -0.003 -13"><span class='ocrx_word' id='word_1_791' title='bbox 1977 4834 2204 4898; x_wconf 87' lang='lat' dir='ltr'><strong>catrice,</strong></span> <span class='ocrx_word' id='word_1_792' title='bbox 2237 4831 2530 4888; x_wconf 89' lang='lat' dir='ltr'><strong>dubietatis</strong></span> <span class='ocrx_word' id='word_1_793' title='bbox 2568 4839 2731 4901; x_wconf 86' lang='lat' dir='ltr'><strong>atque</strong></span> <span class='ocrx_word' id='word_1_794' title='bbox 2761 4829 3095 4884; x_wconf 81' lang='lat' dir='ltr'><strong>inﬁdelitatis</strong></span> <span class='ocrx_word' id='word_1_795' title='bbox 3141 4843 3338 4883; x_wconf 84' lang='lat' dir='ltr'><strong>eorum</strong></span> <span class='ocrx_word' id='word_1_796' title='bbox 3373 4828 3568 4883; x_wconf 81' lang='lat' dir='ltr'><strong>vulnus</strong></span> 
     </span>
    </p>
   </div>
   <div class='ocr_carea' id='block_1_110' title="bbox 1977 4918 3568 4990">
    <p class='ocr_par' dir='ltr' id='par_1_110' title="bbox 1977 4918 3568 4990">
     <span class='ocr_line' id='line_1_110' title="bbox 1977 4918 3568 4990; baseline -0.005 -10"><span class='ocrx_word' id='word_1_797' title='bbox 1977 4931 2217 4981; x_wconf 87' lang='lat' dir='ltr'><strong>sanaret.</strong></span> <span class='ocrx_word' id='word_1_798' title='bbox 2258 4921 2458 4976; x_wconf 71' lang='lat' dir='ltr'><strong>Verum</strong></span> <span class='ocrx_word' id='word_1_799' title='bbox 2487 4921 2756 4990; x_wconf 88' lang='lat' dir='ltr'><strong>quomodo</strong></span> <span class='ocrx_word' id='word_1_800' title='bbox 2795 4927 2920 4990; x_wconf 90' lang='lat' dir='ltr'><strong>post</strong></span> <span class='ocrx_word' id='word_1_801' title='bbox 2963 4920 3416 4975; x_wconf 86' lang='lat' dir='ltr'><strong>resurrectionem</strong></span> <span class='ocrx_word' id='word_1_802' title='bbox 3456 4918 3568 4974; x_wconf 87' lang='lat' dir='ltr'><strong>cla-</strong></span> 
     </span>
    </p>
   </div>
   <div class='ocr_carea' id='block_1_111' title="bbox 1978 5007 3565 5082">
    <p class='ocr_par' dir='ltr' id='par_1_111' title="bbox 1978 5007 3565 5082">
     <span class='ocr_line' id='line_1_111' title="bbox 1978 5007 3565 5082; baseline -0.004 -12"><span class='ocrx_word' id='word_1_803' title='bbox 1978 5031 2171 5070; x_wconf 91' lang='lat' dir='ltr'><strong>vorum</strong></span> <span class='ocrx_word' id='word_1_804' title='bbox 2231 5014 2316 5070; x_wconf 88' lang='lat' dir='ltr'><strong>vel</strong></span> <span class='ocrx_word' id='word_1_805' title='bbox 2365 5014 2568 5068; x_wconf 81' lang='lat' dir='ltr'><strong>lanceae</strong></span> <span class='ocrx_word' id='word_1_806' title='bbox 2625 5007 2742 5067; x_wconf 77' lang='lat' dir='ltr'><strong>loca</strong></span> <span class='ocrx_word' id='word_1_807' title='bbox 2790 5012 3116 5082; x_wconf 89' lang='lat' dir='ltr'><strong>pandendo,</strong></span> <span class='ocrx_word' id='word_1_808' title='bbox 3176 5009 3565 5081; x_wconf 87' lang='lat' dir='ltr'><strong>discipulorum</strong></span> 
     </span>
    </p>
   </div>
   <div class='ocr_carea' id='block_1_112' title="bbox 1977 5098 3567 5176">
    <p class='ocr_par' dir='ltr' id='par_1_112' title="bbox 1977 5098 3567 5176">
     <span class='ocr_line' id='line_1_112' title="bbox 1977 5098 3567 5176; baseline -0.004 -15"><span class='ocrx_word' id='word_1_809' title='bbox 1977 5106 2230 5176; x_wconf 87' lang='lat' dir='ltr'><strong>dignatus</strong></span> <span class='ocrx_word' id='word_1_810' title='bbox 2265 5110 2349 5160; x_wconf 87' lang='lat' dir='ltr'><strong>est</strong></span> <span class='ocrx_word' id='word_1_811' title='bbox 2388 5102 2550 5158; x_wconf 84' lang='lat' dir='ltr'><strong>ﬁdem</strong></span> <span class='ocrx_word' id='word_1_812' title='bbox 2578 5115 2837 5171; x_wconf 88' lang='lat' dir='ltr'><strong>spemque</strong></span> <span class='ocrx_word' id='word_1_813' title='bbox 2867 5100 3145 5165; x_wconf 85' lang='lat' dir='ltr'><strong>roborare,</strong></span> <span class='ocrx_word' id='word_1_814' title='bbox 3177 5100 3254 5155; x_wconf 88' lang='lat' dir='ltr'><strong>ita</strong></span> <span class='ocrx_word' id='word_1_815' title='bbox 3280 5101 3335 5154; x_wconf 90' lang='lat' dir='ltr'><strong>in</strong></span> <span class='ocrx_word' id='word_1_816' title='bbox 3363 5101 3451 5156; x_wconf 89' lang='lat' dir='ltr'><strong>die</strong></span> <span class='ocrx_word' id='word_1_817' title='bbox 3477 5098 3567 5168; x_wconf 86' lang='lat' dir='ltr'><strong>ju-</strong></span> 
     </span>
    </p>
   </div>
   <div class='ocr_carea' id='block_1_113' title="bbox 1977 5192 3565 5265">
    <p class='ocr_par' dir='ltr' id='par_1_113' title="bbox 1977 5192 3565 5265">
     <span class='ocr_line' id='line_1_113' title="bbox 1977 5192 3565 5265; baseline -0.006 -9"><span class='ocrx_word' id='word_1_818' title='bbox 1977 5199 2106 5256; x_wconf 89' lang='lat' dir='ltr'><strong>dicii</strong></span> <span class='ocrx_word' id='word_1_819' title='bbox 2131 5206 2186 5254; x_wconf 91' lang='lat' dir='ltr'><strong>et</strong></span> <span class='ocrx_word' id='word_1_820' title='bbox 2213 5197 2400 5253; x_wconf 89' lang='lat' dir='ltr'><strong>eadem</strong></span> <span class='ocrx_word' id='word_1_821' title='bbox 2424 5211 2535 5251; x_wconf 72' lang='lat' dir='ltr'><strong>sua:</strong></span> <span class='ocrx_word' id='word_1_822' title='bbox 2562 5194 2832 5265; x_wconf 81' lang='lat' dir='ltr'><strong>passionis</strong></span> <span class='ocrx_word' id='word_1_823' title='bbox 2867 5194 3088 5261; x_wconf 90' lang='lat' dir='ltr'><strong>indicia,</strong></span> <span class='ocrx_word' id='word_1_824' title='bbox 3117 5201 3174 5249; x_wconf 89' lang='lat' dir='ltr'><strong>et</strong></span> <span class='ocrx_word' id='word_1_825' title='bbox 3207 5193 3382 5264; x_wconf 89' lang='lat' dir='ltr'><strong>ipsam</strong></span> <span class='ocrx_word' id='word_1_826' title='bbox 3413 5192 3565 5263; x_wconf 92' lang='lat' dir='ltr'><strong>pari-</strong></span> 
     </span>
    </p>
   </div>
   <div class='ocr_carea' id='block_1_114' title="bbox 1977 5284 3564 5354">
    <p class='ocr_par' dir='ltr' id='par_1_114' title="bbox 1977 5284 3564 5354">
     <span class='ocr_line' id='line_1_114' title="bbox 1977 5284 3564 5354; baseline -0.006 -11"><span class='ocrx_word' id='word_1_827' title='bbox 1977 5296 2063 5344; x_wconf 90' lang='lat' dir='ltr'><strong>ter</strong></span> <span class='ocrx_word' id='word_1_828' title='bbox 2104 5302 2323 5342; x_wconf 85' lang='lat' dir='ltr'><strong>crucem</strong></span> <span class='ocrx_word' id='word_1_829' title='bbox 2371 5285 2742 5351; x_wconf 88' lang='lat' dir='ltr'><strong>monstrando,</strong></span> <span class='ocrx_word' id='word_1_830' title='bbox 2781 5292 3043 5341; x_wconf 86' lang='lat' dir='ltr'><strong>venturus</strong></span> <span class='ocrx_word' id='word_1_831' title='bbox 3081 5292 3195 5353; x_wconf 86' lang='lat' dir='ltr'><strong>est,</strong></span> <span class='ocrx_word' id='word_1_832' title='bbox 3235 5284 3564 5354; x_wconf 84' lang='lat' dir='ltr'><strong>impietatem</strong></span> 
     </span>
    </p>
   </div>
   <div class='ocr_carea' id='block_1_115' title="bbox 1977 5373 3570 5452">
    <p class='ocr_par' dir='ltr' id='par_1_115' title="bbox 1977 5373 3570 5452">
     <span class='ocr_line' id='line_1_115' title="bbox 1977 5373 3570 5452; baseline -0.008 -16"><span class='ocrx_word' id='word_1_833' title='bbox 1977 5381 2354 5452; x_wconf 88' lang='lat' dir='ltr'><strong>superborum,</strong></span> <span class='ocrx_word' id='word_1_834' title='bbox 2383 5377 2865 5448; x_wconf 78' lang='lat' dir='ltr'><strong>iniidelitatemque</strong></span> <span class='ocrx_word' id='word_1_835' title='bbox 2887 5376 3236 5434; x_wconf 83' lang='lat' dir='ltr'><strong>confundere.</strong></span> <span class='ocrx_word' id='word_1_836' title='bbox 3267 5373 3485 5430; x_wconf 89' lang='lat' dir='ltr'><strong>Scilicet</strong></span> <span class='ocrx_word' id='word_1_837' title='bbox 3509 5378 3570 5424; x_wconf 94' lang='lat' dir='ltr'><strong>ut</strong></span> 
     </span>
    </p>
   </div>
   <div class='ocr_carea' id='block_1_116' title="bbox 1977 5465 3572 5541">
    <p class='ocr_par' dir='ltr' id='par_1_116' title="bbox 1977 5465 3572 5541">
     <span class='ocr_line' id='line_1_116' title="bbox 1977 5465 3572 5541; baseline -0.004 -17"><span class='ocrx_word' id='word_1_838' title='bbox 1977 5470 2158 5541; x_wconf 90' lang='lat' dir='ltr'><strong>ipsum</strong></span> <span class='ocrx_word' id='word_1_839' title='bbox 2184 5485 2244 5524; x_wconf 90' lang='lat' dir='ltr'><strong>sc</strong></span> <span class='ocrx_word' id='word_1_840' title='bbox 2267 5484 2389 5524; x_wconf 87' lang='lat' dir='ltr'><strong>esse</strong></span> <span class='ocrx_word' id='word_1_841' title='bbox 2408 5509 2425 5534; x_wconf 94' lang='lat'><strong>,</strong></span> <span class='ocrx_word' id='word_1_842' title='bbox 2456 5469 2548 5538; x_wconf 91' lang='lat' dir='ltr'><strong>qui</strong></span> <span class='ocrx_word' id='word_1_843' title='bbox 2586 5469 2655 5524; x_wconf 87' lang='lat' dir='ltr'><strong>ab</strong></span> <span class='ocrx_word' id='word_1_844' title='bbox 2699 5469 2880 5538; x_wconf 86' lang='lat' dir='ltr'><strong>impiis</strong></span> <span class='ocrx_word' id='word_1_845' title='bbox 2909 5477 2964 5524; x_wconf 91' lang='lat' dir='ltr'><strong>et</strong></span> <span class='ocrx_word' id='word_1_846' title='bbox 2991 5483 3090 5539; x_wconf 87' lang='lat' dir='ltr'><strong>pro</strong></span> <span class='ocrx_word' id='word_1_847' title='bbox 3119 5465 3296 5535; x_wconf 91' lang='lat' dir='ltr'><strong>impiis</strong></span> <span class='ocrx_word' id='word_1_848' title='bbox 3324 5468 3572 5517; x_wconf 89' lang='lat' dir='ltr'><strong>mortuus</strong></span> 
     </span>
    </p>
   </div>
   <div class='ocr_carea' id='block_1_117' title="bbox 1981 5555 3568 5631">
    <p class='ocr_par' dir='ltr' id='par_1_117' title="bbox 1981 5555 3568 5631">
     <span class='ocr_line' id='line_1_117' title="bbox 1981 5555 3568 5631; baseline -0.008 -13"><span class='ocrx_word' id='word_1_849' title='bbox 1981 5571 2086 5628; x_wconf 90' lang='lat' dir='ltr'><strong>est,</strong></span> <span class='ocrx_word' id='word_1_850' title='bbox 2135 5559 2346 5616; x_wconf 90' lang='lat' dir='ltr'><strong>cunctis</strong></span> <span class='ocrx_word' id='word_1_851' title='bbox 2377 5559 2556 5631; x_wconf 87' lang='lat' dir='ltr'><strong>palam</strong></span> <span class='ocrx_word' id='word_1_852' title='bbox 2603 5559 2807 5630; x_wconf 82' lang='lat' dir='ltr'><strong>angelis</strong></span> <span class='ocrx_word' id='word_1_853' title='bbox 2847 5569 2902 5614; x_wconf 88' lang='lat' dir='ltr'><strong>et</strong></span> <span class='ocrx_word' id='word_1_854' title='bbox 2944 5557 3254 5615; x_wconf 85' lang='lat' dir='ltr'><strong>hominibus</strong></span> <span class='ocrx_word' id='word_1_855' title='bbox 3296 5555 3568 5618; x_wconf 88' lang='lat' dir='ltr'><strong>ostendat,</strong></span> 
     </span>
    </p>
   </div>
   <div class='ocr_carea' id='block_1_118' title="bbox 1984 5649 3571 5722">
    <p class='ocr_par' dir='ltr' id='par_1_118' title="bbox 1984 5649 3571 5722">
     <span class='ocr_line' id='line_1_118' title="bbox 1984 5649 3571 5722; baseline -0.006 -14"><span class='ocrx_word' id='word_1_856' title='bbox 1984 5653 2328 5722; x_wconf 84' lang='lat' dir='ltr'><strong>videamque,</strong></span> <span class='ocrx_word' id='word_1_857' title='bbox 2361 5661 2420 5707; x_wconf 88' lang='lat' dir='ltr'><strong>ut</strong></span> <span class='ocrx_word' id='word_1_858' title='bbox 2448 5653 2709 5722; x_wconf 79' lang='lat' dir='ltr'><strong>scriptum</strong></span> <span class='ocrx_word' id='word_1_859' title='bbox 2727 5661 2810 5708; x_wconf 89' lang='lat' dir='ltr'><strong>est</strong></span> <span class='ocrx_word' id='word_1_860' title='bbox 2831 5666 2846 5706; x_wconf 87' lang='lat'><strong>:</strong></span> <span class='ocrx_word' id='word_1_861' title='bbox 2878 5649 2948 5704; x_wconf 86' lang='lat' dir='ltr'><strong>In</strong></span> <span class='ocrx_word' id='word_1_862' title='bbox 2967 5665 3118 5720; x_wconf 82' lang='lat' dir='ltr'><strong>quem</strong></span> <span class='ocrx_word' id='word_1_863' title='bbox 3134 5654 3571 5722; x_wconf 66' lang='lat' dir='ltr'><strong>comparuerant,</strong></span> 
     </span>
    </p>
   </div>
   <div class='ocr_carea' id='block_1_119' title="bbox 1991 5735 3570 5816">
    <p class='ocr_par' dir='ltr' id='par_1_119' title="bbox 1991 5735 3570 5816">
     <span class='ocr_line' id='line_1_119' title="bbox 1991 5735 3570 5816; baseline -0.005 -16"><span class='ocrx_word' id='word_1_864' title='bbox 1991 5755 2040 5800; x_wconf 86' lang='lat' dir='ltr'><strong>et</strong></span> <span class='ocrx_word' id='word_1_865' title='bbox 2075 5744 2326 5816; x_wconf 85' lang='lat' dir='ltr'><strong>plangant</strong></span> <span class='ocrx_word' id='word_1_866' title='bbox 2348 5761 2409 5799; x_wconf 78' lang='lat' dir='ltr'><strong>se</strong></span> <span class='ocrx_word' id='word_1_867' title='bbox 2439 5760 2597 5815; x_wconf 77' lang='lat' dir='ltr'><strong>super</strong></span> <span class='ocrx_word' id='word_1_868' title='bbox 2637 5760 2754 5799; x_wconf 83' lang='lat' dir='ltr'><strong>eum</strong></span> <span class='ocrx_word' id='word_1_869' title='bbox 2791 5758 2965 5796; x_wconf 85' lang='lat' dir='ltr'><strong>omnes</strong></span> <span class='ocrx_word' id='word_1_870' title='bbox 2991 5741 3154 5794; x_wconf 86' lang='lat' dir='ltr'><strong>tribus</strong></span> <span class='ocrx_word' id='word_1_871' title='bbox 3182 5749 3335 5794; x_wconf 78' lang='lat' dir='ltr'><strong>terra:</strong></span> <span class='ocrx_word' id='word_1_872' title='bbox 3381 5735 3570 5809; x_wconf 75' lang='lat' dir='ltr'><strong>(Zach.</strong></span> 
     </span>
    </p>
   </div>
   <div class='ocr_carea' id='block_1_120' title="bbox 1996 5831 3566 5905">
    <p class='ocr_par' dir='ltr' id='par_1_120' title="bbox 1996 5831 3566 5905">
     <span class='ocr_line' id='line_1_120' title="bbox 1996 5831 3566 5905; baseline -0.006 -14"><span class='ocrx_word' id='word_1_873' title='bbox 1996 5835 2117 5905; x_wconf 80' lang='lat' dir='ltr'><strong>xu).</strong></span> <span class='ocrx_word' id='word_1_874' title='bbox 2157 5835 2302 5892; x_wconf 85' lang='lat' dir='ltr'><strong>Sane</strong></span> <span class='ocrx_word' id='word_1_875' title='bbox 2330 5834 2642 5900; x_wconf 86' lang='lat' dir='ltr'><strong>notandum,</strong></span> <span class='ocrx_word' id='word_1_876' title='bbox 2679 5833 2820 5903; x_wconf 90' lang='lat' dir='ltr'><strong>quod</strong></span> <span class='ocrx_word' id='word_1_877' title='bbox 2852 5831 3025 5886; x_wconf 86' lang='lat' dir='ltr'><strong>solent</strong></span> <span class='ocrx_word' id='word_1_878' title='bbox 3063 5831 3120 5886; x_wconf 86' lang='lat' dir='ltr'><strong>in</strong></span> <span class='ocrx_word' id='word_1_879' title='bbox 3154 5831 3254 5887; x_wconf 91' lang='lat' dir='ltr'><strong>hoc</strong></span> <span class='ocrx_word' id='word_1_880' title='bbox 3295 5831 3410 5888; x_wconf 91' lang='lat' dir='ltr'><strong>loco</strong></span> <span class='ocrx_word' id='word_1_881' title='bbox 3439 5843 3566 5901; x_wconf 70' lang='lat' dir='ltr'><strong>gch</strong></span> 
     </span>
    </p>
   </div>
  </div>
