3954 6200
329 336 430 392 £83

1558 388 1561 389 ν
1629 319 1984 386 δ’ΜΑΒΑϐῡι
2022 325 2312 382 ABBATIS
2571 323 2634 397 .

3498 324 3605 384 284

330 454 454 512 tiles
486 451 817 510 calumniam
861 456 1107 516 struere,
1141 455 1196 505 et
1226 446 1387 504 ﬁdem
1434 454 1662 517 speratae
1703 459 1732 498 a
1762 441 1919 497 nobis
1947 440 1996 500 A
2023 452 2162 496 mur.
2213 443 2308 498 Ille
2336 445 2481 499 enim
2518 461 2645 501 vere
2683 444 2886 510 credit,
2934 445 3027 517 qui
3068 452 3289 501 exercet
3328 445 3608 519 operando

332 543 768 609 resurrectionis,
820 541 983 597 stulta
1012 540 1329 613 garrulitate
1354 538 1621 595 deridere.
1674 533 1733 591 Si
1772 534 1919 589 enim

332 640 445 707 ipse
479 636 622 691 Deus
664 641 872 698 vester,
910 633 1195 702 inquiunt,
1228 628 1481 687 nec’sibi
1518 627 1720 683 inflicta
1764 639 1795 678 a
1826 622 1929 678 Ju-.

330 729 461 784 dicis
508 727 733 783 vulnera
773 740 969 782 curare
992 724 1297 796 praevaluit,
1350 724 1446 779 sed
1474 721 1793 778 cicatricum
1820 738 1917 778 ve-

332 819 512 893 stigia,
534 818 731 874 cmlum
758 833 963 882 secum,
992 826 1055 872 ut
1079 817 1278 881 dicitis,
1307 815 1529 879 invexit,
1557 830 1663 885 qua
1700 814 1920 869 temeri-

332 920 441 966 tate
483 910 690 980 putatis
723 924 848 964 eum
896 917 1078 964 vestra
1105 908 1171 963 de
1212 907 1435 978 pulvere
1465 905 1708 961 membra
1743 905 1809 959 ad
1839 902 1922 960 in-

332 1013 542 1073 tegrum
570 1017 690 1057 esse
715 1000 1191 1056 restauraturum?
1219 999 1428 1066 Quibus
1449 996 1875 1065 respondendum
1902 1010 1916 1049 :

333 1093 468 1160 Quia
512 1094 655 1148 Deus
686 1093 1016 1163 noster,'qui
1060 1107 1213 1147 suam
1241 1099 1501 1162 perpetua
1521 1090 1634 1161 jam
1674 1086 1919 1143 mortali-

335 1189 446 1236 tate
495 1182 850 1254 gloriﬁcatam
896 1182 963 1237 de
1005 1180 1255 1252 sepulcro
1305 1194 1529 1234 carnem
1575 1177 1917 1239 rcsuscitare,

333 1272 547 1339 quando
585 1271 755 1326 Voluit
780 1312 795 1336 ,
833 1278 889 1326 et
935 1270 1208 1341 quomodo
1257 1268 1456 1331 voluit,
1504 1264 1719 1338 potuit,
1757 1266 1921 1320 ctiam

334 1361 544 1430 qualem
581 1362 777 1427 voluit,
826 1362 1128 1416 suscitavit.
1180 1360 1367 1430 Neque
1395 1360 1542 1415 enim
1580 1373 1922 1428 consequens

334 1460 435 1517 est,
466 1460 528 1508 ut
564 1452 659 1523 qui
686 1451 893 1521 majora
920 1452 1111 1507 fecisse
1146 1453 1439 1520 probatur,
1486 1451 1699 1506 minora
1743 1450 1924 1505 facere

336 1543 665 1614 nequiverit,
689 1543 782 1598 sed
806 1550 954 1598 certe
978 1542 1397 1612 dispensationis
1418 1541 1611 1612 gratia,
1635 1541 1729 1610 qui
1751 1540 1924 1609 majus

337 1634 482 1699 fecit,
534 1635 716 1690 minus
741 1633 920 1689 facere
961 1632 1290 1704 supersedit,
1332 1635 1437 1688 hoc
1462 1642 1566 1700 est,
1613 1635 1706 1702 qui
1732 1634 1925 1691 mortis

338 1739 503 1794 regna
561 1725 866 1791 destruxit,
922 1725 1074 1796 signa
1131 1724 1324 1780 mortis
1379 1723 1672 1780 obliterare
1726 1725 1918 1781 noluit.

2020 534 2164 603 quod
2192 535 2383 590 credit.
2429 535 2586 603 Quod
2612 542 2792 591 autem
2824 536 2898 590 ait
2923 551 2936 589 :
2980 535 3135 590 Beati
3173 535 3265 606 qui
3292 550 3377 590 nte
3400 550 3510 590 non
3533 535 3612 591 ui-

2017 626 2205 681 derunt
2237 637 2287 682 et
2327 628 2683 705 crediderunt.
2729 627 2999 684 Przeteriti
3043 627 3305 697 temporis
3346 642 3479 683 usus
3522 635 3618 683 est

2018 720 2204 785 verbo,
2233 728 2488 790 tanquam
2509 720 2621 787 illc,
2637 721 2728 792 qui
2750 722 2893 790 quod
2912 728 3030 774 erat
3054 718 3297 774 futurum
3320 719 3375 773 in
3391 734 3488 773 sua
3516 734 3619 774 uo-

2018 822 2171 864 verat
2192 812 2671 880 prmdestinatione
2688 811 2803 882 jam
2826 811 3050 875 factum,
3070 810 3166 865 sed
3180 810 3268 864 his
3290 810 3472 866 verbis
3487 825 3617 879 pro-

2019 903 2138 972 prie
2171 900 2432 971 gentium,
2462 910 2523 956 ut
2548 902 2806 966 diximus,
2833 901 2967 957 ﬁdes
2988 901 3325 971 designatur.

2092 991 2265 1047 Muita
2293 993 2509 1064 quidem
2541 1001 2591 1048 et
2620 992 2730 1046 alia
2766 994 2917 1063 signa
2947 992 3069 1062 fecit
3102 990 3261 1047 Iesus
3301 993 3359 1046 in
3393 1008 3616 1063 conspe-

2022 1095 2108 1140 ctu
2137 1084 2518 1153 discipulorum
2546 1100 2762 1139 suorum
2790 1125 2805 1149 ,
2855 1100 2975 1155 qua:
3022 1100 3128 1138 non
3169 1093 3291 1138 sunt
3324 1085 3520 1152 scripta
3558 1086 3619 1140 in

2022 1176 2155 1231 libro
2194 1176 2311 1230 hac.
2356 1175 2638 1246 Significat
2668 1175 3001 1246 evangelista
3033 1175 3268 1245 plurima
3307 1173 3501 1230 fecisse
3526 1173 3620 1231 Je-

2024 1284 2143 1323 sum
2168 1269 2325 1339 signa
2348 1275 2404 1323 et
2433 1266 2696 1322 miracula
2722 1267 2912 1322 salutis
2935 1275 2990 1322 et
3017 1267 3442 1337 praedicationis,
3494 1283 3619 1337 quae

2024 1374 2130 1414 non
2160 1358 2359 1428 scripta
2384 1360 2587 1424 essent,
2608 1365 2831 1427 propter
2855 1356 3259 1412 multitudinem
3288 1355 3503 1411 illarum
3535 1372 3623 1412 ro-

2023 1465 2144 1505 rum
2166 1464 2288 1520 quae
2311 1457 2460 1518 gesta
2484 1448 2705 1503 fuerunt
2724 1446 2792 1501 ab
2815 1460 2901 1503 eo.
2995 1462 3001 1469 ·

2064 1564 2069 1567 ι
2096 1539 2226 1595 Haec
2266 1549 2445 1594 autem
2466 1539 2663 1609 scripta
2689 1548 2834 1605 sunt,
2860 1546 2920 1591 ut
2943 1537 3170 1592 credatis
3198 1537 3325 1608 quia
3359 1537 3515 1592 Iesus
3542 1548 3621 1592 est

2025 1633 2266 1688 Christus
2281 1631 2327 1684 F
2330 1630 2453 1687 ilius
2465 1632 2563 1686 Dei
2575 1640 2622 1687 et
2634 1640 2690 1685 ut
2704 1631 2969 1686 credentes
2982 1631 3143 1684 vitam
3156 1638 3405 1685 teter-nam
3424 1630 3625 1683 habea-

2025 1730 2092 1782 tis
2105 1728 2160 1781 in
2182 1728 2391 1781 nomine
2412 1726 2546 1796 ejus.
2570 1725 2666 1779 Ille
2687 1724 2833 1779 enim
2862 1724 2953 1793 qui
2975 1722 3184 1788 credit,
3207 1722 3333 1791 quia
3357 1719 3516 1777 Jesus
3538 1729 3628 1777 est

337 1814 517 1868 Primo
538 1814 805 1880 videlicet,
834 1824 895 1869 ut
920 1794 1022 1886 per
1034 1816 1164 1870 haec
1204 1814 1482 1886 discipulis
1505 1814 1667 1873 ﬁdem
1693 1832 1804 1873 sua:
1839 1832 1926 1874 re-
1951 1794 1999 1853 Β
2030 1818 2278 1876 Christus
2304 1794 2446 1874 filius
2482 1818 2601 1883 Dei,
2632 1817 2908 1873 credendo
2930 1813 3313 1885 ipsumFtlium
3339 1814 3397 1868 in
3428 1829 3488 1869 sc
3516 1815 3623 1869 ha-

337 1905 687 1960 surrectionis
709 1912 1001 1970 astrueret,
1027 1905 1222 1961 deinde
1244 1912 1305 1959 ut
1332 1906 1474 1975 patri
1497 1918 1597 1976 pro
1616 1907 1778 1963 nobis
1804 1922 1926 1980 sup-

337 1996 542 2067 plicans
566 2036 582 2062 ,
629 1997 791 2067 quale
837 2011 1008 2067 genus
1050 1997 1275 2062 mortis,
1320 2010 1423 2065 pro
1462 1998 1774 2053 mortalium
1811 1999 1924 2054 vita

338 2085 639 2154 pertulerit,
682 2087 1116 2157 superostendat.
1169 2084 1353 2143 Tertio
1391 2100 1451 2145 ut
1491 2103 1589 2144 sua
1615 2095 1789 2144 morte
1835 2104 1927 2144 re-

339 2179 589 2247 demptis,
618 2194 781 2249 quam
812 2179 1246 2237 misericorditer
1271 2184 1381 2239 sint
1408 2182 1596 2252 adiuti,
1632 2180 1927 2252 propositis

339 2283 555 2338 semper
579 2267 819 2336 ejusdem
848 2269 1047 2325 mortis
1067 2269 1286 2326 i-nuovet
1309 2274 1547 2337 indiciis,
1574 2273 1802 2341 ideoque
1825 2271 1929 2326 mi-

339 2358 662 2415 sericordias
686 2359 901 2415 Domini
923 2361 979 2416 in
1008 2362 1271 2417 reternum
1296 2371 1522 2419 cantare
1548 2378 1656 2419 non
1689 2368 1939 2428 cessent,

341 2452 438 2508 sed
479 2452 660 2508 dicant
704 2454 797 2524 qui
835 2455 1099 2525 redempti
1142 2468 1270 2513 sunt
1309 2475 1339 2512 a
1368 2458 1601 2514 Domino
1625 2499 1640 2525 ,
1671 2459 1928 2528 quoniam

344 2546 540 2609 bonus,
582 2545 840 2613 quoniam
872 2546 926 2600 in
952 2555 1215 2603 aeternum
1245 2550 1617 2605 misericordia
1642 2549 1780 2620 ejus.
1829 2549 1931 2603 Po-

342 2643 547 2690 stremo
570 2642 629 2690 ut
656 2637 820 2691 etiam
848 2637 1069 2707 perfidis
1090 2640 1146 2694 in
1169 2639 1396 2709 judicio,
1426 2658 1589 2713 quam
1614 2640 1764 2711 juste
1785 2642 1931 2698 dam-

343 2732 558 2790 nentur,
592 2735 809 2782 ostensa
846 2728 990 2784 inter
1013 2730 1119 2785 alia
1160 2729 1394 2804 flagitia,
1434 2735 1597 2789 etiam
1648 2735 1933 2789 vulnerum

342 2830 465 2885 qua:
491 2816 560 2872 ab
587 2818 668 2873 eis
696 2821 930 2892 suscepit
953 2821 1209 2879 cicatrice
1229 2825 1540 2892 denuntiet,
1566 2826 1728 2882 veluti
1756 2829 1801 2883 si
1831 2827 1935 2882 mi-

346 2909 426 2966 les
457 2910 653 2981 aliquis
705 2911 1035 2971 fortissimus
1071 2916 1296 2987 iubente
1323 2934 1421 2974 suo
1466 2935 1595 2992 rege
1627 2935 1726 2991 pro
1768 2922 1943 2977 totius

344 3014 456 3055 suae
499 3001 676 3071 gentis
728 3003 901 3058 salutc
954 3004 1235 3076 ‘singulari
1277 3009 1574 3064 certamine
1623 3010 1932 3076 desudans,

346 3089 533 3145 multis
576 3090 793 3160 quidem
837 3092 1154 3149 vulneribus
1182 3098 1454 3167 exceptis,
1504 3098 1717 3153 hostem
1751 3104 1939 3154 tamen

2029 1911 2141 1976 bet,
2172 1908 2422 1965 habendo
2438 1906 2721 1975 Filium,ct
2748 1907 2916 1960 vitam
2944 1906 3129 1960 habet.
3145 1904 3282 1971 Quia
3306 1904 3421 1973 ipse
3449 1903 3620 1959 dixit:

1988 2016 1991 2019 ‘
2030 2004 2146 2075 Ego
2174 2017 2291 2057 sum
2323 2004 2426 2066 via,
2473 2001 2664 2056 veritas
2707 2000 2886 2053 et'uita
2915 1998 3095 2069 (Joan.
3144 1996 3276 2067 xlv).
3317 1996 3546 2066 Insuper
3570 2005 3632 2052 et

2030 2094 2199 2148 vitam
2219 2106 2343 2148 cum
2369 2091 2575 2147 sanctis
2590 2089 2885 2160 possidebit
2913 2097 3193 2151 aeternam,
3222 2086 3313 2167 ubi
3344 2088 3451 2141 erit
3470 2095 3625 2143 certa

2033 2183 2298 2240 securitas
2320 2223 2337 2248 ,
2387 2181 2715 2250 sempiterna
2759 2178 2988 2234 felicitas
3014 2220 3029 2244 ,
3076 2178 3444 2234 inenarrabile
3485 2194 3625 2250 gau-

2032 2274 2201 2339 dium,
2233 2274 2308 2328 ibi
2335 2272 2649 2343 implebitur
2673 2270 2804 2326 illud
2836 2287 2848 2323 :
2887 2269 2997 2323 Ero
3022 2269 3236 2323 illorum
3254 2268 3415 2334 Deus,
3445 2278 3495 2323 et
3522 2270 3626 2340 ipsi

2032 2375 2186 2422 erunt
2220 2365 2350 2419 mihi
2398 2362 2623 2433 populus
2667 2360 2804 2427 (ler.
2836 2359 2990 2431 χχχι)
3020 2400 3036 2425 ,
3085 2359 3140 2414 id
3175 2367 3295 2425 est,
3342 2373 3438 2414 cro
3480 2359 3629 2414 unde

2034 2449 2317 2522 saticumr,
2343 2469 2440 2512 ero
2468 2470 2656 2511 eorum
2685 2454 2823 2517 vita,
2845 2460 2902 2506 et
2944 2452 3111 2517 salus,
3133 2462 3189 2508 et
3216 2453 3420 2515 virtus,
3453 2458 3509 2504 et
3534 2465 3632 2506 co-

2034 2552 2143 2623 pia,
2172 2559 2231 2606 et
2253 2549 2442 2621 gloria,
2470 2555 2526 2601 et
2554 2546 2747 2610 honor,
2793 2551 2850 2600 et
2876 2558 3001 2613 pax,
3041 2551 3098 2597 et
3137 2542 3321 2597 omnia
3354 2542 3515 2605 bona,
3567 2550 3630 2597 et

2036 2645 2115 2701 sic
2144 2641 2455 2712 implebitur
2489 2637 2620 2694 illud
2645 2635 2889 2707 Apostoli
2911 2653 2923 2688 :
2948 2632 3042 2688 “Ut
3073 2635 3140 2688 sit
3182 2633 3321 2688 Deus
3363 2632 3539 2687 omnia
3569 2632 3635 2687 in

2037 2735 2298 2798 omnibus,
2318 2733 2433 2803 ipse
2460 2731 2584 2786 finis
2611 2729 2716 2783 crit
2743 2726 3139 2782 desideriorum
3161 2731 3468 2778 nostrorum
3486 2761 3501 2785 ,
3528 2722 3627 2791 qui

2038 2828 2157 2884 sine
2183 2824 2288 2880 fine
2309 2821 2621 2887 videbitur,
2639 2820 2756 2874 sine
2784 2816 3001 2872 fastidio
3035 2813 3475 2880 amabitur,-sine
3501 2810 3632 2867 fati—

2040 2920 2257 2994 gatione
2275 2915 2610 2972 laudabitur.
2665 2991 2669 2995 ν

2680 3019 2999 3062 (ΣΟΝΟΟΒΙΠᾹ.

2115 3110 2433 3179 Quanquam
2462 3111 2517 3160 et
2537 3104 2590 3158 in
2616 3101 2864 3174 pluribus
2877 3098 3060 3153 verbis
3084 3104 3141 3151 et
3156 3095 3423 3156 sensibus,
3448 3100 3630 3148 tamen

348 3158 665 3245 interficiat,
700 3180 871 3248 spolia
901 3181 1019 3252 eius
1048 3182 1290 3252 diripiat,
1319 3158 1604 3241 victoriam
1651 3202 1763 3242 suae
1790 3190 1937 3259 genti
1963 3158 2009 3220 (ἶ
2043 3203 2097 3258 in
2120 3158 2577 3269 :3;’;,‘;.1;Jdicn,
2606 3158 2731 3263 quia
2765 3189 2922 3245 Jesus
2958 3195 3042 3244 est
3080 3188 3227 3242 ﬁlius
3252 3185 3370 3250 Dei.
3398 3186 3633 3240 istarum

347 3276 617 3336 reportet,
674 3277 730 3324 et
784 3270 1153 3343 interrogatus
1198 3288 1227 3328 a
1278 3276 1491 3332 medico
1536 3277 1626 3332 cui
1666 3279 1941 3335 curandus

348 3363 727 3429 committitur,
756 3364 829 3419 ita
858 3380 926 3421 ne
953 3366 1081 3421 velit
1106 3367 1312 3434 curari,
1341 3375 1401 3422 ut
1424 3384 1525 3424 nec
1560 3369 1789 3440 vestigia
1817 3369 1937 3425 vul-

350 3468 541 3508 nerum
591 3454 697 3508 ulla
754 3457 1057 3522 resideant,
1108 3474 1178 3512 an
1217 3460 1388 3530 magis
1432 3460 1507 3515 ita
1554 3469 1615 3515 ut
1656 3461 1940 3518 cicatrices

349 3542 567 3611 quidem
617 3555 950 3612 remaneant,
1003 3547 1320 3605 deformitas
1357 3566 1485 3606 vero
1511 3566 1734 3622 prorsus
1761 3552 1942 3608 omnis

348 3639 408 3686 et
435 3631 653 3690 foeditas
677 3631 851 3703 absit,
900 3640 1225 3708 respondeat
1273 3656 1333 3697 se
1376 3643 1559 3712 potius
1599 3644 1674 3700 ita
1716 3661 1776 3701 se
1802 3645 1941 3701 velle

350 3729 554 3794 sanari,
586 3737 646 3784 ut
677 3739 789 3787 toto
814 3733 1001 3789 salutis
1031 3735 1351 3805 decorisque
1372 3738 1587 3805 pristini
1616 3746 1759 3793 statu
1790 3754 1944 3795 recu—

348 3830 578 3889 perato,
628 3831 946 3892 perpetuam
990 3840 1176 3881 secum
1218 3827 1355 3881 tanti
1399 3828 1751 3884 circumferat
1787 3830 1941 3902 signa

352 3912 631 3982 triumphi.
671 3912 763 3969 Sic
785 3915 1028 3986 profecto
1056 3916 1339 3985 Dominus,
1364 3919 1608 3989 perpetis
1629 3921 1699 3977 ob
1727 3921 1941 3993 signum

351 4002 614 4070 victorim,
663 4021 770 4061 non
811 4016 1037 4078 excepta
1075 4024 1175 4079 pro
1201 4010 1357 4067 nobis
1400 4010 1623 4067 vulnera
1647 4013 1939 4082 passionis,

353 4094 447 4148 sed
487 4096 727 4165 ipsorum
767 4098 1051 4156 cicatrices
1096 4102 1237 4157 coelo
1278 4103 1482 4158 inferre
1518 4119 1681 4174 quam
1725 4106 1945 4164 abolere

354 4187 564 4242 maluit.
596 4187 707 4245 Nee
734 4198 912 4247 tamen
942 4193 1012 4248 ab
1037 4193 1123 4248 his
1156 4194 1436 4266 quippiam
1474 4194 1600 4251 ﬁdei
1625 4205 1826 4253 nostra:
1853 4213 1941 4254 re-

353 4284 708 4341 surrectionis
739 4286 1075 4356 przejudicat,
1114 4287 1182 4344 de
1224 4304 1331 4359 qua
1373 4290 1555 4345 veraci
1582 4292 1944 4361 promissione

352 4375 703 4444 pnedicatur,
753 4384 810 4433 et
844 4379 1075 4448 capillus
1115 4379 1183 4434 de
1225 4380 1403 4451 capite
1433 4388 1618 4438 vestro
1657 4397 1765 4437 non
1794 4383 1941 4453 peri-

354 4464 454 4519 bit.

424 4554 708 4625 Respondit
759 4556 1009 4625 Thomas,
1045 4568 1095 4613 et
1133 4560 1268 4616 dixit
1292 4564 1345 4617 ei
1373 4580 1392 4616 :
1432 4563 1690 4619 Dominus
1720 4581 1864 4621 meus
1892 4574 1943 4619 et

354 4651 499 4704 Deus
536 4667 702 4706 meus.
738 4650 880 4706 Dicit
914 4654 962 4706 ei
991 4652 1148 4707 Iesus
1168 4654 1345 4720 :Quia
1374 4657 1548 4710 vidisti
1578 4673 1660 4711 me
1701 4665 1749 4712 et
1777 4659 1944 4712 credi-

356 4740 499 4794 disti.
548 4740 687 4795 Dum
713 4755 844 4810 ergo
864 4740 1002 4795 vidit
1032 4739 1287 4807 Thomas,
1329 4744 1456 4799 dum
1477 4743 1736 4814 palpavit,
1767 4760 1866 4800 cur
1892 4745 1943 4800 ei

358 4832 594 4888 dicitur:
626 4833 766 4901 Quia
796 4836 968 4891 vidisti
1012 4853 1114 4902 me,
1154 4836 1444 4903 credidisti,
1491 4839 1587 4893 sed
1617 4837 1761 4892 aliud
1785 4838 1944 4903 vidit,

358 4924 504 4981 aliud
557 4926 804 4983 credidit.
849 4926 896 4982 A
941 4928 1158 4985 mortali
1183 4930 1383 5000 quippe
1424 4930 1643 4985 homine
1689 4928 1946 4985 divinitas

356 5016 532 5075 videri
558 5035 666 5074 non
692 5020 896 5090 potuit,
946 5020 1224 5077 hominem
1270 5020 1437 5092 igitur
1477 5021 1633 5086 vidit,
1684 5028 1740 5075 et
1768 5019 1937 5074 Deum

356 5108 640 5165 confessus
677 5118 761 5165 est
783 5110 1007 5167 dicens:
1036 5110 1296 5166 Dominus
1336 5126 1480 5167 meus
1520 5120 1569 5167 et
1614 5111 1751 5168 Deus
1796 5128 1942 5166 meus

358 5201 541 5271 (Joau.
562 5215 632 5254 xx
657 5198 699 5273 ).
753 5200 997 5257 Videndo
1043 5216 1176 5273 ergo
1218 5201 1483 5267 credidit,
1532 5201 1625 5271 qui
1680 5201 1946 5265 conside:

358 5289 531 5346 rando
557 5291 855 5357 hominem,
892 5306 1084 5347 verum
1123 5292 1268 5347 hunc
1309 5290 1479 5347 Deum
1505 5332 1520 5359 ,
1558 5307 1721 5363 quem
1760 5292 1946 5350 videre

357 5401 466 5440 non
499 5392 731 5452 poterat,
761 5383 1106 5447 exclamavit.

426 5475 581 5530 Beati
615 5477 706 5547 qui
734 5493 837 5531 non
867 5477 1107 5533 viderunt
1144 5487 1194 5533 et
1226 5477 1578 5533 crediderunt.
1625 5477 1684 5532 l’n
1724 5477 1825 5534 hac
1852 5477 1938 5532 ni-

357 5571 556 5624 mirum
585 5570 854 5627 sententia
881 5586 982 5628 nos
1025 5570 1335 5643 specialiter
1364 5569 1560 5641 signati
1607 5585 1818 5635 sumus,
1846 5570 1940 5638 qui

355 5674 479 5713 cum
504 5675 663 5728 quem
689 5676 854 5717 carne
877 5676 982 5717 non
1004 5663 1261 5728 vidimus,
1287 5671 1468 5717 mente
1492 5665 1802 5717 retinemus.
1834 5660 1941 5716 Nos

357 5748 550 5819 signati
589 5767 794 5818 sumus,
825 5753 919 5809 sed
944 5754 991 5810 si
1021 5753 1178 5809 fidem
1210 5763 1452 5809 nostram
1482 5753 1734 5822 operibus
1762 5750 1940 5820 sequi-

2040 3294 2269 3349 duarum
2292 3287 2571 3360 aptissima
2607 3284 2669 3339 ﬁt
2691 3280 2978 3338 concordia
3005 3279 3319 3335 lectionum.

2290 3417 2616 3478 DOMINICA
2642 3414 2818 3472 POST
2853 3414 3007 3470 OCT.
3046 3408 3362 3469 PASClle.

2193 3551 2366 3592 EPIST.
2405 3549 2568 3589 Ριιικλ
2613 3547 2773 3586 ΒΒΛΤΙ
2811 3544 2971 3585 PETRI
3002 3543 3218 3593 APOS'L,
3248 3543 3366 3583 CAP.
3406 3542 3467 3581 ιι.

2117 3670 2135 3703 ι
2171 3650 2420 3706 Christus
2447 3661 2639 3719 passus
2661 3651 2745 3699 est
2766 3658 2866 3712 pro
2904 3641 3084 3707 nobis,
3136 3640 3291 3695 nobis
3319 3638 3637 3708 relinquens

2047 3766 2066 3799 ι
2103 3743 2429 3814 exemplum,
2459 3748 2521 3795 ut
2548 3735 2851 3808 sequamini
2878 3733 3105 3805 vestigia
3142 3731 3277 3800 ejus.
3310 3731 3414 3799 Qui
3444 3746 3637 3800 pecca—

2049 3858 2067 3890 (
2105 3845 2220 3893 tum
2256 3851 2362 3890 non
2394 3832 2525 3888 fecit
2547 3846 2645 3886 nec
2674 3830 2924 3883 inventus
2965 3832 3052 3880 est
3085 3824 3241 3879 dolus
3267 3824 3322 3878 in
3365 3838 3464 3878 ore
3489 3821 3633 3893 ejus.

2048 3948 2067 3980 ι
2102 3927 2207 3995 Qui
2233 3941 2357 3981 cum
2379 3920 2815 3984 malediceretur,
2841 3932 2949 3971 non
2978 3914 3354 3980 maledicehat,
3384 3929 3509 3969 cum
3529 3928 3633 3985 pa-

2050 4039 2069 4073 ι
2100 4027 2327 4081 teretur,
2352 4030 2459 4070 non
2484 4012 2941 4068 comminabatur.
2990 4007 3262 4063 Tratbbat
3286 4012 3467 4060 autem
3487 4003 3636 4073 judi-

2050 4135 2070 4169 ο
2103 4113 2246 4173 cauti
2272 4127 2330 4168 se
2361 4109 2579 4179 injuste,
2626 4105 2752 4175 quia
2776 4111 3001 4175 peccata
3037 4109 3224 4157 nostra
3263 4100 3379 4170 ipse
3410 4096 3636 4169 pertulit

2051 4227 2070 4259 ‹
2108 4208 2163 4262 in
2202 4214 2431 4273 corpore
2472 4213 2571 4254 suo
2598 4210 2760 4265 super
2785 4195 3013 4265 lignum,
3043 4199 3105 4246 ut
3142 4189 3385 4260 peccatis
3408 4188 3639 4252 mortui,

2051 4321 2070 4353 ι
2101 4296 2328 4370 justitiae
2364 4292 2635 4353 vivamus,
2680 4284 2836 4355 cujus
2860 4281 3231 4339 livoreasanati
3257 4279 3410 4335 estis.
3451 4278 3641 4333 Eratis

2053 4410 2072 4444 ι
2107 4390 2253 4447 enim
2297 4380 2588 4454 aliquando
2616 4379 2756 4434 sicut
2785 4390 2915 4432 oves
2942 4380 3222 4438 errantes,
3259 4372 3356 4427 sed
3384 4370 3635 4427 conversi

1968 4502 2022 4562 D
2053 4501 2073 4535 ι
2108 4481 2239 4537 estis
2289 4490 2434 4533 nunc
2462 4475 2530 4529 ad
2559 4478 2833 4542 pastorem
2874 4474 2929 4523 et
2972 4466 3286 4536 episcopum
3325 4464 3633 4518 animarum

2049 4595 2068 4628 ι
2105 4579 2428 4629 vestrarum.
2467 4583 2486 4616 1

2116 4664 2355 4721 Christus
2367 4673 2553 4731 passus
2565 4665 2638 4711 est
2661 4670 2754 4725 pro
2781 4653 2950 4715 nobis,
2974 4648 3121 4704 nobis
3144 4648 3439 4720 relinquens
3459 4662 3628 4702 eum.

2043 4754 2288 4828 plum,ut
2328 4745 2620 4820 sequamini
2656 4743 2872 4813 vestigia
2918 4740 3050 4810 ejus,
3101 4739 3195 4809 qui
3229 4748 3500 4809 peccatum
3528 4753 3632 4791 non

2045 4846 2187 4917 fecit,
2216 4850 2323 4898 etc.
2359 4839 2463 4912 (Ex
2496 4833 2688 4906 Beda.)
2722 4832 2894 4888 Audis
2921 4838 3124 4894 autem,
3163 4829 3412 4884 Christus
3440 4842 3635 4898 passus

2043 4945 2131 4994 est
2167 4950 2266 5006 pro
2310 4932 2483 4993 nobis,
2516 4936 2571 4983 et
2613 4926 2838 4998 gaudes,
2885 4924 3012 4994 quia
3041 4937 3142 4992 pro
3174 4930 3227 4976 te
3260 4928 3508 4976 mortuus
3548 4928 3632 4975 est

2045 5028 2315 5086 Christus.
2362 5019 2595 5077 Attende
2632 5016 2775 5088 quod
2806 5015 3088 5085 sequitur:
3138 5012 3456 5084 Relinquens
3483 5013 3633 5068 nobis

2046 5118 2334 5191 exemplum
2365 5157 2380 5180 ,
2431 5123 2488 5168 ut
2531 5109 2823 5185 sequamini
2870 5107 3084 5178 vestigia
3125 5106 3260 5177 ejus.
3310 5105 3632 5175 Exemplum

2046 5207 2454 5267 tribulationum
2477 5218 2585 5258 non
2611 5198 2948 5264 deliciarum,
2977 5197 3454 5261 contumeliarum,
3480 5196 3633 5267 flagi-

2044 5301 2269 5364 tiorum,
2305 5295 2572 5358 dolorum,
2617 5289 3053 5362 opprobriorum,
3085 5287 3397 5371 spinarum,
3425 5287 3631 5350 crucis,

2046 5388 2329 5443 vulnerum
2354 5381 2568 5439 mortis.
2607 5379 2667 5435 lu
2691 5377 2909 5434 Psalmo
2945 5378 3208 5448 scriptum
3239 5385 3361 5433 est:
3407 5375 3634 5447 Propter

2046 5478 2201 5532 verba
2251 5475 2511 5529 labiorum
2558 5479 2769 5524 tuorum
2796 5510 2811 5535 ,
2859 5482 2953 5539 ego
2998 5468 3254 5522 custodivi
3305 5468 3415 5522 vias
3465 5467 3631 5523 duras

2049 5566 2220 5641 (Psat.
2258 5566 2388 5635 xvi).
2433 5563 2664 5633 Propter
2702 5574 2823 5631 quas
2851 5560 3015 5615 verba
3045 5559 3311 5615 labiorum
3342 5558 3476 5625 Dei,
3519 5560 3629 5616 nisi

2047 5659 2241 5730 quibus
2264 5656 2530 5727 promittit
2558 5654 2723 5709 vitam
2753 5659 3031 5707 aeternam.

2123 5746 2226 5811 Qui
2249 5755 2462 5815 peccata
2503 5752 2681 5798 nostra
2709 5743 2817 5812 ipse
2854 5742 3065 5811 pertulit
3092 5744 3145 5797 in
3172 5759 3386 5815 corpore
3412 5760 3509 5799 suo
3531 5758 3623 5798 su-
