3954 6200
1126 340 1649 421 (ΞΟιιὶιδΟΤΙΟΝΕΒ
1680 366 1751 419 lN
1786 367 2167 426 EPlSTOLAS
2211 369 2298 426 E’F
2344 369 2763 425 EVANGELIA.

3476 371 3582 427 286

293 498 394 553 ραν
414 478 643 550 tignum,
670 486 776 535 etc.
810 476 947 536 Cum
967 491 1133 547 supra
1162 477 1233 532 ad
1257 493 1445 534 servos
1472 481 1781 549 specialiter
1801 480 1879 535 fa-
1917 489 1965 551 Α
1995 487 2062 542 tis
2086 488 2176 541 via
2203 502 2365 557 quam
2410 502 2705 556 sequamur
2722 527 2738 553 ,
2786 484 3035 554 apposita
3059 485 3239 540 lorma
3263 487 3354 542 cui
3394 488 3583 558 impri-

295 578 453 630 ceret
480 582 815 637 sermonem,
842 585 987 625 nunc
1008 571 1334 642 generaliter
1348 573 1629 640 admonet.
1649 576 1893 637 utetiam

295 660 511 719 domini
554 660 637 715 sui
667 661 988 717 memoriam
1031 672 1283 729 revocet,
1326 664 1456 734 quid
1485 680 1586 734 pro
1614 665 1720 723 illis
1748 665 1891 725 Deus

295 750 564 808 Dominus
584 751 923 806 sustinuerit.
968 751 1082 807 lmo
1110 761 1281 811 totum
1309 754 1610 812 Ecclesium
1635 756 1893 821 instruat,

292 843 429 913 quid
450 856 553 912 pro
581 840 707 911 ejus.
726 841 1051 899 liberatione
1071 858 1203 898 suus
1229 852 1419 901 auctor
1442 844 1745 914 pertulerit.
1772 844 1891 901 Non

293 935 451 989 enim
483 934 601 988 ait:
649 942 872 1003 peccata
917 942 1119 998 vestra,
1166 934 1264 988 sed
1288 934 1455 989 etiam
1481 950 1540 990 se
1563 934 1769 1000 addito,
1795 937 1890 1006 qui

292 1035 530 1095 peccata,
582 1025 778 1094 inquit,
830 1034 1007 1079 nostra
1038 1025 1153 1096 ipse
1182 1025 1404 1095 pertulit
1447 1027 1502 1081 in
1529 1042 1761 1098 corpore
1790 1044 1890 1083 suo

293 1130 464 1184 super
490 1114 716 1185 lignum.

371 1184 553 1257 Eratis
578 1204 717 1258 enim
746 1205 880 1258 sicut
928 1221 1042 1260 oues
1072 1214 1325 1260 errantes.
1376 1184 1654 1273 Quomodo
1682 1215 1738 1262 et
1760 1221 1889 1262 oves

292 1294 453 1359 dicit,
492 1301 551 1349 et
574 1305 852 1359 errantes,
890 1312 1013 1350 cum
1064 1296 1120 1351 hi
1153 1297 1247 1366 qui
1280 1297 1335 1351 in
1375 1312 1564 1353 errore
1589 1297 1759 1353 vitam
1784 1298 1883 1352 du-

293 1392 429 1439 cunt
453 1385 730 1443 medorum
760 1387 939 1455 potius
966 1402 1135 1457 quam
1156 1388 1338 1442 ovium
1370 1389 1589 1449 nomine
1619 1402 1883 1445 censean-

292 1485 407 1541 tur,
447 1476 554 1533 nisi
575 1478 701 1546 quia
728 1478 875 1535 novit
906 1478 1168 1533 Dominus
1214 1478 1307 1548 qui
1346 1489 1476 1535 sunt
1514 1482 1670 1551 ejus,
1712 1481 1805 1550 qui
1829 1489 1886 1537 et

294 1566 499 1622 multos
525 1568 614 1622 diu
641 1568 783 1624 male
823 1578 1208 1625 conversantes
1236 1571 1488 1637 sustinet,
1535 1586 1674 1641 quos
1702 1581 1883 1629 tamen

295 1661 355 1714 in
414 1659 597 1713 ovium
650 1676 873 1716 suarum
915 1676 1153 1731 numero
1212 1662 1499 1718 salvandos
1561 1678 1682 1719 esse
1740 1679 1881 1734 pra:-

294 1748 437 1805 vidit
450 1753 472 1798 τ

1997 595 2230 635 mamur.
2269 581 2513 637 Primum
2538 580 2699 635 nobis
2732 587 2820 635 est
2853 579 3127 634 exteriora
3158 588 3345 637 nostra
3374 582 3583 639 miseri-

1993 671 2231 727 corditer
2254 671 2447 727 ovibus
2471 669 2588 739 ejus
2615 669 2948 741 impendere.
2998 668 3340 726 Postremum
3380 685 3509 728 vero
3534 674 3583 729 si

1994 777 2215 818 necesse
2237 762 2327 826 sit,
2380 762 2543 817 etiam
2576 770 2803 817 mortem
2836 767 3078 816 nostram
3112 776 3212 831 pro
3241 762 3444 817 eisdem
3469 763 3580 818 ovi-

1991 853 2093 911 bus
2113 854 2443 909 ministrare.
2494 854 2595 921 Qui
2625 870 2732 908 non
2760 853 2854 907 dat
2881 868 2977 922 pro
3003 853 3197 908 ovibus
3220 855 3578 909 substantiam

1990 966 2172 1016 suam,
2196 951 2419 1020 quando
2436 949 2663 1005 daturus
2698 959 2789 1005 est
2812 949 3048 1003 animam
3081 949 3280 1003 suam?
3317 949 3583 1019 Exposui-

1990 1057 2111 1097 mus
2155 1040 2243 1096 vel
2272 1041 2446 1111 magis
2483 1040 2711 1096 Domino
2750 1041 2977 1096 docente
3020 1037 3420 1104 intelleximus,
3457 1039 3580 1109 quis

1988 1132 2059 1187 sit
2085 1140 2288 1201 pastor,
2320 1133 2443 1202 quis
2468 1132 2691 1195 ostium,
2740 1132 2861 1200 quis
2888 1131 3165 1196 ostiarius,
3216 1132 3306 1200 qui
3331 1132 3497 1188 etiam
3522 1139 3579 1186 et

1987 1240 2133 1290 oves,
2164 1240 2264 1281 nec
2289 1241 2395 1280 non
2423 1227 2514 1295 qui
2543 1225 2651 1281 sint
2683 1225 2831 1280 fures
2857 1233 2911 1280 et
2934 1224 3176 1280 latrones
3204 1224 3573 1295 cognovimus.

1989 1314 2093 1371 Sed
2120 1317 2283 1373 modo
2329 1316 2396 1371 de
2428 1316 2763 1371 mercenario
2792 1324 2846 1370 et
2870 1315 2997 1387 lupo
3043 1315 3467 1370 consideremus.
3498 1312 3577 1369 De

1984 1406 2184 1477 quibus
2210 1407 2325 1476 ipse
2354 1407 2615 1463 Dominus
2643 1407 2780 1461 dixit
2804 1426 2815 1459 :

2056 1498 2414 1555 Mercenarius
2453 1510 2645 1563 autem,
2687 1509 2733 1553 ct
2768 1500 2856 1569 qui
2903 1516 3007 1551 non
3049 1508 3124 1552 est
3169 1506 3371 1565 pastor,
3421 1494 3575 1567 cujus

1984 1605 2088 1644 non
2119 1599 2240 1642 sunt
2267 1604 2383 1643 oves
2408 1587 2794 1659 propria’,videt
2837 1586 3017 1657 lupam
3049 1586 3353 1649 venientem,
3401 1594 3448 1638 ct
3490 1582 3575 1637 di-

1981 1680 2141 1737 mittit
2169 1696 2286 1734 oves
2307 1689 2353 1734 et
2385 1679 2538 1750 fugit.
2568 1677 2685 1733 Non
2706 1689 2911 1749 pastor,
2964 1678 3057 1733 sed
3089 1677 3457 1731 mercenarius
3484 1690 3574 1730 vo-

1982 1782 2159 1838 catur,
2205 1773 2333 1845 quia
2369 1788 2476 1830 nou
2505 1789 2603 1844 pro
2632 1788 2816 1828 amore
2846 1773 3035 1827 intimo
3083 1785 3212 1825 oves
3239 1767 3571 1835 dominicas,

366 1839 473 1898 δαί
510 1842 745 1935 Quum
770 1842 894 1896 θείίε
937 1859 1076 1897 nunc
1102 1844 1173 1898 αά
1202 1854 1484 1913 Platorem,
1530 1855 1638 1901 elc—
1688 1845 1884 1917 Τδηείι
1911 1854 2080 1921 Ksed
2129 1839 2574 1935 ad-temporalcs
2622 1863 2900 1920 mercedes
2951 1863 3142 1932 pascit.
3199 1860 3573 1916 Mercenarius

293 1933 663 2005 evangelicum
689 1935 1000 2009 parabolam
1022 1977 1037 2003 ,
1060 1937 1152 1992 ubi
1174 1937 1296 2007 pius
1321 1945 1527 2008 pastor,
1555 1937 1758 1993 relictis
1786 1954 1882 1994 no-

296 2026 518 2096 naginta
545 2040 735 2080 novem
756 2028 948 2085 ovibus
973 2028 1027 2082 in
1051 2029 1293 2095 deserto,
1318 2029 1695 2087 visitarevenit
1717 2046 1882 2085 unam

294 2130 414 2183 qua:
446 2123 744 2171 erraverat.
776 2115 910 2170 Nam
933 2118 1077 2187 quod
1106 2116 1181 2173 ibi
1209 2117 1413 2173 dictum
1440 2127 1546 2185 est,
1572 2119 1717 2188 quod
1741 2119 1881 2179 hanc

297 2207 575 2266 inventam
608 2207 930 2276 imposuerit
958 2209 1011 2264 in
1040 2209 1297 2265 humeros
1333 2224 1462 2265 suos
1490 2210 1747 2281 gaudens,
1780 2209 1882 2265 hoc

296 2299 418 2354 istic
447 2299 641 2353 beatus
676 2298 872 2354 Petrus
911 2300 1213 2369 praemisit,
1251 2300 1479 2357 dicens:
1524 2299 1628 2366 Qui
1667 2309 1881 2370 peccata

295 2400 474 2449 nostra
503 2392 613 2461 ipse
628 2392 855 2461 portavit
881 2391 936 2444 in
961 2407 1176 2461 corpore
1200 2408 1296 2447 sua
1325 2408 1480 2462 super
1502 2391 1731 2462 lignum,
1752 2391 1881 2462 quia

296 2479 553 2534 nimirum
598 2479 672 2533 ita
699 2494 798 2535 nos
827 2480 1096 2539 redimere
1124 2481 1313 2543 voluit,
1364 2490 1424 2536 ut
1452 2482 1656 2557 lignum
1687 2484 1743 2537 in
1771 2497 1879 2553 quo

294 2579 516 2640 peccata
542 2581 727 2627 nostra
752 2572 986 2638 tolleret,
1015 2573 1255 2644 pendens
1280 2575 1336 2629 in
1362 2574 1604 2631 humeris
1632 2573 1895 2639 haberet“

294 2663 373 2719 Ad
392 2673 681 2733 pastorem,
712 2680 862 2736 ergo,
899 2666 1092 2736 inquit,
1124 2676 1179 2722 et
1211 2668 1547 2723 visitatorem
1575 2667 1879 2722 animarum

295 2760 595 2809 vestrarum
623 2794 639 2821 ,
682 2763 957 2824 pastorem
1000 2756 1275 2823 videlicet,
1318 2758 1453 2829 quia
1480 2774 1682 2828 pascua
1723 2760 1891 2815 nobis.

292 2836 416 2891 vita:
438 2837 605 2894 donat
625 2847 865 2908 aeternae,
890 2856 1093 2913 pascua
1129 2843 1187 2897 in
1211 2844 1467 2914 prcesenti
1502 2844 1878 2919 temporalium

292 2935 515 3002 pra:th
538 2930 858 3001 gratiarum.
912 2933 1261 2992 Visitatorem
1299 2950 1427 2990 vero
1457 2936 1760 2995 animarum
1790 2951 1891 2991 νεα.

218 3050 229 3056 θ
293 3028 555 3086 strarum,
586 3020 714 3090 quia
746 3022 970 3078 uisitauit
1005 3041 1098 3079 nos
1129 3026 1302 3080 oriens
1327 3042 1391 3080 ea:
1420 3025 1548 3091 alto,
1580 3026 1879 3103 illuminare

214 3154 215 3157 η
292 3111 372 3164 his
396 3114 488 3181 qui
516 3113 572 3166 in
598 3112 822 3168 tenebris
857 3124 904 3170 et
948 3116 1004 3170 in
1028 3117 1214 3172 umbra
1238 3120 1422 3175 mortis
1442 3123 1642 3173 sedent.
1684 3116 1879 3174 V'isitat

295 3203 536 3272 quotidie
566 3205 738 3274 ipsam
766 3206 820 3260 in
844 3208 1020 3275 nobis,
1039 3209 1165 3279 quia
1191 3211 1410 3267 donavit
1438 3211 1634 3277 lucem,
1663 3227 1733 3267 ne
1745 3211 1877 3268 defi—
1904 3196 1949 3259 C

296 3293 401 3354 ciat
426 3295 690 3350 servando
712 3336 729 3364 ,
772 3297 879 3352 imo
908 3306 969 3352 ut
995 3308 1272 3356 accrescat
1296 3309 1353 3357 et
1380 3310 1593 3357 crescat
1612 3302 1881 3370 juvando.

296 3384 524 3451 Quidam
550 3387 767 3443 codices
800 3388 976 3458 ipsum
1015 3389 1263 3447 Grzecum
1299 3391 1521 3458 habent,
1566 3394 1692 3450 ἀλλά
1728 3396 1875 3449 ἑπισ-

297 3482 505 3555 τρὰφετε
527 3488 618 3537 νῦν
645 3484 730 3545 ἐπὶ
771 3484 854 3540 τὸν
881 3485 1097 3555 ποιμένα
1124 3488 1208 3541 καὶ
1236 3485 1510 3541 ἐπίσκοπον
1556 3494 1656 3543 τῶν
1685 3486 1876 3559 ψυχῶν

298 3573 453 3645 ὴιῶν,
485 3573 555 3626 ad
576 3583 837 3643 pastorem
862 3584 911 3628 et
933 3575 1002 3629 ad
1022 3577 1319 3647 episcopum
1346 3578 1644 3632 animarum
1679 3588 1876 3633 vestra-

299 3684 437 3728 rum.
477 3668 778 3740 Episcopus
812 3678 991 3724 autem
1029 3668 1224 3725 Latine
1252 3670 1703 3741 superintendens
1745 3670 1880 3728 dici-

301 3770 402 3826 tur,
451 3760 579 3831 quia
624 3760 881 3817 nimirum
923 3761 1067 3818 oculi
1108 3762 1324 3823 Domini
1371 3777 1535 3832 super
1574 3761 1774 3831 justos,
1822 3772 1878 3821 et

298 3866 455 3913 aures
482 3852 600 3920 ejus
628 3853 696 3909 ad
722 3869 914 3923 preces
939 3848 1153 3921 eorum,
1182 3863 1242 3909 ut
1267 3870 1334 3910 ex
1358 3855 1613 3913 omnibus
1658 3855 1879 3913 tribula-

302 3941 533 4003 tionibus
554 3955 743 3998 eorum
772 3942 965 3998 liberet
989 3958 1105 3999 eos.

666 4042 1004 4094 animum!
1050 4051 1283 4102 JOANNIS,
1310 4052 1429 4095 car.
1463 4054 1521 4095 κ.

370 4142 392 4179 ι
424 4123 540 4195 Ego
584 4140 706 4181 sum
733 4134 920 4196 pastor
966 4127 1163 4182 bonus.
1195 4128 1376 4183 Bonus
1416 4138 1604 4201 pastor
1643 4130 1878 4189 animam

305 4233 326 4271 ι
355 4231 510 4275 suam
537 4219 631 4274 dat
655 4232 754 4288 pro
789 4217 981 4274 ovibus
1007 4219 1140 4275 suis.
1182 4218 1549 4276 Mercenarius
1573 4230 1753 4277 autem
1773 4263 1788 4289 ,
1821 4231 1877 4279 et

306 4324 326 4359 ι
355 4307 447 4381 qui
486 4323 595 4364 non
620 4315 708 4363 est
744 4314 949 4378 pastor,
981 4307 1133 4378 cujus
1161 4324 1268 4364 non
1299 4317 1426 4364 sunt
1469 4324 1599 4364 oves
1623 4311 1875 4379 proprize,

308 4415 326 4449 ι
359 4399 505 4454 videt
532 4398 716 4469 lupum
746 4399 1068 4465 venientem,
1119 4407 1175 4454 et
1217 4399 1440 4455 dimittit
1466 4414 1595 4455 oves
1636 4408 1692 4454 et
1717 4398 1878 4471 fugit,

1983 1956 2181 2027 quippe
2204 1964 2307 2022 est,
2335 1955 2428 2027 qui
2452 1955 2627 2011 locum
2651 1954 2867 2023 quidem
2902 1950 3135 2021 pastoris
3160 1956 3326 2012 tenet,
3372 1949 3465 2001 sed
3492 1946 3574 2000 lu-

1983 2060 2075 2100 cra
2109 2046 2413 2101 animarum
2461 2061 2567 2099 non
2610 2043 2821 2113 quaerit.
2872 2040 3126 2096 Terrenis
3163 2037 3461 2094 commodis
3492 2038 3575 2091 in-

1983 2137 2117 2201 hiat,
2149 2137 2355 2192 honore
2382 2134 2710 2205 praalationis
2735 2132 2950 2204 gaudet,
2998 2128 3382 2199 temporalibus
3406 2125 3575 2181 lucris

1980 2228 2256 2297 pascitur,
2288 2227 2533 2297 impensa
2563 2225 2667 2282 sibi
2699 2225 2767 2280 ab
2810 2222 3123 2281 hominibus
3153 2219 3454 2275 reverentia
3482 2218 3577 2273 lae-

1982 2327 2147 2372 tatur.
2189 2318 2308 2371 Istae
2347 2323 2476 2371 sunt
2511 2316 2657 2370 enim
2681 2312 2961 2368 mercedes
2987 2309 3333 2374 mercenarii,
3386 2315 3446 2360 ut
3472 2321 3576 2377 pro

1979 2422 2046 2463 eo
2069 2408 2186 2477 ipso
2220 2421 2326 2477 quo
2355 2408 2408 2461 in
2434 2406 2699 2476 regimine
2727 2405 2954 2467 laborat,
2986 2401 3076 2456 hic
3098 2401 3241 2471 quod
3270 2399 3467 2469 quaerit
3492 2398 3578 2453 in-

1980 2503 2187 2565 veniat,
2230 2511 2286 2557 et
2334 2501 2409 2556 ab
2454 2499 2769 2556 haereditate
2812 2495 2993 2567 gregis
3037 2495 3091 2550 in
3120 2501 3399 2564 posterum
3446 2490 3579 2546 alie-

1980 2608 2083 2646 nus
2109 2593 2328 2647 existat.

2050 2680 2119 2734 Et
2141 2680 2295 2751 lupus
2321 2680 2456 2748 rapit
2485 2689 2534 2734 et
2554 2680 2813 2753 dispergit
2843 2693 2981 2732 oves.
3003 2675 3187 2746 Lupus
3213 2674 3355 2743 rapit
3380 2680 3436 2727 et
3462 2671 3579 2726 dis-

1977 2773 2155 2843 pergit
2201 2787 2329 2827 oves
2358 2786 2482 2826 cum
2511 2770 2674 2824 alium
2698 2769 2765 2823 ad
2788 2768 3057 2821 luxuriam
3082 2764 3372 2836 pertrahit,
3406 2762 3572 2815 alium

1979 2862 2034 2916 in
2072 2861 2361 2916 avaritiam
2406 2860 2697 2923 accendit,
2750 2858 2915 2913 alium
2960 2858 3015 2911 in
3045 2855 3352 2925 superbiam
3392 2852 3573 2923 erigit,

1979 2955 2141 3010 alium
2172 2970 2269 3024 per
2297 2955 2628 3023 iracundiam
2659 2953 2869 3009 dividit.
2894 2952 3051 3007 Hunc
3080 2950 3281 3006 invidia
3306 2946 3579 3010 stimulat,

1980 3046 2128 3102 illum
2174 3047 2229 3100 in
2260 3045 2467 3101 fallacia
2499 3045 2828 3116 supplantat.
2875 3043 3042 3110 Quasi
3084 3056 3215 3112 ergo
3242 3053 3462 3111 gregem
3494 3036 3579 3090 lu-

1979 3154 2080 3209 pus
2122 3139 2393 3210 dissipat,
2446 3153 2570 3194 cum
2602 3137 2842 3193 ﬁdelium
2885 3135 3141 3205 populum
3187 3132 3433 3187 diabolus
3482 3145 3578 3200 per

1980 3230 2310 3285 tentatioues
2370 3236 2548 3284 necat.
2604 3228 2712 3283 Sed
2778 3234 2967 3282 contra
3024 3225 3142 3280 hzrc
3205 3222 3581 3278 mercenarius

1980 3321 2128 3376 nullo
2153 3320 2269 3376 zelo
2297 3320 2632 3384 accenditur,
2683 3317 2832 3372 nullo
2860 3316 3074 3373 fervore
3100 3312 3404 3370 dilectionis
3432 3311 3579 3366 exci-

1981 3421 2171 3467 tatur:
2211 3412 2337 3481 quia
2365 3411 2493 3465 dum
2537 3409 2654 3465 sola
2689 3408 2965 3465 exteriora
3005 3404 3286 3460 commoda
3329 3401 3575 3473 requirit,

1980 3504 2245 3558 interiora
2275 3503 2456 3574 gregis
2477 3501 2675 3556 damna
2705 3499 3041 3570 negligenter
3062 3496 3289 3565 patitur.

2051 3593 2412 3649 Mercenarius
2461 3600 2635 3644 autem
2675 3589 2850 3660 fugit,
2902 3588 3027 3659 quia
3072 3584 3430 3641 mercenarius
3475 3592 3573 3648 est,

1953 3661 2088 3742 .etc.
2141 3683 2269 3739 Sola
2322 3699 2452 3754 ergo
2508 3697 2671 3738 causa
2723 3688 2810 3736 est
2857 3687 2917 3734 ut
2964 3675 3335 3733 mercenarius
3379 3674 3571 3745 fugiat,

1978 3778 2107 3849 quia
2129 3775 2501 3832 mercenarius
2530 3782 2632 3831 est.
2674 3773 2751 3828 Ac
2774 3773 2821 3828 si
2849 3778 3037 3842 aperte
3063 3769 3339 3825 diceretur
3365 3785 3378 3822 :
3418 3765 3579 3823 Stare

1982 3869 2039 3924 in
2068 3867 2311 3939 periculo
2334 3866 2516 3922 ovium
2545 3880 2654 3920 non
2683 3872 2889 3933 potest,
2921 3861 3017 3933 qui
3043 3861 3097 3916 in
3121 3875 3187 3917 eo
3213 3860 3357 3931 quod
3386 3858 3578 3914 ovibus

1979 3967 2178 4029 prmest
2202 3973 2310 4014 non
2339 3972 2469 4012 oves
2496 3956 2709 4025 diligit,
2751 3955 2845 4010 sed
2887 3953 3099 4008 lucrum
3127 3958 3400 4006 terrenum
3431 3963 3579 4020 quae-

1984 4053 2072 4114 rit.
2103 4052 2239 4107 Dum
2267 4051 2413 4106 enim
2437 4050 2701 4104 honorem
2728 4046 3073 4116 amplectitur
3091 4084 3107 4111 ,
3135 4044 3262 4099 dum
3298 4051 3574 4110 tempora-

1981 4141 2125 4197 libus
2150 4140 2448 4196 commodis
2477 4139 2713 4203 laetatur,
2746 4150 3020 4207 opponere
3049 4147 3109 4189 se
3139 4142 3326 4189 contra
3352 4131 3571 4200 pericu-

1982 4231 2092 4289 lum
2117 4229 2373 4298 trepidat,
2394 4242 2464 4282 ne
2492 4228 2597 4283 hoc
2624 4226 2767 4295 quod
2793 4224 2966 4295 diligit
2989 4224 3220 4278 amittat.
3257 4221 3391 4276 Item
3417 4220 3574 4290 lupus

1983 4336 2153 4390 super
2182 4335 2314 4376 oves
2345 4320 2528 4384 venit,
2579 4333 2702 4374 cum
2749 4316 2977 4386 quilibet
3005 4315 3239 4385 injustas
3282 4322 3337 4368 et
3385 4319 3573 4382 raptor

1937 4449 1961 4457 -
1983 4410 2168 4468 ﬁdeles
2193 4423 2437 4480 quosque
2476 4416 2638 4478 atque
2661 4404 2893 4461 humiles
2916 4403 3189 4475 opprimit.
3235 4401 3343 4457 Sed
3387 4400 3433 4456 is
3479 4398 3571 4469 qui

309 4509 326 4541 ⁸
354 4500 409 4546 ει
429 4491 587 4569 lupus
616 4491 759 4561 νίδβίι
779 4498 834 4546 εί
854 4491 1119 4561 dispergit
1141 4506 1289 4547 ονεε·
1315 4491 1679 4548 mercenarius
1698 4468 1883 4548 autem.
1906 4547 1958 4571 η
1984 4508 2171 4571 pastor
2205 4468 2327 4556 esse
2351 4468 2637 4554 videbatur
2663 4505 2718 4553 et
2741 4510 2849 4551 non
2873 4468 3001 4551 erat
3015 4535 3030 4560 ,
3062 4492 3319 4563 relinquit
3357 4468 3572 4547 ovesret

311 4598 327 4631 ι
360 4547 512 4651 fugit:
561 4582 693 4651 quia
733 4581 1103 4637 mercenarius
1144 4589 1260 4647 est,
1298 4590 1353 4636 et
1399 4597 1506 4638 non
1539 4582 1774 4658 pertinet
1812 4584 1881 4639 ad
1906 4547 1959 4611 Π
1984 4547 2143 4663 Fugit,
2191 4591 2317 4661 quia
2344 4589 2471 4644 dum
2514 4588 2617 4644 Sibi
2646 4589 2715 4644 ab
2745 4602 2811 4643 eo
2835 4547 3137 4657 periculum
3177 4547 3389 4646 metuit,
3436 4582 3568 4638 resi-

307 4691 327 4724 c
359 4688 481 4728 eum
511 4674 579 4729 de
605 4674 815 4735 ovibus.
859 4672 971 4745 Ego
1000 4689 1120 4729 sum
1154 4682 1340 4744 pastor
1363 4674 1562 4739 bonus,
1604 4681 1660 4729 et
1685 4689 1882 4747 cogno-

307 4783 325 4815 ι
356 4781 448 4821 sco
474 4780 648 4832 meas,
692 4774 750 4821 et
771 4772 1108 4837 cognoscunt
1140 4780 1226 4820 me
1253 4779 1406 4819 mete.
1447 4764 1602 4819 Sicut
1623 4765 1771 4820 novit
1796 4779 1884 4820 me

307 4876 325 4909 ι
356 4865 544 4927 pater,
588 4865 644 4912 et
675 4870 776 4933 ego
807 4871 1039 4928 agnosco
1061 4853 1299 4922 Patrem,
1347 4863 1401 4910 ct
1441 4855 1678 4911 animam
1705 4871 1882 4911 meam

305 4966 324 4999 ι
358 4963 499 5018 pono
523 4963 627 5019 pro
668 4948 859 5003 ovibus
900 4947 1065 5013 meis;
1102 4955 1159 5001 et
1184 4946 1318 5001 alias
1360 4961 1489 5001 oves
1523 4947 1715 5013 habeo,
1765 4962 1883 5017 quae

304 5056 323 5089 ο
356 5054 463 5093 non
497 5045 629 5094 sunt
663 5052 732 5092 ex
764 5037 866 5092 hoc
895 5036 1046 5101 ovili,
1094 5044 1151 5090 et
1190 5035 1309 5090 illas
1334 5044 1548 5106 Oportet
1592 5051 1681 5092 me
1710 5038 1880 5093 addu-

305 5146 323 5181 ι
358 5145 503 5195 cere,
534 5136 591 5184 et
617 5143 806 5183 vocem
828 5141 1003 5183 meam
1025 5125 1265 5192 audient,
1295 5136 1349 5180 et
1372 5126 1461 5181 ﬂet
1483 5142 1647 5182 unum
1670 5126 1806 5182 ovile
1827 5136 1882 5182 et

304 5239 323 5275 ι
359 5239 497 5278 unus
517 5229 728 5292 pastor.
764 5242 782 5274 ι

367 5312 479 5384 Ego
506 5329 626 5367 sum
648 5320 827 5381 pastor
849 5311 1033 5365 bonus.
1052 5309 1233 5364 Bonus
1265 5318 1448 5379 pastor
1474 5308 1705 5362 animam
1728 5325 1879 5363 suam

297 5404 388 5456 dat
418 5418 513 5474 pro
534 5401 714 5457 ovibus
737 5403 866 5456 suis.
897 5400 1031 5455 Dum
1059 5401 1318 5455 Dominus
1338 5399 1466 5454 boni
1492 5398 1723 5468 pastoris
1747 5415 1883 5468 opus

296 5493 586 5549 ostendere
610 5493 803 5557 voluit,
843 5507 902 5547 sc
928 5491 1102 5561 ipsum
1130 5490 1411 5561 proposuit
1439 5490 1492 5543 in
1519 5490 1768 5558 exemplo
1796 5490 1878 5543 di-

298 5601 465 5642 cens:
514 5585 696 5642 Bonus
723 5594 910 5657 pastor
980 5584 1216 5663 animam
1260 5598 1412 5639 suam
1451 5582 1543 5636 dat
1568 5597 1667 5651 pro
1690 5583 1880 5639 ovibus

299 5678 430 5733 suis.
1266 5672 1269 5673 ⁷

368 5771 478 5844 (Ea:
499 5770 682 5843 Creg.)
722 5771 947 5828 Ostcnsa
973 5778 1055 5825 est
1089 5772 1245 5826 nobis
1282 5772 1345 5826 dc
1390 5778 1697 5838 contemptu
1740 5788 1879 5825 mor—

1982 4692 2129 4738 stere
2171 4681 2289 4752 ejus
2335 4679 2615 4750 iniustitia:
2653 4692 2765 4734 non
2809 4676 3108 4747 praesumit.
3155 4673 3319 4745 Fugit
3365 4679 3565 4736 autem,

1986 4787 2093 4827 non
2121 4770 2381 4826 mutando
2407 4769 2607 4835 locum,
2641 4768 2738 4824 sed
2766 4764 3132 4822 subtrahendo
3163 4763 3450 4827 solatium;
3485 4760 3569 4815 fu-

1985 4862 2063 4934 git
2085 4864 2207 4932 quia
2237 4860 2556 4931 injustitiam
2592 4859 2722 4914 vidit
2748 4865 2804 4911 et
2828 4856 3034 4923 tacuit;
3076 4854 3233 4924 fugit,
3262 4852 3353 4923 qui
3383 4866 3443 4906 se
3468 4852 3568 4906 sub

1984 4952 2199 5009 silentio
2220 4951 2521 5007 abscondit.
2560 4950 2669 5006 Sed
2691 4956 2776 5005 est
2797 4947 2937 5002 alius
2956 4946 3112 5015 lupus
3130 4985 3145 5008 ,
3186 4943 3277 5015 qui
3305 4942 3423 4998 sine
3443 4956 3566 4999 ces-

1987 5043 2198 5103 satione
2238 5042 2477 5112 quotidie
2514 5055 2621 5096 non
2654 5052 2905 5111 corpora,
2933 5037 3027 5093 sed
3065 5042 3275 5091 mentes
3300 5033 3564 5089 dilaniat:

1986 5133 2253 5207 malignus
2289 5132 2538 5188 videlicet
2568 5130 2818 5201 spiritus,
2850 5128 2941 5197 qui
2967 5126 3148 5183 caulas
3173 5124 3409 5182 fidelium
3436 5122 3567 5178 insi-

1987 5223 2167 5290 dians,
2195 5223 2391 5279 circuit
2419 5229 2475 5276 et
2498 5230 2702 5275 mortes
2729 5218 3030 5273 animarum
3067 5215 3280 5286 quaerit.

2058 5313 2171 5385 Ego
2195 5331 2311 5368 sum
2351 5321 2533 5385 pastor
2559 5312 2742 5366 bonus.
2790 5309 2928 5378 Quia
2967 5309 3215 5381 superius
3258 5306 3567 5374 redemptor

1986 5413 2173 5459 noster
2195 5403 2379 5473 culpas
2416 5403 2525 5459 ﬁcti
2557 5402 2787 5475 pastoris
2828 5402 3081 5458 innotuit.
3110 5399 3307 5453 Iterum
3334 5394 3565 5450 formam

1985 5495 2071 5550 cui
2100 5495 2391 5550 debeamus
2415 5493 2650 5564 imprimi
2675 5493 2912 5550 ostendit
2936 5492 3156 5547 dicens:
3191 5488 3305 5557 Ego
3334 5500 3451 5538 sum
3471 5499 3566 5552 pa-

1983 5598 2095 5642 stor
2138 5586 2320 5640 bonus.
2350 5586 2526 5657 Atque
2552 5586 2856 5657 subjungit:
2897 5583 2963 5637 Et
2993 5596 3245 5652 cognosco
3273 5593 3432 5642 meas,
3460 5575 3564 5629 hoc

1983 5685 2089 5742 est,
2118 5675 2302 5745 diligo,
2335 5684 2381 5729 et
2409 5684 2725 5747 cognoscunt
2760 5690 2841 5728 me
2876 5687 3029 5736 mew,
3069 5668 3122 5724 id
3147 5676 3231 5723 est
3258 5665 3563 5736 obsequitur

1986 5783 2073 5829 tur
2100 5771 2396 5841 diligentes.
