3954 6200
379 330 487 391 291

1664 326 2024 384 SMARAGDI
2060 323 2351 382 ABBATIS

3550 328 3659 384 29%

380 450 558 507 ctibus
599 449 655 503 in
697 447 1032 504 monumenti
1064 444 1299 503 claustra
1330 440 1659 507 abscondor,
1692 452 1747 497 et
1773 442 1967 497 iterum
1994 444 2047 502 Λ
2071 442 2265 495 mulier
2305 450 2434 497 nato
2467 441 2518 496 in
2563 443 2705 499 hunc
2734 441 2991 497 mundum
3039 442 3257 498 homine
3295 440 3546 505 laetatur.
3590 445 3668 497 ita

381 551 506 614 post
546 541 844 606 modicum,
884 540 1162 596 destructo
1210 537 1403 592 mortis
1433 535 1680 605 imperio,
1710 533 1865 588 vobis
1894 532 1977 586 in-

384 635 619 690 tuendus
646 646 900 702 appareo,
930 631 1055 700 quia
1097 638 1311 700 tempus
1362 634 1464 692 est,
1516 634 1578 680 ut
1602 624 1827 695 expleta
1868 623 1979 678 dis—

383 724 702 795 pensatione
741 730 1034 791 assumpta:
1077 718 1446 781 mortalitatis,
1475 732 1600 772 cum
1630 716 1981 771 resurrectio-

386 818 471 871 nis
517 814 795 884 triumpho
830 812 945 882 jam
988 818 1236 867 revertar
1285 811 1355 866 ad
1390 808 1628 864 Patrem.
1672 807 1800 863 Haec
1847 821 1979 862 vero

386 905 553 959 verba
583 898 835 967 Domini,
880 909 943 957 ut
967 900 1076 958 dixi
1096 943 1109 967 ,
1140 901 1247 957 illis
1284 900 1595 972 speciatim,
1627 898 1719 971 qui
1747 894 1863 967 ejus
1889 912 1975 953 re-

389 999 785 1055 surrectionem
812 998 998 1052 videre
1026 1003 1321 1068 potuerunt
1347 992 1695 1058 conveniunt,
1720 1008 1842 1063 quae
1861 1006 1985 1062 apo-

390 1095 512 1150 stoli
569 1101 698 1149 tunc
744 1093 1004 1163 temporis
1049 1107 1154 1146 non
1197 1098 1491 1161 potuerunt
1534 1084 1854 1159 intelligere.
1914 1086 1984 1141 Et

391 1188 534 1242 hanc
559 1186 770 1241 illorum
811 1185 1170 1256 ignorantiam
1213 1185 1335 1256 pius
1368 1182 1630 1255 magister
1655 1178 1980 1254 intelligens,

393 1281 790 1348 subsequenter
822 1277 1118 1333 secundum
1145 1275 1339 1329 animae
1360 1272 1574 1329 illorum
1595 1266 1986 1329 dubitationem

392 1368 688 1439 respondit,
731 1366 885 1437 quasi
915 1365 1260 1436 expositurus
1286 1362 1415 1435 quid
1444 1372 1608 1427 esset,
1635 1362 1779 1434 quod
1803 1361 1941 1417 dixit
1967 1378 1980 1414 :

399 1458 667 1513 Modicum
691 1468 741 1512 et
773 1474 877 1512 non
906 1457 1145 1512 videbitis
1186 1472 1300 1521 me,
1326 1464 1376 1510 et
1416 1456 1605 1509 iterum
1632 1450 1898 1508 modicum
1937 1461 1987 1506 et

400 1552 636 1607 videbitis
665 1569 766 1606 me.

467 1642 716 1714 Cognovit
746 1659 867 1713 ergo
908 1642 1065 1696 Iesus
1101 1643 1225 1712 quia
1247 1637 1483 1697 volebant
1506 1656 1624 1693 eum
1647 1639 1987 1709 interrogare,

2078 532 2318 588 Ecclesia
2372 543 2500 588 nato
2544 532 2599 589 in
2651 533 3101 610 vitam'futuram
3155 534 3396 590 ﬁdelium
3447 536 3666 606 populo.

2078 623 2242 695 digna
2272 624 2638 683 exsultatione
2663 626 2920 696 repletur,
2957 641 3056 697 pro
3090 641 3197 696 qua
3238 624 3354 694 ejus
3389 628 3675 682 nativitate

2079 712 2309 767 multum
2327 714 2580 770 laborans
2606 718 2659 769 e‘t
2681 731 2900 786 gemens
2929 715 2984 771 in
3010 717 3286 787 praesenti,
3308 716 3462 785 quasi
3490 726 3681 788 partu-

2079 802 2226 858 riens
2247 804 2409 860 dolet.
2440 804 2548 860 Nec
2574 820 2771 861 novum
2800 805 2960 860 debet
2985 807 3180 876 cuique
3207 807 3403 875 videri,
3440 809 3485 863 si
3512 816 3678 863 natus

2080 890 2297 959 dicitur,
2327 894 2421 965 qui
2460 909 2528 950 ex
2558 896 2661 950 hac
2690 894 2798 950 vita
2827 895 3162 965 migraverit.
3215 895 3496 968 Quomodo
3524 899 3675 953 enim

2081 997 2337 1041 consuete
2379 987 2528 1041 nasci
2572 987 2801 1052 dicitur,
2850 1004 2974 1043 cum
3012 988 3136 1058 quis
3166 989 3231 1044 de
3277 997 3433 1044 utero
3481 993 3679 1044 matris

2081 1083 2383 1151 procedens
2406 1084 2548 1139 hanc
2576 1084 2628 1139 in
2660 1082 2833 1140 lucem
2863 1085 3153 1155 egreditur,
3187 1087 3259 1140 ita
3289 1087 3452 1141 etiam
3480 1089 3680 1144 rectis-

2083 1175 2218 1230 sime
2252 1180 2432 1245 potest
2470 1183 2628 1231 natus
2665 1175 2956 1247 appellari,
3007 1176 3344 1247 qui'solutus
3383 1193 3414 1232 a
3444 1177 3684 1233 vinculis

2084 1265 2265 1321 carnis
2286 1266 2352 1319 ad
2377 1262 2553 1320 lucem
2583 1265 2909 1320 sublimatur
2935 1274 3193 1320 (sternam
3212 1307 3227 1331 ,
3254 1268 3397 1321 unde
3424 1282 3542 1323 mos
3579 1269 3682 1323 οὺς

2087 1356 2247 1411 tinuit
2270 1352 2758 1422 ecclesiasticus,ut
2785 1356 2899 1412 dies
2928 1356 3210 1410 beatorum
3238 1366 3541 1427 martyrum
3562 1359 3683 1411 sive

2086 1444 2455 1503 confessor-um
2488 1445 2728 1513 Christi,
2759 1445 2956 1515 quibus
2979 1446 3043 1500 de
3079 1446 3277 1502 saeculo
3316 1444 3679 1510 transierunt,

2086 1538 2296 1594 natales
2358 1538 2693 1615 vocitemus,
2733 1553 3032 1608 eorumque
3081 1537 3341 1593 solemnia
3377 1554 3482 1594 non
3524 1536 3686 1594 faueo

2086 1630 2227 1695 bria,
2259 1629 2353 1684 sed
2379 1622 2623 1684 natalitia
2663 1629 2934 1684 dicantur.
2972 1628 3040 1685 Et
3065 1641 3162 1685 vos
3193 1624 3357 1701 igitur
3383 1645 3529 1685 nunc
3558 1631 3684 1699 qui-

396 1744 446 1789 et
474 1732 607 1789 dixit
629 1734 704 1787 eis
731 1747 749 1785 :
773 1732 851 1787 De
871 1734 968 1786 hoc
993 1732 1229 1804 quaeritis
1255 1732 1391 1785 inter
1408 1746 1517 1795 vos,
1539 1730 1664 1801 quia
1687 1729 1801 1784 "dixi
1825 1744 1844 1782 :
1873 1726 1991 1781 Μο-
2014 1800 2049 1804 ᾔ
2091 1723 2213 1776 dem
2241 1718 2521 1775 tristitiam
2548 1721 2787 1787 habetis,
2818 1720 3015 1776 iterum
3046 1731 3227 1776 autem
3252 1720 3443 1776 videbo
3474 1737 3594 1787 vos,
3627 1731 3689 1777 et

396 1824 573 1878 dieum
601 1831 648 1878 et
678 1838 781 1876 non
828 1800 1064 1875 videbitis
1091 1837 1173 1876 me
1193 1862 1207 1885 ,
1242 1832 1291 1875 et
1317 1821 1506 1875 iterum
1540 1800 1801 1873 medicum
1830 1827 1878 1871 et
1911 1818 1986 1871 vi-
2013 1800 2061 1861 Β
2088 1811 2340 1882 gaudebit
2381 1827 2477 1867 cor
2514 1810 2755 1867 vestrum
2776 1853 2790 1877 ,
2838 1818 2894 1866 et
2938 1810 3189 1883 gaudium
3232 1816 3469 1866 vestrum
3509 1827 3682 1867 nemo

396 1914 584 1969 debitis
612 1929 710 1966 me.
759 1911 927 1965 Amen
961 1925 1113 1965 amen
1149 1911 1265 1965 dico
1295 1911 1465 1984 vobis,
1494 1909 1617 1980 quia
1643 1905 1916 1978 plorabitis
1942 1917 1990 1960 et
2090 1900 2242 1956 tollet
2263 1916 2292 1955 a
2325 1903 2500 1957 nobis.
2539 1900 2692 1970 Quod
2718 1902 2784 1957 de
2813 1902 2944 1972 ipsis
2969 1902 3187 1973 quidem
3217 1898 3493 1971 discipulis
3521 1899 3691 1957 facile

395 2003 587 2075 ﬂebitis
616 2018 725 2069 vos,
756 2001 983 2056 mundus
1003 2011 1177 2056 autem
1198 1997 1477 2072 gaudebit;
1496 2016 1583 2054 vos
1609 2006 1782 2053 autem
1803 1998 1993 2051 contri-

396 2092 683 2156 stabimini,
711 2101 817 2148 etc.
850 2090 965 2146 Hoc
990 2100 1044 2147 et
1068 2091 1308 2162 ipsorum
1332 2098 1386 2145 et
1415 2087 1582 2145 totius
1608 2087 1863 2143 Ecclesiae
1882 2096 1990 2141 sta-

399 2184 477 2238 tui
504 2182 775 2253 congruit.
825 2180 1119 2241 Plorabant
1161 2181 1361 2252 quippe
1398 2189 1453 2255 et
1495 2178 1696 2234 flebant
1722 2186 1992 2233 amatores

398 2271 628 2337 Christi,
675 2287 799 2327 cum
823 2272 975 2326 illum
1004 2271 1412 2341 comprehendi,
1440 2271 1507 2326 ab
1533 2270 1781 2325 hostibus
1809 2268 1990 2339 ligari,

400 2361 468 2416 ad
491 2360 781 2416 concilium
820 2360 965 2427 duci,
991 2361 1260 2426 damnari,
1291 2360 1534 2432 eruciligi
1555 2400 1569 2424 ,
1599 2357 1737 2414 mori
1763 2366 1819 2414 et
1842 2372 1996 2429 sepe-

402 2452 487 2508 liri
532 2453 799 2508 viderent.
846 2451 1165 2509 Gaudebant
1201 2451 1389 2507 mundi
1438 2459 1733 2517 amatores,
1761 2464 1898 2521 quos
1924 2450 1994 2505 ob

401 2540 619 2598 intimas
657 2544 1013 2613 cegitationes
1050 2542 1313 2596 mundum
1340 2548 1497 2595 vocat
1543 2538 1837 2601 Dominus,
1871 2553 1994 2593 cum

402 2640 580 2688 morte
631 2632 944 2703 turpissima
973 2632 1399 2687 condemnarent
1443 2630 1619 2695 illum,
1671 2628 1765 2699 qui
1814 2626 1996 2699 gravis

400 2732 521 2779 erat
545 2723 625 2779 eis
655 2724 820 2777 etiam
849 2724 914 2778 aal
960 2722 1269 2778 videndum.
1318 2721 1791 2777 Contristabantur
1834 2718 1996 2773 disci-

399 2815 513 2886 puli
548 2815 727 2886 posito
758 2815 812 2869 in
849 2824 1045 2878 morte,
1076 2816 1168 2869 sed
1200 2813 1384 2883 agnita
1414 2814 1579 2868 etiam
1607 2812 1725 2881 ejus
1746 2825 1993 2867 resurre-

401 2908 603 2971 ctione,
634 2906 858 2960 tristitia
900 2904 1116 2959 illorum
1144 2919 1304 2960 versa
1332 2911 1419 2960 est
1448 2905 1503 2958 in
1534 2903 1809 2975 gaudium.
1865 2902 1994 2959 V‘isa

403 2998 739 3055 ascensionis
767 2997 1040 3068 potentia,
1085 2995 1197 3065 jam
1226 2996 1434 3066 majore
1472 2991 1668 3065 gaudio
1706 2993 1993 3058 sublevati,

2090 1991 2436 2065 intelligitur,
2468 1991 2593 2064 quia
2620 1992 2898 2050 tristitiam
2929 1995 3255 2061 habuerunt,
3299 2011 3462 2066 passo
3488 2010 3554 2050 ac
3586 2010 3688 2052 se-

2089 2084 2240 2156 pulto
2295 2085 2567 2161 Domino,
2620 2087 2713 2143 sed
2759 2096 2978 2157 peracta
3030 2082 3444 2144 resurrectionis
3488 2086 3690 2159 gloria,

2089 2177 2258 2247 gavisi
2290 2187 2416 2233 sunt
2442 2179 2559 2233 viso
2606 2179 2854 2235 Domino.
2900 2178 2969 2235 Et
3005 2176 3261 2252 gaudium
3296 2195 3485 2234 eorum
3521 2194 3694 2255 nemo

2091 2266 2216 2323 tulit
2258 2268 2325 2323 ab
2353 2269 2463 2334 eis,
2510 2269 2637 2324 licet
2664 2285 2949 2340 pressuras
2992 2285 3058 2326 ac
3101 2270 3507 2340 persecutiones
3533 2269 3693 2347 passi

2090 2365 2272 2413 essent
2300 2359 2355 2413 in
2380 2360 2484 2414 hoc
2510 2360 2738 2422 mundo,
2794 2374 3009 2431 semper
3036 2358 3091 2416 in
3133 2376 3228 2431 spe
3263 2352 3570 2431 gaudebant
3597 2358 3694 2415 fu-

2093 2454 2227 2502 turae
2253 2447 2642 2514 retributionis,
2673 2465 2773 2521 pro
2799 2465 2864 2505 eo
2889 2451 3031 2521 quod
3057 2447 3205 2521 digni
3233 2438 3429 2527 esSent_
3443 2462 3545 2521 pro
3584 2434 3696 2505 ino—

2092 2538 2238 2593 mine
2280 2533 2406 2594 Iesu
2447 2538 2804 2597 contumelias
2838 2541 2992 2613 pati:
3044 2542 3246 2598 Iterum
3286 2528 3464 2617 autem
3500 2532 3695 2613 ridebo

2092 2646 2215 2698 vos,
2257 2640 2306 2686 et
2339 2632 2585 2702 gaudebit
2631 2650 2722 2687 cor
2750 2620 3017 2697 vestrum,
3063 2644 3112 2688 et
3161 2634 3410 2704 gaudium
3451 2643 3697 2688 vestrum

2094 2740 2245 2779 nemo
2272 2723 2416 2779 tollet
2442 2744 2475 2780 a
2514 2727 2674 2781 vobis.
2721 2726 2881 2782 Videt
2920 2728 3099 2797 itaque
3127 2727 3327 2803 electos
3364 2733 3484 2796 post
3511 2723 3697 2780 tristi-

2095 2816 2228 2871 tiam
2256 2814 2533 2882 Dominus,
2581 2834 2705 2874 cum
2736 2835 2923 2875 eorum
2964 2818 3279 2890 patientiam
3310 2816 3563 2872 damnato
3590 2815 3698 2871 im-

2094 2902 2395 2980 pugnatorc‘
2422 2920 2772 2966 remunerat:
2829 2909 3021 2967 Videbo
3054 2929 3163 2977 vos,
3196 2912 3251 2969 id
3278 2919 3392 2976 est,
3441 2925 3565 2964 cum
3604 2925 3700 2965 as-

2094 3014 2374 3069 sumpsero
2417 3017 2516 3056 vos
2544 3002 2610 3055 a-l
2643 3018 2728 3057 me
2765 3003 2961 3073 ipsum.
3012 3002 3081 3058 Ut
3111 3002 3201 3057 ubi
3238 3016 3354 3057 sum
3381 3015 3481 3071 ego
3510 3010 3568 3055 et
3590 3015 3699 3055 vos

403 3090 700 3143 laudabant
719 3098 773 3142 et
802 3087 1193 3142 benedicebant
1215 3086 1525 3150 Dominum,
1556 3093 1617 3138 ιιι
1643 3083 1817 3157 Lucas
1837 3098 1997 3138 evan-
2024 3142 2065 3163 η
2096 3089 2234 3156 sitis,
2274 3099 2329 3145 et
2362 3091 2414 3145 in
2443 3092 2529 3145 illa
2558 3092 2765 3147 visione
2799 3100 3074 3163 perpetua:
3102 3091 3287 3162 gloriae
3314 3091 3573 3163 gaudebit
3598 3106 3705 3145 cor

406 3178 595 3247 gelista
621 3184 874 3230 testatur.
913 3175 1022 3230 Sed
1046 3184 1101 3230 et
1126 3176 1337 3230 cunctis
1368 3174 1635 3238 ﬁdelibus,
1656 3152 1759 3228 hic
1781 3172 1995 3229 Domini
2022 3142 2067 3205 C
2100 3142 2340 3235 vestium
2360 3223 2375 3245 ,
2422 3190 2476 3236 et
2502 3182 2755 3252 gaudium
2783 3142 3025 3237 vresti'um
3057 3142 3215 3237 ngmo
3245 3142 3403 3236 taliet
3438 3195 3468 3235 a
3505 3180 3694 3243 vobis,

406 3280 589 3323 sermo
631 3266 920 3332 convenit,
990 3266 1083 3335 qui
1129 3281 1229 3336 per
1276 3266 1548 3343 lacrymas
1603 3280 1998 3338 pressurasque
2098 3268 2223 3338 quia
2253 3268 2325 3323 ibi
2356 3269 2537 3325 nullus
2566 3268 2934 3334 adversarius,
2965 3269 3144 3324 nullus
3164 3278 3505 3339 persecutor,
3530 3284 3702 3323 nemo

405 3366 703 3426 prmsentes
732 3357 799 3411 ad
825 3357 1017 3428 gaudia
1045 3364 1247 3411 :eterna
1291 3357 1576 3428 pervenire
1614 3357 1954 3413 contendunt
1979 3377 1991 3411 :

409 3449 513 3516 Qui
569 3450 842 3505 seminam
891 3450 947 3505 in
992 3451 1276 3523 lacrymis,
1332 3459 1391 3505 ut
1422 3451 1475 3505 in
1513 3451 1709 3523 gaudio
1750 3460 1992 3507 metant:

408 3538 609 3594 Enntes
644 3539 787 3594 ibant
831 3549 880 3595 et
917 3540 1110 3610 ﬂebant
1154 3540 1327 3613 (Psal.
1378 3541 1539 3614 cxxv)
1569 3583 1584 3610 ,
1631 3540 1897 3612 quatenus
1941 3544 1996 3598 in

407 3640 610 3687 aitet-na
643 3626 973 3687 beatitudine
1006 3632 1209 3688 laboris
1250 3633 1333 3688 sui
1369 3635 1678 3689 mercedem
1710 3634 1993 3703 recipiant.

411 3723 645 3776 Mundus
674 3733 848 3776 autem
873 3764 886 3786 ,
914 3724 969 3777 id
995 3732 1112 3788 est,
1163 3724 1351 3778 mundi
1379 3732 1654 3781 amatores
1688 3725 1999 3795 gaudebunt

411 3814 504 3883 qui
526 3814 593 3867 ad
618 3820 817 3867 aeterna
846 3814 1038 3883 gaudia
1066 3828 1124 3868 se
1150 3829 1462 3884 praeparare
1502 3830 1601 3884 per
1646 3814 1915 3886 lacrymas
1944 3824 2000 3871 et

412 3901 730 3957 adﬂictiones
783 3902 1112 3971 despiciunt.
1159 3900 1269 3958 Vos
1314 3912 1494 3957 autem
1545 3904 1999 3973 contristabimipi

410 4010 511 4065 per
533 3994 746 4050 labores
768 4002 823 4048 et
850 4008 1151 4063 pressuras,
1182 3995 1276 4050 sed
1304 3996 1523 4051 tristitia
1551 4005 1734 4053 vestra
1757 4005 2000 4054 vertetur

410 4086 464 4139 in
494 4093 711 4139 αξιοι-ηαξ
734 4084 1082 4139 beatitudinis
1102 4083 1373 4140 laetitiam.
1864 4101 1869 4107 ·

486 4174 680 4229 Mulier
716 4192 834 4229 cum
877 4176 1123 4245 parturit,
1166 4175 1437 4231 tristitiam
1483 4178 1660 4243 habet,
1712 4179 1836 4251 quia
1866 4181 2000 4235 venit

411 4270 541 4321 hora
575 4268 711 4337 ejus.
744 4264 1023 4322 Mulierem
1065 4268 1197 4322 dicit
1241 4278 1483 4323 sanetam
1511 4269 1808 4325 Ecclesium
1828 4312 1843 4335 ,
1870 4287 1999 4343 pro-

410 4371 532 4427 pter
578 4356 961 4411 fecunditatem
990 4357 1256 4412 bonorum
1292 4373 1536 4428 operum.
1585 4359 1654 4415 Et
1679 4360 1805 4431 quia
1840 4354 2003 4432 spiri-

2096 3359 2189 3429 qui
2217 3359 2494 3414 tristitiam
2519 3358 2730 3431 ingerat
2759 3360 2953 3415 animis
2982 3360 3177 3416 vestris
3195 3401 3209 3423 ,
3259 3359 3387 3415 dum
3416 3359 3705 3414 videbitur

2095 3447 2239 3505 Deus
2280 3449 2504 3505 deorum
2550 3450 2605 3505 in
2635 3448 2798 3516 Sion,
2840 3458 3045 3505 etcum
3091 3449 3392 3520 apparuerit
3423 3448 3701 3515 Christus,

2097 3552 2221 3596 tunc
2245 3550 2293 3596 et
2330 3559 2415 3598 vos
2446 3543 2793 3614 apparebitis,
2835 3551 2896 3598 ttt
2930 3542 3221 3614 Apostolus
3243 3540 3338 3607 ait,
3370 3558 3490 3596 cum
3524 3541 3621 3597 illo
3644 3543 3704 3595 in

2132 3631 2288 3687 loria.

2097 3648 2532 3777 gmnDIDMlNlCA
2564 3722 2816 3778 TERTIA
2846 3720 3023 3777 POST
3053 3719 3205 3775 OCT.
3234 3718 3557 3776 PASCHA‘I.

2306 3826 2561 3868 EPISTOLA
2592 3827 2750 3866 BEATI
2777 3826 2953 3866 JACON
2985 3824 3261 3874 APOSTOLI,
3289 3824 3407 3864 CAP.
3433 3825 3471 3863 Ῑ.

2176 3941 2194 3972 ι
2228 3922 2401 3978 Omne
2436 3921 2623 3977 datum
2668 3921 2928 3991 optimum
2950 3960 2965 3985 ,
3002 3928 3056 3974 et
3081 3932 3246 3973 omne
3268 3917 3469 3973 donum
3517 3919 3709 3989 perfe-

2108 4029 2131 4062 ι
2164 4021 2310 4066 ctum
2355 4011 2641 4065 desursum
2671 3996 2774 4074 est,
2803 4009 3139 4065 descendens
3168 4025 3199 4062 a
3219 4008 3382 4063 Patre
3404 4007 3708 4075 luminum,

2108 4122 2126 4156 ι
2163 4102 2303 4172 apud
2328 4116 2490 4171 quem
2516 4116 2624 4155 non
2652 4110 2735 4156 est
2764 4100 3145 4155 transmutatio
3176 4114 3277 4154 nec
3301 4099 3712 4156 vicissitudinis

2108 4211 2127 4243 ι
2160 4192 2518 4248 obumbratio.
2552 4192 2864 4246 Voluntarie
2887 4192 3033 4246 enim
3063 4190 3248 4262 genuit
3282 4207 3381 4246 nos
3405 4193 3577 4247 verbo
3605 4209 3710 4249 ve-

2108 4300 2126 4332 ι
2166 4282 2342 4336 ritatis
2366 4323 2380 4346 ,
2426 4288 2487 4334 ut
2514 4279 2686 4336 simus
2728 4279 2940 4334 initium
2987 4279 3204 4348 aliquod
3251 4288 3518 4335 creatura:
3555 4280 3708 4349 ejus.

2108 4390 2126 4422 ‹
2164 4371 2347 4436 Scitis,
2399 4368 2594 4425 fratres
2619 4370 2725 4424 mei
2768 4369 3120 4424 dilectissimi.
3172 4368 3256 4423 Sit
3302 4377 3482 4423 autem
3518 4372 3714 4428 omnis

413 4447 586 4553 tpalrs
615 4448 724 4501 Deo
750 4448 891 4501 ﬁlios
920 4448 1140 4518 gignere
1171 4463 1444 4539 nunquam
1473 4450 1690 4517 desinit,
1738 4453 1856 4507 huc
1882 4468 2001 4507 mu.
2024 4494 2081 4553 Β
2110 4485 2127 4516 ι
2164 4466 2325 4520 homo
2362 4464 2515 4519 velox
2559 4462 2625 4517 ad
2652 4462 2976 4517 audiendum
3001 4503 3017 4525 ,
3062 4462 3250 4515 tardus
3288 4469 3470 4516 autem
3510 4463 3583 4518 ad
3625 4463 3715 4518 lo-

414 4537 514 4591 lier
546 4553 670 4591 cum
707 4539 961 4606 parturit,
1000 4536 1275 4593 tristitiam
1300 4539 1495 4603 habet,
1526 4541 1651 4608 quia
1698 4544 1843 4596 venit
1866 4545 1999 4599 hora

416 4629 550 4698 ejus.

486 4714 620 4771 Cum
648 4727 822 4772 autem
846 4719 1038 4789 peperit
1058 4708 1298 4789 puerum,
1326 4721 1444 4790 jam
1470 4739 1571 4776 non
1598 4725 1830 4778 meminit
1857 4740 2003 4797 pres-

413 4824 576 4871 surtr,
606 4818 815 4878 propter
838 4809 1091 4879 gaudium
1115 4850 1130 4875 ,
1180 4811 1304 4880 quia
1341 4822 1494 4866 natus
1523 4823 1597 4867 est
1641 4814 1794 4868 homo
1824 4817 1881 4870 in
1905 4816 2001 4871 hoc

415 4898 632 4952 mundo.
664 4898 801 4964 Quia
829 4899 1085 4954 nimirum
1124 4911 1309 4956 sancta
1350 4902 1611 4970 Ecclesia,
1659 4907 1895 4975 quandiu
1947 4909 2000 4963 in

417 4989 618 5043 mundo
656 4989 1019 5060 spiritualium
1065 4992 1327 5047 virtutum
1385 4993 1721 5064 profectibus
1775 4998 1996 5065 insistit,

417 5094 692 5149 nunquam
736 5082 921 5136 mundi
951 5084 1340 5141 tentationibus
1365 5088 1608 5142 exerceri
1640 5088 1871 5143 desistit.
1929 5090 2000 5144 At

415 5184 541 5223 cum
567 5170 780 5226 devicto
822 5170 1066 5227 laborum
1096 5176 1394 5232 certamine
1433 5177 1500 5231 ad
1536 5177 1770 5247 palmam
1809 5193 1998 5249 perve-

417 5261 588 5326 nerit,
619 5261 732 5332 jam
771 5277 875 5317 non
912 5266 1184 5333 meminit,
1230 5267 1438 5338 inquit,
1488 5285 1757 5340 pressurae
1798 5288 1998 5342 praece-

416 5354 632 5420 dentis,
692 5364 914 5426 propter
971 5358 1225 5427 gaudium
1272 5370 1542 5432 perceptte
1599 5363 1996 5429 retributionis,

415 5444 544 5514 quia
594 5462 698 5499 non
724 5456 844 5500 sunt
875 5448 1145 5518 condigna:
1172 5451 1437 5519 passiones
1467 5452 1625 5522 hujus
1660 5455 1903 5523 temporis
1931 5455 1999 5507 ad

417 5547 846 5606 superventuram
896 5538 1121 5609 gloriam
1148 5580 1162 5605 ,
1219 5558 1338 5611 qua:
1390 5542 1703 5598 revelabitur
1749 5546 1804 5600 in
1850 5546 1999 5601 nobis

419 5628 596 5698 (Rom.
627 5631 768 5703 vtu).
814 5631 935 5686 Non
961 5632 1215 5698 meminit,
1263 5634 1457 5703 inquit,
1505 5652 1763 5705 pressum
1789 5647 2000 5707 prapter

419 5719 691 5786 gaudium,
720 5724 844 5793 quia
868 5734 1022 5779 natus
1060 5734 1134 5780 est
1156 5726 1310 5780 homo
1337 5728 1391 5781 in
1422 5727 1636 5781 mundo.
1672 5726 1824 5783 Sicut
1850 5730 1996 5785 enim

2109 4581 2128 4613 ‹
2162 4561 2432 4632 quendam
2454 4600 2469 4625 ,
2495 4568 2551 4613 et
2578 4559 2765 4615 tardus
2791 4559 2859 4611 ad
2898 4557 3057 4633 iram.
3105 4556 3188 4610 Ira
3233 4555 3376 4610 enim
3414 4556 3517 4609 viri
3533 4554 3715 4623 justi-

2110 4672 2129 4704 (
2171 4655 2301 4709 tiam
2340 4652 2435 4706 Dei
2463 4667 2571 4707 non
2608 4658 2884 4721 Operatur.
2934 4649 3164 4718 Propter
3204 4649 3349 4718 quod
3377 4646 3715 4715 abjicientes

2108 4767 2126 4801 ι
2161 4761 2373 4803 omnem
2422 4741 2816 4798 immunditiam
2844 4746 2900 4794 et
2934 4738 3322 4793 abundantiam
3364 4737 3613 4803 malitias,
3650 4740 3713 4794 in

2109 4859 2127 4892 ι
2164 4837 2574 4894 mansuetudine
2633 4833 2890 4902 suscipite
2954 4832 3178 4887 insitum
3228 4832 3454 4886 verbum
3482 4871 3498 4898 ,
3549 4834 3715 4903 quod

2111 4948 2129 4981 ι
2164 4937 2341 5000 potest
2361 4927 2570 4981 salvare
2591 4926 2800 4983 animas
2820 4931 3052 4979 vestras.
3100 4940 3123 4976 ι

2178 5020 2343 5076 Omne
2368 5020 2550 5073 datum
2574 5018 2847 5088 optimum,
2891 5025 2941 5068 et
2981 5031 3132 5069 omne
3164 5015 3361 5069 donum
3398 5014 3713 5087 perfectum

2104 5112 2377 5165 desursum
2397 5116 2494 5172 est,
2515 5106 2827 5160 descendens
2849 5121 2880 5157 a
2896 5102 3051 5157 Patre
3077 5102 3353 5157 luminum.
3376 5099 3478 5173 (Ex
3500 5101 3714 5173 Beda.)

2104 5201 2395 5271 Postquam
2427 5197 2607 5253 docuit
2647 5196 2807 5261 vitia,
2848 5194 3043 5264 quibus
3070 5200 3346 5248 tentamur
3371 5206 3478 5246 non
3507 5208 3540 5246 a
3583 5192 3715 5250 Deo

2102 5289 2292 5353 nobis,
2336 5287 2430 5341 sed
2459 5301 2489 5339 a
2532 5285 2689 5340 nobis
2720 5285 2853 5357 ipsis
2893 5284 3074 5339 inesse
3098 5283 3374 5349 ostendit;
3415 5297 3448 5337 e
3474 5293 3713 5349 contra,

2106 5376 2366 5450 quidquid
2391 5375 2517 5431 boni
2560 5375 2789 5444 agimus,
2817 5373 2922 5428 hoc
2963 5388 2995 5426 a
3038 5372 3149 5426 Deo
3179 5371 3415 5428 donante
3441 5374 3713 5444 percepi-

2106 5483 2245 5522 mus.
2300 5464 2426 5520 lude
2464 5464 2663 5519 etenim
2702 5459 2915 5527 Patrem
2947 5462 3213 5525 luminum
3250 5461 3519 5533 appellat,
3562 5464 3715 5534 quia

2106 5565 2381 5612 auctorem
2408 5554 2556 5609 novit
2585 5552 2909 5622 spiritalium
2936 5552 3341 5608 charismatum.
3375 5551 3474 5607 Cui
3501 5566 3716 5607 conso-

2106 5651 2201 5699 nat
2234 5642 2365 5698 illud
2393 5639 2618 5713 apostoli
2655 5640 2846 5698 Pauli:
2884 5638 3025 5707 Quid
3051 5642 3189 5695 enim
3227 5640 3386 5696 habes
3415 5640 3558 5712 quod
3592 5658 3718 5697 non

2104 5734 2347 5805 accepisti
2373 5732 2426 5806 (I
2453 5732 2575 5789 Cor.
2606 5728 2707 5802 tv)?
