3940 6206
330 251 442 313 9.93

1161 260 1682 318 COLLECTIONES
1718 258 1786 316 IN
1827 258 2208 316 EPISTULAS
2246 259 2336 315 ET
2378 260 2788 318 EVANGELIA.

3460 234 3463 243 ’
3519 266 3624 327 est

405 367 563 444 Apud
587 390 738 444 quem
770 392 874 428 non
892 440 897 447 ,
915 387 987 430 est
1016 380 1408 445 transmutatio,
1433 396 1526 433 nec
1557 378 1930 434 vicissitudinis
1958 385 2007 443 Α
2035 360 2185 446 cipit,
2214 385 2274 432 ut
2322 394 2430 433 non
2460 378 2731 450 quaslibet
2756 380 2825 434 ob
2852 395 3046 437 causas
3074 384 3420 440 serenitatem
3451 392 3619 444 nostri

328 463 683 519 obumbratio.
726 464 862 532 Quia
894 465 949 519 in
982 464 1077 520 Dei
1111 476 1303 523 natura
1329 468 1660 523 mutabilitas
1684 483 1790 523 non
1819 478 1920 534 est,

328 570 507 625 neque
536 554 720 611 lumen
763 554 881 625 ejus
926 559 1068 613 sicut
1098 552 1285 617 lumen
1320 554 1481 630 hujus
1510 559 1695 617 mundi
1742 560 1922 631 aliqua

327 646 721 703 vicissitudinis
761 647 955 704 umbra
996 649 1289 707 intercidit.
1338 650 1534 722 Liquet
1578 650 1767 722 utique
1796 652 1922 722 quia

324 735 439 792 sola
482 737 641 794 nobis
665 737 808 794 dona
844 738 981 795 lucis
1003 780 1020 806 ,
1065 748 1121 796 et
1149 755 1254 796 non
1281 741 1447 818 etiam
1477 741 1730 798 tenebras
1756 742 1923 797 mittit

323 832 594 884 errorum.

408 917 715 993 Voluntaria
740 922 918 991 genuit
945 938 1037 976 nos
1067 920 1218 977 verbo
1261 904 1520 979 veritatis.
1563 920 1633 978 Et
1660 922 1921 978 Dominus

323 1011 379 1067 in
406 1002 701 1083 Evangelia
726 1030 741 1066 :
778 1010 905 1067 Non
933 1030 1020 1068 vos
1046 1030 1126 1069 me
1150 1012 1374 1085 elegistis
1394 1055 1409 1081 ,
1434 1015 1524 1069 sed
1546 1031 1638 1088 ego
1668 1015 1799 1086 elegi
1829 1031 1919 1069 vos

323 1100 508 1173 (Joan.
556 1101 672 1173 xv).
712 1100 784 1157 Et
812 1103 869 1159 in
891 1101 1029 1160 Osee
1055 1105 1321 1177 propheta
1345 1124 1358 1160 :
1388 1105 1623 1177 Diligam
1650 1121 1737 1161 eos
1762 1124 1920 1177 spon-

321 1203 474 1246 tanee
507 1190 683 1263 (Osee.
728 1192 862 1265 xw).
908 1192 1045 1260 Quia
1070 1209 1201 1266 ergo
1226 1196 1479 1253 dixerat:
1527 1193 1694 1250 Omne
1733 1196 1918 1251 datum

317 1284 595 1355 Optimum,
619 1294 669 1339 et
692 1300 842 1338 omne
860 1284 1057 1340 donum
1084 1287 1373 1357 perfectum
1399 1304 1431 1341 a
1451 1286 1563 1342 Deo
1584 1288 1914 1354 descendere,

316 1370 719 1444 consequenter
757 1377 983 1441 astruit,
1051 1377 1336 1435 addendo:
1384 1378 1513 1449 quia
1548 1395 1658 1435 non
1715 1380 1917 1436 nostris

315 1466 572 1535 meritis,
613 1467 708 1522 sed
750 1483 861 1523 sua:
902 1468 1169 1525 beneﬂcio
1206 1470 1530 1538 voluntatis,
1578 1487 1678 1543 per
1718 1459 1915 1543 aquam

316 1546 747 1630 regeneratiOnis
774 1560 841 1616 de
861 1560 987 1617 ﬁliis
1016 1564 1389 1630 tenebrarum,
1413 1580 1513 1644 nos
1536 1565 1589 1620 in
1615 1564 1754 1622 lilios
1781 1565 1915 1622 lucis

312 1653 633 1709 mutaverit.

2026 466 2206 521 vultus
2229 468 2280 521 in
2306 470 2678 524 austeritatem
2707 479 3001 538 vertamus,
3050 473 3145 529 sed
3175 485 3323 530 certa
3350 478 3622 535 existente

2027 557 2258 624 ratione,
2290 559 2440 613 verbi
2475 561 2668 631 gratia,
2695 562 2739 616 si
2769 562 2927 617 aliter
2956 565 3154 637 corrigi
3196 568 3475 636 proximos
3500 585 3619 625 ma-

2022 647 2168 701 xime
2194 648 2287 719 qui
2315 649 2471 704 nobis
2508 653 2781 708 commissi
2809 662 2956 722 sunt,
2992 670 3101 710 non
3129 671 3287 727 posse
3310 674 3617 728 cernamus,

2023 737 2364 793 severitatem
2394 755 2521 809 erga
2550 757 2645 796 eos
2686 744 2837 798 verbi
2865 785 2880 811 ,
2928 745 3014 800 vel
3041 746 3205 801 etiam
3241 746 3506 817 judicium
3531 750 3617 805 di-

2022 828 2322 885 strictionis
2368 833 2762 901 cxhibeamus,
2821 846 3074 892 manente
3127 847 3308 895 tamen
3355 852 3619 911 quantum

2020 930 2214 975 natura
2251 922 2487 977 humana
2524 925 2726 994 patitur
2755 933 2900 982 statu
2932 936 3134 983 nostrae
3171 930 3370 984 mentis
3399 947 3614 987 sereno.

2021 1013 2223 1083 Credo,
2270 1016 2536 1084 Phinees,
2579 1018 2835 1088 Samuel,
2877 1022 3056 1089 Elias,
3107 1032 3163 1078 et
3201 1023 3426 1092 Petrus,
3476 1027 3616 1081 tardi

2020 1101 2237 1160 fuerunt
2266 1106 2334 1161 ad
2364 1104 2531 1173 iram,
2553 1118 2608 1163 et
2638 1117 2821 1165 tamen
2845 1121 3134 1181 peccantes
3152 1153 3166 1179 ,
3197 1112 3282 1166 vel
3312 1115 3499 1181 verbo,
3529 1116 3615 1170 vel

2019 1196 2197 1264 gladio
2225 1211 2593 1270 peremerunt.
2624 1201 2730 1257 Sed
2761 1212 2817 1258 et
2841 1204 3049 1272 Moses,
3080 1222 3202 1261 cum
3231 1218 3375 1263 esset
3402 1210 3486 1263 vir
3513 1210 3615 1263 mi-

2020 1290 2294 1358 tissimus,
2351 1292 2521 1347 exivit
2563 1309 2594 1347 a
2634 1294 2918 1351 Pharaone
2944 1337 2959 1362 ,
2991 1312 3153 1367 quem
3194 1298 3614 1370 incorrigibilem

2018 1380 2184 1449 vidit,
2217 1381 2390 1438 iratus
2416 1383 2609 1455 nimis,
2648 1387 3011 1443 comminatus
3037 1389 3087 1442 ei
3116 1404 3333 1457 pmnam
3368 1406 3532 1461 quam
3561 1392 3617 1446 et

2016 1486 2182 1542 opere
2206 1475 2465 1545 patravit.

2089 1562 2185 1619 Ira
2220 1566 2359 1620 enim
2388 1564 2489 1619 viri
2525 1566 2793 1636 justitiam
2838 1566 2941 1621 Dei
2976 1585 3082 1622 non
3110 1579 3377 1641 operatur.
3418 1570 3616 1628 Facilis

2016 1661 2102 1709 est
2127 1669 2340 1722 sensus,
2364 1656 2492 1726 quia
2514 1657 2607 1726 qui
2634 1656 2930 1713 iracundiae
2969 1660 3102 1714 vitio
3128 1676 3187 1716 se
3211 1650 3462 1717 incautus
3488 1665 3615 1718 sub-

393 1743 460 1801 Ut
505 1746 674 1802 simus
717 1748 926 1803 initium
967 1748 1181 1822 aliquod
1218 1762 1476 1809 creatura:
1499 1752 1634 1824 ejus.
1659 1752 1738 1811 Ne
1763 1753 1818 1810 in
1845 1769 1912 1813 eo
1940 1758 1988 1817 B
2007 1745 2183 1819 ineat.
2216 1757 2271 1803 ει
2299 1749 2345 1804 εί
2374 1749 2684 1805 hominibus
2703 1750 2889 1821 iustus
2908 1761 3156 1822 apparet,
3199 1753 3252 1806 in
3278 1740 3461 1809 diV'ino
3485 1770 3615 1811 exa—

308 1836 460 1907 quod
488 1837 597 1904 ait,
628 1839 850 1909 genuit,
881 1839 985 1896 hoc
1015 1856 1113 1897 nos
1140 1840 1257 1897 licri
1286 1852 1604 1915 putaremus
1631 1847 1773 1917 quod
1802 1847 1916 1918 ipse

306 1937 419 1985 est.
458 1928 587 1986 Ideo
627 1929 990 2001 principatum
1019 1933 1332 2003 quemdam,
1379 1934 1431 1990 in
1459 1945 1711 1993 creatura
1758 1938 1916 1996 nobis

307 2021 417 2077 hac
428 2020 723 2103 adoptione
733 2036 1054 2078 concessum
1074 2024 1331 2080 ostendit.
1361 2024 1517 2082 llunc
1533 2027 1733 2085 etenim
1747 2028 1916 2112 versi;

306 2111 496 2168 culum
524 2111 747 2182 quidam
775 2113 851 2168 ita
876 2113 1184 2168 transtulit:
1218 2113 1412 2171 Valens
1438 2119 1615 2187 genuit
1637 2134 1731 2174 nos
1758 2111 1911 2173 verbo

303 2206 546 2261 veritatis
565 2246 578 2270 ,
608 2214 665 2259 ut
702 2207 867 2261 simus
897 2207 1145 2277 primitia:
1193 2219 1559 2264 creaturarum
1589 2211 1725 2281 ejus,
1758 2211 1912 2265 idest

304 2305 372 2352 ut
398 2298 613 2354 caneris
642 2314 780 2369 quos
809 2301 1082 2356 cernimus
1104 2301 1400 2369 creaturis,
1438 2302 1608 2361 simus
1634 2303 1906 2359 meliores.

303 2387 592 2445 Primitias
621 2406 856 2461 namque
894 2390 1110 2462 frugum
1141 2392 1224 2449 vel
1256 2393 1636 2461 animantium,
1684 2395 1908 2449 Domino

301 2480 627 2535 consecrari
659 2480 747 2536 lex
771 2481 1034 2553 praecipit.
1065 2481 1341 2539 Primitias
1370 2483 1487 2538 auri
1517 2493 1572 2539 ct
1601 2485 1810 2556 argenti
1840 2484 1908 2539 ad

299 2587 448 2643 opus
472 2573 812 2629 tabernaculi
834 2571 1000 2642 jussit
1023 2573 1284 2641 conferri,
1312 2575 1364 2630 id
1390 2587 1495 2647 est,
1527 2576 1732 2646 optima
1762 2591 1909 2645 quae-

303 2680 417 2737 que
442 2664 500 2720 in
540 2664 775 2720 metallis
813 2664 1010 2737 (Exod.
1042 2681 1188 2729 xxii,
1238 2668 1421 2738 χχιιι).
1473 2667 1539 2721 Et
1579 2668 1646 2722 de
1683 2667 1908 2736 antiquo

302 2753 403 2810 Dei
434 2754 636 2827 populo
668 2755 806 2810 dixit
849 2752 1111 2825 propheta
1137 2755 1405 2811 Jcrcmias
1431 2774 1442 2809 :
1480 2756 1708 2812 Sanctus
1736 2755 1908 2812 Israel

302 2846 541 2901 Domino
568 2847 817 2918 primitia:
846 2846 1059 2917 frugum
1090 2847 1205 2917 ejus
1234 2846 1369 2919 (Jer.
1402 2848 1486 2922 ιι).

375 2936 542 2993 Scitis
581 2947 779 3005 autem,
812 2937 1006 3008 fratres
1038 2938 1138 2992 mei
1163 2937 1512 2993 dilectissimi.
1558 2928 1939 2995 Notissinunn

302 3029 520 3104 inquit,
553 3029 706 3084 vobis
741 3037 856 3095 est,
901 3029 1043 3099 quod
1087 3044 1117 3084 a
1156 3029 1309 3084 vobis
1357 3029 1489 3099 ipsis
1536 3030 1815 3087 habuistis.
1841 3032 1908 3087 ad

2027 1839 2174 1894 mine
2235 1841 2471 1896 nondum
2525 1840 2765 1912 perfecte
2809 1840 2989 1909 justus
3036 1852 3140 1899 est.
3199 1843 3392 1899 Verum
3450 1845 3613 1901 altius

2020 1939 2199 2002 potest
2222 1931 2468 2005 intelligi,
2483 1933 2628 2003 quod
2646 1949 2676 1988 a
2698 1932 3147 1989 Domino'dictum
3167 1944 3282 1991 est:
3304 1936 3382 1991 Tu
3405 1946 3612 2003 autem,

2020 2022 2248 2078 Domine
2275 2023 2560 2091 virtutum,
2603 2040 2730 2080 cum
2768 2024 3162 2096 tranquillitate
3184 2027 3399 2098 judicas
3430 2046 3443 2082 :
3474 2043 3610 2098 qua-

2016 2113 2300 2184 liscunque
2319 2112 2485 2183 judex
2507 2116 2703 2182 homo,»
2740 2116 2938 2172 amissa
2969 2117 3170 2173 mentis
3200 2119 3609 2189 tranquillitate,

2016 2204 2664 2277 delinquentemjudicat,
2718 2207 2884 2263 etiam
2932 2207 2979 2262 si
3002 2205 3151 2275 juste
3166 2207 3413 2277 judicat,
3451 2208 3614 2279 justi—

2016 2294 2146 2350 tiam
2193 2303 2374 2350 tamen
2422 2296 2592 2350 divini
2639 2295 2945 2362 examinis,
2993 2297 3047 2351 in
3078 2313 3240 2367 quam
3276 2302 3613 2369 perturbatio

2013 2388 2209 2444 cadere
2235 2389 2429 2455 nescit,
2464 2390 2665 2444 imitari
2713 2405 2821 2444 non
2852 2398 3048 2461 potest.

2085 2479 2311 2551 Propter
2341 2480 2482 2551 quod
2529 2481 2832 2554 abjicientes
2882 2497 3087 2535 omnem
3117 2483 3510 2538 immunditiam
3556 2493 3607 2539 et

2010 2570 2392 2623 abundantiam
2436 2570 2656 2624 malitiw
2677 2612 2691 2635 ,
2724 2571 2780 2625 in
2818 2572 3223 2627 mansuetudine
3250 2575 3500 2644 suscipite
3525 2576 3610 2629 in-

2011 2661 2173 2715 situm
2219 2662 2450 2715 verbum.
2500 2662 2685 2716 Primo
2716 2672 2770 2719 et
2811 2678 3008 2732 corpus
3042 2672 3097 2719 et
3137 2674 3373 2720 mentem
3405 2683 3435 2720 a
3463 2666 3610 2720 vitiis

2002 2751 2159 2822 jubet
2188 2767 2491 2825 expurgare
2510 2794 2524 2817 ,
2557 2762 2617 2808 ut
2642 2754 2787 2824 digni
2815 2757 3052 2811 existere
3077 2759 3318 2825 possint,
3368 2760 3459 2827 qui
3489 2775 3611 2815 ver-

2009 2844 2137 2897 buan
2163 2843 2355 2898 salutis
2381 2843 2703 2913 percipiant.
2754 2844 2855 2912 Qui
2894 2846 3037 2913 enim
3068 2862 3177 2901 non
3200 2848 3436 2904 declinat
3458 2850 3611 2919 prius

2010 2951 2041 2990 a
2078 2935 2243 2999 malo,
2291 2951 2399 2989 non
2431 2944 2607 3005 potest
2650 2934 2828 2990 facere
2871 2936 3092 2991 bonum.
3141 2936 3369 2993 Omnem
3409 2940 3608 3010 quippe

2011 3027 2434 3090 immunditiam,
2480 3035 2537 3081 et
2562 3026 2746 3081 carnis
2772 3035 2828 3081 et
2852 3028 3046 3084 anima:
3076 3038 3370 3105 nuncupat.
3405 3029 3605 3085 Malitia

298 3123 439 3178 vitia
470 3121 611 3177 labi:
631 3137 662 3175 a
692 3120 920 3175 Domino
946 3130 1128 3197 autem
1159 3135 1255 3177 vos
1277 3108 1556 3189 illustrari,
1587 3137 1695 3177 non
1724 3132 1903 3178 vestra
1930 3115 1974 3178 C
2007 3127 2189 3173 autem
2234 3117 2451 3189 proprie
2484 3117 2551 3169 ad
2582 3117 2858 3172 interioris
2894 3118 3131 3174 hominis
3168 3120 3494 3188 pravitatem
3525 3135 3609 3174 rc-

299 3214 641 3287 provisione,
671 3212 764 3269 sed
794 3227 1024 3287 superna
1048 3213 1220 3285 gratia
1247 3227 1343 3268 vos
1370 3213 1754 3285 praeveniente,
1777 3229 1905 3270 con-

302 3307 456 3378 tigit.

374 3396 465 3454 Sit
505 3407 683 3451 autem
724 3397 893 3451 omnis
928 3397 1081 3451 homo
1116 3394 1267 3451 velox
1295 3395 1366 3450 ad
1390 3395 1742 3461 audiendum,
1794 3406 1900 3451 etc.

299 3487 445 3544 Hinc
473 3486 779 3543 auditorem
810 3487 1107 3543 moralibus
1137 3486 1371 3542 instituit
1398 3487 1705 3557 praeceptis,
1736 3496 1793 3542 et
1815 3500 1903 3542 re-

300 3590 390 3636 cte
414 3580 597 3653 primo
619 3580 892 3645 admonet,
911 3594 1099 3634 aurem
1122 3595 1392 3659 quemque
1411 3580 1572 3635 citius
1600 3594 1906 3635 accommo-

299 3673 441 3730 dare
466 3656 686 3729 docenti
705 3713 720 3737 ,
767 3688 890 3728 sero
928 3680 1110 3727 autem
1136 3681 1202 3727 os
1231 3673 1299 3727 ad
1325 3656 1632 3729 docendum
1670 3672 1902 3742 aperire,

300 3767 452 3839 quod
483 3765 711 3821 stultum
749 3773 853 3830 est,
882 3765 1178 3837 quemlibet
1202 3780 1321 3835 quae
1348 3766 1463 3835 ipse
1486 3781 1593 3821 non
1621 3765 1904 3829 didicerat,

300 3860 433 3914 aliis
476 3857 615 3913 velle
652 3856 969 3926 praedicare.
1019 3855 1124 3925 Qui
1171 3871 1300 3927 ergo
1341 3855 1660 3926 sapientiam
1708 3856 1904 3927 diligit,

300 3953 488 4020 primo
514 3956 577 4003 ut
599 3963 765 4017 supra
795 3948 1105 4013 admonuit,
1138 3947 1280 4003 hanc
1308 3962 1339 4002 a
1376 3946 1485 4001 Deo
1509 3946 1766 4017 postulet.
1800 3946 1906 4001 De-

301 4041 436 4097 hinc
465 4040 784 4114 magistrum
810 4039 1055 4093 veritatis
1077 4038 1298 4103 humilis
1326 4039 1541 4093 auditor
1566 4039 1828 4108 inquirat,
1855 4046 1910 4093 et

302 4135 459 4189 inter
484 4132 752 4203 agendum
786 4146 942 4185 suam
968 4130 1289 4203 cautissime,
1311 4130 1574 4201 linguam,
1604 4146 1709 4185 non
1733 4130 1908 4187 solum

300 4227 375 4281 ab
399 4224 598 4279 otiosis
627 4224 971 4278 sermonibus
1012 4232 1264 4281 coerceat
1290 4264 1304 4288 ,
1356 4238 1543 4277 verum
1573 4232 1629 4277 et
1668 4224 1736 4277 ab
1767 4221 1907 4293 ipsa,

300 4332 478 4386 quam
525 4330 699 4385 nuper
740 4313 927 4369 didicit
967 4314 1199 4370 veritate
1235 4314 1577 4383 praedicanda
1614 4315 1905 4369 contineat.

304 4406 456 4463 ﬂinc
486 4405 744 4461 Salomon
772 4406 837 4460 de
861 4403 1119 4460 distantia
1154 4414 1453 4477 temporum
1482 4406 1754 4470 scribens,
1789 4406 1904 4462 ait:

302 4497 544 4567 Tempus
579 4496 808 4561 tacendi,
838 4505 885 4550 et
907 4506 1109 4567 tempus
1138 4495 1383 4568 loquendi
1414 4496 1614 4569 (Eccle.
1641 4496 1744 4568 ιιι).
1776 4498 1912 4553 llinc

300 4585 681 4659 Pythagorici,
722 4586 985 4641 naturalis
1029 4586 1269 4643 scientias
1315 4586 1628 4657 magisterio
1675 4587 1908 4655 praediti,

298 4663 592 4736 auditores
634 4694 764 4734 suos
801 4694 899 4749 per
937 4678 1364 4749 quinquennium
1388 4677 1584 4747 jubent
1624 4678 1815 4744 silere,
1857 4686 1913 4753 et

298 4772 390 4826 sic
418 4771 639 4828 demum
661 4769 960 4841 praedicare
987 4769 1326 4840 permittunt.
1710 4765 1714 4768 ’
1770 4758 1791 4770 ”

378 4858 463 4913 Et
488 4854 672 4915 tardus
699 4860 767 4913 ad
798 4860 953 4912 iram.
991 4857 1129 4926 Quia
1159 4859 1449 4914 maturitas
1473 4860 1773 4930 sapientiai,
1803 4875 1911 4915 non

296 4952 418 5009 nisi
454 4952 741 5024 tranquilla
764 4960 943 5007 mente
968 4951 1283 5022 percipitur.
1323 4951 1596 5023 Scriptum
1625 4962 1709 5009 est
1735 4953 1901 5018 enim,

295 5043 446 5118 quia
484 5043 567 5097 ira
612 5042 670 5097 in
706 5043 827 5097 sinu
871 5043 1015 5098 stulti
1053 5044 1327 5115 requiescit
1377 5044 1574 5117 (Eccle.
1620 5045 1741 5114 vn).
1787 5043 1905 5099 Non

292 5142 500 5190 autem
526 5133 602 5188 ita
630 5131 975 5189 velocitatem
1005 5134 1102 5189 ine
1126 5143 1297 5200 vetat,
1327 5142 1384 5189 ut
1401 5133 1562 5203 hujus
1594 5134 1907 5190 tarditatem

297 5224 604 5299 approbet,
640 5225 736 5282 sed
769 5226 872 5282 hoc
896 5226 1076 5297 potius
1121 5229 1395 5291 admonet,
1444 5234 1504 5281 ut
1542 5235 1597 5281 et
1620 5225 1754 5282 liora
1788 5243 1913 5297 per-

296 5317 650 5374 turbationis
689 5334 753 5375 ac
774 5317 971 5382 litium,
1021 5334 1089 5373 ne
1132 5319 1288 5374 nobis
1316 5318 1397 5374 ira
1437 5318 1695 5388 subrepat
1719 5334 1911 5374 cavea-

297 5425 463 5468 mus.
506 5409 615 5465 Aut
644 5409 690 5467 si
727 5409 867 5465 forte
901 5410 1253 5481 subrepserit,
1288 5410 1430 5464 intra
1468 5410 1580 5465 oris
1612 5418 1762 5480 septa
1796 5408 1913 5478 ejus

294 5501 676 5561 cohibeamus
715 5500 976 5573 impetum
1003 5542 1018 5567 ,
1065 5511 1127 5557 ut
1173 5511 1362 5557 exacta
1406 5500 1542 5555 hora
1583 5501 1914 5557 discriminis

296 5596 551 5654 liberius
571 5611 692 5654 eam
721 5596 789 5653 ad
823 5595 1091 5668 integrum
1117 5611 1147 5648 a
1176 5594 1339 5650 corde
1367 5602 1557 5651 nostro
1582 5608 1680 5664 per
1702 5601 1913 5664 tempus

302 5703 709 5763 spargemus.
737 5689 834 5747 Vel
857 5697 1007 5745 certe
1034 5688 1215 5747 tardos
1240 5688 1308 5744 ad
1333 5687 1469 5743 iram
1498 5702 1597 5746 nos
1622 5701 1743 5744 esse
1770 5702 1911 5757 prce-

2006 3209 2166 3279 spicit
2191 3223 2205 3263 :
2236 3206 2743 3278 Suscipite,ginquit,
2773 3209 2991 3262 insitum
3017 3209 3253 3275 verbum,
3282 3208 3338 3263 id
3356 3217 3463 3275 est,
3488 3226 3609 3266 ver-

2005 3301 2132 3359 bum
2154 3299 2271 3366 Dei,
2297 3300 2442 3371 quod
2469 3292 2667 3355 vestris
2694 3299 2970 3366 cordibus,
2996 3300 3341 3369 praedicando
3373 3300 3606 3369 imponi-

2006 3406 2158 3458 mus,
2205 3405 2301 3445 vos
2332 3390 2590 3445 discendo
2620 3390 2912 3459 suscipite,
2958 3389 3044 3444 vel
3088 3398 3237 3445 certe
3265 3391 3340 3444 ita
3367 3391 3608 3447 sentien-

2006 3481 2152 3536 dum.
2197 3479 2433 3557 Verbum
2468 3480 2613 3549 quod
2651 3480 2804 3535 nobis
2844 3480 2899 3534 in
2929 3480 3014 3535 die
3043 3480 3431 3550 redemptionis
3475 3480 3608 3535 insi-

2008 3581 2121 3629 tum
2151 3581 2252 3637 est,
2282 3588 2390 3643 quo
2416 3559 2720 3627 voluntarie
2757 3572 2942 3643 genuit
2970 3586 3070 3627 nos
3100 3572 3243 3626 Deus
3264 3611 3280 3636 ,
3320 3570 3435 3640 jam
3462 3587 3605 3625 nunc

2005 3664 2299 3736 perfectius
2325 3663 2602 3733 suscipite,
2650 3662 2817 3717 etiam
2846 3662 3102 3733 operibus
3138 3661 3429 3732 implendo,
3461 3660 3606 3731 quod

2000 3754 2113 3826 jam
2144 3756 2198 3810 in
2230 3755 2490 3827 mysterio
2521 3754 2738 3810 tenetis.

2078 3856 2234 3923 Quod
2276 3866 2443 3928 potest
2474 3857 2680 3912 salvare
2726 3858 2933 3911 animas
2969 3866 3186 3911 vestras.
3236 3855 3304 3910 Et
3328 3853 3443 3922 jam
3471 3857 3516 3912 si
3548 3857 3605 3913 in

2007 3960 2234 4015 corpore
2278 3946 2610 4002 tentationes
2652 3946 2957 4017 patiamini,
2984 3945 3071 4000 vel
3109 3960 3140 3999 a
3181 3945 3403 4013 perfidis
3430 3954 3607 4000 morte

2008 4035 2482 4092 consummamini.

2580 4183 2700 4221 ΑΗΔ
2727 4181 3028 4221 EXPOSI'NO.

2080 4303 2245 4358 Omne
2278 4302 2464 4356 datum
2506 4302 2758 4373 optimum
2802 4310 2851 4355 et
2890 4317 3041 4355 omne
3074 4300 3269 4354 donum
3307 4299 3601 4373 perfectum

2010 4392 2283 4446 desursum
2312 4400 2409 4456 est,
2441 4399 2495 4447 et
2517 4390 2844 4462 generaliter
2871 4388 2939 4445 de
2967 4391 3240 4456 omnibus,
3271 4399 3327 4447 et
3352 4393 3602 4462 speciali-

1935 4464 1988 4523 D
2016 4490 2100 4537 ter
2129 4476 2196 4539 de
2221 4496 2547 4552 unaquaque
2575 4497 2606 4536 a
2632 4482 2743 4537 Deo
2773 4483 2898 4537 data
2921 4482 3124 4537 virtute
3146 4484 3372 4556 intelligi
3405 4493 3606 4555 potest...

2013 4578 2199 4633 Potest
2226 4586 2408 4632 autem
2438 4586 2491 4632 et
2521 4576 3037 4647 specialitendatum
3061 4577 3325 4646 optimum
3349 4578 3415 4633 de
3438 4581 3606 4634 conti-

2013 4664 2195 4727 nantia
2225 4671 2591 4736 matrimonii,
2640 4679 2695 4725 et
2718 4671 2916 4725 donum
2948 4670 3248 4740 perfectum
3289 4673 3355 4727 de
3382 4673 3607 4743 virgini-

2014 4771 2124 4818 tate
2152 4761 2397 4833 intelligi.
2432 4760 2569 4815 Nam
2600 4768 2655 4815 et
2681 4761 2736 4814 in
2769 4761 3024 4830 baptismi
3055 4762 3232 4832 gratia
3259 4762 3445 4816 datum
3469 4765 3602 4833 opti-

2014 4869 2161 4909 mum
2182 4894 2196 4917 ,
2237 4863 2293 4906 et
2330 4853 2383 4907 in
2411 4852 2630 4909 datione
2677 4851 2911 4922 Spiritus
2938 4853 3113 4907 sancti
3135 4893 3150 4920 ,
3196 4853 3395 4908 donum
3420 4853 3604 4929 perfe-

2007 4955 2154 4999 ctum
2190 4943 2325 4997 nihil
2353 4942 2536 4999 obstat
2572 4940 2819 5015 intelligi.

2084 5044 2410 5099 Descendens
2433 5062 2464 5097 α
2484 5041 2647 5098 Patre
2670 5042 2946 5098 luminum.
2980 5043 3143 5100 Pater
3179 5043 3443 5099 luminum
3466 5045 3604 5100 dici-

2012 5144 2099 5192 tur
2126 5136 2288 5202 Deus,
2320 5137 2447 5206 quia
2470 5136 2539 5190 ab
2565 5135 2682 5204 ipso
2710 5136 2825 5190 sive
2852 5135 3200 5191 invisiliilium
3230 5136 3515 5201 luminum,
3544 5147 3606 5192 ut

2013 5237 2137 5285 sunt
2164 5228 2361 5300 angeli,
2397 5229 2466 5283 de
2494 5229 2688 5297 quibus
2721 5227 2775 5281 in
2805 5227 3074 5299 principio
3100 5229 3235 5284 dixit
3265 5228 3446 5284 Deus:
3478 5226 3602 5280 Fiat

2014 5319 2125 5385 lux,
2176 5319 2289 5375 sive
2316 5320 2619 5374 animarum
2652 5319 2863 5374 illarum
2901 5321 3098 5388 quibus
3140 5322 3219 5381 ait
3256 5319 3452 5374 Jesus:
3500 5316 3602 5371 l'as

2015 5410 2137 5463 estis
2168 5407 2261 5462 lux
2286 5408 2490 5462 mundi.
2539 5407 2647 5463 Seu
2674 5408 2961 5464 visibilium
2992 5408 3120 5465 solis
3145 5418 3200 5462 et
3228 5407 3366 5460 lunae
3393 5414 3448 5459 et
3472 5404 3603 5459 stel-

2019 5500 2215 5565 larum,
2248 5500 2572 5572 generaliter
2600 5500 2781 5555 omnia
2807 5500 2950 5555 facta
2975 5511 3101 5555 sunt
3125 5498 3328 5553 lumina

2090 5592 2244 5663 Apud
2276 5608 2429 5663 quem
2466 5610 2570 5647 non
2608 5603 2683 5647 est
2725 5592 3115 5647 transmutatio.
3167 5588 3283 5645 Non
3313 5588 3458 5645 enim
3484 5606 3605 5646 mu-

2024 5686 2226 5743 tabitur
2253 5685 2345 5757 qui
2377 5685 2511 5741 dixit
2541 5703 2553 5737 :
2588 5683 2701 5753 Ego
2727 5700 2843 5737 sum
2868 5682 2957 5752 qui
2980 5697 3096 5735 sum
3129 5679 3330 5752 (Exod.
3359 5680 3465 5755 ιιι).
3499 5682 3607 5740 Mo-
