3954 6200
308 212 422 269 297

1141 196 1661 261 COLLECTIONES
1700 188 1767 255 ΙΝ
1806 184 2187 256 EPISTOLAS
2223 185 2309 252 ΕΤ
2350 185 2762 250 ΕνΑΝοΕωΑ.

3466 190 3573 246 393

309 322 488 382 sionis
505 296 629 390 ejus
650 332 873 373 munere
897 306 1083 371 laetati.
1108 313 1266 371 Patet
1289 312 1470 369 autem
1495 328 1595 368 nec
1628 311 1893 366 laboriosa
1921 316 1972 374 Λ
1998 308 2091 364 bili
2116 307 2530 370 circumdatum,
2574 306 2671 361 sed
2715 306 2770 359 in
2800 301 3081 371 majestate
3108 302 3177 357 ad
3195 301 3457 370 judicium
3485 319 3575 359 ve—

311 411 656 485 expositione
697 407 936 479 indiget,
986 420 1085 460 cur
1104 404 1352 460 eumdem
1381 404 1628 475 spiritum
1656 401 1901 472 paracle-

315 512 457 568 tum,
486 501 541 556 id
566 509 672 565 est,
700 496 1119 558 consolatorem,
1147 492 1627 563 ceguominaverit.
1657 490 1793 557 Quia
1820 488 1902 543 ni-

314 596 516 650 mirum
543 591 710 647 corda
739 585 1144 656 discipulorum,
1167 598 1287 654 qua:
1322 597 1566 638 recessus
1587 580 1753 652 ipsius
1776 593 1905 633 moe-

314 690 401 741 sta
428 683 785 744 reddidisset,
837 679 997 750 hujus
1031 677 1492 733 consolareturet
1520 679 1790 729 recrearet
1812 670 1908 725 ad-

315 784 534 831 ventus.
586 771 703 829 Non
740 770 884 841 quod
912 777 1070 823 antea
1087 766 1330 838 Spiritus
1357 772 1576 820 sanctus
1615 778 1724 817 non
1764 769 1910 817 esset

312 873 377 924 in
400 865 657 922 cordibus
695 860 1124 932 discipulorum,
1171 857 1255 912 vel
1280 857 1447 912 etiam
1560 853 1908 923 antiquorum

318 964 634 1015 sanctorum
659 995 674 1019 ,
718 953 813 1008 sed
851 947 1139 1005 manifesta
1172 946 1503 1019 plenitudine
1541 952 1669 1000 ante
1695 942 1776 1000 sic
1801 956 1909 997 non

321 1049 424 1104 fuit
471 1048 650 1112 datus,
692 1042 961 1114 quomodo
990 1048 1115 1111 post
1143 1038 1518 1094 ascensionem
1562 1035 1650 1090 die
1700 1033 1909 1089 decima

320 1138 380 1191 in
410 1143 626 1191 rentum
671 1131 859 1203 viginti
888 1128 1109 1184 nomina
1147 1126 1498 1182 transmissus
1538 1122 1754 1195 legitur.
1805 1119 1913 1175 Sed

323 1227 383 1281 in
429 1223 577 1278 nullo
618 1234 781 1291 opere
802 1218 1091 1290 cujuslibet
1119 1230 1386 1291 personm,
1402 1214 1580 1269 Patris
1602 1253 1618 1279 ,
1654 1212 1737 1268 vel
1766 1209 1910 1274 Filii,

324 1317 413 1372 vel
444 1290 681 1384 Spiritus
710 1310 1079 1371 sancti,totius
1120 1290 1628 1366 sanctm'Trinitatis
1670 1303 1914 1376 operatio

270 1392 275 1399 ’
320 1405 520 1460 defuit.
572 1402 679 1457 Sed
723 1398 1010 1471 oportebat
1057 1396 1439 1463 ita,insinuari
1482 1393 1812 1456 trinitatem,
1856 1400 1914 1461 ut

322 1494 578 1566 quamvis
598 1492 738 1547 nulla
763 1488 1208 1546 essetdiversitas
1238 1484 1575 1549 substantiae,
1600 1481 1914 1554 singillatim

327 1598 513 1642 tamen
535 1583 1006 1640 commendaretur
1035 1579 1310 1637 distinctio
1338 1590 1712 1649 personarum.

2002 399 2257 461 nientem,
2285 405 2341 451 et
2368 405 2590 466 peracto
2607 394 2814 465 judicio
2835 395 2890 449 in
2908 393 3096 462 majori
3125 393 3295 465 gloria
3315 408 3440 448 cum
3462 409 3579 449 san-

2003 490 2105 543 etis
2128 498 2496 558 apparantem.
2538 487 2796 557 Sequitur
2820 504 2836 540 :

2074 580 2154 634 De
2172 579 2380 649 judicio
2410 589 2607 644 autem,
2640 580 2767 649 quia
2792 578 3030 655 princeps
3054 575 3237 630 mundi
3262 575 3419 645 hujus
3434 574 3586 646 judi-
3613 612 3630 644 ρ

2005 679 2155 724 catus
2183 678 2281 724 est.
2317 667 2624 739 Principem
2651 668 2838 743 mundi
2864 665 3134 721 diabolum
3157 666 3317 739 dicit,
3362 669 3452 735 qui
3474 664 3589 735 pri-

2009 765 2214 814 matum
2239 767 2385 813 tenet
2409 758 2463 812 in
2493 758 2750 813 cordibus
2774 756 3088 815 inﬁdelium,
3128 771 3265 825 quos
3288 755 3379 810 hic
3400 755 3585 817 mundi

2010 851 2228 906 nomine
2251 849 2420 907 voluit
2442 848 2685 919 intelligi,
2718 849 2809 918 qui
2830 850 3019 904 ordine
3046 864 3303 919 perverso
3330 847 3590 902 mundum

2011 939 2190 1011 potius
2224 954 2387 1011 quam
2418 939 2601 995 mundi
2629 946 2933 995 creatorem
2964 939 3226 1010 diligunt,
3271 937 3363 1007 qui
3379 935 3591 1005 judica-

2013 1040 2101 1088 tus
2121 1039 2208 1087 est
2233 1048 2263 1085 a
2289 1030 2539 1096 Domino,
2568 1031 2661 1101 qui
2688 1032 2803 1086 ait:
2844 1028 3092 1085 Videbam
3134 1029 3304 1085 Satau
3327 1016 3471 1083 sicut.
3486 1027 3594 1098 {ul-

2010 1137 2112 1192 gur
2151 1121 2422 1176 cadentem
2458 1120 2527 1176 de
2552 1120 2697 1176 celo.
2745 1118 3026 1176 Judieatus
3067 1127 3153 1176 est
3175 1119 3242 1174 ab
3269 1135 3357 1185 eo,
3386 1133 3511 1174 cum
3538 1126 3596 1172 et
3645 1173 3651 1178 _

2013 1213 2129 1281 ipse
2154 1210 2416 1266 daemonia
2443 1208 2685 1279 ejiceret,
2711 1219 2770 1266 et
2788 1210 3065 1281 discipulis
3097 1212 3251 1266 daret
3273 1217 3595 1281 potestatem

2012 1301 2260 1357 caleandi
2282 1317 2442 1371 supra
2455 1315 2673 1356 omnem
2696 1301 2946 1355 virtutem
2969 1301 3197 1357 inimici.
3211 1301 3473 1372 Arguitur
3499 1300 3599 1353 ita-

2015 1404 2121 1460 que
2142 1392 2375 1446 mundus
2409 1390 2475 1446 de
2493 1388 2720 1458 judicio,
2749 1390 2894 1459 quod
2926 1390 3174 1446 diabolus
3195 1398 3279 1446 est
3298 1389 3598 1459 judicatus,

2017 1481 2233 1551 quando
2277 1479 2526 1535 homines
2567 1493 2636 1534 ne
2660 1480 2773 1533 'Dei
2815 1479 3075 1534 voluntati
3107 1479 3366 1535 resistere
3395 1493 3602 1548 praesu-

2020 1580 2198 1635 mant,
2247 1571 2495 1642 exemplo
2542 1569 2783 1625 damnati
2828 1578 3049 1639 propter
3096 1570 3407 1639 superbiam
3434 1576 3602 1623 terre—

402 1660 472 1732 Et
501 1694 619 1732 cum
644 1676 837 1732 venerit
860 1673 969 1739 ille,
993 1682 1177 1745 arguet
1204 1672 1476 1726 mundum.
1505 1668 1643 1737 Quid
1668 1675 1752 1724 est
1770 1666 1916 1738 quod
1944 1665 1991 1726 Β
2019 1670 2208 1718 rentur
2230 1662 2560 1734 archangeli.
2610 1661 2846 1717 Credant
2878 1661 3061 1731 itaque
3084 1661 3335 1716 homines
3369 1659 3423 1713 in
3448 1658 3605 1715 Chri-

323 1772 491 1835 dixit,
518 1784 643 1824 cum
662 1766 870 1822 venerit
894 1765 983 1821 ille
1001 1771 1191 1836 arguet
1209 1762 1465 1817 mundum
1484 1760 1507 1814 ?
1535 1759 1787 1830 Nunquid
1808 1773 1917 1813 non

325 1861 606 1922 Christus,
639 1856 765 1911 dum
806 1865 951 1912 esset
977 1854 1032 1908 in
1070 1852 1292 1917 mundo,
1328 1865 1434 1905 non
1455 1850 1635 1921 arguit
1657 1850 1917 1904 mundum

323 1952 399 2006 de
427 1950 513 2005 his
536 1947 788 2003 omnibus
810 1961 930 2016 qua:
964 1941 1303 2014 sequuntur?
1334 1940 1441 1996 Sed
1466 1939 1717 1997 Christus
1745 1938 1918 1994 solam

324 2043 640 2097 Judmorum
678 2046 893 2109 gentem
921 2035 1116 2106 arguit,
1158 2031 1395 2103 Spiritus
1433 2044 1564 2085 vero
1591 2039 1831 2092 sanctus,
1863 2028 1919 2082 in

325 2131 610 2202 (ﬁscipulis
651 2127 769 2198 ejus
797 2136 910 2181 toto
934 2125 1066 2180 orbe
1093 2120 1302 2208 dili'usis
1320 2161 1350 2189 ,.
1380 2134 1489 2177 non
1517 2134 1679 2175 unam
1701 2126 1918 2191 gentem

327 2220 653 2291 .ntelligitur
679 2217 945 2290 arguisse,
968 2215 1064 2270 sed
1090 2222 1261 2269 totum
1290 2212 1570 2267 tnundum.
1616 2212 1673 2267 lu
1701 2226 1809 2283 quo
1832 2226 1921 2266 ar-

325 2312 492 2385 guit?
515 2312 574 2368 In
598 2324 687 2375 eo,
717 2308 843 2379 quia
872 2322 968 2377 per
980 2306 1244 2378 Spiritum
1266 2314 1516 2360 sanctum
1554 2304 1797 2359 cbaritas
1818 2302 1921 2359 dif-

330 2403 453 2460 fusa
483 2411 569 2458 est
608 2402 662 2455 in
690 2399 945 2456 cordibus
968 2412 1188 2462 eorum,
1219 2411 1340 2468 qua:
1367 2393 1514 2450 foras
1561 2394 1726 2449 mittit
1755 2394 1918 2450 timo-

329 2508 451 2550 rem
470 2500 586 2557 ,.ut
610 2505 717 2545 non
747 2496 1053 2543 metuerent
1076 2486 1365 2549 mundum,
1398 2484 1450 2540 id
1491 2492 1609 2548 est,
1650 2493 1920 2540 amatores

330 2584 524 2640 mundi
553 2596 800 2654 arguere.
868 2612 873 2615 ι

406 2674 486 2729 De
507 2682 740 2744 peccato,
769 2681 816 2725 et
843 2671 906 2724 de
922 2668 1157 2739 justitia,
1182 2676 1231 2723 et
1263 2666 1328 2721 de
1358 2666 1577 2736 iudicio.
1609 2665 1780 2734 Quam
1804 2679 1923 2719 sen-

333 2765 565 2821 tentiam
595 2765 710 2833 ipse
747 2754 998 2817 Christus
1023 2759 1273 2830 exposuit
1305 2758 1493 2814 dicens
1522 2777 1534 2811 :
1584 2758 1662 2813 De
1684 2765 1921 2829 peccato,

328 2858 463 2929 quia
491 2872 591 2910 που
609 2854 825 2909 creduat
849 2855 904 2907 in
926 2869 1026 2917 me,
1050 2858 1333 2920 peccatum
1354 2849 1747 2905 incredulitatis
1763 2849 1921 2920 quasi

331 2944 576 3016 speciale
598 2943 795 3014 posuit.
841 2942 975 3011 Quia
1009 2942 1150 2997 sicut
1176 2941 1310 2997 lides
1340 2941 1494 3013 origo
1524 2940 1782 2996 virtutum
1802 2978 1819 3009 ,
1843 2941 1922 2997 ita

334 3035 755 3092 solidamentum
797 3044 881 3089 est
929 3033 1183 3087 viti-orum
1233 3032 1288 3086 in
1332 3031 1710 3088 incredulitate
1752 3016 1995 3103 persi-C

241 3170 244 3172 η
335 3134 509 3189 stere,
554 3125 780 3179 Domino
823 3122 1136 3178 terribiliter
1161 3131 1492 3189 attestante,
1537 3123 1630 3193 qui
1661 3124 1774 3179 ait:
1826 3124 1930 3190 Qui

337 3227 520 3271 autem
548 3234 649 3270 non
678 3215 840 3269 credit
863 3214 979 3284 jam
1014 3214 1290 3284 judicatus
1332 3225 1441 3280 est,
1473 3216 1596 3286 quia
1625 3232 1731 3271 nou
1768 3216 1931 3270 credit

338 3312 395 3363 in
448 3311 654 3364 nomine
708 3308 959 3379 unigeniti
1008 3306 1135 3361 Filii
1172 3307 1267 3361 Dei
1298 3306 1480 3379 (Jeau.
1510 3309 1618 3378 Ill).
1649 3309 1932 3363 Judicatus

340 3404 506 3467 dixit,
536 3402 588 3457 id
614 3410 715 3465 cst,
740 3402 1045 3457 damnatus.

420 3493 498 3548 De
523 3493 740 3564 justitia
774 3508 917 3557 vero,
954 3494 1077 3564 quia
1131 3492 1199 3547 ad
1251 3491 1463 3546 Patrem
1512 3491 1667 3556 vado,
1713 3503 1761 3545 et
1812 3492 1932 3561 jam

349 3602 455 3638 uou
510 3584 747 3638 videbitis
807 3600 907 3637 me.
965 3583 1185 3640 Justitia
1243 3585 1628 3655 discipulorum
1685 3583 1935 3640 Christus

343 3685 492 3741 erat,
538 3676 685 3747 quod
728 3676 1014 3731 Dominum
1061 3693 1222 3747 quem
1260 3694 1451 3734 verum
1503 3679 1776 3735 hominem
1816 3693 1935 3734 cer-

348 3769 571 3833 nebant,
619 3784 810 3824 verum
857 3784 1074 3839 quoque
1126 3770 1220 3825 Dei
1268 3768 1465 3825 Filium
1521 3785 1641 3839 esse
1694 3770 1936 3825 credide—

351 3868 508 3923 runt,
554 3867 609 3915 et
636 3875 799 3930 quem
833 3862 934 3916 sibi
975 3861 1331 3932 corporaliter
1372 3862 1608 3917 ablatum
1653 3871 1934 3926 noverant,

347 3963 505 4006 certo
554 3968 771 4023 semper
808 3968 993 4009 amore
1039 3954 1310 4010 colebant.
1351 3954 1569 4010 Justitia
1615 3963 1935 4011 czcterorum

352 4044 621 4109 ﬁdelium,
660 4046 711 4100 id
735 4054 839 4109 est,
885 4062 1073 4100 eorum
1100 4046 1190 4114 qui
1221 4045 1506 4101 Dominum
1546 4048 1597 4101 in
1627 4062 1791 4102 carne
1832 4063 1937 4101 non

354 4135 640 4199 viderunt,
690 4133 857 4191 [tcum
899 4145 953 4190 et
996 4136 1267 4190 hominem
1299 4151 1482 4191 verum
1520 4137 1682 4191 corde
1711 4136 1940 4191 credunt

353 4242 419 4281 ac
460 4226 718 4297 diligunt,
750 4227 816 4283 de
845 4244 950 4298 qua
978 4227 1223 4298 profecto
1248 4228 1460 4298 justitia
1487 4228 1608 4281 lidei
1640 4237 1941 4298 arguuntur

356 4318 619 4382 inﬁdeles,
648 4335 770 4389 qute
798 4330 910 4383 est,
942 4321 1085 4390 quod
1112 4335 1237 4375 eum
1263 4334 1425 4389 quem
1450 4321 1719 4389 corporali
1748 4321 1942 4376 intuitu

356 4426 635 4479 nunquam
673 4411 948 4479 viderunt,
1001 4426 1097 4466 cur
1126 4412 1224 4483 ipsi
1256 4411 1507 4469 videlicet
1536 4426 1660 4467 cum
1696 4412 1945 4467 similiter

356 4501 586 4556 verbum
613 4501 736 4556 vitae
759 4502 1031 4567 audirent,
1054 4501 1323 4557 noluerint
1342 4503 1565 4558 credere
1591 4504 1642 4556 in
1656 4501 1944 4570 justitiam.

358 4592 546 4661 Neque
576 4592 722 4646 enim
756 4585 995 4661 nequitia
1036 4592 1299 4647 malorum
1331 4608 1398 4648 ex
1438 4608 1534 4648 sua
1561 4592 1735 4648 solum
1772 4594 1953 4663 pravi-

360 4696 501 4750 tate,
531 4701 719 4740 verum
749 4686 912 4740 etiam
938 4702 1005 4741 ex
1026 4688 1431 4757 comparatione
1453 4696 1727 4743 rectorum
1748 4728 1762 4752 ,
1786 4703 1949 4757 quam

358 4780 435 4833 sit
465 4777 771 4833 damnanda
808 4776 1107 4832 denuntiet.
1158 4779 1351 4849 Arguit
1391 4794 1521 4851 ergo
1552 4779 1807 4834 mundum
1836 4779 1956 4850 Spi-

360 4868 507 4921 ritus
554 4876 771 4922 sanctus
798 4868 864 4922 de
896 4877 1119 4936 peccatu
1146 4909 1161 4934 ,
1213 4869 1338 4939 quia
1377 4884 1480 4923 non
1512 4871 1860 4925 crediderunt
1901 4871 1952 4925 in

357 4958 667 5013 Christum.
718 4958 911 5029 Arguit
955 4969 1010 5014 et
1049 4959 1116 5012 dc
1154 4957 1367 5027 justitia
1405 4960 1738 5015 credentium
1764 5002 1778 5026 ,
1827 4961 1953 5031 quia

357 5049 674 5119 exemplum
707 5064 893 5104 eorum
933 5050 1085 5118 sequi
1116 5048 1406 5114 noluerint,
1455 5051 1546 5119 qui
1592 5051 1737 5106 hunc
1763 5053 1830 5105 ad
1862 5067 1958 5121 pa-

359 5152 511 5194 trem
541 5142 850 5195 ascendisse
871 5181 884 5205 ,
933 5153 1108 5210 neque
1149 5140 1288 5195 ultra
1326 5141 1684 5211 corporaliter
1715 5143 1767 5196 in
1797 5143 1957 5197 terris

357 5241 817 5289 conversaturum
842 5245 962 5288 esse
986 5232 1249 5288 sciebant.
1293 5231 1407 5288 Nec
1436 5242 1615 5288 tamen
1642 5234 1711 5287 ab
1731 5232 1848 5301 ejus
1877 5234 1957 5286 di-

356 5322 605 5379 lecﬁone
632 5310 883 5393 poterant
904 5323 1012 5377 ulla
1036 5325 1246 5380 ratione
1274 5324 1548 5394 separari;
1582 5326 1684 5380 huc
1699 5334 1796 5379 est
1812 5324 1957 5379 enim

358 5415 518 5487 quod
557 5416 631 5470 ait
659 5434 670 5467 :
706 5415 847 5481 Quia
882 5416 951 5469 ad
979 5413 1191 5470 Patrem
1218 5417 1351 5473 vado
1377 5456 1392 5481 ,
1421 5426 1472 5470 et
1500 5415 1609 5482 iam
1634 5432 1737 5470 non
1770 5416 1963 5470 videbi-

360 5510 438 5561 tis
467 5523 570 5559 me.
612 5506 727 5561 Non
754 5505 1003 5562 videbitis
1032 5522 1118 5563 me
1159 5523 1227 5562 ex
1275 5524 1382 5578 quo
1406 5506 1722 5570 ascendere,
1749 5505 1960 5575 qualem

362 5615 518 5656 nunc
560 5601 745 5655 vilcre
772 5599 960 5655 soletis
999 5615 1161 5654 carne
1185 5600 1434 5665 mortali,
1480 5609 1534 5655 et
1564 5599 1965 5669 comprehensi-

704 5697 978 5756 Pnaon.
1026 5693 1158 5755 Cll.

2016 1761 2161 1809 stum
2186 1767 2254 1808 ne
2277 1760 2573 1823 arguantur
2599 1751 2667 1807 de
2691 1758 2916 1820 peccato
2960 1749 3295 1805 inﬁdelitatis
3321 1764 3433 1804 suae
3450 1788 3466 1814 ,
3494 1763 3604 1819 quo

2019 1854 2242 1917 peccato
2266 1848 2449 1903 omnia
2483 1855 2705 1917 peccata
2744 1846 3088 1911 detinentur;
3117 1853 3399 1902 transeant
3426 1847 3479 1901 in
3505 1862 3605 1901 nu-

2018 1953 2228 1994 merum
2274 1937 2511 1994 lidelium
2538 1975 2554 2003 ,
2602 1953 2671 1994 ne
2716 1945 3016 2009 arguantur
3062 1937 3128 1992 de
3160 1937 3371 2008 justitia
3415 1951 3605 1993 eorum

2018 2044 2155 2099 quos
2195 2026 2526 2097 justiticatos
2565 2042 2671 2083 non
2730 2029 3035 2097 imitantur.
3080 2026 3323 2083 Caveant
3362 2028 3606 2084 futurum

2010 2119 2276 2188 judicium
2319 2132 2387 2174 ne
2413 2133 2537 2174 cum
2584 2118 2767 2174 mundi
2793 2118 3038 2189 principe
3069 2116 3408 2186 iudicentur,
3442 2135 3605 2190 quem

2010 2208 2311 2278 judicatutn
2352 2209 2651 2266 imitantur.
2683 2209 2894 2265 Etenim
2916 2222 2983 2264 ne
3006 2209 3111 2264 sibi
3147 2210 3423 2266 existimet
3454 2213 3607 2282 parci

2020 2301 2271 2372 superbia
2306 2301 2441 2355 dura
2484 2301 2816 2365 mortalium,
2865 2299 2934 2357 de
2964 2302 3320 2372 superborum
3348 2302 3611 2375 suppiicio

2021 2393 2276 2451 tenenda
2304 2401 2390 2449 est
2414 2393 2749 2466 angelorum.

2092 2504 2278 2560 Adhuc
2319 2504 2490 2560 multa
2531 2504 2696 2559 habeo
2723 2503 2865 2559 vobis
2900 2504 3105 2571 dicere,
3137 2505 3226 2559 sed
3267 2516 3371 2560 non
3400 2506 3614 2575 potestis

2020 2605 2230 2664 portare
2255 2596 2439 2659 modo;
2466 2606 2586 2649 cunt
2612 2603 2788 2651 autem
2811 2597 3005 2650 uenerit
3042 2594 3130 2651 ille
3158 2594 3390 2666 Spiritus
3419 2596 3614 2650 verita-

2022 2684 2107 2748 tis,
2149 2682 2354 2738 docebit
2377 2697 2462 2739 vos
2487 2699 2692 2739 omnem
2718 2686 3007 2740 veritatem.
3045 2684 3265 2739 Certum
3304 2696 3387 2741 est
3411 2694 3612 2750 autem.

2023 2775 2168 2849 quod
2219 2776 2470 2831 veniente
2516 2777 2747 2846 desuper
2782 2775 2986 2845 Spiritu
3011 2816 3027 2840 ,
3073 2777 3301 2846 apostoli
3351 2776 3613 2847 majorem

2025 2867 2196 2923 multo
2218 2865 2501 2923 scientiam
2523 2865 2769 2923 veritatis
2794 2879 2956 2936 quam
2982 2866 3231 2923 carnales
3274 2876 3500 2923 eatenus
3522 2886 3619 2941 po-

2026 2965 2273 3022 tuerunt,
2313 2960 2586 3013 consecuti
2611 2966 2775 3023 sunt,
2821 2954 3013 3026 majori
3063 2948 3331 3013 desiderio
3373 2960 3619 3015 certandi

2033 3064 2132 3123 pro
2188 3050 2421 3106 veritate
2462 3050 2710 3105 succensi
2757 3059 2903 3105 sunt.
2962 3048 3075 3104 Non
3111 3060 3288 3104 tamen
3325 3052 3618 3121 putandum

2032 3141 2203 3199 estin
2248 3140 2352 3197 hac
2376 3141 2487 3195 vita
2534 3141 2843 3210 quempiam
2891 3154 3108 3194 omnem
3148 3140 3430 3195 veritatem
3464 3156 3625 3210 posse

2033 3234 2514 3304 comprehendere.
2541 3230 2693 3287 Unde
2715 3241 2772 3285 et
2807 3231 2923 3301 ipse
2950 3232 3143 3285 leatus
3176 3230 3376 3306 Paulus
3403 3243 3621 3302 aposto-

2036 3328 2119 3381 lus
2142 3325 2235 3396 qui
2266 3324 2334 3379 ad
2361 3316 2579 3379 tertium
2623 3322 2820 3376 cmlum
2850 3328 3035 3390 raptus
3069 3333 3182 3386 est,
3227 3326 3282 3374 et
3322 3321 3391 3375 ibi
3422 3323 3627 3377 audivit

2036 3433 2232 3473 arcana
2268 3416 2466 3481 verba,
2496 3431 2616 3485 qum
2657 3431 2764 3469 non
2806 3415 3165 3469 licct'homini
3192 3413 3358 3484 loqui,
3391 3416 3503 3468 ait:
3540 3416 3625 3469 Itin

2030 3510 2183 3570 parte
2213 3502 2591 3571 cognoscimus,
2615 3512 2664 3553 et
2689 3516 2755 3553 ex
2777 3510 2926 3565 parte
2946 3503 3337 3570 prophetamus.
3366 3504 3493 3556 Cum
3517 3496 3626 3556 (ης-ὶ

2032 3600 2133 3647 tem
2159 3595 2354 3648 reneri!
2381 3593 2520 3662 quod
2546 3591 2831 3663 perfectura
2860 3603 2958 3657 est,
2987 3593 3326 3648 euacuabitur
3378 3596 3519 3666 quod
3548 3612 3613 3649 ea:

2032 3694 2184 3754 parte
2242 3696 2340 3741 est.
2395 3684 2450 3756 (1
2498 3685 2622 3745 Cor.
2673 3684 2816 3756 xm).
2877 3686 3294 3759 Intelligendum
3329 3700 3418 3747 est
3453 3705 3610 3762 ergo,

2036 3779 2179 3850 quod
2222 3779 2299 3831 ait
2327 3778 2393 3832 de
2434 3775 2678 3847 Spiritu:
2730 3776 2944 3830 Docebit
2992 3793 3077 3830 vos
3107 3792 3309 3829 omnem
3342 3775 3628 3835 veritatem.

2037 3870 2192 3941 quasi
2217 3862 2444 3929 diceret.
2489 3865 2753 3921 dill‘undet
2782 3866 2834 3920 in
2863 3866 3116 3921 cordibus
3160 3868 3356 3939 vestris
3394 3865 3633 3920 charita-

1988 3998 1992 4002 -
2040 3970 2168 4022 tem,
2201 3975 2322 4030 quae
2351 3973 2448 4013 vos
2491 3972 2704 4012 omnem
2732 3958 3016 4011 veritatem
3062 3954 3191 4010 facit
3227 3971 3437 4022 amare;
3479 3955 3632 4024 cujus

2040 4052 2352 4124 magisterio
2380 4052 2528 4105 intus
2555 4051 2755 4113 cdocti,
2802 4049 3102 4119 proﬁciatis
3128 4051 3193 4103 de
3217 4050 3413 4103 virtute
3446 4051 3497 4104 in
3524 4051 3632 4103 vir-

2041 4152 2240 4206 tutem,
2279 4141 2535 4213 dignique
2576 4140 2885 4195 elliciamini
2927 4141 3211 4208 pervenire
3251 4141 3318 4193 ad
3358 4141 3542 4204 vitam,
3577 4141 3631 4195 in

2041 4250 2147 4305 qua
2173 4233 2326 4288 vobis
2357 4241 2559 4288 {eterna
2606 4231 2830 4286 claritas
2875 4245 3100 4285 summa:
3143 4230 3389 4285 veritatis
3417 4240 3471 4285 et
3493 4246 3634 4285 verte

2048 4322 2414 4385 sublimitatis,
2470 4321 2523 4375 id
2552 4332 2668 4386 est,
2715 4319 3096 4399 contemplatio
3136 4320 3299 4373 vestri
3342 4320 3638 4377 conditoris

2051 4420 2326 4484 appareat.

2126 4505 2249 4559 Non
2291 4505 2433 4558 enim
2473 4503 2713 4575 loquetur
2768 4520 2799 4555 a
2840 4502 3147 4571 semetipso,
3194 4502 3284 4557 sed
3318 4519 3642 4575 quacunque

2053 4596 2231 4651 audiet
2268 4596 2529 4667 loquetur.
2570 4593 2686 4649 Non
2717 4593 2864 4648 enim
2904 4592 3145 4663 loquitur
3195 4592 3431 4663 Spiritus
3474 4609 3505 4648 a
3550 4609 3639 4650 se~

2057 4689 2308 4758 metipso,
2333 4687 2426 4742 sed
2455 4702 2485 4740 a
2512 4686 2692 4751 Patre,
2720 4701 2847 4741 nam
2878 4682 3048 4740 Filius
3084 4695 3244 4742 natus
3275 4696 3360 4743 est
3395 4702 3425 4741 a
3457 4670 3639 4754 Patre,

2056 4790 2111 4835 et
2136 4779 2373 4849 Spiritus
2404 4788 2625 4835 sanctus
2662 4779 2908 4849 procedit
2942 4795 2972 4832 a
3010 4778 3190 4835 Patre.
3229 4778 3342 4834 Non
3382 4780 3525 4835 enim
3561 4780 3642 4834 ln-

2055 4868 2240 4942 quitur
2268 4886 2297 4925 a
2324 4870 2641 4938 semetipso,
2673 4870 2727 4924 id
2764 4876 2868 4932 est,
2909 4869 3027 4923 sine
3057 4867 3235 4923 Patris
3264 4879 3318 4923 et
3345 4869 3463 4923 Filii
3492 4884 3645 4924 com—

2059 4964 2330 5024 munione,
2386 4978 2492 5017 non
2538 4963 2681 5018 enim
2731 4962 2945 5016 divisus
2975 4972 3059 5015 est
3091 4960 3328 5031 Spiritus
3369 4970 3590 5017 sanctus
3617 4977 3648 5016 a

2057 5053 2217 5109 Patre
2246 5061 2300 5108 et
2328 5053 2485 5115 Filio,
2516 5052 2609 5107 sed
2638 5068 2804 5105 unum
2832 5066 2973 5121 opus
2998 5060 3083 5106 est
3107 5051 3307 5116 Patris,
3339 5060 3394 5106 ct
3420 5051 3562 5117 Filii,
3594 5060 3648 5104 et

2059 5144 2151 5215 Spi
2162 5145 2295 5199 ritus
2305 5145 2501 5199 sancti.
2526 5142 2631 5198 Sed
2642 5156 2966 5214 quacunque
2980 5142 3159 5197 audiet
3180 5142 3438 5215 loquetur.
3455 5142 3652 5197 Audiet

2065 5236 2316 5291 videlicet
2348 5251 2446 5305 per
2484 5235 2747 5289 unitatem
2784 5233 3138 5297 substantize,
3175 5239 3231 5288 et
3263 5233 3649 5303 proprietatem

2066 5327 2329 5382 scicntirc.
2376 5325 2491 5380 Non
2522 5308 2763 5395 loquitur
2802 5340 2831 5378 a
2861 5326 3175 5395 semetipso,
3216 5325 3342 5396 quia
3373 5337 3475 5376 non
3505 5327 3590 5373 est
3617 5333 3651 5372 a

2066 5418 2374 5487 semetipso.
2392 5416 2556 5473 Pater
2579 5418 2775 5488 quippe
2792 5416 2939 5472 solus
2957 5418 3023 5471 de
3038 5418 3143 5471 alio
3170 5432 3273 5469 non
3303 5421 3403 5476 est,
3420 5409 3589 5464 Filius
3619 5425 3653 5464 a

2070 5511 2233 5566 Patre
2262 5512 2499 5581 genitus,
2516 5519 2572 5564 et
2589 5509 2823 5581 Spiritus
2851 5518 3074 5564 sanctus
3097 5524 3125 5561 a
3147 5508 3306 5560 Patre
3331 5500 3648 5571 procedens.

2072 5602 2154 5656 Ab
2186 5602 2299 5671 ipso
2332 5601 2476 5656 enim
2515 5603 2695 5656 audiet
2731 5601 2963 5671 Spiritus
2999 5606 3216 5655 sanctus
3250 5612 3278 5649 a
3324 5608 3430 5663 quo
3461 5608 3655 5664 procc-

3142 5693 3218 5751 10
