  <div class='ocr_page' id='page_1' title='image "/cluster/home/n/w/nwhite01/storage/ocr_20150623/102/hvd.32044052820032/155.png"; bbox 0 0 3954 6200; ppageno 0'>
   <div class='ocr_carea' id='block_1_1' title="bbox 412 265 521 319">
    <p class='ocr_par' dir='ltr' id='par_1_1' title="bbox 412 265 521 319">
     <span class='ocr_line' id='line_1_1' title="bbox 412 265 521 319; baseline -0.009 0"><span class='ocrx_word' id='word_1_1' title='bbox 412 265 521 319; x_wconf 58' lang='grc' dir='ltr'><strong>ΞἫΙ</strong></span> 
     </span>
    </p>
   </div>
   <div class='ocr_carea' id='block_1_2' title="bbox 1712 256 2395 316">
    <p class='ocr_par' dir='ltr' id='par_1_2' title="bbox 1712 256 2395 316">
     <span class='ocr_line' id='line_1_2' title="bbox 1712 256 2395 316; baseline 0.003 -2"><span class='ocrx_word' id='word_1_2' title='bbox 1712 257 2066 314; x_wconf 66' lang='grc' dir='ltr'>ειιΑῐιΑευι</span> <span class='ocrx_word' id='word_1_3' title='bbox 2105 256 2280 314; x_wconf 71' lang='grc' dir='ltr'><strong>ΑΒΗΔ</strong></span> <span class='ocrx_word' id='word_1_4' title='bbox 2290 258 2395 316; x_wconf 78' lang='lat' dir='ltr'><strong>TIS</strong></span> 
     </span>
    </p>
   </div>
   <div class='ocr_carea' id='block_1_3' title="bbox 3575 271 3684 327">
    <p class='ocr_par' dir='ltr' id='par_1_3' title="bbox 3575 271 3684 327">
     <span class='ocr_line' id='line_1_3' title="bbox 3575 271 3684 327; baseline 0 0"><span class='ocrx_word' id='word_1_5' title='bbox 3575 271 3684 327; x_wconf 72' lang='lat'><strong>300</strong></span> 
     </span>
    </p>
   </div>
   <div class='ocr_carea' id='block_1_4' title="bbox 419 372 3684 448">
    <p class='ocr_par' dir='ltr' id='par_1_4' title="bbox 419 372 3684 448">
     <span class='ocr_line' id='line_1_4' title="bbox 419 372 3684 448; baseline 0.002 -16"><span class='ocrx_word' id='word_1_6' title='bbox 419 381 518 443; x_wconf 85' lang='lat' dir='ltr'><strong>dit,</strong></span> <span class='ocrx_word' id='word_1_7' title='bbox 567 377 690 448; x_wconf 91' lang='lat' dir='ltr'><strong>quia</strong></span> <span class='ocrx_word' id='word_1_8' title='bbox 741 392 846 431; x_wconf 89' lang='lat' dir='ltr'><strong>non</strong></span> <span class='ocrx_word' id='word_1_9' title='bbox 893 386 977 431; x_wconf 86' lang='lat' dir='ltr'><strong>est</strong></span> <span class='ocrx_word' id='word_1_10' title='bbox 1025 392 1055 429; x_wconf 88' lang='lat' dir='ltr'><strong>a</strong></span> <span class='ocrx_word' id='word_1_11' title='bbox 1084 376 1397 445; x_wconf 87' lang='lat' dir='ltr'><strong>semetipso,</strong></span> <span class='ocrx_word' id='word_1_12' title='bbox 1443 374 1538 427; x_wconf 86' lang='lat' dir='ltr'><strong>sed</strong></span> <span class='ocrx_word' id='word_1_13' title='bbox 1585 373 1653 427; x_wconf 85' lang='lat' dir='ltr'><strong>ab</strong></span> <span class='ocrx_word' id='word_1_14' title='bbox 1690 372 1782 425; x_wconf 91' lang='lat' dir='ltr'><strong>illo</strong></span> <span class='ocrx_word' id='word_1_15' title='bbox 1829 388 1858 425; x_wconf 90' lang='lat' dir='ltr'><strong>a</strong></span> <span class='ocrx_word' id='word_1_16' title='bbox 1889 387 1997 441; x_wconf 91' lang='lat' dir='ltr'><strong>quo</strong></span> <span class='ocrx_word' id='word_1_17' title='bbox 2027 376 2071 433; x_wconf 81' lang='grc' dir='ltr'>Α</span> <span class='ocrx_word' id='word_1_18' title='bbox 2107 388 2125 421; x_wconf 81' lang='grc' dir='ltr'><strong>ι</strong></span> <span class='ocrx_word' id='word_1_19' title='bbox 2171 387 2311 436; x_wconf 89' lang='lat' dir='ltr'><strong>esse,</strong></span> <span class='ocrx_word' id='word_1_20' title='bbox 2343 387 2448 426; x_wconf 89' lang='lat' dir='ltr'><strong>non</strong></span> <span class='ocrx_word' id='word_1_21' title='bbox 2486 372 2764 429; x_wconf 83' lang='lat' dir='ltr'><strong>rcfrenans</strong></span> <span class='ocrx_word' id='word_1_22' title='bbox 2804 375 3037 447; x_wconf 78' lang='lat' dir='ltr'><strong>linguam</strong></span> <span class='ocrx_word' id='word_1_23' title='bbox 3079 390 3255 441; x_wconf 77' lang='lat' dir='ltr'><strong>suam,</strong></span> <span class='ocrx_word' id='word_1_24' title='bbox 3293 378 3387 432; x_wconf 88' lang='lat' dir='ltr'><strong>sed</strong></span> <span class='ocrx_word' id='word_1_25' title='bbox 3418 379 3684 437; x_wconf 86' lang='lat' dir='ltr'><strong>scduccns</strong></span> 
     </span>
    </p>
   </div>
   <div class='ocr_carea' id='block_1_5' title="bbox 417 459 1997 539">
    <p class='ocr_par' dir='ltr' id='par_1_5' title="bbox 417 459 1997 539">
     <span class='ocr_line' id='line_1_5' title="bbox 417 459 1997 539; baseline -0.005 -18"><span class='ocrx_word' id='word_1_26' title='bbox 417 468 680 539; x_wconf 75' lang='lat' dir='ltr'><strong>procelit,</strong></span> <span class='ocrx_word' id='word_1_27' title='bbox 714 482 745 520; x_wconf 91' lang='lat' dir='ltr'><strong>a</strong></span> <span class='ocrx_word' id='word_1_28' title='bbox 771 480 879 534; x_wconf 90' lang='lat' dir='ltr'><strong>quo</strong></span> <span class='ocrx_word' id='word_1_29' title='bbox 905 465 982 519; x_wconf 86' lang='lat' dir='ltr'><strong>illi</strong></span> <span class='ocrx_word' id='word_1_30' title='bbox 1017 473 1102 521; x_wconf 90' lang='lat' dir='ltr'><strong>est</strong></span> <span class='ocrx_word' id='word_1_31' title='bbox 1124 463 1380 527; x_wconf 73' lang='lat' dir='ltr'><strong>essentia,</strong></span> <span class='ocrx_word' id='word_1_32' title='bbox 1411 460 1784 530; x_wconf 70' lang='lat' dir='ltr'><strong>intelligentia,</strong></span> <span class='ocrx_word' id='word_1_33' title='bbox 1809 461 1879 513; x_wconf 87' lang='lat' dir='ltr'><strong>ab</strong></span> <span class='ocrx_word' id='word_1_34' title='bbox 1905 459 1997 513; x_wconf 90' lang='lat' dir='ltr'><strong>illo</strong></span> 
     </span>
    </p>
   </div>
   <div class='ocr_carea' id='block_1_6' title="bbox 420 550 1999 633">
    <p class='ocr_par' dir='ltr' id='par_1_6' title="bbox 420 550 1999 633">
     <span class='ocr_line' id='line_1_6' title="bbox 420 550 1999 633; baseline -0.004 -21"><span class='ocrx_word' id='word_1_35' title='bbox 420 566 605 633; x_wconf 89' lang='lat' dir='ltr'><strong>utique</strong></span> <span class='ocrx_word' id='word_1_36' title='bbox 643 569 698 617; x_wconf 91' lang='lat' dir='ltr'><strong>et</strong></span> <span class='ocrx_word' id='word_1_37' title='bbox 742 560 985 616; x_wconf 90' lang='lat' dir='ltr'><strong>scientia.</strong></span> <span class='ocrx_word' id='word_1_38' title='bbox 1036 559 1118 613; x_wconf 85' lang='lat' dir='ltr'><strong>Ab</strong></span> <span class='ocrx_word' id='word_1_39' title='bbox 1161 558 1253 612; x_wconf 92' lang='lat' dir='ltr'><strong>illo</strong></span> <span class='ocrx_word' id='word_1_40' title='bbox 1302 556 1468 627; x_wconf 84' lang='lat' dir='ltr'><strong>igitur</strong></span> <span class='ocrx_word' id='word_1_41' title='bbox 1512 554 1806 616; x_wconf 88' lang='lat' dir='ltr'><strong>audientia,</strong></span> <span class='ocrx_word' id='word_1_42' title='bbox 1853 550 1999 622; x_wconf 89' lang='lat' dir='ltr'><strong>quod</strong></span> 
     </span>
    </p>
   </div>
   <div class='ocr_carea' id='block_1_7' title="bbox 419 643 1994 719">
    <p class='ocr_par' dir='ltr' id='par_1_7' title="bbox 419 643 1994 719">
     <span class='ocr_line' id='line_1_7' title="bbox 419 643 1994 719; baseline -0.008 -12"><span class='ocrx_word' id='word_1_43' title='bbox 419 654 555 708; x_wconf 85' lang='lat' dir='ltr'><strong>nihil</strong></span> <span class='ocrx_word' id='word_1_44' title='bbox 589 661 671 707; x_wconf 88' lang='lat' dir='ltr'><strong>est</strong></span> <span class='ocrx_word' id='word_1_45' title='bbox 710 650 854 704; x_wconf 88' lang='lat' dir='ltr'><strong>aliud</strong></span> <span class='ocrx_word' id='word_1_46' title='bbox 884 665 1046 719; x_wconf 86' lang='lat' dir='ltr'><strong>quam</strong></span> <span class='ocrx_word' id='word_1_47' title='bbox 1090 649 1336 704; x_wconf 89' lang='lat' dir='ltr'><strong>scientia.</strong></span> <span class='ocrx_word' id='word_1_48' title='bbox 1377 646 1532 713; x_wconf 84' lang='lat' dir='ltr'><strong>Quod</strong></span> <span class='ocrx_word' id='word_1_49' title='bbox 1559 660 1687 699; x_wconf 89' lang='lat' dir='ltr'><strong>vero</strong></span> <span class='ocrx_word' id='word_1_50' title='bbox 1723 643 1994 714; x_wconf 69' lang='lat' dir='ltr'><strong>adiunxit:</strong></span> 
     </span>
    </p>
   </div>
   <div class='ocr_carea' id='block_1_8' title="bbox 421 735 1997 812">
    <p class='ocr_par' dir='ltr' id='par_1_8' title="bbox 421 735 1997 812">
     <span class='ocr_line' id='line_1_8' title="bbox 421 735 1997 812; baseline -0.006 -16"><span class='ocrx_word' id='word_1_51' title='bbox 421 743 490 796; x_wconf 88' lang='lat' dir='ltr'><strong>Et</strong></span> <span class='ocrx_word' id='word_1_52' title='bbox 510 758 627 812; x_wconf 74' lang='lat' dir='ltr'><strong>qua:</strong></span> <span class='ocrx_word' id='word_1_53' title='bbox 659 748 877 794; x_wconf 81' lang='lat' dir='ltr'><strong>ventura</strong></span> <span class='ocrx_word' id='word_1_54' title='bbox 911 748 1030 792; x_wconf 88' lang='lat' dir='ltr'><strong>sunt</strong></span> <span class='ocrx_word' id='word_1_55' title='bbox 1057 738 1389 792; x_wconf 78' lang='lat' dir='ltr'><strong>annuntiabit</strong></span> <span class='ocrx_word' id='word_1_56' title='bbox 1417 737 1584 801; x_wconf 81' lang='lat' dir='ltr'><strong>vobis,</strong></span> <span class='ocrx_word' id='word_1_57' title='bbox 1612 743 1825 790; x_wconf 88' lang='lat' dir='ltr'><strong>constat</strong></span> <span class='ocrx_word' id='word_1_58' title='bbox 1854 735 1997 789; x_wconf 88' lang='lat' dir='ltr'><strong>enim</strong></span> 
     </span>
    </p>
   </div>
   <div class='ocr_carea' id='block_1_9' title="bbox 424 824 1999 896">
    <p class='ocr_par' dir='ltr' id='par_1_9' title="bbox 424 824 1999 896">
     <span class='ocr_line' id='line_1_9' title="bbox 424 824 1999 896; baseline -0.005 -12"><span class='ocrx_word' id='word_1_59' title='bbox 424 829 709 885; x_wconf 89' lang='lat' dir='ltr'><strong>nonnullos</strong></span> <span class='ocrx_word' id='word_1_60' title='bbox 788 836 1135 891; x_wconf 88' lang='lat' dir='ltr'><strong>sanctorum,</strong></span> <span class='ocrx_word' id='word_1_61' title='bbox 1198 828 1253 881; x_wconf 90' lang='lat' dir='ltr'><strong>in</strong></span> <span class='ocrx_word' id='word_1_62' title='bbox 1308 826 1516 896; x_wconf 83' lang='lat' dir='ltr'><strong>Spiritu</strong></span> <span class='ocrx_word' id='word_1_63' title='bbox 1581 833 1766 880; x_wconf 87' lang='lat' dir='ltr'><strong>sancto</strong></span> <span class='ocrx_word' id='word_1_64' title='bbox 1818 824 1999 879; x_wconf 86' lang='lat' dir='ltr'><strong>futura</strong></span> 
     </span>
    </p>
   </div>
   <div class='ocr_carea' id='block_1_10' title="bbox 419 914 1999 989">
    <p class='ocr_par' dir='ltr' id='par_1_10' title="bbox 419 914 1999 989">
     <span class='ocr_line' id='line_1_10' title="bbox 419 914 1999 989; baseline -0.001 -19"><span class='ocrx_word' id='word_1_65' title='bbox 419 920 762 989; x_wconf 75' lang='lat' dir='ltr'><strong>prtedixisse;</strong></span> <span class='ocrx_word' id='word_1_66' title='bbox 794 918 888 972; x_wconf 91' lang='lat' dir='ltr'><strong>sed</strong></span> <span class='ocrx_word' id='word_1_67' title='bbox 916 926 1096 972; x_wconf 88' lang='lat' dir='ltr'><strong>tamen</strong></span> <span class='ocrx_word' id='word_1_68' title='bbox 1118 917 1278 973; x_wconf 84' lang='lat' dir='ltr'><strong>altius</strong></span> <span class='ocrx_word' id='word_1_69' title='bbox 1305 923 1431 972; x_wconf 90' lang='lat' dir='ltr'><strong>sunt</strong></span> <span class='ocrx_word' id='word_1_70' title='bbox 1455 916 1571 970; x_wconf 65' lang='lat' dir='ltr'><strong>haec</strong></span> <span class='ocrx_word' id='word_1_71' title='bbox 1600 916 1763 970; x_wconf 86' lang='lat' dir='ltr'><strong>verba</strong></span> <span class='ocrx_word' id='word_1_72' title='bbox 1788 914 1999 968; x_wconf 71' lang='lat' dir='ltr'><strong>Domini</strong></span> 
     </span>
    </p>
   </div>
   <div class='ocr_carea' id='block_1_11' title="bbox 422 1006 2001 1078">
    <p class='ocr_par' dir='ltr' id='par_1_11' title="bbox 422 1006 2001 1078">
     <span class='ocr_line' id='line_1_11' title="bbox 422 1006 2001 1078; baseline -0.004 -13"><span class='ocrx_word' id='word_1_73' title='bbox 422 1011 832 1075; x_wconf 86' lang='lat' dir='ltr'><strong>consideranda,</strong></span> <span class='ocrx_word' id='word_1_74' title='bbox 868 1024 988 1078; x_wconf 74' lang='lat' dir='ltr'><strong>qua:</strong></span> <span class='ocrx_word' id='word_1_75' title='bbox 1015 1010 1267 1064; x_wconf 86' lang='lat' dir='ltr'><strong>omnibus</strong></span> <span class='ocrx_word' id='word_1_76' title='bbox 1306 1010 1516 1064; x_wconf 83' lang='lat' dir='ltr'><strong>sanctis</strong></span> <span class='ocrx_word' id='word_1_77' title='bbox 1549 1006 1852 1062; x_wconf 87' lang='lat' dir='ltr'><strong>communia</strong></span> <span class='ocrx_word' id='word_1_78' title='bbox 1881 1019 2001 1060; x_wconf 89' lang='lat' dir='ltr'><strong>esse</strong></span> 
     </span>
    </p>
   </div>
   <div class='ocr_carea' id='block_1_12' title="bbox 422 1100 1999 1173">
    <p class='ocr_par' dir='ltr' id='par_1_12' title="bbox 422 1100 1999 1173">
     <span class='ocr_line' id='line_1_12' title="bbox 422 1100 1999 1173; baseline -0.006 -16"><span class='ocrx_word' id='word_1_79' title='bbox 422 1110 664 1173; x_wconf 88' lang='lat' dir='ltr'><strong>possunt.</strong></span> <span class='ocrx_word' id='word_1_80' title='bbox 693 1102 860 1172; x_wconf 85' lang='lat' dir='ltr'><strong>Igitur</strong></span> <span class='ocrx_word' id='word_1_81' title='bbox 886 1101 1111 1172; x_wconf 76' lang='lat' dir='ltr'><strong>Spiritus</strong></span> <span class='ocrx_word' id='word_1_82' title='bbox 1139 1100 1455 1165; x_wconf 74' lang='lat' dir='ltr'><strong>adveniens,</strong></span> <span class='ocrx_word' id='word_1_83' title='bbox 1479 1116 1597 1171; x_wconf 71' lang='lat' dir='ltr'><strong>qua:</strong></span> <span class='ocrx_word' id='word_1_84' title='bbox 1629 1107 1846 1152; x_wconf 77' lang='lat' dir='ltr'><strong>ventura</strong></span> <span class='ocrx_word' id='word_1_85' title='bbox 1879 1103 1999 1150; x_wconf 84' lang='lat' dir='ltr'><strong>sunt</strong></span> 
     </span>
    </p>
   </div>
   <div class='ocr_carea' id='block_1_13' title="bbox 422 1186 2000 1262">
    <p class='ocr_par' dir='ltr' id='par_1_13' title="bbox 422 1186 2000 1262">
     <span class='ocr_line' id='line_1_13' title="bbox 422 1186 2000 1262; baseline -0.003 -17"><span class='ocrx_word' id='word_1_86' title='bbox 422 1193 779 1257; x_wconf 82' lang='lat' dir='ltr'><strong>annuntiabit,</strong></span> <span class='ocrx_word' id='word_1_87' title='bbox 816 1208 943 1248; x_wconf 86' lang='lat' dir='ltr'><strong>cum</strong></span> <span class='ocrx_word' id='word_1_88' title='bbox 983 1192 1178 1262; x_wconf 85' lang='lat' dir='ltr'><strong>gaudia</strong></span> <span class='ocrx_word' id='word_1_89' title='bbox 1225 1191 1384 1246; x_wconf 90' lang='lat' dir='ltr'><strong>nobis</strong></span> <span class='ocrx_word' id='word_1_90' title='bbox 1427 1191 1616 1260; x_wconf 71' lang='lat' dir='ltr'><strong>patriae</strong></span> <span class='ocrx_word' id='word_1_91' title='bbox 1658 1187 1896 1243; x_wconf 71' lang='lat' dir='ltr'><strong>cmicstis</strong></span> <span class='ocrx_word' id='word_1_92' title='bbox 1932 1186 2000 1241; x_wconf 86' lang='lat' dir='ltr'><strong>ad</strong></span> 
     </span>
    </p>
   </div>
   <div class='ocr_carea' id='block_1_14' title="bbox 424 1273 2003 1350">
    <p class='ocr_par' dir='ltr' id='par_1_14' title="bbox 424 1273 2003 1350">
     <span class='ocr_line' id='line_1_14' title="bbox 424 1273 2003 1350; baseline -0.002 -14"><span class='ocrx_word' id='word_1_93' title='bbox 424 1273 743 1338; x_wconf 79' lang='lat' dir='ltr'><strong>memoriam</strong></span> <span class='ocrx_word' id='word_1_94' title='bbox 774 1284 1006 1349; x_wconf 88' lang='lat' dir='ltr'><strong>reducit,</strong></span> <span class='ocrx_word' id='word_1_95' title='bbox 1034 1298 1156 1339; x_wconf 90' lang='lat' dir='ltr'><strong>cum</strong></span> <span class='ocrx_word' id='word_1_96' title='bbox 1190 1281 1327 1337; x_wconf 87' lang='lat' dir='ltr'><strong>festa</strong></span> <span class='ocrx_word' id='word_1_97' title='bbox 1374 1282 1462 1335; x_wconf 90' lang='lat' dir='ltr'><strong>illa</strong></span> <span class='ocrx_word' id='word_1_98' title='bbox 1494 1294 1740 1350; x_wconf 69' lang='lat' dir='ltr'><strong>superna:</strong></span> <span class='ocrx_word' id='word_1_99' title='bbox 1768 1279 2003 1335; x_wconf 80' lang='lat' dir='ltr'><strong>civitatis</strong></span> 
     </span>
    </p>
   </div>
   <div class='ocr_carea' id='block_1_15' title="bbox 422 1370 2000 1442">
    <p class='ocr_par' dir='ltr' id='par_1_15' title="bbox 422 1370 2000 1442">
     <span class='ocr_line' id='line_1_15' title="bbox 422 1370 2000 1442; baseline -0.002 -17"><span class='ocrx_word' id='word_1_100' title='bbox 422 1389 519 1442; x_wconf 82' lang='lat' dir='ltr'><strong>per</strong></span> <span class='ocrx_word' id='word_1_101' title='bbox 540 1374 738 1429; x_wconf 87' lang='lat' dir='ltr'><strong>donum</strong></span> <span class='ocrx_word' id='word_1_102' title='bbox 764 1374 921 1430; x_wconf 83' lang='lat' dir='ltr'><strong>nobis</strong></span> <span class='ocrx_word' id='word_1_103' title='bbox 945 1389 1058 1429; x_wconf 69' lang='lat' dir='ltr'><strong>sum</strong></span> <span class='ocrx_word' id='word_1_104' title='bbox 1094 1372 1440 1442; x_wconf 86' lang='lat' dir='ltr'><strong>aspirationis</strong></span> <span class='ocrx_word' id='word_1_105' title='bbox 1465 1371 1716 1425; x_wconf 86' lang='lat' dir='ltr'><strong>innotuit.</strong></span> <span class='ocrx_word' id='word_1_106' title='bbox 1745 1370 2000 1425; x_wconf 79' lang='lat' dir='ltr'><strong>‘Ventura</strong></span> 
     </span>
    </p>
   </div>
   <div class='ocr_carea' id='block_1_16' title="bbox 324 1460 1999 1532">
    <p class='ocr_par' dir='ltr' id='par_1_16' title="bbox 324 1460 1999 1532">
     <span class='ocr_line' id='line_1_16' title="bbox 324 1460 1999 1532; baseline -0.005 -9"><span class='ocrx_word' id='word_1_107' title='bbox 324 1520 329 1523; x_wconf 32' lang='grc' dir='ltr'>κ</span> <span class='ocrx_word' id='word_1_108' title='bbox 426 1467 582 1521; x_wconf 87' lang='lat' dir='ltr'><strong>nobis</strong></span> <span class='ocrx_word' id='word_1_109' title='bbox 613 1467 921 1530; x_wconf 83' lang='lat' dir='ltr'><strong>annuntiat,</strong></span> <span class='ocrx_word' id='word_1_110' title='bbox 957 1482 1081 1521; x_wconf 92' lang='lat' dir='ltr'><strong>cum</strong></span> <span class='ocrx_word' id='word_1_111' title='bbox 1116 1480 1215 1520; x_wconf 87' lang='lat' dir='ltr'><strong>nos</strong></span> <span class='ocrx_word' id='word_1_112' title='bbox 1263 1481 1295 1519; x_wconf 89' lang='lat' dir='ltr'><strong>a</strong></span> <span class='ocrx_word' id='word_1_113' title='bbox 1333 1464 1621 1519; x_wconf 88' lang='lat' dir='ltr'><strong>dilectione</strong></span> <span class='ocrx_word' id='word_1_114' title='bbox 1652 1460 1999 1532; x_wconf 75' lang='lat' dir='ltr'><strong>przescntium</strong></span> 
     </span>
    </p>
   </div>
   <div class='ocr_carea' id='block_1_17' title="bbox 427 1550 2001 1625">
    <p class='ocr_par' dir='ltr' id='par_1_17' title="bbox 427 1550 2001 1625">
     <span class='ocr_line' id='line_1_17' title="bbox 427 1550 2001 1625; baseline -0.004 -16"><span class='ocrx_word' id='word_1_115' title='bbox 427 1555 784 1619; x_wconf 83' lang='lat' dir='ltr'><strong>abstrahens,</strong></span> <span class='ocrx_word' id='word_1_116' title='bbox 833 1555 1160 1625; x_wconf 87' lang='lat' dir='ltr'><strong>promissum</strong></span> <span class='ocrx_word' id='word_1_117' title='bbox 1210 1554 1264 1607; x_wconf 91' lang='lat' dir='ltr'><strong>in</strong></span> <span class='ocrx_word' id='word_1_118' title='bbox 1304 1553 1456 1609; x_wconf 71' lang='lat' dir='ltr'><strong>ctelis</strong></span> <span class='ocrx_word' id='word_1_119' title='bbox 1503 1566 1753 1621; x_wconf 79' lang='lat' dir='ltr'><strong>regnum,</strong></span> <span class='ocrx_word' id='word_1_120' title='bbox 1798 1550 2001 1604; x_wconf 85' lang='lat' dir='ltr'><strong>nostris</strong></span> 
     </span>
    </p>
   </div>
   <div class='ocr_carea' id='block_1_18' title="bbox 426 1644 1433 1704">
    <p class='ocr_par' dir='ltr' id='par_1_18' title="bbox 426 1644 1433 1704">
     <span class='ocr_line' id='line_1_18' title="bbox 426 1644 1433 1704; baseline -0.008 0"><span class='ocrx_word' id='word_1_121' title='bbox 426 1648 683 1704; x_wconf 83' lang='lat' dir='ltr'><strong>cordibus</strong></span> <span class='ocrx_word' id='word_1_122' title='bbox 715 1654 771 1701; x_wconf 85' lang='lat' dir='ltr'><strong>et</strong></span> <span class='ocrx_word' id='word_1_123' title='bbox 797 1646 1078 1702; x_wconf 76' lang='lat' dir='ltr'><strong>desideriis</strong></span> <span class='ocrx_word' id='word_1_124' title='bbox 1116 1644 1433 1699; x_wconf 73' lang='lat' dir='ltr'><strong>inflammat.</strong></span> 
     </span>
    </p>
   </div>
   <div class='ocr_carea' id='block_1_19' title="bbox 2060 466 3684 545">
    <p class='ocr_par' dir='ltr' id='par_1_19' title="bbox 2060 466 3684 545">
     <span class='ocr_line' id='line_1_19' title="bbox 2060 466 3684 545; baseline 0.01 -33"><span class='ocrx_word' id='word_1_125' title='bbox 2060 535 2067 545; x_wconf 71' lang='lat'><em>_</em></span> <span class='ocrx_word' id='word_1_126' title='bbox 2108 481 2125 513; x_wconf 71' lang='grc' dir='ltr'><strong>ι</strong></span> <span class='ocrx_word' id='word_1_127' title='bbox 2171 478 2267 517; x_wconf 88' lang='lat' dir='ltr'><strong>cor</strong></span> <span class='ocrx_word' id='word_1_128' title='bbox 2290 480 2466 533; x_wconf 87' lang='lat' dir='ltr'><strong>suum,</strong></span> <span class='ocrx_word' id='word_1_129' title='bbox 2500 466 2658 535; x_wconf 85' lang='lat' dir='ltr'><strong>hujus</strong></span> <span class='ocrx_word' id='word_1_130' title='bbox 2692 482 2829 521; x_wconf 85' lang='lat' dir='ltr'><strong>vana</strong></span> <span class='ocrx_word' id='word_1_131' title='bbox 2859 477 2943 521; x_wconf 91' lang='lat' dir='ltr'><strong>cst</strong></span> <span class='ocrx_word' id='word_1_132' title='bbox 2974 468 3183 539; x_wconf 82' lang='lat' dir='ltr'><strong>religio.</strong></span> <span class='ocrx_word' id='word_1_133' title='bbox 3236 469 3446 539; x_wconf 79' lang='lat' dir='ltr'><strong>Religio</strong></span> <span class='ocrx_word' id='word_1_134' title='bbox 3482 475 3684 528; x_wconf 89' lang='lat' dir='ltr'><strong>munda</strong></span> 
     </span>
    </p>
   </div>
   <div class='ocr_carea' id='block_1_20' title="bbox 2108 557 3680 628">
    <p class='ocr_par' dir='ltr' id='par_1_20' title="bbox 2108 557 3680 628">
     <span class='ocr_line' id='line_1_20' title="bbox 2108 557 3680 628; baseline 0.008 -20"><span class='ocrx_word' id='word_1_135' title='bbox 2108 573 2126 606; x_wconf 84' lang='lat' dir='ltr'><strong>t</strong></span> <span class='ocrx_word' id='word_1_136' title='bbox 2172 566 2227 609; x_wconf 93' lang='lat' dir='ltr'><strong>et</strong></span> <span class='ocrx_word' id='word_1_137' title='bbox 2278 557 2621 612; x_wconf 90' lang='lat' dir='ltr'><strong>immaculata</strong></span> <span class='ocrx_word' id='word_1_138' title='bbox 2658 560 2797 628; x_wconf 88' lang='lat' dir='ltr'><strong>apud</strong></span> <span class='ocrx_word' id='word_1_139' title='bbox 2842 559 3009 614; x_wconf 84' lang='lat' dir='ltr'><strong>Deum</strong></span> <span class='ocrx_word' id='word_1_140' title='bbox 3055 571 3110 614; x_wconf 90' lang='lat' dir='ltr'><strong>et</strong></span> <span class='ocrx_word' id='word_1_141' title='bbox 3156 560 3370 616; x_wconf 85' lang='lat' dir='ltr'><strong>Patrem</strong></span> <span class='ocrx_word' id='word_1_142' title='bbox 3404 562 3519 619; x_wconf 70' lang='lat' dir='ltr'><strong>hare</strong></span> <span class='ocrx_word' id='word_1_143' title='bbox 3563 576 3680 620; x_wconf 86' lang='lat' dir='ltr'><strong>est:</strong></span> 
     </span>
    </p>
   </div>
   <div class='ocr_carea' id='block_1_21' title="bbox 2107 647 3677 720">
    <p class='ocr_par' dir='ltr' id='par_1_21' title="bbox 2107 647 3677 720">
     <span class='ocr_line' id='line_1_21' title="bbox 2107 647 3677 720; baseline 0.008 -22"><span class='ocrx_word' id='word_1_144' title='bbox 2107 666 2125 698; x_wconf 74' lang='grc' dir='ltr'><strong>ι</strong></span> <span class='ocrx_word' id='word_1_145' title='bbox 2171 647 2405 704; x_wconf 86' lang='lat' dir='ltr'><strong>Visitarc</strong></span> <span class='ocrx_word' id='word_1_146' title='bbox 2428 650 2657 720; x_wconf 84' lang='lat' dir='ltr'><strong>pupillos</strong></span> <span class='ocrx_word' id='word_1_147' title='bbox 2692 657 2747 706; x_wconf 89' lang='lat' dir='ltr'><strong>et</strong></span> <span class='ocrx_word' id='word_1_148' title='bbox 2768 651 2958 706; x_wconf 88' lang='lat' dir='ltr'><strong>viduas</strong></span> <span class='ocrx_word' id='word_1_149' title='bbox 3002 652 3054 704; x_wconf 89' lang='lat' dir='ltr'><strong>in</strong></span> <span class='ocrx_word' id='word_1_150' title='bbox 3094 652 3442 708; x_wconf 87' lang='lat' dir='ltr'><strong>tribulatione</strong></span> <span class='ocrx_word' id='word_1_151' title='bbox 3466 670 3677 718; x_wconf 81' lang='lat' dir='ltr'><strong>eat-mn,</strong></span> 
     </span>
    </p>
   </div>
   <div class='ocr_carea' id='block_1_22' title="bbox 2107 739 3607 800">
    <p class='ocr_par' dir='ltr' id='par_1_22' title="bbox 2107 739 3607 800">
     <span class='ocr_line' id='line_1_22' title="bbox 2107 739 3607 800; baseline 0.005 -9"><span class='ocrx_word' id='word_1_152' title='bbox 2107 756 2125 788; x_wconf 78' lang='grc' dir='ltr'><strong>ι</strong></span> <span class='ocrx_word' id='word_1_153' title='bbox 2168 747 2223 792; x_wconf 89' lang='lat' dir='ltr'><strong>ct</strong></span> <span class='ocrx_word' id='word_1_154' title='bbox 2253 739 2656 794; x_wconf 83' lang='lat' dir='ltr'><strong>immaculatum</strong></span> <span class='ocrx_word' id='word_1_155' title='bbox 2689 755 2747 795; x_wconf 92' lang='lat' dir='ltr'><strong>se</strong></span> <span class='ocrx_word' id='word_1_156' title='bbox 2781 742 3053 796; x_wconf 69' lang='lat' dir='ltr'><strong>custodire</strong></span> <span class='ocrx_word' id='word_1_157' title='bbox 3083 744 3152 797; x_wconf 91' lang='lat' dir='ltr'><strong>ab</strong></span> <span class='ocrx_word' id='word_1_158' title='bbox 3174 743 3280 799; x_wconf 84' lang='lat' dir='ltr'><strong>hoc</strong></span> <span class='ocrx_word' id='word_1_159' title='bbox 3317 746 3534 800; x_wconf 69' lang='lat' dir='ltr'><strong>szcculo.</strong></span> <span class='ocrx_word' id='word_1_160' title='bbox 3586 767 3607 799; x_wconf 72' lang='grc' dir='ltr'><strong>ι</strong></span> 
     </span>
    </p>
   </div>
   <div class='ocr_carea' id='block_1_23' title="bbox 2170 829 3690 901">
    <p class='ocr_par' dir='ltr' id='par_1_23' title="bbox 2170 829 3690 901">
     <span class='ocr_line' id='line_1_23' title="bbox 2170 829 3690 901; baseline 0.006 -18"><span class='ocrx_word' id='word_1_161' title='bbox 2170 829 2349 884; x_wconf 85' lang='lat' dir='ltr'><strong>Estote</strong></span> <span class='ocrx_word' id='word_1_162' title='bbox 2392 830 2617 901; x_wconf 81' lang='lat' dir='ltr'><strong>factores</strong></span> <span class='ocrx_word' id='word_1_163' title='bbox 2660 832 2799 886; x_wconf 73' lang='lat' dir='ltr'><strong>uerbi</strong></span> <span class='ocrx_word' id='word_1_164' title='bbox 2850 849 2953 886; x_wconf 88' lang='lat' dir='ltr'><strong>non</strong></span> <span class='ocrx_word' id='word_1_165' title='bbox 2995 834 3263 889; x_wconf 77' lang='lat' dir='ltr'><strong>auditores</strong></span> <span class='ocrx_word' id='word_1_166' title='bbox 3316 845 3541 890; x_wconf 88' lang='lat' dir='ltr'><strong>tantum.</strong></span> <span class='ocrx_word' id='word_1_167' title='bbox 3594 838 3690 893; x_wconf 91' lang='lat' dir='ltr'><strong>Sic</strong></span> 
     </span>
    </p>
   </div>
   <div class='ocr_carea' id='block_1_24' title="bbox 2110 919 3700 993">
    <p class='ocr_par' dir='ltr' id='par_1_24' title="bbox 2110 919 3700 993">
     <span class='ocr_line' id='line_1_24' title="bbox 2110 919 3700 993; baseline 0 -17"><span class='ocrx_word' id='word_1_168' title='bbox 2110 928 2168 976; x_wconf 87' lang='lat' dir='ltr'><strong>et</strong></span> <span class='ocrx_word' id='word_1_169' title='bbox 2198 919 2402 977; x_wconf 87' lang='lat' dir='ltr'><strong>Paulus</strong></span> <span class='ocrx_word' id='word_1_170' title='bbox 2463 922 2529 978; x_wconf 87' lang='lat' dir='ltr'><strong>de</strong></span> <span class='ocrx_word' id='word_1_171' title='bbox 2577 923 2716 993; x_wconf 81' lang='lat' dir='ltr'><strong>legis</strong></span> <span class='ocrx_word' id='word_1_172' title='bbox 2765 922 3075 979; x_wconf 77' lang='lat' dir='ltr'><strong>euitaribus</strong></span> <span class='ocrx_word' id='word_1_173' title='bbox 3106 924 3190 979; x_wconf 82' lang='lat' dir='ltr'><strong>ait</strong></span> <span class='ocrx_word' id='word_1_174' title='bbox 3220 942 3235 978; x_wconf 86' lang='lat'><strong>:</strong></span> <span class='ocrx_word' id='word_1_175' title='bbox 3271 923 3392 980; x_wconf 86' lang='lat' dir='ltr'><strong>Non</strong></span> <span class='ocrx_word' id='word_1_176' title='bbox 3424 928 3700 979; x_wconf 74' lang='lat' dir='ltr'><strong>auditores</strong></span> 
     </span>
    </p>
   </div>
   <div class='ocr_carea' id='block_1_25' title="bbox 2111 1014 3700 1091">
    <p class='ocr_par' dir='ltr' id='par_1_25' title="bbox 2111 1014 3700 1091">
     <span class='ocr_line' id='line_1_25' title="bbox 2111 1014 3700 1091; baseline 0.001 -25"><span class='ocrx_word' id='word_1_177' title='bbox 2111 1022 2319 1068; x_wconf 86' lang='lat' dir='ltr'><strong>tantum</strong></span> <span class='ocrx_word' id='word_1_178' title='bbox 2349 1014 2479 1085; x_wconf 81' lang='lat' dir='ltr'><strong>legis</strong></span> <span class='ocrx_word' id='word_1_179' title='bbox 2532 1017 2675 1085; x_wconf 88' lang='lat' dir='ltr'><strong>justi</strong></span> <span class='ocrx_word' id='word_1_180' title='bbox 2724 1026 2847 1071; x_wconf 81' lang='lat' dir='ltr'><strong>sunt</strong></span> <span class='ocrx_word' id='word_1_181' title='bbox 2892 1018 3038 1088; x_wconf 87' lang='lat' dir='ltr'><strong>apud</strong></span> <span class='ocrx_word' id='word_1_182' title='bbox 3106 1017 3293 1082; x_wconf 83' lang='lat' dir='ltr'><strong>Deum,</strong></span> <span class='ocrx_word' id='word_1_183' title='bbox 3346 1019 3440 1074; x_wconf 87' lang='lat' dir='ltr'><strong>sed</strong></span> <span class='ocrx_word' id='word_1_184' title='bbox 3466 1020 3700 1091; x_wconf 69' lang='grc' dir='ltr'><strong>[αριστ-(κ</strong></span> 
     </span>
    </p>
   </div>
   <div class='ocr_carea' id='block_1_26' title="bbox 2109 1107 3700 1181">
    <p class='ocr_par' dir='ltr' id='par_1_26' title="bbox 2109 1107 3700 1181">
     <span class='ocr_line' id='line_1_26' title="bbox 2109 1107 3700 1181; baseline 0.003 -19"><span class='ocrx_word' id='word_1_185' title='bbox 2109 1108 2236 1176; x_wconf 76' lang='lat' dir='ltr'><strong>legis</strong></span> <span class='ocrx_word' id='word_1_186' title='bbox 2279 1107 2718 1176; x_wconf 86' lang='lat' dir='ltr'><strong>justi/icabuntur</strong></span> <span class='ocrx_word' id='word_1_187' title='bbox 2771 1108 2950 1175; x_wconf 85' lang='lat' dir='ltr'><strong>(Rom.</strong></span> <span class='ocrx_word' id='word_1_188' title='bbox 3011 1110 3092 1177; x_wconf 89' lang='grc' dir='ltr'>ιι).</span> <span class='ocrx_word' id='word_1_189' title='bbox 3166 1107 3232 1165; x_wconf 80' lang='lat' dir='ltr'><strong>Et</strong></span> <span class='ocrx_word' id='word_1_190' title='bbox 3283 1113 3337 1165; x_wconf 88' lang='lat' dir='ltr'><strong>in</strong></span> <span class='ocrx_word' id='word_1_191' title='bbox 3372 1112 3700 1181; x_wconf 69' lang='lat' dir='ltr'><strong>Apocalypsi</strong></span> 
     </span>
    </p>
   </div>
   <div class='ocr_carea' id='block_1_27' title="bbox 2101 1190 3691 1264">
    <p class='ocr_par' dir='ltr' id='par_1_27' title="bbox 2101 1190 3691 1264">
     <span class='ocr_line' id='line_1_27' title="bbox 2101 1190 3691 1264; baseline 0.002 -20"><span class='ocrx_word' id='word_1_192' title='bbox 2101 1190 2336 1246; x_wconf 78' lang='lat' dir='ltr'><strong>Joannes</strong></span> <span class='ocrx_word' id='word_1_193' title='bbox 2359 1206 2484 1245; x_wconf 91' lang='lat' dir='ltr'><strong>cum</strong></span> <span class='ocrx_word' id='word_1_194' title='bbox 2520 1191 2747 1245; x_wconf 82' lang='lat' dir='ltr'><strong>dixisset</strong></span> <span class='ocrx_word' id='word_1_195' title='bbox 2773 1204 2787 1244; x_wconf 90' lang='lat'><strong>:</strong></span> <span class='ocrx_word' id='word_1_196' title='bbox 2821 1191 3016 1245; x_wconf 79' lang='lat' dir='ltr'><strong>Beatus</strong></span> <span class='ocrx_word' id='word_1_197' title='bbox 3048 1192 3137 1262; x_wconf 85' lang='lat' dir='ltr'><strong>qui</strong></span> <span class='ocrx_word' id='word_1_198' title='bbox 3173 1190 3318 1262; x_wconf 80' lang='lat' dir='ltr'><strong>legit,</strong></span> <span class='ocrx_word' id='word_1_199' title='bbox 3342 1202 3391 1246; x_wconf 90' lang='lat' dir='ltr'><strong>et</strong></span> <span class='ocrx_word' id='word_1_200' title='bbox 3419 1192 3508 1264; x_wconf 84' lang='lat' dir='ltr'><strong>qui</strong></span> <span class='ocrx_word' id='word_1_201' title='bbox 3534 1194 3691 1247; x_wconf 80' lang='lat' dir='ltr'><strong>audit</strong></span> 
     </span>
    </p>
   </div>
   <div class='ocr_carea' id='block_1_28' title="bbox 2102 1280 3689 1354">
    <p class='ocr_par' dir='ltr' id='par_1_28' title="bbox 2102 1280 3689 1354">
     <span class='ocr_line' id='line_1_28' title="bbox 2102 1280 3689 1354; baseline 0.002 -20"><span class='ocrx_word' id='word_1_202' title='bbox 2102 1280 2259 1334; x_wconf 82' lang='lat' dir='ltr'><strong>verba</strong></span> <span class='ocrx_word' id='word_1_203' title='bbox 2288 1282 2572 1351; x_wconf 79' lang='lat' dir='ltr'><strong>prophetia:</strong></span> <span class='ocrx_word' id='word_1_204' title='bbox 2617 1280 2739 1345; x_wconf 83' lang='lat' dir='ltr'><strong>libri</strong></span> <span class='ocrx_word' id='word_1_205' title='bbox 2780 1282 2962 1351; x_wconf 80' lang='lat' dir='ltr'><strong>hujus,</strong></span> <span class='ocrx_word' id='word_1_206' title='bbox 3006 1283 3258 1352; x_wconf 86' lang='lat' dir='ltr'><strong>protinus</strong></span> <span class='ocrx_word' id='word_1_207' title='bbox 3302 1283 3546 1354; x_wconf 68' lang='lat' dir='ltr'><strong>adiunxit</strong></span> <span class='ocrx_word' id='word_1_208' title='bbox 3574 1303 3586 1336; x_wconf 90' lang='lat'><strong>:</strong></span> <span class='ocrx_word' id='word_1_209' title='bbox 3618 1285 3689 1338; x_wconf 83' lang='lat' dir='ltr'><strong>Et</strong></span> 
     </span>
    </p>
   </div>
   <div class='ocr_carea' id='block_1_29' title="bbox 2101 1373 3357 1447">
    <p class='ocr_par' dir='ltr' id='par_1_29' title="bbox 2101 1373 3357 1447">
     <span class='ocr_line' id='line_1_29' title="bbox 2101 1373 3357 1447; baseline 0.002 -20"><span class='ocrx_word' id='word_1_210' title='bbox 2101 1383 2270 1428; x_wconf 80' lang='lat' dir='ltr'><strong>servat</strong></span> <span class='ocrx_word' id='word_1_211' title='bbox 2295 1390 2355 1427; x_wconf 88' lang='lat' dir='ltr'><strong>ea</strong></span> <span class='ocrx_word' id='word_1_212' title='bbox 2376 1390 2494 1444; x_wconf 66' lang='lat' dir='ltr'><strong>quae</strong></span> <span class='ocrx_word' id='word_1_213' title='bbox 2519 1374 2572 1427; x_wconf 88' lang='lat' dir='ltr'><strong>in</strong></span> <span class='ocrx_word' id='word_1_214' title='bbox 2593 1373 2687 1427; x_wconf 88' lang='lat' dir='ltr'><strong>illa</strong></span> <span class='ocrx_word' id='word_1_215' title='bbox 2713 1376 2907 1445; x_wconf 74' lang='lat' dir='ltr'><strong>scripta</strong></span> <span class='ocrx_word' id='word_1_216' title='bbox 2932 1384 3053 1428; x_wconf 88' lang='lat' dir='ltr'><strong>sunt</strong></span> <span class='ocrx_word' id='word_1_217' title='bbox 3078 1373 3261 1446; x_wconf 82' lang='lat' dir='ltr'><strong>(Apoc.</strong></span> <span class='ocrx_word' id='word_1_218' title='bbox 3295 1374 3357 1447; x_wconf 85' lang='grc' dir='ltr'><strong>ι).</strong></span> 
     </span>
    </p>
   </div>
   <div class='ocr_carea' id='block_1_30' title="bbox 2185 1464 3697 1537">
    <p class='ocr_par' dir='ltr' id='par_1_30' title="bbox 2185 1464 3697 1537">
     <span class='ocr_line' id='line_1_30' title="bbox 2185 1464 3697 1537; baseline 0.001 -18"><span class='ocrx_word' id='word_1_219' title='bbox 2185 1464 2323 1531; x_wconf 86' lang='lat' dir='ltr'><strong>Quia</strong></span> <span class='ocrx_word' id='word_1_220' title='bbox 2371 1466 2417 1520; x_wconf 90' lang='lat' dir='ltr'><strong>si</strong></span> <span class='ocrx_word' id='word_1_221' title='bbox 2464 1465 2581 1537; x_wconf 88' lang='lat' dir='ltr'><strong>quis</strong></span> <span class='ocrx_word' id='word_1_222' title='bbox 2624 1466 2836 1520; x_wconf 85' lang='lat' dir='ltr'><strong>auditor</strong></span> <span class='ocrx_word' id='word_1_223' title='bbox 2883 1476 2957 1519; x_wconf 87' lang='lat' dir='ltr'><strong>est</strong></span> <span class='ocrx_word' id='word_1_224' title='bbox 2988 1466 3145 1530; x_wconf 79' lang='lat' dir='ltr'><strong>verbi,</strong></span> <span class='ocrx_word' id='word_1_225' title='bbox 3180 1475 3227 1520; x_wconf 88' lang='lat' dir='ltr'><strong>et</strong></span> <span class='ocrx_word' id='word_1_226' title='bbox 3262 1483 3363 1520; x_wconf 88' lang='lat' dir='ltr'><strong>non</strong></span> <span class='ocrx_word' id='word_1_227' title='bbox 3387 1466 3576 1535; x_wconf 78' lang='lat' dir='ltr'><strong>factor,</strong></span> <span class='ocrx_word' id='word_1_228' title='bbox 3602 1467 3697 1521; x_wconf 83' lang='lat' dir='ltr'><strong>hic</strong></span> 
     </span>
    </p>
   </div>
   <div class='ocr_carea' id='block_1_31' title="bbox 2104 1555 3695 1627">
    <p class='ocr_par' dir='ltr' id='par_1_31' title="bbox 2104 1555 3695 1627">
     <span class='ocr_line' id='line_1_31' title="bbox 2104 1555 3695 1627; baseline -0.001 -16"><span class='ocrx_word' id='word_1_229' title='bbox 2104 1558 2497 1627; x_wconf 79' lang='lat' dir='ltr'><strong>comparabitur</strong></span> <span class='ocrx_word' id='word_1_230' title='bbox 2518 1556 2629 1610; x_wconf 87' lang='lat' dir='ltr'><strong>viro</strong></span> <span class='ocrx_word' id='word_1_231' title='bbox 2657 1556 3010 1610; x_wconf 80' lang='lat' dir='ltr'><strong>consideranti</strong></span> <span class='ocrx_word' id='word_1_232' title='bbox 3031 1560 3233 1609; x_wconf 84' lang='lat' dir='ltr'><strong>vultum</strong></span> <span class='ocrx_word' id='word_1_233' title='bbox 3259 1555 3547 1609; x_wconf 81' lang='lat' dir='ltr'><strong>nativitatis</strong></span> <span class='ocrx_word' id='word_1_234' title='bbox 3575 1568 3695 1609; x_wconf 72' lang='lat' dir='ltr'><strong>sua!</strong></span> 
     </span>
    </p>
   </div>
   <div class='ocr_carea' id='block_1_32' title="bbox 2102 1627 3692 1718">
    <p class='ocr_par' dir='ltr' id='par_1_32' title="bbox 2102 1627 3692 1718">
     <span class='ocr_line' id='line_1_32' title="bbox 2102 1627 3692 1718; baseline 0 -18"><span class='ocrx_word' id='word_1_235' title='bbox 2102 1648 2159 1702; x_wconf 89' lang='lat' dir='ltr'><strong>in</strong></span> <span class='ocrx_word' id='word_1_236' title='bbox 2192 1647 2418 1718; x_wconf 86' lang='lat' dir='ltr'><strong>speculo,</strong></span> <span class='ocrx_word' id='word_1_237' title='bbox 2449 1654 2553 1702; x_wconf 83' lang='lat' dir='ltr'><strong>etc.</strong></span> <span class='ocrx_word' id='word_1_238' title='bbox 2603 1646 2824 1701; x_wconf 82' lang='lat' dir='ltr'><strong>Vultum</strong></span> <span class='ocrx_word' id='word_1_239' title='bbox 2857 1646 3152 1699; x_wconf 81' lang='lat' dir='ltr'><strong>nativitatis</strong></span> <span class='ocrx_word' id='word_1_240' title='bbox 3190 1643 3324 1699; x_wconf 88' lang='lat' dir='ltr'><strong>dicit</strong></span> <span class='ocrx_word' id='word_1_241' title='bbox 3343 1627 3575 1699; x_wconf 35' lang='lat' dir='ltr'><strong>vultum.</strong></span> <span class='ocrx_word' id='word_1_242' title='bbox 3600 1646 3692 1700; x_wconf 87' lang='lat' dir='ltr'><strong>iu-</strong></span> 
     </span>
    </p>
   </div>
   <div class='ocr_carea' id='block_1_33' title="bbox 498 1724 3690 1806">
    <p class='ocr_par' dir='ltr' id='par_1_33' title="bbox 498 1724 3690 1806">
     <span class='ocr_line' id='line_1_33' title="bbox 498 1724 3690 1806; baseline -0.001 -17"><span class='ocrx_word' id='word_1_243' title='bbox 498 1737 599 1792; x_wconf 83' lang='lat' dir='ltr'><strong>Illc</strong></span> <span class='ocrx_word' id='word_1_244' title='bbox 639 1754 720 1791; x_wconf 81' lang='lat' dir='ltr'><strong>me</strong></span> <span class='ocrx_word' id='word_1_245' title='bbox 758 1735 1091 1804; x_wconf 83' lang='lat' dir='ltr'><strong>clari/icavit,</strong></span> <span class='ocrx_word' id='word_1_246' title='bbox 1127 1736 1252 1806; x_wconf 89' lang='lat' dir='ltr'><strong>quia</strong></span> <span class='ocrx_word' id='word_1_247' title='bbox 1291 1734 1360 1788; x_wconf 87' lang='lat' dir='ltr'><strong>de</strong></span> <span class='ocrx_word' id='word_1_248' title='bbox 1393 1750 1507 1788; x_wconf 83' lang='lat' dir='ltr'><strong>meo</strong></span> <span class='ocrx_word' id='word_1_249' title='bbox 1545 1731 1786 1802; x_wconf 80' lang='lat' dir='ltr'><strong>accipiet,</strong></span> <span class='ocrx_word' id='word_1_250' title='bbox 1824 1739 1872 1783; x_wconf 85' lang='lat' dir='ltr'><strong>et</strong></span> <span class='ocrx_word' id='word_1_251' title='bbox 1912 1745 2008 1782; x_wconf 81' lang='grc' dir='ltr'><strong>αη-</strong></span> <span class='ocrx_word' id='word_1_252' title='bbox 2035 1724 2081 1783; x_wconf 84' lang='grc' dir='ltr'><strong>Β</strong></span> <span class='ocrx_word' id='word_1_253' title='bbox 2110 1736 2319 1800; x_wconf 80' lang='lat' dir='ltr'><strong>fantite,</strong></span> <span class='ocrx_word' id='word_1_254' title='bbox 2355 1752 2474 1806; x_wconf 75' lang='lat' dir='ltr'><strong>qua:</strong></span> <span class='ocrx_word' id='word_1_255' title='bbox 2505 1735 2741 1791; x_wconf 87' lang='lat' dir='ltr'><strong>nondum</strong></span> <span class='ocrx_word' id='word_1_256' title='bbox 2777 1736 2844 1790; x_wconf 90' lang='lat' dir='ltr'><strong>ad</strong></span> <span class='ocrx_word' id='word_1_257' title='bbox 2876 1734 3173 1804; x_wconf 80' lang='lat' dir='ltr'><strong>perfectum</strong></span> <span class='ocrx_word' id='word_1_258' title='bbox 3208 1735 3457 1804; x_wconf 82' lang='lat' dir='ltr'><strong>pervenit</strong></span> <span class='ocrx_word' id='word_1_259' title='bbox 3486 1735 3690 1788; x_wconf 88' lang='lat' dir='ltr'><strong>virum.</strong></span> 
     </span>
    </p>
   </div>
   <div class='ocr_carea' id='block_1_34' title="bbox 429 1818 2009 1894">
    <p class='ocr_par' dir='ltr' id='par_1_34' title="bbox 429 1818 2009 1894">
     <span class='ocr_line' id='line_1_34' title="bbox 429 1818 2009 1894; baseline -0.008 -11"><span class='ocrx_word' id='word_1_260' title='bbox 429 1827 686 1883; x_wconf 83' lang='lat' dir='ltr'><strong>nuntiabit</strong></span> <span class='ocrx_word' id='word_1_261' title='bbox 716 1826 880 1881; x_wconf 86' lang='lat' dir='ltr'><strong>vobis.</strong></span> <span class='ocrx_word' id='word_1_262' title='bbox 936 1824 1173 1894; x_wconf 87' lang='lat' dir='ltr'><strong>Spiritus</strong></span> <span class='ocrx_word' id='word_1_263' title='bbox 1212 1824 1529 1879; x_wconf 85' lang='lat' dir='ltr'><strong>clariﬁcavit</strong></span> <span class='ocrx_word' id='word_1_264' title='bbox 1553 1821 1851 1885; x_wconf 85' lang='lat' dir='ltr'><strong>Christum,</strong></span> <span class='ocrx_word' id='word_1_265' title='bbox 1881 1818 2009 1889; x_wconf 87' lang='lat' dir='ltr'><strong>quia</strong></span> 
     </span>
    </p>
   </div>
   <div class='ocr_carea' id='block_1_35' title="bbox 426 1911 2008 1988">
    <p class='ocr_par' dir='ltr' id='par_1_35' title="bbox 426 1911 2008 1988">
     <span class='ocr_line' id='line_1_35' title="bbox 426 1911 2008 1988; baseline -0.006 -18"><span class='ocrx_word' id='word_1_266' title='bbox 426 1934 523 1988; x_wconf 85' lang='lat' dir='ltr'><strong>per</strong></span> <span class='ocrx_word' id='word_1_267' title='bbox 561 1932 684 1971; x_wconf 85' lang='lat' dir='ltr'><strong>cum</strong></span> <span class='ocrx_word' id='word_1_268' title='bbox 717 1931 779 1971; x_wconf 89' lang='lat' dir='ltr'><strong>ea</strong></span> <span class='ocrx_word' id='word_1_269' title='bbox 817 1915 1054 1971; x_wconf 77' lang='lat' dir='ltr'><strong>Charitas</strong></span> <span class='ocrx_word' id='word_1_270' title='bbox 1092 1914 1147 1969; x_wconf 87' lang='lat' dir='ltr'><strong>in</strong></span> <span class='ocrx_word' id='word_1_271' title='bbox 1185 1913 1442 1970; x_wconf 85' lang='lat' dir='ltr'><strong>cordibus</strong></span> <span class='ocrx_word' id='word_1_272' title='bbox 1482 1911 1869 1982; x_wconf 89' lang='lat' dir='ltr'><strong>discipulorum</strong></span> <span class='ocrx_word' id='word_1_273' title='bbox 1913 1921 2008 1962; x_wconf 82' lang='lat' dir='ltr'><strong>ac-</strong></span> 
     </span>
    </p>
   </div>
   <div class='ocr_carea' id='block_1_36' title="bbox 428 2003 2010 2076">
    <p class='ocr_par' dir='ltr' id='par_1_36' title="bbox 428 2003 2010 2076">
     <span class='ocr_line' id='line_1_36' title="bbox 428 2003 2010 2076; baseline -0.007 -11"><span class='ocrx_word' id='word_1_274' title='bbox 428 2024 589 2065; x_wconf 88' lang='lat' dir='ltr'><strong>censa</strong></span> <span class='ocrx_word' id='word_1_275' title='bbox 619 2017 721 2073; x_wconf 88' lang='lat' dir='ltr'><strong>cst,</strong></span> <span class='ocrx_word' id='word_1_276' title='bbox 748 2016 807 2062; x_wconf 84' lang='lat' dir='ltr'><strong>ut</strong></span> <span class='ocrx_word' id='word_1_277' title='bbox 829 2005 1040 2076; x_wconf 86' lang='lat' dir='ltr'><strong>abjecto</strong></span> <span class='ocrx_word' id='word_1_278' title='bbox 1069 2008 1265 2062; x_wconf 89' lang='lat' dir='ltr'><strong>timore</strong></span> <span class='ocrx_word' id='word_1_279' title='bbox 1291 2005 1516 2068; x_wconf 90' lang='lat' dir='ltr'><strong>carnali,</strong></span> <span class='ocrx_word' id='word_1_280' title='bbox 1545 2003 1796 2059; x_wconf 78' lang='lat' dir='ltr'><strong>cll‘ectum</strong></span> <span class='ocrx_word' id='word_1_281' title='bbox 1827 2016 2010 2055; x_wconf 88' lang='lat' dir='ltr'><strong>resur-</strong></span> 
     </span>
    </p>
   </div>
   <div class='ocr_carea' id='block_1_37' title="bbox 429 2091 2010 2167">
    <p class='ocr_par' dir='ltr' id='par_1_37' title="bbox 429 2091 2010 2167">
     <span class='ocr_line' id='line_1_37' title="bbox 429 2091 2010 2167; baseline -0.004 -13"><span class='ocrx_word' id='word_1_282' title='bbox 429 2099 689 2154; x_wconf 89' lang='lat' dir='ltr'><strong>rectionis</strong></span> <span class='ocrx_word' id='word_1_283' title='bbox 731 2096 850 2167; x_wconf 87' lang='lat' dir='ltr'><strong>ejus</strong></span> <span class='ocrx_word' id='word_1_284' title='bbox 900 2105 1214 2154; x_wconf 84' lang='lat' dir='ltr'><strong>constanter</strong></span> <span class='ocrx_word' id='word_1_285' title='bbox 1262 2096 1652 2166; x_wconf 56' lang='lat' dir='ltr'><strong>praedicarent,</strong></span> <span class='ocrx_word' id='word_1_286' title='bbox 1705 2093 1796 2163; x_wconf 90' lang='lat' dir='ltr'><strong>qui</strong></span> <span class='ocrx_word' id='word_1_287' title='bbox 1848 2091 2010 2162; x_wconf 87' lang='lat' dir='ltr'><strong>paulo</strong></span> 
     </span>
    </p>
   </div>
   <div class='ocr_carea' id='block_1_38' title="bbox 429 2183 2011 2257">
    <p class='ocr_par' dir='ltr' id='par_1_38' title="bbox 429 2183 2011 2257">
     <span class='ocr_line' id='line_1_38' title="bbox 429 2183 2011 2257; baseline -0.004 -15"><span class='ocrx_word' id='word_1_288' title='bbox 429 2198 554 2243; x_wconf 88' lang='lat' dir='ltr'><strong>ante</strong></span> <span class='ocrx_word' id='word_1_289' title='bbox 594 2197 833 2255; x_wconf 85' lang='lat' dir='ltr'><strong>tempore</strong></span> <span class='ocrx_word' id='word_1_290' title='bbox 867 2187 1138 2257; x_wconf 87' lang='lat' dir='ltr'><strong>passionis</strong></span> <span class='ocrx_word' id='word_1_291' title='bbox 1177 2185 1356 2255; x_wconf 83' lang='lat' dir='ltr'><strong>pavidi</strong></span> <span class='ocrx_word' id='word_1_292' title='bbox 1404 2184 1637 2239; x_wconf 81' lang='lat' dir='ltr'><strong>fuerant.</strong></span> <span class='ocrx_word' id='word_1_293' title='bbox 1686 2183 1839 2239; x_wconf 87' lang='lat' dir='ltr'><strong>Unde</strong></span> <span class='ocrx_word' id='word_1_294' title='bbox 1874 2184 2011 2238; x_wconf 85' lang='lat' dir='ltr'><strong>scri-</strong></span> 
     </span>
    </p>
   </div>
   <div class='ocr_carea' id='block_1_39' title="bbox 428 2274 2006 2349">
    <p class='ocr_par' dir='ltr' id='par_1_39' title="bbox 428 2274 2006 2349">
     <span class='ocr_line' id='line_1_39' title="bbox 428 2274 2006 2349; baseline -0.006 -13"><span class='ocrx_word' id='word_1_295' title='bbox 428 2289 581 2349; x_wconf 85' lang='lat' dir='ltr'><strong>ptum</strong></span> <span class='ocrx_word' id='word_1_296' title='bbox 613 2286 697 2336; x_wconf 90' lang='lat' dir='ltr'><strong>cst</strong></span> <span class='ocrx_word' id='word_1_297' title='bbox 727 2298 742 2333; x_wconf 85' lang='lat'><strong>:</strong></span> <span class='ocrx_word' id='word_1_298' title='bbox 766 2279 835 2333; x_wconf 86' lang='lat' dir='ltr'><strong>Et</strong></span> <span class='ocrx_word' id='word_1_299' title='bbox 863 2278 1041 2349; x_wconf 80' lang='lat' dir='ltr'><strong>repleti</strong></span> <span class='ocrx_word' id='word_1_300' title='bbox 1064 2287 1189 2332; x_wconf 81' lang='lat' dir='ltr'><strong>sunt</strong></span> <span class='ocrx_word' id='word_1_301' title='bbox 1221 2293 1398 2331; x_wconf 85' lang='lat' dir='ltr'><strong>omnes</strong></span> <span class='ocrx_word' id='word_1_302' title='bbox 1425 2276 1630 2345; x_wconf 81' lang='lat' dir='ltr'><strong>Spiritu</strong></span> <span class='ocrx_word' id='word_1_303' title='bbox 1659 2284 1840 2330; x_wconf 87' lang='lat' dir='ltr'><strong>sancto</strong></span> <span class='ocrx_word' id='word_1_304' title='bbox 1869 2274 2006 2345; x_wconf 79' lang='lat' dir='ltr'><strong>(Act.</strong></span> 
     </span>
    </p>
   </div>
   <div class='ocr_carea' id='block_1_40' title="bbox 430 2364 2006 2443">
    <p class='ocr_par' dir='ltr' id='par_1_40' title="bbox 430 2364 2006 2443">
     <span class='ocr_line' id='line_1_40' title="bbox 430 2364 2006 2443; baseline -0.006 -16"><span class='ocrx_word' id='word_1_305' title='bbox 430 2372 532 2443; x_wconf 84' lang='lat' dir='ltr'><strong>tt),</strong></span> <span class='ocrx_word' id='word_1_306' title='bbox 558 2383 607 2428; x_wconf 88' lang='lat' dir='ltr'><strong>et</strong></span> <span class='ocrx_word' id='word_1_307' title='bbox 633 2370 979 2443; x_wconf 75' lang='lat' dir='ltr'><strong>loquebantur</strong></span> <span class='ocrx_word' id='word_1_308' title='bbox 999 2369 1208 2424; x_wconf 71' lang='lat' dir='ltr'><strong>verbum</strong></span> <span class='ocrx_word' id='word_1_309' title='bbox 1234 2367 1336 2422; x_wconf 88' lang='lat' dir='ltr'><strong>Dei</strong></span> <span class='ocrx_word' id='word_1_310' title='bbox 1369 2383 1487 2421; x_wconf 85' lang='lat' dir='ltr'><strong>cum</strong></span> <span class='ocrx_word' id='word_1_311' title='bbox 1520 2366 1717 2435; x_wconf 84' lang='lat' dir='ltr'><strong>ﬁducia</strong></span> <span class='ocrx_word' id='word_1_312' title='bbox 1759 2364 2006 2436; x_wconf 53' lang='lat' dir='ltr'><strong>(Aean).</strong></span> 
     </span>
    </p>
   </div>
   <div class='ocr_carea' id='block_1_41' title="bbox 432 2455 2009 2532">
    <p class='ocr_par' dir='ltr' id='par_1_41' title="bbox 432 2455 2009 2532">
     <span class='ocr_line' id='line_1_41' title="bbox 432 2455 2009 2532; baseline -0.005 -15"><span class='ocrx_word' id='word_1_313' title='bbox 432 2462 668 2532; x_wconf 91' lang='lat' dir='ltr'><strong>Spiritus</strong></span> <span class='ocrx_word' id='word_1_314' title='bbox 713 2460 1035 2516; x_wconf 88' lang='lat' dir='ltr'><strong>clarilicavit</strong></span> <span class='ocrx_word' id='word_1_315' title='bbox 1072 2458 1375 2521; x_wconf 88' lang='lat' dir='ltr'><strong>Christum,</strong></span> <span class='ocrx_word' id='word_1_316' title='bbox 1419 2473 1541 2513; x_wconf 90' lang='lat' dir='ltr'><strong>cum</strong></span> <span class='ocrx_word' id='word_1_317' title='bbox 1589 2456 1793 2527; x_wconf 89' lang='lat' dir='ltr'><strong>impleti</strong></span> <span class='ocrx_word' id='word_1_318' title='bbox 1837 2455 2009 2525; x_wconf 82' lang='lat' dir='ltr'><strong>gratia</strong></span> 
     </span>
    </p>
   </div>
   <div class='ocr_carea' id='block_1_42' title="bbox 431 2546 2008 2626">
    <p class='ocr_par' dir='ltr' id='par_1_42' title="bbox 431 2546 2008 2626">
     <span class='ocr_line' id='line_1_42' title="bbox 431 2546 2008 2626; baseline -0.006 -17"><span class='ocrx_word' id='word_1_319' title='bbox 431 2552 685 2626; x_wconf 89' lang='lat' dir='ltr'><strong>spiritali,</strong></span> <span class='ocrx_word' id='word_1_320' title='bbox 734 2552 986 2609; x_wconf 87' lang='lat' dir='ltr'><strong>doctores</strong></span> <span class='ocrx_word' id='word_1_321' title='bbox 1031 2550 1204 2608; x_wconf 88' lang='lat' dir='ltr'><strong>sancti</strong></span> <span class='ocrx_word' id='word_1_322' title='bbox 1244 2557 1324 2604; x_wconf 89' lang='lat' dir='ltr'><strong>tot</strong></span> <span class='ocrx_word' id='word_1_323' title='bbox 1362 2557 1418 2604; x_wconf 87' lang='lat' dir='ltr'><strong>et</strong></span> <span class='ocrx_word' id='word_1_324' title='bbox 1465 2556 1613 2603; x_wconf 89' lang='lat' dir='ltr'><strong>tanta</strong></span> <span class='ocrx_word' id='word_1_325' title='bbox 1656 2547 1911 2602; x_wconf 87' lang='lat' dir='ltr'><strong>miracula</strong></span> <span class='ocrx_word' id='word_1_326' title='bbox 1955 2546 2008 2600; x_wconf 94' lang='lat' dir='ltr'><strong>in</strong></span> 
     </span>
    </p>
   </div>
   <div class='ocr_carea' id='block_1_43' title="bbox 428 2636 2010 2711">
    <p class='ocr_par' dir='ltr' id='par_1_43' title="bbox 428 2636 2010 2711">
     <span class='ocr_line' id='line_1_43' title="bbox 428 2636 2010 2711; baseline -0.007 -12"><span class='ocrx_word' id='word_1_327' title='bbox 428 2646 649 2700; x_wconf 85' lang='lat' dir='ltr'><strong>nomine</strong></span> <span class='ocrx_word' id='word_1_328' title='bbox 683 2643 886 2700; x_wconf 85' lang='lat' dir='ltr'><strong>Christi</strong></span> <span class='ocrx_word' id='word_1_329' title='bbox 934 2642 1200 2706; x_wconf 78' lang='lat' dir='ltr'><strong>fecerunt,</strong></span> <span class='ocrx_word' id='word_1_330' title='bbox 1243 2641 1440 2711; x_wconf 85' lang='lat' dir='ltr'><strong>quibus</strong></span> <span class='ocrx_word' id='word_1_331' title='bbox 1490 2640 1677 2694; x_wconf 70' lang='lat' dir='ltr'><strong>urbem</strong></span> <span class='ocrx_word' id='word_1_332' title='bbox 1726 2645 1898 2692; x_wconf 86' lang='lat' dir='ltr'><strong>totum</strong></span> <span class='ocrx_word' id='word_1_333' title='bbox 1943 2636 2010 2689; x_wconf 89' lang='lat' dir='ltr'><strong>ad</strong></span> 
     </span>
    </p>
   </div>
   <div class='ocr_carea' id='block_1_44' title="bbox 433 2724 2010 2801">
    <p class='ocr_par' dir='ltr' id='par_1_44' title="bbox 433 2724 2010 2801">
     <span class='ocr_line' id='line_1_44' title="bbox 433 2724 2010 2801; baseline -0.006 -13"><span class='ocrx_word' id='word_1_334' title='bbox 433 2734 592 2788; x_wconf 76' lang='lat' dir='ltr'><strong>{idem</strong></span> <span class='ocrx_word' id='word_1_335' title='bbox 624 2731 827 2788; x_wconf 89' lang='lat' dir='ltr'><strong>Christi</strong></span> <span class='ocrx_word' id='word_1_336' title='bbox 856 2738 1258 2795; x_wconf 86' lang='lat' dir='ltr'><strong>converterent,</strong></span> <span class='ocrx_word' id='word_1_337' title='bbox 1289 2737 1367 2785; x_wconf 91' lang='lat' dir='ltr'><strong>tot</strong></span> <span class='ocrx_word' id='word_1_338' title='bbox 1395 2743 1460 2783; x_wconf 88' lang='lat' dir='ltr'><strong>ac</strong></span> <span class='ocrx_word' id='word_1_339' title='bbox 1489 2735 1661 2792; x_wconf 89' lang='lat' dir='ltr'><strong>tanta,</strong></span> <span class='ocrx_word' id='word_1_340' title='bbox 1685 2740 1785 2795; x_wconf 84' lang='lat' dir='ltr'><strong>pro</strong></span> <span class='ocrx_word' id='word_1_341' title='bbox 1811 2724 2010 2801; x_wconf 77' lang='lat' dir='ltr'><strong>Christi</strong></span> 
     </span>
    </p>
   </div>
   <div class='ocr_carea' id='block_1_45' title="bbox 386 2813 2011 2901">
    <p class='ocr_par' dir='ltr' id='par_1_45' title="bbox 386 2813 2011 2901">
     <span class='ocr_line' id='line_1_45' title="bbox 386 2813 2011 2901; baseline -0.007 -24"><span class='ocrx_word' id='word_1_342' title='bbox 386 2826 390 2830; x_wconf 82' lang='grc'><em>’</em></span> <span class='ocrx_word' id='word_1_343' title='bbox 431 2823 670 2901; x_wconf 73' lang='lat' dir='ltr'><strong>nomine,</strong></span> <span class='ocrx_word' id='word_1_344' title='bbox 706 2820 1018 2891; x_wconf 90' lang='lat' dir='ltr'><strong>passionum</strong></span> <span class='ocrx_word' id='word_1_345' title='bbox 1049 2819 1349 2875; x_wconf 87' lang='lat' dir='ltr'><strong>certamina</strong></span> <span class='ocrx_word' id='word_1_346' title='bbox 1387 2816 1744 2888; x_wconf 87' lang='lat' dir='ltr'><strong>pertulerunt.</strong></span> <span class='ocrx_word' id='word_1_347' title='bbox 1801 2813 2011 2868; x_wconf 84' lang='lat' dir='ltr'><strong>Clariti-</strong></span> 
     </span>
    </p>
   </div>
   <div class='ocr_carea' id='block_1_46' title="bbox 432 2904 2007 2977">
    <p class='ocr_par' dir='ltr' id='par_1_46' title="bbox 432 2904 2007 2977">
     <span class='ocr_line' id='line_1_46' title="bbox 432 2904 2007 2977; baseline -0.006 -10"><span class='ocrx_word' id='word_1_348' title='bbox 432 2922 541 2977; x_wconf 89' lang='lat' dir='ltr'><strong>cat,</strong></span> <span class='ocrx_word' id='word_1_349' title='bbox 584 2911 711 2966; x_wconf 91' lang='lat' dir='ltr'><strong>dum</strong></span> <span class='ocrx_word' id='word_1_350' title='bbox 750 2910 1052 2966; x_wconf 88' lang='lat' dir='ltr'><strong>claritatem</strong></span> <span class='ocrx_word' id='word_1_351' title='bbox 1098 2909 1153 2965; x_wconf 88' lang='lat' dir='ltr'><strong>iu</strong></span> <span class='ocrx_word' id='word_1_352' title='bbox 1193 2909 1448 2965; x_wconf 81' lang='lat' dir='ltr'><strong>cordibus</strong></span> <span class='ocrx_word' id='word_1_353' title='bbox 1494 2907 1695 2962; x_wconf 83' lang='lat' dir='ltr'><strong>nostris</strong></span> <span class='ocrx_word' id='word_1_354' title='bbox 1740 2904 2007 2969; x_wconf 82' lang='lat' dir='ltr'><strong>dill‘untlit,</strong></span> 
     </span>
    </p>
   </div>
   <div class='ocr_carea' id='block_1_47' title="bbox 431 2998 2010 3074">
    <p class='ocr_par' dir='ltr' id='par_1_47' title="bbox 431 2998 2010 3074">
     <span class='ocr_line' id='line_1_47' title="bbox 431 2998 2010 3074; baseline -0.006 -14"><span class='ocrx_word' id='word_1_355' title='bbox 431 3014 487 3060; x_wconf 86' lang='lat' dir='ltr'><strong>ct</strong></span> <span class='ocrx_word' id='word_1_356' title='bbox 527 3011 744 3059; x_wconf 65' lang='lat' dir='ltr'><strong>acterna:</strong></span> <span class='ocrx_word' id='word_1_357' title='bbox 790 3003 975 3074; x_wconf 67' lang='lat' dir='ltr'><strong>patriae</strong></span> <span class='ocrx_word' id='word_1_358' title='bbox 1021 3018 1261 3061; x_wconf 82' lang='lat' dir='ltr'><strong>amorem</strong></span> <span class='ocrx_word' id='word_1_359' title='bbox 1312 3002 1558 3071; x_wconf 89' lang='lat' dir='ltr'><strong>inspirat.</strong></span> <span class='ocrx_word' id='word_1_360' title='bbox 1614 2998 1752 3064; x_wconf 86' lang='lat' dir='ltr'><strong>Quia</strong></span> <span class='ocrx_word' id='word_1_361' title='bbox 1798 2999 1862 3052; x_wconf 86' lang='lat' dir='ltr'><strong>de</strong></span> <span class='ocrx_word' id='word_1_362' title='bbox 1896 3013 2010 3051; x_wconf 80' lang='lat' dir='ltr'><strong>meo</strong></span> 
     </span>
    </p>
   </div>
   <div class='ocr_carea' id='block_1_48' title="bbox 2110 1824 3705 1896">
    <p class='ocr_par' dir='ltr' id='par_1_48' title="bbox 2110 1824 3705 1896">
     <span class='ocr_line' id='line_1_48' title="bbox 2110 1824 3705 1896; baseline -0.003 -14"><span class='ocrx_word' id='word_1_363' title='bbox 2110 1828 2223 1884; x_wconf 81' lang='lat' dir='ltr'><strong>Mos</strong></span> <span class='ocrx_word' id='word_1_364' title='bbox 2251 1828 2539 1883; x_wconf 89' lang='lat' dir='ltr'><strong>mulierum</strong></span> <span class='ocrx_word' id='word_1_365' title='bbox 2576 1836 2662 1883; x_wconf 89' lang='lat' dir='ltr'><strong>est</strong></span> <span class='ocrx_word' id='word_1_366' title='bbox 2698 1828 2944 1896; x_wconf 86' lang='lat' dir='ltr'><strong>aspicere</strong></span> <span class='ocrx_word' id='word_1_367' title='bbox 2980 1841 3038 1881; x_wconf 92' lang='lat' dir='ltr'><strong>se</strong></span> <span class='ocrx_word' id='word_1_368' title='bbox 3071 1826 3124 1880; x_wconf 94' lang='lat' dir='ltr'><strong>in</strong></span> <span class='ocrx_word' id='word_1_369' title='bbox 3153 1825 3406 1896; x_wconf 84' lang='lat' dir='ltr'><strong>speculis,</strong></span> <span class='ocrx_word' id='word_1_370' title='bbox 3442 1834 3502 1880; x_wconf 91' lang='lat' dir='ltr'><strong>ut</strong></span> <span class='ocrx_word' id='word_1_371' title='bbox 3527 1824 3705 1894; x_wconf 82' lang='lat' dir='ltr'><strong>quid-</strong></span> 
     </span>
    </p>
   </div>
   <div class='ocr_carea' id='block_1_49' title="bbox 2107 1910 3696 1990">
    <p class='ocr_par' dir='ltr' id='par_1_49' title="bbox 2107 1910 3696 1990">
     <span class='ocr_line' id='line_1_49' title="bbox 2107 1910 3696 1990; baseline -0.003 -15"><span class='ocrx_word' id='word_1_372' title='bbox 2107 1920 2237 1990; x_wconf 90' lang='lat' dir='ltr'><strong>quid</strong></span> <span class='ocrx_word' id='word_1_373' title='bbox 2281 1910 2335 1973; x_wconf 83' lang='lat' dir='ltr'><strong>in</strong></span> <span class='ocrx_word' id='word_1_374' title='bbox 2383 1935 2443 1973; x_wconf 87' lang='lat' dir='ltr'><strong>se</strong></span> <span class='ocrx_word' id='word_1_375' title='bbox 2476 1918 2750 1974; x_wconf 87' lang='lat' dir='ltr'><strong>sordidum</strong></span> <span class='ocrx_word' id='word_1_376' title='bbox 2795 1917 3192 1988; x_wconf 77' lang='lat' dir='ltr'><strong>perspexerint,</strong></span> <span class='ocrx_word' id='word_1_377' title='bbox 3243 1924 3337 1971; x_wconf 90' lang='lat' dir='ltr'><strong>aut</strong></span> <span class='ocrx_word' id='word_1_378' title='bbox 3387 1931 3493 1970; x_wconf 87' lang='lat' dir='ltr'><strong>non</strong></span> <span class='ocrx_word' id='word_1_379' title='bbox 3548 1917 3696 1970; x_wconf 80' lang='lat' dir='ltr'><strong>bene</strong></span> 
     </span>
    </p>
   </div>
   <div class='ocr_carea' id='block_1_50' title="bbox 2107 2007 3702 2079">
    <p class='ocr_par' dir='ltr' id='par_1_50' title="bbox 2107 2007 3702 2079">
     <span class='ocr_line' id='line_1_50' title="bbox 2107 2007 3702 2079; baseline -0.001 -15"><span class='ocrx_word' id='word_1_380' title='bbox 2107 2008 2465 2079; x_wconf 88' lang='lat' dir='ltr'><strong>compositum</strong></span> <span class='ocrx_word' id='word_1_381' title='bbox 2494 2049 2508 2073; x_wconf 92' lang='lat'><strong>,</strong></span> <span class='ocrx_word' id='word_1_382' title='bbox 2555 2008 2608 2062; x_wconf 94' lang='lat' dir='ltr'><strong>in</strong></span> <span class='ocrx_word' id='word_1_383' title='bbox 2658 2007 2851 2063; x_wconf 91' lang='lat' dir='ltr'><strong>melius</strong></span> <span class='ocrx_word' id='word_1_384' title='bbox 2897 2007 3220 2070; x_wconf 85' lang='lat' dir='ltr'><strong>emendato,</strong></span> <span class='ocrx_word' id='word_1_385' title='bbox 3271 2007 3384 2061; x_wconf 88' lang='lat' dir='ltr'><strong>suis</strong></span> <span class='ocrx_word' id='word_1_386' title='bbox 3435 2015 3702 2078; x_wconf 79' lang='lat' dir='ltr'><strong>satagunt</strong></span> 
     </span>
    </p>
   </div>
   <div class='ocr_carea' id='block_1_51' title="bbox 2106 2096 3700 2169">
    <p class='ocr_par' dir='ltr' id='par_1_51' title="bbox 2106 2096 3700 2169">
     <span class='ocr_line' id='line_1_51' title="bbox 2106 2096 3700 2169; baseline -0.001 -17"><span class='ocrx_word' id='word_1_387' title='bbox 2106 2099 2322 2169; x_wconf 87' lang='lat' dir='ltr'><strong>placere</strong></span> <span class='ocrx_word' id='word_1_388' title='bbox 2375 2097 2603 2153; x_wconf 89' lang='lat' dir='ltr'><strong>maritis.</strong></span> <span class='ocrx_word' id='word_1_389' title='bbox 2654 2096 2806 2164; x_wconf 81' lang='lat' dir='ltr'><strong>Quod</strong></span> <span class='ocrx_word' id='word_1_390' title='bbox 2859 2097 3038 2153; x_wconf 76' lang='lat' dir='ltr'><strong>facere</strong></span> <span class='ocrx_word' id='word_1_391' title='bbox 3088 2097 3364 2153; x_wconf 80' lang='lat' dir='ltr'><strong>moraliter</strong></span> <span class='ocrx_word' id='word_1_392' title='bbox 3406 2097 3700 2152; x_wconf 87' lang='lat' dir='ltr'><strong>animabus</strong></span> 
     </span>
    </p>
   </div>
   <div class='ocr_carea' id='block_1_52' title="bbox 2107 2186 3701 2256">
    <p class='ocr_par' dir='ltr' id='par_1_52' title="bbox 2107 2186 3701 2256">
     <span class='ocr_line' id='line_1_52' title="bbox 2107 2186 3701 2256; baseline -0.004 -12"><span class='ocrx_word' id='word_1_393' title='bbox 2107 2189 2361 2244; x_wconf 76' lang='lat' dir='ltr'><strong>convenit</strong></span> <span class='ocrx_word' id='word_1_394' title='bbox 2388 2187 2609 2243; x_wconf 89' lang='lat' dir='ltr'><strong>nostris.</strong></span> <span class='ocrx_word' id='word_1_395' title='bbox 2644 2186 2913 2243; x_wconf 83' lang='lat' dir='ltr'><strong>Debemus</strong></span> <span class='ocrx_word' id='word_1_396' title='bbox 2940 2188 3138 2242; x_wconf 88' lang='lat' dir='ltr'><strong>etenim</strong></span> <span class='ocrx_word' id='word_1_397' title='bbox 3172 2203 3273 2243; x_wconf 90' lang='lat' dir='ltr'><strong>nos</strong></span> <span class='ocrx_word' id='word_1_398' title='bbox 3309 2188 3364 2242; x_wconf 93' lang='lat' dir='ltr'><strong>in</strong></span> <span class='ocrx_word' id='word_1_399' title='bbox 3390 2186 3701 2256; x_wconf 82' lang='lat' dir='ltr'><strong>Evangelii,</strong></span> 
     </span>
    </p>
   </div>
   <div class='ocr_carea' id='block_1_53' title="bbox 2108 2276 3704 2358">
    <p class='ocr_par' dir='ltr' id='par_1_53' title="bbox 2108 2276 3704 2358">
     <span class='ocr_line' id='line_1_53' title="bbox 2108 2276 3704 2358; baseline -0.003 -26"><span class='ocrx_word' id='word_1_400' title='bbox 2108 2294 2202 2333; x_wconf 89' lang='lat' dir='ltr'><strong>seu</strong></span> <span class='ocrx_word' id='word_1_401' title='bbox 2252 2279 2499 2333; x_wconf 84' lang='lat' dir='ltr'><strong>omnium</strong></span> <span class='ocrx_word' id='word_1_402' title='bbox 2551 2277 2858 2332; x_wconf 85' lang='lat' dir='ltr'><strong>divinarum</strong></span> <span class='ocrx_word' id='word_1_403' title='bbox 2908 2276 3317 2358; x_wconf 85' lang='lat' dir='ltr'><strong>Scripturarum</strong></span> <span class='ocrx_word' id='word_1_404' title='bbox 3374 2277 3704 2346; x_wconf 79' lang='lat' dir='ltr'><strong>conspicere</strong></span> 
     </span>
    </p>
   </div>
   <div class='ocr_carea' id='block_1_54' title="bbox 2109 2365 3702 2441">
    <p class='ocr_par' dir='ltr' id='par_1_54' title="bbox 2109 2365 3702 2441">
     <span class='ocr_line' id='line_1_54' title="bbox 2109 2365 3702 2441; baseline -0.005 -16"><span class='ocrx_word' id='word_1_405' title='bbox 2109 2370 2348 2441; x_wconf 88' lang='lat' dir='ltr'><strong>speculo,</strong></span> <span class='ocrx_word' id='word_1_406' title='bbox 2388 2378 2443 2424; x_wconf 93' lang='lat' dir='ltr'><strong>et</strong></span> <span class='ocrx_word' id='word_1_407' title='bbox 2482 2366 2742 2439; x_wconf 88' lang='lat' dir='ltr'><strong>depositis</strong></span> <span class='ocrx_word' id='word_1_408' title='bbox 2789 2365 3042 2421; x_wconf 80' lang='lat' dir='ltr'><strong>sordibus</strong></span> <span class='ocrx_word' id='word_1_409' title='bbox 3088 2365 3402 2436; x_wconf 86' lang='lat' dir='ltr'><strong>ornatisque</strong></span> <span class='ocrx_word' id='word_1_410' title='bbox 3450 2365 3702 2419; x_wconf 55' lang='lat' dir='ltr'><strong>moribus</strong></span> 
     </span>
    </p>
   </div>
   <div class='ocr_carea' id='block_1_55' title="bbox 2110 2449 3725 2526">
    <p class='ocr_par' dir='ltr' id='par_1_55' title="bbox 2110 2449 3725 2526">
     <span class='ocr_line' id='line_1_55' title="bbox 2110 2449 3725 2526; baseline -0.006 -9"><span class='ocrx_word' id='word_1_411' title='bbox 2110 2462 2411 2517; x_wconf 87' lang='lat' dir='ltr'><strong>animarum</strong></span> <span class='ocrx_word' id='word_1_412' title='bbox 2440 2468 2748 2515; x_wconf 88' lang='lat' dir='ltr'><strong>nostrarum</strong></span> <span class='ocrx_word' id='word_1_413' title='bbox 2769 2499 2782 2521; x_wconf 95' lang='lat'><strong>,</strong></span> <span class='ocrx_word' id='word_1_414' title='bbox 2825 2449 3043 2512; x_wconf 78' lang='lat' dir='ltr'><strong>Christo</strong></span> <span class='ocrx_word' id='word_1_415' title='bbox 3072 2472 3202 2512; x_wconf 89' lang='lat' dir='ltr'><strong>vero</strong></span> <span class='ocrx_word' id='word_1_416' title='bbox 3227 2457 3442 2526; x_wconf 90' lang='lat' dir='ltr'><strong>placere</strong></span> <span class='ocrx_word' id='word_1_417' title='bbox 3469 2456 3697 2509; x_wconf 82' lang='lat' dir='ltr'><strong>marito.</strong></span> <span class='ocrx_word' id='word_1_418' title='bbox 3723 2514 3725 2516; x_wconf 29' lang='grc' dir='ltr'><strong>η</strong></span> 
     </span>
    </p>
   </div>
   <div class='ocr_carea' id='block_1_56' title="bbox 2182 2545 3695 2622">
    <p class='ocr_par' dir='ltr' id='par_1_56' title="bbox 2182 2545 3695 2622">
     <span class='ocr_line' id='line_1_56' title="bbox 2182 2545 3695 2622; baseline -0.004 -17"><span class='ocrx_word' id='word_1_419' title='bbox 2182 2548 2491 2622; x_wconf 84' lang='lat' dir='ltr'><strong>Quicunque</strong></span> <span class='ocrx_word' id='word_1_420' title='bbox 2516 2548 2833 2621; x_wconf 77' lang='lat' dir='ltr'><strong>perspexerit</strong></span> <span class='ocrx_word' id='word_1_421' title='bbox 2862 2549 2915 2602; x_wconf 89' lang='lat' dir='ltr'><strong>in</strong></span> <span class='ocrx_word' id='word_1_422' title='bbox 2942 2547 3105 2618; x_wconf 84' lang='lat' dir='ltr'><strong>legem</strong></span> <span class='ocrx_word' id='word_1_423' title='bbox 3136 2548 3379 2617; x_wconf 71' lang='lat' dir='ltr'><strong>perfecta:</strong></span> <span class='ocrx_word' id='word_1_424' title='bbox 3412 2545 3695 2607; x_wconf 84' lang='lat' dir='ltr'><strong>libertatis,</strong></span> 
     </span>
    </p>
   </div>
   <div class='ocr_carea' id='block_1_57' title="bbox 2109 2637 3696 2713">
    <p class='ocr_par' dir='ltr' id='par_1_57' title="bbox 2109 2637 3696 2713">
     <span class='ocr_line' id='line_1_57' title="bbox 2109 2637 3696 2713; baseline -0.005 -15"><span class='ocrx_word' id='word_1_425' title='bbox 2109 2652 2157 2698; x_wconf 91' lang='lat' dir='ltr'><strong>et</strong></span> <span class='ocrx_word' id='word_1_426' title='bbox 2201 2643 2546 2713; x_wconf 82' lang='lat' dir='ltr'><strong>permanserit</strong></span> <span class='ocrx_word' id='word_1_427' title='bbox 2593 2642 2648 2696; x_wconf 89' lang='lat' dir='ltr'><strong>in</strong></span> <span class='ocrx_word' id='word_1_428' title='bbox 2687 2657 2769 2694; x_wconf 90' lang='lat' dir='ltr'><strong>ea.</strong></span> <span class='ocrx_word' id='word_1_429' title='bbox 2830 2639 3025 2709; x_wconf 83' lang='lat' dir='ltr'><strong>Legem</strong></span> <span class='ocrx_word' id='word_1_430' title='bbox 3067 2637 3361 2708; x_wconf 81' lang='lat' dir='ltr'><strong>perlectam</strong></span> <span class='ocrx_word' id='word_1_431' title='bbox 3407 2637 3696 2708; x_wconf 80' lang='lat' dir='ltr'><strong>Evangelii</strong></span> 
     </span>
    </p>
   </div>
   <div class='ocr_carea' id='block_1_58' title="bbox 2110 2727 3698 2800">
    <p class='ocr_par' dir='ltr' id='par_1_58' title="bbox 2110 2727 3698 2800">
     <span class='ocr_line' id='line_1_58' title="bbox 2110 2727 3698 2800; baseline -0.004 -12"><span class='ocrx_word' id='word_1_432' title='bbox 2110 2733 2271 2798; x_wconf 86' lang='lat' dir='ltr'><strong>dicit;</strong></span> <span class='ocrx_word' id='word_1_433' title='bbox 2301 2731 2436 2787; x_wconf 92' lang='lat' dir='ltr'><strong>nihil</strong></span> <span class='ocrx_word' id='word_1_434' title='bbox 2459 2731 2603 2786; x_wconf 89' lang='lat' dir='ltr'><strong>enim</strong></span> <span class='ocrx_word' id='word_1_435' title='bbox 2632 2730 2699 2785; x_wconf 91' lang='lat' dir='ltr'><strong>ad</strong></span> <span class='ocrx_word' id='word_1_436' title='bbox 2725 2728 3024 2800; x_wconf 74' lang='lat' dir='ltr'><strong>perfectura</strong></span> <span class='ocrx_word' id='word_1_437' title='bbox 3056 2728 3141 2782; x_wconf 84' lang='lat' dir='ltr'><strong>lex</strong></span> <span class='ocrx_word' id='word_1_438' title='bbox 3168 2728 3407 2783; x_wconf 81' lang='lat' dir='ltr'><strong>adducit.</strong></span> <span class='ocrx_word' id='word_1_439' title='bbox 3434 2727 3501 2782; x_wconf 85' lang='lat' dir='ltr'><strong>Et</strong></span> <span class='ocrx_word' id='word_1_440' title='bbox 3525 2728 3698 2782; x_wconf 82' lang='lat' dir='ltr'><strong>alibi:</strong></span> 
     </span>
    </p>
   </div>
   <div class='ocr_carea' id='block_1_59' title="bbox 2114 2819 3703 2892">
    <p class='ocr_par' dir='ltr' id='par_1_59' title="bbox 2114 2819 3703 2892">
     <span class='ocr_line' id='line_1_59' title="bbox 2114 2819 3703 2892; baseline -0.004 -14"><span class='ocrx_word' id='word_1_441' title='bbox 2114 2822 2236 2877; x_wconf 88' lang='lat' dir='ltr'><strong>Non</strong></span> <span class='ocrx_word' id='word_1_442' title='bbox 2296 2823 2432 2876; x_wconf 89' lang='lat' dir='ltr'><strong>enim</strong></span> <span class='ocrx_word' id='word_1_443' title='bbox 2483 2821 2753 2892; x_wconf 82' lang='lat' dir='ltr'><strong>accepistis</strong></span> <span class='ocrx_word' id='word_1_444' title='bbox 2794 2819 3034 2890; x_wconf 86' lang='lat' dir='ltr'><strong>spiritum</strong></span> <span class='ocrx_word' id='word_1_445' title='bbox 3097 2820 3357 2872; x_wconf 77' lang='lat' dir='ltr'><strong>servitutis</strong></span> <span class='ocrx_word' id='word_1_446' title='bbox 3403 2821 3591 2872; x_wconf 85' lang='lat' dir='ltr'><strong>iterum</strong></span> <span class='ocrx_word' id='word_1_447' title='bbox 3642 2820 3703 2872; x_wconf 78' lang='lat' dir='ltr'><strong>in</strong></span> 
     </span>
    </p>
   </div>
   <div class='ocr_carea' id='block_1_60' title="bbox 2110 2907 3700 2980">
    <p class='ocr_par' dir='ltr' id='par_1_60' title="bbox 2110 2907 3700 2980">
     <span class='ocr_line' id='line_1_60' title="bbox 2110 2907 3700 2980; baseline -0.004 -15"><span class='ocrx_word' id='word_1_448' title='bbox 2110 2912 2321 2976; x_wconf 83' lang='lat' dir='ltr'><strong>timore,</strong></span> <span class='ocrx_word' id='word_1_449' title='bbox 2370 2911 2462 2965; x_wconf 75' lang='lat' dir='ltr'><strong>sed</strong></span> <span class='ocrx_word' id='word_1_450' title='bbox 2497 2910 2770 2980; x_wconf 80' lang='lat' dir='ltr'><strong>accepistis</strong></span> <span class='ocrx_word' id='word_1_451' title='bbox 2816 2908 3056 2979; x_wconf 85' lang='lat' dir='ltr'><strong>spiritum</strong></span> <span class='ocrx_word' id='word_1_452' title='bbox 3114 2908 3412 2977; x_wconf 77' lang='lat' dir='ltr'><strong>adoptionis</strong></span> <span class='ocrx_word' id='word_1_453' title='bbox 3458 2907 3700 2977; x_wconf 76' lang='lat' dir='ltr'><strong>ﬁliorum</strong></span> 
     </span>
    </p>
   </div>
   <div class='ocr_carea' id='block_1_61' title="bbox 2114 2999 3702 3073">
    <p class='ocr_par' dir='ltr' id='par_1_61' title="bbox 2114 2999 3702 3073">
     <span class='ocr_line' id='line_1_61' title="bbox 2114 2999 3702 3073; baseline -0.001 -17"><span class='ocrx_word' id='word_1_454' title='bbox 2114 3001 2290 3073; x_wconf 81' lang='lat' dir='ltr'><strong>(Rom.</strong></span> <span class='ocrx_word' id='word_1_455' title='bbox 2317 3002 2460 3073; x_wconf 80' lang='lat' dir='ltr'><strong>vni).</strong></span> <span class='ocrx_word' id='word_1_456' title='bbox 2485 3003 2549 3056; x_wconf 84' lang='lat' dir='ltr'><strong>Et</strong></span> <span class='ocrx_word' id='word_1_457' title='bbox 2571 3003 2766 3056; x_wconf 89' lang='lat' dir='ltr'><strong>iterum</strong></span> <span class='ocrx_word' id='word_1_458' title='bbox 2795 3019 2808 3055; x_wconf 87' lang='lat'><strong>:</strong></span> <span class='ocrx_word' id='word_1_459' title='bbox 2838 2999 2936 3055; x_wconf 85' lang='lat' dir='ltr'><strong>Ubi</strong></span> <span class='ocrx_word' id='word_1_460' title='bbox 2960 3001 3094 3055; x_wconf 89' lang='lat' dir='ltr'><strong>enim</strong></span> <span class='ocrx_word' id='word_1_461' title='bbox 3117 3002 3334 3072; x_wconf 75' lang='lat' dir='ltr'><strong>spiritus</strong></span> <span class='ocrx_word' id='word_1_462' title='bbox 3357 3001 3591 3064; x_wconf 85' lang='lat' dir='ltr'><strong>Domini,</strong></span> <span class='ocrx_word' id='word_1_463' title='bbox 3625 3003 3702 3055; x_wconf 67' lang='lat' dir='ltr'><strong>ibi</strong></span> 
     </span>
    </p>
   </div>
   <div class='ocr_carea' id='block_1_62' title="bbox 432 3069 3697 3163">
    <p class='ocr_par' dir='ltr' id='par_1_62' title="bbox 432 3069 3697 3163">
     <span class='ocr_line' id='line_1_62' title="bbox 432 3069 3697 3163; baseline 0 -16"><span class='ocrx_word' id='word_1_464' title='bbox 432 3094 672 3163; x_wconf 79' lang='lat' dir='ltr'><strong>accipiet,</strong></span> <span class='ocrx_word' id='word_1_465' title='bbox 708 3103 756 3147; x_wconf 90' lang='lat' dir='ltr'><strong>et</strong></span> <span class='ocrx_word' id='word_1_466' title='bbox 790 3069 1124 3147; x_wconf 75' lang='lat' dir='ltr'><strong>annuntiabit</strong></span> <span class='ocrx_word' id='word_1_467' title='bbox 1155 3092 1317 3159; x_wconf 80' lang='lat' dir='ltr'><strong>vobis,</strong></span> <span class='ocrx_word' id='word_1_468' title='bbox 1359 3069 1414 3145; x_wconf 86' lang='lat' dir='ltr'><strong>id</strong></span> <span class='ocrx_word' id='word_1_469' title='bbox 1440 3098 1547 3156; x_wconf 89' lang='lat' dir='ltr'><strong>est,</strong></span> <span class='ocrx_word' id='word_1_470' title='bbox 1574 3090 1640 3144; x_wconf 89' lang='lat' dir='ltr'><strong>de</strong></span> <span class='ocrx_word' id='word_1_471' title='bbox 1676 3103 1802 3144; x_wconf 89' lang='lat' dir='ltr'><strong>meo</strong></span> <span class='ocrx_word' id='word_1_472' title='bbox 1825 3087 2004 3142; x_wconf 88' lang='lat' dir='ltr'><strong>Patre.</strong></span> <span class='ocrx_word' id='word_1_473' title='bbox 2036 3069 2081 3130; x_wconf 58' lang='grc' dir='ltr'><strong>(Ι</strong></span> <span class='ocrx_word' id='word_1_474' title='bbox 2113 3069 2327 3147; x_wconf 84' lang='lat' dir='ltr'><strong>libertas</strong></span> <span class='ocrx_word' id='word_1_475' title='bbox 2352 3069 2441 3163; x_wconf 73' lang='lat' dir='ltr'><strong>(Ii</strong></span> <span class='ocrx_word' id='word_1_476' title='bbox 2463 3089 2586 3146; x_wconf 85' lang='lat' dir='ltr'><strong>Cor.</strong></span> <span class='ocrx_word' id='word_1_477' title='bbox 2615 3091 2805 3163; x_wconf 83' lang='lat' dir='ltr'><strong>m);et</strong></span> <span class='ocrx_word' id='word_1_478' title='bbox 2826 3093 2939 3162; x_wconf 87' lang='lat' dir='ltr'><strong>ipse</strong></span> <span class='ocrx_word' id='word_1_479' title='bbox 2962 3069 3247 3147; x_wconf 83' lang='lat' dir='ltr'><strong>Dominus:</strong></span> <span class='ocrx_word' id='word_1_480' title='bbox 3268 3091 3330 3148; x_wconf 90' lang='lat' dir='ltr'><strong>Si</strong></span> <span class='ocrx_word' id='word_1_481' title='bbox 3356 3110 3466 3155; x_wconf 88' lang='lat' dir='ltr'><strong>vos,</strong></span> <span class='ocrx_word' id='word_1_482' title='bbox 3494 3093 3697 3162; x_wconf 88' lang='lat' dir='ltr'><strong>inquit,</strong></span> 
     </span>
    </p>
   </div>
   <div class='ocr_carea' id='block_1_63' title="bbox 432 3178 2010 3255">
    <p class='ocr_par' dir='ltr' id='par_1_63' title="bbox 432 3178 2010 3255">
     <span class='ocr_line' id='line_1_63' title="bbox 432 3178 2010 3255; baseline -0.001 -20"><span class='ocrx_word' id='word_1_483' title='bbox 432 3183 511 3255; x_wconf 83' lang='lat' dir='ltr'><strong>De</strong></span> <span class='ocrx_word' id='word_1_484' title='bbox 554 3183 715 3237; x_wconf 81' lang='lat' dir='ltr'><strong>Patre</strong></span> <span class='ocrx_word' id='word_1_485' title='bbox 758 3183 954 3251; x_wconf 89' lang='lat' dir='ltr'><strong>accipit</strong></span> <span class='ocrx_word' id='word_1_486' title='bbox 997 3181 1232 3251; x_wconf 85' lang='lat' dir='ltr'><strong>Spiritus</strong></span> <span class='ocrx_word' id='word_1_487' title='bbox 1280 3190 1523 3245; x_wconf 88' lang='lat' dir='ltr'><strong>sanctus,</strong></span> <span class='ocrx_word' id='word_1_488' title='bbox 1560 3180 1689 3251; x_wconf 91' lang='lat' dir='ltr'><strong>quia</strong></span> <span class='ocrx_word' id='word_1_489' title='bbox 1738 3180 1804 3234; x_wconf 90' lang='lat' dir='ltr'><strong>de</strong></span> <span class='ocrx_word' id='word_1_490' title='bbox 1849 3178 2010 3234; x_wconf 87' lang='lat' dir='ltr'><strong>Patre</strong></span> 
     </span>
    </p>
   </div>
   <div class='ocr_carea' id='block_1_64' title="bbox 434 3268 2011 3341">
    <p class='ocr_par' dir='ltr' id='par_1_64' title="bbox 434 3268 2011 3341">
     <span class='ocr_line' id='line_1_64' title="bbox 434 3268 2011 3341; baseline -0.001 -16"><span class='ocrx_word' id='word_1_491' title='bbox 434 3272 695 3341; x_wconf 85' lang='lat' dir='ltr'><strong>procedit,</strong></span> <span class='ocrx_word' id='word_1_492' title='bbox 744 3272 809 3328; x_wconf 91' lang='lat' dir='ltr'><strong>dc</strong></span> <span class='ocrx_word' id='word_1_493' title='bbox 850 3287 957 3341; x_wconf 89' lang='lat' dir='ltr'><strong>quo</strong></span> <span class='ocrx_word' id='word_1_494' title='bbox 1003 3280 1058 3326; x_wconf 91' lang='lat' dir='ltr'><strong>et</strong></span> <span class='ocrx_word' id='word_1_495' title='bbox 1100 3271 1268 3326; x_wconf 88' lang='lat' dir='ltr'><strong>Filius</strong></span> <span class='ocrx_word' id='word_1_496' title='bbox 1304 3278 1462 3327; x_wconf 88' lang='lat' dir='ltr'><strong>natus</strong></span> <span class='ocrx_word' id='word_1_497' title='bbox 1506 3280 1607 3326; x_wconf 89' lang='lat' dir='ltr'><strong>est.</strong></span> <span class='ocrx_word' id='word_1_498' title='bbox 1653 3269 1755 3338; x_wconf 85' lang='lat' dir='ltr'><strong>Qui</strong></span> <span class='ocrx_word' id='word_1_499' title='bbox 1783 3284 1912 3325; x_wconf 85' lang='lat' dir='ltr'><strong>vero</strong></span> <span class='ocrx_word' id='word_1_500' title='bbox 1944 3268 2011 3324; x_wconf 88' lang='lat' dir='ltr'><strong>de</strong></span> 
     </span>
    </p>
   </div>
   <div class='ocr_carea' id='block_1_65' title="bbox 429 3357 2007 3431">
    <p class='ocr_par' dir='ltr' id='par_1_65' title="bbox 429 3357 2007 3431">
     <span class='ocr_line' id='line_1_65' title="bbox 429 3357 2007 3431; baseline 0 -16"><span class='ocrx_word' id='word_1_501' title='bbox 429 3362 581 3416; x_wconf 83' lang='lat' dir='ltr'><strong>nullo</strong></span> <span class='ocrx_word' id='word_1_502' title='bbox 617 3369 776 3417; x_wconf 89' lang='lat' dir='ltr'><strong>natus</strong></span> <span class='ocrx_word' id='word_1_503' title='bbox 814 3362 905 3428; x_wconf 89' lang='lat' dir='ltr'><strong>sit,</strong></span> <span class='ocrx_word' id='word_1_504' title='bbox 940 3360 1005 3417; x_wconf 88' lang='lat' dir='ltr'><strong>de</strong></span> <span class='ocrx_word' id='word_1_505' title='bbox 1040 3362 1185 3417; x_wconf 90' lang='lat' dir='ltr'><strong>nullo</strong></span> <span class='ocrx_word' id='word_1_506' title='bbox 1223 3362 1486 3431; x_wconf 86' lang='lat' dir='ltr'><strong>procedit,</strong></span> <span class='ocrx_word' id='word_1_507' title='bbox 1519 3357 1677 3416; x_wconf 87' lang='lat' dir='ltr'><strong>Pater</strong></span> <span class='ocrx_word' id='word_1_508' title='bbox 1721 3370 1804 3416; x_wconf 86' lang='lat' dir='ltr'><strong>est</strong></span> <span class='ocrx_word' id='word_1_509' title='bbox 1832 3361 2007 3426; x_wconf 87' lang='lat' dir='ltr'><strong>solus;</strong></span> 
     </span>
    </p>
   </div>
   <div class='ocr_carea' id='block_1_66' title="bbox 326 3446 2007 3522">
    <p class='ocr_par' dir='ltr' id='par_1_66' title="bbox 326 3446 2007 3522">
     <span class='ocr_line' id='line_1_66' title="bbox 326 3446 2007 3522; baseline 0.001 -18"><span class='ocrx_word' id='word_1_510' title='bbox 326 3446 335 3453; x_wconf 71' lang='grc'><em>”</em></span> <span class='ocrx_word' id='word_1_511' title='bbox 432 3452 613 3505; x_wconf 87' lang='lat' dir='ltr'><strong>otunia</strong></span> <span class='ocrx_word' id='word_1_512' title='bbox 639 3465 973 3522; x_wconf 65' lang='lat' dir='ltr'><strong>quaecunque</strong></span> <span class='ocrx_word' id='word_1_513' title='bbox 1001 3451 1161 3506; x_wconf 90' lang='lat' dir='ltr'><strong>habet</strong></span> <span class='ocrx_word' id='word_1_514' title='bbox 1180 3449 1362 3517; x_wconf 88' lang='lat' dir='ltr'><strong>Pater,</strong></span> <span class='ocrx_word' id='word_1_515' title='bbox 1398 3466 1515 3507; x_wconf 92' lang='lat' dir='ltr'><strong>mea</strong></span> <span class='ocrx_word' id='word_1_516' title='bbox 1543 3460 1690 3516; x_wconf 89' lang='lat' dir='ltr'><strong>sunt,</strong></span> <span class='ocrx_word' id='word_1_517' title='bbox 1723 3460 2007 3522; x_wconf 87' lang='lat' dir='ltr'><strong>prepterea</strong></span> 
     </span>
    </p>
   </div>
   <div class='ocr_carea' id='block_1_67' title="bbox 434 3538 2009 3613">
    <p class='ocr_par' dir='ltr' id='par_1_67' title="bbox 434 3538 2009 3613">
     <span class='ocr_line' id='line_1_67' title="bbox 434 3538 2009 3613; baseline 0.002 -19"><span class='ocrx_word' id='word_1_518' title='bbox 434 3541 569 3595; x_wconf 73' lang='lat' dir='ltr'><strong>divit</strong></span> <span class='ocrx_word' id='word_1_519' title='bbox 599 3560 612 3595; x_wconf 87' lang='lat'><strong>:</strong></span> <span class='ocrx_word' id='word_1_520' title='bbox 645 3538 782 3606; x_wconf 85' lang='lat' dir='ltr'><strong>Quia</strong></span> <span class='ocrx_word' id='word_1_521' title='bbox 821 3540 885 3595; x_wconf 84' lang='lat' dir='ltr'><strong>de</strong></span> <span class='ocrx_word' id='word_1_522' title='bbox 925 3557 1037 3596; x_wconf 82' lang='lat' dir='ltr'><strong>meo</strong></span> <span class='ocrx_word' id='word_1_523' title='bbox 1086 3540 1334 3613; x_wconf 83' lang='lat' dir='ltr'><strong>accipiet,</strong></span> <span class='ocrx_word' id='word_1_524' title='bbox 1367 3551 1415 3595; x_wconf 90' lang='lat' dir='ltr'><strong>et</strong></span> <span class='ocrx_word' id='word_1_525' title='bbox 1462 3540 1791 3596; x_wconf 87' lang='lat' dir='ltr'><strong>anmtntiabit</strong></span> <span class='ocrx_word' id='word_1_526' title='bbox 1837 3541 2009 3609; x_wconf 82' lang='lat' dir='ltr'><strong>vobis;</strong></span> 
     </span>
    </p>
   </div>
   <div class='ocr_carea' id='block_1_68' title="bbox 434 3633 2011 3706">
    <p class='ocr_par' dir='ltr' id='par_1_68' title="bbox 434 3633 2011 3706">
     <span class='ocr_line' id='line_1_68' title="bbox 434 3633 2011 3706; baseline 0.003 -21"><span class='ocrx_word' id='word_1_527' title='bbox 434 3635 500 3689; x_wconf 82' lang='lat' dir='ltr'><strong>de</strong></span> <span class='ocrx_word' id='word_1_528' title='bbox 529 3634 615 3690; x_wconf 90' lang='lat' dir='ltr'><strong>his</strong></span> <span class='ocrx_word' id='word_1_529' title='bbox 639 3633 795 3698; x_wconf 78' lang='lat' dir='ltr'><strong>dixit,</strong></span> <span class='ocrx_word' id='word_1_530' title='bbox 832 3649 952 3704; x_wconf 75' lang='lat' dir='ltr'><strong>qua:</strong></span> <span class='ocrx_word' id='word_1_531' title='bbox 980 3636 1048 3688; x_wconf 85' lang='lat' dir='ltr'><strong>ad</strong></span> <span class='ocrx_word' id='word_1_532' title='bbox 1078 3635 1247 3706; x_wconf 91' lang='lat' dir='ltr'><strong>ipsam</strong></span> <span class='ocrx_word' id='word_1_533' title='bbox 1275 3634 1453 3690; x_wconf 82' lang='lat' dir='ltr'><strong>Patris</strong></span> <span class='ocrx_word' id='word_1_534' title='bbox 1481 3634 1819 3690; x_wconf 85' lang='lat' dir='ltr'><strong>divinitatem</strong></span> <span class='ocrx_word' id='word_1_535' title='bbox 1846 3636 2011 3705; x_wconf 84' lang='lat' dir='ltr'><strong>perti-</strong></span> 
     </span>
    </p>
   </div>
   <div class='ocr_carea' id='block_1_69' title="bbox 436 3722 2012 3795">
    <p class='ocr_par' dir='ltr' id='par_1_69' title="bbox 436 3722 2012 3795">
     <span class='ocr_line' id='line_1_69' title="bbox 436 3722 2012 3795; baseline 0.003 -20"><span class='ocrx_word' id='word_1_536' title='bbox 436 3730 595 3787; x_wconf 90' lang='lat' dir='ltr'><strong>nent,</strong></span> <span class='ocrx_word' id='word_1_537' title='bbox 632 3723 687 3776; x_wconf 91' lang='lat' dir='ltr'><strong>in</strong></span> <span class='ocrx_word' id='word_1_538' title='bbox 723 3723 920 3792; x_wconf 89' lang='lat' dir='ltr'><strong>quibus</strong></span> <span class='ocrx_word' id='word_1_539' title='bbox 958 3722 1047 3777; x_wconf 89' lang='lat' dir='ltr'><strong>ille</strong></span> <span class='ocrx_word' id='word_1_540' title='bbox 1084 3732 1169 3778; x_wconf 86' lang='lat' dir='ltr'><strong>est</strong></span> <span class='ocrx_word' id='word_1_541' title='bbox 1204 3723 1426 3792; x_wconf 75' lang='lat' dir='ltr'><strong>:eqnalis</strong></span> <span class='ocrx_word' id='word_1_542' title='bbox 1454 3722 1636 3789; x_wconf 84' lang='lat' dir='ltr'><strong>Patri,</strong></span> <span class='ocrx_word' id='word_1_543' title='bbox 1684 3725 1738 3778; x_wconf 94' lang='lat' dir='ltr'><strong>in</strong></span> <span class='ocrx_word' id='word_1_544' title='bbox 1779 3741 1884 3795; x_wconf 88' lang='lat' dir='ltr'><strong>qua</strong></span> <span class='ocrx_word' id='word_1_545' title='bbox 1931 3735 2012 3782; x_wconf 84' lang='lat' dir='ltr'><strong>est</strong></span> 
     </span>
    </p>
   </div>
   <div class='ocr_carea' id='block_1_70' title="bbox 410 3810 2012 3886">
    <p class='ocr_par' dir='ltr' id='par_1_70' title="bbox 410 3810 2012 3886">
     <span class='ocr_line' id='line_1_70' title="bbox 410 3810 2012 3886; baseline 0.006 -23"><span class='ocrx_word' id='word_1_546' title='bbox 410 3820 491 3864; x_wconf 75' lang='lat' dir='ltr'><strong>&#39;et</strong></span> <span class='ocrx_word' id='word_1_547' title='bbox 516 3810 751 3880; x_wconf 87' lang='lat' dir='ltr'><strong>Spiritus</strong></span> <span class='ocrx_word' id='word_1_548' title='bbox 788 3822 1009 3868; x_wconf 87' lang='lat' dir='ltr'><strong>sanctus</strong></span> <span class='ocrx_word' id='word_1_549' title='bbox 1035 3813 1258 3883; x_wconf 62' lang='lat' dir='ltr'><strong>aequalis</strong></span> <span class='ocrx_word' id='word_1_550' title='bbox 1290 3813 1436 3868; x_wconf 87' lang='lat' dir='ltr'><strong>Patri</strong></span> <span class='ocrx_word' id='word_1_551' title='bbox 1474 3822 1530 3869; x_wconf 89' lang='lat' dir='ltr'><strong>et</strong></span> <span class='ocrx_word' id='word_1_552' title='bbox 1561 3815 1720 3881; x_wconf 86' lang='lat' dir='ltr'><strong>Filio,</strong></span> <span class='ocrx_word' id='word_1_553' title='bbox 1750 3817 2012 3886; x_wconf 81' lang='lat' dir='ltr'><strong>quia,una</strong></span> 
     </span>
    </p>
   </div>
   <div class='ocr_carea' id='block_1_71' title="bbox 436 3905 2010 3980">
    <p class='ocr_par' dir='ltr' id='par_1_71' title="bbox 436 3905 2010 3980">
     <span class='ocr_line' id='line_1_71' title="bbox 436 3905 2010 3980; baseline 0.003 -21"><span class='ocrx_word' id='word_1_554' title='bbox 436 3905 767 3972; x_wconf 82' lang='lat' dir='ltr'><strong>substantia,</strong></span> <span class='ocrx_word' id='word_1_555' title='bbox 807 3921 912 3960; x_wconf 92' lang='lat' dir='ltr'><strong>una</strong></span> <span class='ocrx_word' id='word_1_556' title='bbox 955 3914 1181 3973; x_wconf 77' lang='lat' dir='ltr'><strong>natura,</strong></span> <span class='ocrx_word' id='word_1_557' title='bbox 1221 3922 1325 3960; x_wconf 88' lang='lat' dir='ltr'><strong>una</strong></span> <span class='ocrx_word' id='word_1_558' title='bbox 1362 3905 1641 3976; x_wconf 73' lang='lat' dir='ltr'><strong>maiestas,</strong></span> <span class='ocrx_word' id='word_1_559' title='bbox 1680 3923 1785 3962; x_wconf 90' lang='lat' dir='ltr'><strong>una</strong></span> <span class='ocrx_word' id='word_1_560' title='bbox 1821 3909 2010 3980; x_wconf 80' lang='lat' dir='ltr'><strong>gloria,</strong></span> 
     </span>
    </p>
   </div>
   <div class='ocr_carea' id='block_1_72' title="bbox 390 3985 2011 4066">
    <p class='ocr_par' dir='ltr' id='par_1_72' title="bbox 390 3985 2011 4066">
     <span class='ocr_line' id='line_1_72' title="bbox 390 3985 2011 4066; baseline 0.003 -20"><span class='ocrx_word' id='word_1_561' title='bbox 390 3985 398 3991; x_wconf 82' lang='grc'><strong>’</strong></span> <span class='ocrx_word' id='word_1_562' title='bbox 438 4009 541 4047; x_wconf 90' lang='lat' dir='ltr'><strong>una</strong></span> <span class='ocrx_word' id='word_1_563' title='bbox 578 3995 854 4050; x_wconf 76' lang='lat' dir='ltr'><strong>teternitas</strong></span> <span class='ocrx_word' id='word_1_564' title='bbox 888 4004 971 4051; x_wconf 88' lang='lat' dir='ltr'><strong>est</strong></span> <span class='ocrx_word' id='word_1_565' title='bbox 1002 3993 1180 4051; x_wconf 85' lang='lat' dir='ltr'><strong>Patris</strong></span> <span class='ocrx_word' id='word_1_566' title='bbox 1218 4003 1270 4051; x_wconf 89' lang='lat' dir='ltr'><strong>et</strong></span> <span class='ocrx_word' id='word_1_567' title='bbox 1303 3996 1424 4050; x_wconf 86' lang='lat' dir='ltr'><strong>Filii</strong></span> <span class='ocrx_word' id='word_1_568' title='bbox 1462 4004 1518 4050; x_wconf 90' lang='lat' dir='ltr'><strong>et</strong></span> <span class='ocrx_word' id='word_1_569' title='bbox 1543 3995 1779 4066; x_wconf 84' lang='lat' dir='ltr'><strong>Spiritus</strong></span> <span class='ocrx_word' id='word_1_570' title='bbox 1816 3998 2011 4063; x_wconf 82' lang='lat' dir='ltr'><strong>sancti,</strong></span> 
     </span>
    </p>
   </div>
   <div class='ocr_carea' id='block_1_73' title="bbox 436 4086 2013 4158">
    <p class='ocr_par' dir='ltr' id='par_1_73' title="bbox 436 4086 2013 4158">
     <span class='ocr_line' id='line_1_73' title="bbox 436 4086 2013 4158; baseline 0.002 -18"><span class='ocrx_word' id='word_1_571' title='bbox 436 4093 492 4140; x_wconf 89' lang='lat' dir='ltr'><strong>et</strong></span> <span class='ocrx_word' id='word_1_572' title='bbox 519 4093 604 4139; x_wconf 88' lang='lat' dir='ltr'><strong>est</strong></span> <span class='ocrx_word' id='word_1_573' title='bbox 640 4101 778 4141; x_wconf 90' lang='lat' dir='ltr'><strong>unus</strong></span> <span class='ocrx_word' id='word_1_574' title='bbox 804 4086 945 4142; x_wconf 87' lang='lat' dir='ltr'><strong>Deus</strong></span> <span class='ocrx_word' id='word_1_575' title='bbox 981 4087 1343 4158; x_wconf 86' lang='lat' dir='ltr'><strong>omnipotens,</strong></span> <span class='ocrx_word' id='word_1_576' title='bbox 1372 4087 1676 4151; x_wconf 88' lang='lat' dir='ltr'><strong>invisibilis,</strong></span> <span class='ocrx_word' id='word_1_577' title='bbox 1712 4087 2013 4158; x_wconf 87' lang='lat' dir='ltr'><strong>incompre-</strong></span> 
     </span>
    </p>
   </div>
   <div class='ocr_carea' id='block_1_74' title="bbox 394 4174 2011 4256">
    <p class='ocr_par' dir='ltr' id='par_1_74' title="bbox 394 4174 2011 4256">
     <span class='ocr_line' id='line_1_74' title="bbox 394 4174 2011 4256; baseline 0.004 -28"><span class='ocrx_word' id='word_1_578' title='bbox 394 4174 397 4177; x_wconf 61' lang='grc'><em>“</em></span> <span class='ocrx_word' id='word_1_579' title='bbox 436 4175 714 4256; x_wconf 83' lang='lat' dir='ltr'><strong>heusibilis</strong></span> <span class='ocrx_word' id='word_1_580' title='bbox 740 4176 885 4232; x_wconf 83' lang='lat' dir='ltr'><strong>omni</strong></span> <span class='ocrx_word' id='word_1_581' title='bbox 917 4188 1203 4245; x_wconf 70' lang='lat' dir='ltr'><strong>creaturae,</strong></span> <span class='ocrx_word' id='word_1_582' title='bbox 1230 4179 1391 4233; x_wconf 88' lang='lat' dir='ltr'><strong>Pater</strong></span> <span class='ocrx_word' id='word_1_583' title='bbox 1418 4187 1471 4234; x_wconf 92' lang='lat' dir='ltr'><strong>et</strong></span> <span class='ocrx_word' id='word_1_584' title='bbox 1497 4178 1667 4233; x_wconf 86' lang='lat' dir='ltr'><strong>Filius</strong></span> <span class='ocrx_word' id='word_1_585' title='bbox 1692 4188 1746 4234; x_wconf 91' lang='lat' dir='ltr'><strong>et</strong></span> <span class='ocrx_word' id='word_1_586' title='bbox 1775 4179 2011 4248; x_wconf 84' lang='lat' dir='ltr'><strong>Spiritus</strong></span> 
     </span>
    </p>
   </div>
   <div class='ocr_carea' id='block_1_75' title="bbox 437 4274 673 4322">
    <p class='ocr_par' dir='ltr' id='par_1_75' title="bbox 437 4274 673 4322">
     <span class='ocr_line' id='line_1_75' title="bbox 437 4274 673 4322; baseline 0.013 -3"><span class='ocrx_word' id='word_1_587' title='bbox 437 4274 673 4322; x_wconf 88' lang='lat' dir='ltr'><strong>sanctus.</strong></span> 
     </span>
    </p>
   </div>
   <div class='ocr_carea' id='block_1_76' title="bbox 466 4354 1377 4396">
    <p class='ocr_par' dir='ltr' id='par_1_76' title="bbox 466 4354 1377 4396">
     <span class='ocr_line' id='line_1_76' title="bbox 466 4354 1377 4396; baseline 0.007 -9"><span class='ocrx_word' id='word_1_588' title='bbox 466 4365 478 4370; x_wconf 89' lang='grc'><strong><em>-</em></strong></span> <span class='ocrx_word' id='word_1_589' title='bbox 1063 4354 1377 4396; x_wconf 69' lang='lat' dir='ltr'><strong>COXCOBDIA.</strong></span> 
     </span>
    </p>
   </div>
   <div class='ocr_carea' id='block_1_77' title="bbox 507 4448 2010 4520">
    <p class='ocr_par' dir='ltr' id='par_1_77' title="bbox 507 4448 2010 4520">
     <span class='ocr_line' id='line_1_77' title="bbox 507 4448 2010 4520; baseline 0.005 -20"><span class='ocrx_word' id='word_1_590' title='bbox 507 4448 562 4500; x_wconf 86' lang='grc' dir='ltr'><strong>ιιι</strong></span> <span class='ocrx_word' id='word_1_591' title='bbox 598 4449 812 4504; x_wconf 86' lang='lat' dir='ltr'><strong>nomine</strong></span> <span class='ocrx_word' id='word_1_592' title='bbox 847 4448 1093 4519; x_wconf 64' lang='lat' dir='ltr'><strong>iustitia),</strong></span> <span class='ocrx_word' id='word_1_593' title='bbox 1133 4460 1187 4505; x_wconf 90' lang='lat' dir='ltr'><strong>et</strong></span> <span class='ocrx_word' id='word_1_594' title='bbox 1225 4451 1278 4505; x_wconf 90' lang='lat' dir='ltr'><strong>in</strong></span> <span class='ocrx_word' id='word_1_595' title='bbox 1296 4451 1534 4520; x_wconf 85' lang='lat' dir='ltr'><strong>Spiritus</strong></span> <span class='ocrx_word' id='word_1_596' title='bbox 1576 4453 1750 4507; x_wconf 89' lang='lat' dir='ltr'><strong>sancti</strong></span> <span class='ocrx_word' id='word_1_597' title='bbox 1787 4453 1928 4508; x_wconf 87' lang='lat' dir='ltr'><strong>dono</strong></span> <span class='ocrx_word' id='word_1_598' title='bbox 1957 4462 2010 4507; x_wconf 80' lang='lat' dir='ltr'><strong>ct</strong></span> 
     </span>
    </p>
   </div>
   <div class='ocr_carea' id='block_1_78' title="bbox 438 4537 1963 4611">
    <p class='ocr_par' dir='ltr' id='par_1_78' title="bbox 438 4537 1963 4611">
     <span class='ocr_line' id='line_1_78' title="bbox 438 4537 1963 4611; baseline 0.006 -23"><span class='ocrx_word' id='word_1_599' title='bbox 438 4537 713 4611; x_wconf 76' lang='lat' dir='ltr'><strong>missione,</strong></span> <span class='ocrx_word' id='word_1_600' title='bbox 749 4538 973 4594; x_wconf 86' lang='lat' dir='ltr'><strong>istarum</strong></span> <span class='ocrx_word' id='word_1_601' title='bbox 1000 4540 1225 4597; x_wconf 87' lang='lat' dir='ltr'><strong>duarum</strong></span> <span class='ocrx_word' id='word_1_602' title='bbox 1251 4542 1312 4595; x_wconf 82' lang='lat' dir='ltr'><strong>lit</strong></span> <span class='ocrx_word' id='word_1_603' title='bbox 1335 4543 1622 4598; x_wconf 90' lang='lat' dir='ltr'><strong>concordia</strong></span> <span class='ocrx_word' id='word_1_604' title='bbox 1650 4543 1963 4600; x_wconf 84' lang='lat' dir='ltr'><strong>lectionum.</strong></span> 
     </span>
    </p>
   </div>
   <div class='ocr_carea' id='block_1_79' title="bbox 629 4654 1816 4752">
    <p class='ocr_par' dir='ltr' id='par_1_79' title="bbox 629 4654 1816 4752">
     <span class='ocr_line' id='line_1_79' title="bbox 629 4654 1816 4752; baseline 0.004 -6"><span class='ocrx_word' id='word_1_605' title='bbox 629 4689 952 4746; x_wconf 68' lang='grc' dir='ltr'>υοιιωιοΑ</span> <span class='ocrx_word' id='word_1_606' title='bbox 989 4654 1056 4748; x_wconf 85' lang='lat' dir='ltr'><strong>tv</strong></span> <span class='ocrx_word' id='word_1_607' title='bbox 1095 4692 1268 4749; x_wconf 70' lang='grc' dir='ltr'><strong>νοεῖ</strong></span> <span class='ocrx_word' id='word_1_608' title='bbox 1306 4694 1460 4751; x_wconf 79' lang='lat' dir='ltr'><strong>ocr.</strong></span> <span class='ocrx_word' id='word_1_609' title='bbox 1502 4697 1816 4752; x_wconf 56' lang='lat' dir='ltr'><strong>pascua.</strong></span> 
     </span>
    </p>
   </div>
   <div class='ocr_carea' id='block_1_80' title="bbox 672 4795 1774 4851">
    <p class='ocr_par' dir='ltr' id='par_1_80' title="bbox 672 4795 1774 4851">
     <span class='ocr_line' id='line_1_80' title="bbox 672 4795 1774 4851; baseline 0.008 -18"><span class='ocrx_word' id='word_1_610' title='bbox 672 4795 842 4837; x_wconf 71' lang='lat' dir='ltr'><strong>BPlST.</strong></span> <span class='ocrx_word' id='word_1_611' title='bbox 872 4796 1026 4837; x_wconf 66' lang='grc' dir='ltr'>Βειτι</span> <span class='ocrx_word' id='word_1_612' title='bbox 1056 4799 1235 4840; x_wconf 70' lang='grc' dir='ltr'>ιλεοξιι</span> <span class='ocrx_word' id='word_1_613' title='bbox 1272 4801 1550 4851; x_wconf 73' lang='grc' dir='ltr'>Αιιοετοω,</span> <span class='ocrx_word' id='word_1_614' title='bbox 1583 4803 1701 4842; x_wconf 67' lang='lat' dir='ltr'><strong>CAP.</strong></span> <span class='ocrx_word' id='word_1_615' title='bbox 1737 4805 1774 4842; x_wconf 85' lang='grc'><strong>1.</strong></span> 
     </span>
    </p>
   </div>
   <div class='ocr_carea' id='block_1_81' title="bbox 517 4893 2008 4971">
    <p class='ocr_par' dir='ltr' id='par_1_81' title="bbox 517 4893 2008 4971">
     <span class='ocr_line' id='line_1_81' title="bbox 517 4893 2008 4971; baseline 0.011 -28"><span class='ocrx_word' id='word_1_616' title='bbox 517 4911 536 4943; x_wconf 77' lang='grc' dir='ltr'><strong>ι</strong></span> <span class='ocrx_word' id='word_1_617' title='bbox 582 4893 770 4949; x_wconf 81' lang='lat' dir='ltr'><strong>Estote</strong></span> <span class='ocrx_word' id='word_1_618' title='bbox 816 4893 1048 4951; x_wconf 75' lang='lat' dir='ltr'><strong>factores</strong></span> <span class='ocrx_word' id='word_1_619' title='bbox 1097 4898 1267 4964; x_wconf 84' lang='lat' dir='ltr'><strong>verbi,</strong></span> <span class='ocrx_word' id='word_1_620' title='bbox 1308 4915 1413 4954; x_wconf 92' lang='lat' dir='ltr'><strong>non</strong></span> <span class='ocrx_word' id='word_1_621' title='bbox 1457 4900 1732 4958; x_wconf 84' lang='lat' dir='ltr'><strong>auditores</strong></span> <span class='ocrx_word' id='word_1_622' title='bbox 1780 4911 2008 4971; x_wconf 88' lang='lat' dir='ltr'><strong>tantum,</strong></span> 
     </span>
    </p>
   </div>
   <div class='ocr_carea' id='block_1_82' title="bbox 448 4984 2011 5063">
    <p class='ocr_par' dir='ltr' id='par_1_82' title="bbox 448 4984 2011 5063">
     <span class='ocr_line' id='line_1_82' title="bbox 448 4984 2011 5063; baseline 0.013 -29"><span class='ocrx_word' id='word_1_623' title='bbox 448 5002 465 5034; x_wconf 75' lang='grc' dir='ltr'><strong>ι</strong></span> <span class='ocrx_word' id='word_1_624' title='bbox 510 4984 753 5041; x_wconf 82' lang='lat' dir='ltr'><strong>fallentes</strong></span> <span class='ocrx_word' id='word_1_625' title='bbox 788 4989 1163 5059; x_wconf 81' lang='lat' dir='ltr'><strong>vosmetipsos.</strong></span> <span class='ocrx_word' id='word_1_626' title='bbox 1235 4989 1370 5058; x_wconf 88' lang='lat' dir='ltr'><strong>Quia</strong></span> <span class='ocrx_word' id='word_1_627' title='bbox 1417 4993 1462 5046; x_wconf 89' lang='lat' dir='ltr'><strong>si</strong></span> <span class='ocrx_word' id='word_1_628' title='bbox 1502 4994 1625 5063; x_wconf 87' lang='lat' dir='ltr'><strong>quis</strong></span> <span class='ocrx_word' id='word_1_629' title='bbox 1675 4994 1892 5053; x_wconf 89' lang='lat' dir='ltr'><strong>auditor</strong></span> <span class='ocrx_word' id='word_1_630' title='bbox 1928 5008 2011 5054; x_wconf 89' lang='lat' dir='ltr'><strong>est</strong></span> 
     </span>
    </p>
   </div>
   <div class='ocr_carea' id='block_1_83' title="bbox 448 5074 2010 5152">
    <p class='ocr_par' dir='ltr' id='par_1_83' title="bbox 448 5074 2010 5152">
     <span class='ocr_line' id='line_1_83' title="bbox 448 5074 2010 5152; baseline 0.011 -26"><span class='ocrx_word' id='word_1_631' title='bbox 448 5093 467 5125; x_wconf 86' lang='grc'><strong>‹</strong></span> <span class='ocrx_word' id='word_1_632' title='bbox 511 5074 661 5129; x_wconf 87' lang='lat' dir='ltr'><strong>verbi</strong></span> <span class='ocrx_word' id='word_1_633' title='bbox 691 5083 747 5131; x_wconf 89' lang='lat' dir='ltr'><strong>et</strong></span> <span class='ocrx_word' id='word_1_634' title='bbox 784 5092 888 5131; x_wconf 90' lang='lat' dir='ltr'><strong>non</strong></span> <span class='ocrx_word' id='word_1_635' title='bbox 927 5077 1121 5146; x_wconf 78' lang='lat' dir='ltr'><strong>factor,</strong></span> <span class='ocrx_word' id='word_1_636' title='bbox 1162 5079 1251 5136; x_wconf 92' lang='lat' dir='ltr'><strong>hic</strong></span> <span class='ocrx_word' id='word_1_637' title='bbox 1288 5084 1693 5152; x_wconf 83' lang='lat' dir='ltr'><strong>comparabitur</strong></span> <span class='ocrx_word' id='word_1_638' title='bbox 1729 5086 1847 5141; x_wconf 87' lang='lat' dir='ltr'><strong>viro</strong></span> <span class='ocrx_word' id='word_1_639' title='bbox 1877 5103 2010 5142; x_wconf 90' lang='lat' dir='ltr'><strong>con-</strong></span> 
     </span>
    </p>
   </div>
   <div class='ocr_carea' id='block_1_84' title="bbox 449 5164 2011 5246">
    <p class='ocr_par' dir='ltr' id='par_1_84' title="bbox 449 5164 2011 5246">
     <span class='ocr_line' id='line_1_84' title="bbox 449 5164 2011 5246; baseline 0.013 -33"><span class='ocrx_word' id='word_1_640' title='bbox 449 5182 466 5213; x_wconf 74' lang='lat' dir='ltr'><strong>t</strong></span> <span class='ocrx_word' id='word_1_641' title='bbox 510 5164 769 5219; x_wconf 81' lang='lat' dir='ltr'><strong>sideranti</strong></span> <span class='ocrx_word' id='word_1_642' title='bbox 835 5167 1041 5222; x_wconf 88' lang='lat' dir='ltr'><strong>vultum</strong></span> <span class='ocrx_word' id='word_1_643' title='bbox 1117 5171 1417 5227; x_wconf 87' lang='lat' dir='ltr'><strong>nativitatis</strong></span> <span class='ocrx_word' id='word_1_644' title='bbox 1485 5190 1596 5229; x_wconf 65' lang='lat' dir='ltr'><strong>suae</strong></span> <span class='ocrx_word' id='word_1_645' title='bbox 1656 5176 1710 5230; x_wconf 90' lang='lat' dir='ltr'><strong>in</strong></span> <span class='ocrx_word' id='word_1_646' title='bbox 1768 5178 2011 5246; x_wconf 87' lang='lat' dir='ltr'><strong>speculo.</strong></span> 
     </span>
    </p>
   </div>
   <div class='ocr_carea' id='block_1_85' title="bbox 450 5252 2013 5328">
    <p class='ocr_par' dir='ltr' id='par_1_85' title="bbox 450 5252 2013 5328">
     <span class='ocr_line' id='line_1_85' title="bbox 450 5252 2013 5328; baseline 0.012 -23"><span class='ocrx_word' id='word_1_647' title='bbox 450 5272 467 5305; x_wconf 75' lang='grc' dir='ltr'><strong>ι</strong></span> <span class='ocrx_word' id='word_1_648' title='bbox 513 5252 885 5312; x_wconf 89' lang='lat' dir='ltr'><strong>Consideravit</strong></span> <span class='ocrx_word' id='word_1_649' title='bbox 928 5260 1071 5313; x_wconf 87' lang='lat' dir='ltr'><strong>enim</strong></span> <span class='ocrx_word' id='word_1_650' title='bbox 1111 5276 1193 5327; x_wconf 86' lang='lat' dir='ltr'><strong>se,</strong></span> <span class='ocrx_word' id='word_1_651' title='bbox 1229 5272 1283 5317; x_wconf 91' lang='lat' dir='ltr'><strong>et</strong></span> <span class='ocrx_word' id='word_1_652' title='bbox 1311 5264 1472 5328; x_wconf 89' lang='lat' dir='ltr'><strong>abiit,</strong></span> <span class='ocrx_word' id='word_1_653' title='bbox 1504 5275 1560 5320; x_wconf 92' lang='lat' dir='ltr'><strong>ct</strong></span> <span class='ocrx_word' id='word_1_654' title='bbox 1596 5267 1778 5320; x_wconf 88' lang='lat' dir='ltr'><strong>statim</strong></span> <span class='ocrx_word' id='word_1_655' title='bbox 1815 5268 2013 5324; x_wconf 79' lang='lat' dir='ltr'><strong>oblitus</strong></span> 
     </span>
    </p>
   </div>
   <div class='ocr_carea' id='block_1_86' title="bbox 451 5344 2014 5428">
    <p class='ocr_par' dir='ltr' id='par_1_86' title="bbox 451 5344 2014 5428">
     <span class='ocr_line' id='line_1_86' title="bbox 451 5344 2014 5428; baseline 0.012 -34"><span class='ocrx_word' id='word_1_656' title='bbox 451 5361 469 5394; x_wconf 74' lang='grc' dir='ltr'><strong>ι</strong></span> <span class='ocrx_word' id='word_1_657' title='bbox 514 5344 782 5415; x_wconf 78' lang='lat' dir='ltr'><strong>estqualis</strong></span> <span class='ocrx_word' id='word_1_658' title='bbox 808 5346 985 5402; x_wconf 80' lang='lat' dir='ltr'><strong>fuerit.</strong></span> <span class='ocrx_word' id='word_1_659' title='bbox 1002 5349 1101 5418; x_wconf 82' lang='lat' dir='ltr'><strong>Qui</strong></span> <span class='ocrx_word' id='word_1_660' title='bbox 1124 5360 1303 5408; x_wconf 90' lang='lat' dir='ltr'><strong>autem</strong></span> <span class='ocrx_word' id='word_1_661' title='bbox 1326 5356 1661 5424; x_wconf 77' lang='lat' dir='ltr'><strong>perspexerit</strong></span> <span class='ocrx_word' id='word_1_662' title='bbox 1684 5356 1734 5410; x_wconf 86' lang='lat' dir='ltr'><strong>in</strong></span> <span class='ocrx_word' id='word_1_663' title='bbox 1764 5357 2014 5428; x_wconf 85' lang='lat' dir='ltr'><strong>legepcr—</strong></span> 
     </span>
    </p>
   </div>
   <div class='ocr_carea' id='block_1_87' title="bbox 449 5434 2015 5512">
    <p class='ocr_par' dir='ltr' id='par_1_87' title="bbox 449 5434 2015 5512">
     <span class='ocr_line' id='line_1_87' title="bbox 449 5434 2015 5512; baseline 0.011 -28"><span class='ocrx_word' id='word_1_664' title='bbox 449 5451 470 5484; x_wconf 85' lang='grc'>‹</span> <span class='ocrx_word' id='word_1_665' title='bbox 514 5434 668 5491; x_wconf 70' lang='lat' dir='ltr'><strong>{cette</strong></span> <span class='ocrx_word' id='word_1_666' title='bbox 687 5434 970 5502; x_wconf 89' lang='lat' dir='ltr'><strong>libertatis,</strong></span> <span class='ocrx_word' id='word_1_667' title='bbox 996 5450 1051 5495; x_wconf 88' lang='lat' dir='ltr'><strong>et</strong></span> <span class='ocrx_word' id='word_1_668' title='bbox 1069 5445 1427 5512; x_wconf 88' lang='lat' dir='ltr'><strong>permanserit</strong></span> <span class='ocrx_word' id='word_1_669' title='bbox 1455 5448 1508 5499; x_wconf 90' lang='lat' dir='ltr'><strong>in</strong></span> <span class='ocrx_word' id='word_1_670' title='bbox 1546 5460 1631 5511; x_wconf 88' lang='lat' dir='ltr'><strong>ea,</strong></span> <span class='ocrx_word' id='word_1_671' title='bbox 1667 5463 1773 5503; x_wconf 90' lang='lat' dir='ltr'><strong>non</strong></span> <span class='ocrx_word' id='word_1_672' title='bbox 1799 5448 2015 5502; x_wconf 87' lang='lat' dir='ltr'><strong>auditor</strong></span> 
     </span>
    </p>
   </div>
   <div class='ocr_carea' id='block_1_88' title="bbox 450 5526 2010 5608">
    <p class='ocr_par' dir='ltr' id='par_1_88' title="bbox 450 5526 2010 5608">
     <span class='ocr_line' id='line_1_88' title="bbox 450 5526 2010 5608; baseline 0.01 -31"><span class='ocrx_word' id='word_1_673' title='bbox 450 5541 475 5577; x_wconf 72' lang='grc' dir='ltr'><strong>ι</strong></span> <span class='ocrx_word' id='word_1_674' title='bbox 514 5526 806 5584; x_wconf 87' lang='lat' dir='ltr'><strong>obliviosus</strong></span> <span class='ocrx_word' id='word_1_675' title='bbox 846 5528 1038 5597; x_wconf 86' lang='lat' dir='ltr'><strong>factus,</strong></span> <span class='ocrx_word' id='word_1_676' title='bbox 1061 5527 1157 5588; x_wconf 28' lang='lat' dir='ltr'><strong>’sed</strong></span> <span class='ocrx_word' id='word_1_677' title='bbox 1189 5532 1359 5590; x_wconf 82' lang='lat' dir='ltr'><strong>factor</strong></span> <span class='ocrx_word' id='word_1_678' title='bbox 1391 5538 1590 5608; x_wconf 87' lang='lat' dir='ltr'><strong>operis,</strong></span> <span class='ocrx_word' id='word_1_679' title='bbox 1621 5539 1708 5595; x_wconf 87' lang='lat' dir='ltr'><strong>hic</strong></span> <span class='ocrx_word' id='word_1_680' title='bbox 1736 5540 1925 5595; x_wconf 80' lang='lat' dir='ltr'><strong>beatus</strong></span> <span class='ocrx_word' id='word_1_681' title='bbox 1956 5541 2010 5593; x_wconf 91' lang='lat' dir='ltr'><strong>in</strong></span> 
     </span>
    </p>
   </div>
   <div class='ocr_carea' id='block_1_89' title="bbox 449 5616 2012 5699">
    <p class='ocr_par' dir='ltr' id='par_1_89' title="bbox 449 5616 2012 5699">
     <span class='ocr_line' id='line_1_89' title="bbox 449 5616 2012 5699; baseline 0.01 -34"><span class='ocrx_word' id='word_1_682' title='bbox 449 5628 475 5665; x_wconf 68' lang='grc' dir='ltr'><em>ς</em></span> <span class='ocrx_word' id='word_1_683' title='bbox 516 5616 656 5673; x_wconf 73' lang='lat' dir='ltr'><strong>tacto</strong></span> <span class='ocrx_word' id='word_1_684' title='bbox 693 5634 789 5674; x_wconf 89' lang='lat' dir='ltr'><strong>suo</strong></span> <span class='ocrx_word' id='word_1_685' title='bbox 816 5620 938 5675; x_wconf 86' lang='lat' dir='ltr'><strong>erit.</strong></span> <span class='ocrx_word' id='word_1_686' title='bbox 976 5621 1030 5675; x_wconf 89' lang='lat' dir='ltr'><strong>Si</strong></span> <span class='ocrx_word' id='word_1_687' title='bbox 1069 5624 1187 5693; x_wconf 85' lang='lat' dir='ltr'><strong>quis</strong></span> <span class='ocrx_word' id='word_1_688' title='bbox 1225 5634 1403 5679; x_wconf 88' lang='lat' dir='ltr'><strong>autem</strong></span> <span class='ocrx_word' id='word_1_689' title='bbox 1434 5636 1587 5696; x_wconf 80' lang='lat' dir='ltr'><strong>putat</strong></span> <span class='ocrx_word' id='word_1_690' title='bbox 1624 5643 1679 5682; x_wconf 85' lang='lat' dir='ltr'><strong>se</strong></span> <span class='ocrx_word' id='word_1_691' title='bbox 1708 5629 2012 5699; x_wconf 76' lang='lat' dir='ltr'><strong>religiosum</strong></span> 
     </span>
    </p>
   </div>
   <div class='ocr_carea' id='block_1_90' title="bbox 2037 4414 2088 4473">
    <p class='ocr_par' dir='ltr' id='par_1_90' title="bbox 2037 4414 2088 4473">
     <span class='ocr_line' id='line_1_90' title="bbox 2037 4414 2088 4473; baseline 0 0"><span class='ocrx_word' id='word_1_692' title='bbox 2037 4414 2088 4473; x_wconf 88' lang='lat' dir='ltr'><strong>D</strong></span> 
     </span>
    </p>
   </div>
   <div class='ocr_carea' id='block_1_91' title="bbox 2114 3179 3456 3253">
    <p class='ocr_par' dir='ltr' id='par_1_91' title="bbox 2114 3179 3456 3253">
     <span class='ocr_line' id='line_1_91' title="bbox 2114 3179 3456 3253; baseline 0 -19"><span class='ocrx_word' id='word_1_693' title='bbox 2114 3180 2286 3235; x_wconf 82' lang='lat' dir='ltr'><strong>Filius</strong></span> <span class='ocrx_word' id='word_1_694' title='bbox 2306 3181 2617 3247; x_wconf 77' lang='lat' dir='ltr'><strong>liberaverit,</strong></span> <span class='ocrx_word' id='word_1_695' title='bbox 2648 3198 2762 3237; x_wconf 82' lang='lat' dir='ltr'><strong>rere</strong></span> <span class='ocrx_word' id='word_1_696' title='bbox 2790 3182 2942 3236; x_wconf 85' lang='lat' dir='ltr'><strong>liberi</strong></span> <span class='ocrx_word' id='word_1_697' title='bbox 2964 3182 3086 3236; x_wconf 86' lang='lat' dir='ltr'><strong>estis</strong></span> <span class='ocrx_word' id='word_1_698' title='bbox 3110 3179 3291 3253; x_wconf 82' lang='lat' dir='ltr'><strong>(Joan.</strong></span> <span class='ocrx_word' id='word_1_699' title='bbox 3315 3180 3456 3252; x_wconf 78' lang='lat' dir='ltr'><strong>vui).</strong></span> 
     </span>
    </p>
   </div>
   <div class='ocr_carea' id='block_1_92' title="bbox 2185 3273 3699 3344">
    <p class='ocr_par' dir='ltr' id='par_1_92' title="bbox 2185 3273 3699 3344">
     <span class='ocr_line' id='line_1_92' title="bbox 2185 3273 3699 3344; baseline 0.001 -17"><span class='ocrx_word' id='word_1_700' title='bbox 2185 3273 2307 3327; x_wconf 85' lang='lat' dir='ltr'><strong>Non</strong></span> <span class='ocrx_word' id='word_1_701' title='bbox 2346 3275 2555 3327; x_wconf 86' lang='lat' dir='ltr'><strong>auditor</strong></span> <span class='ocrx_word' id='word_1_702' title='bbox 2591 3273 2868 3328; x_wconf 73' lang='lat' dir='ltr'><strong>obliuiosus</strong></span> <span class='ocrx_word' id='word_1_703' title='bbox 2913 3273 3104 3343; x_wconf 76' lang='lat' dir='ltr'><strong>factas,</strong></span> <span class='ocrx_word' id='word_1_704' title='bbox 3152 3273 3241 3328; x_wconf 85' lang='lat' dir='ltr'><strong>scd</strong></span> <span class='ocrx_word' id='word_1_705' title='bbox 3287 3273 3462 3343; x_wconf 77' lang='lat' dir='ltr'><strong>{actor</strong></span> <span class='ocrx_word' id='word_1_706' title='bbox 3498 3276 3699 3344; x_wconf 79' lang='lat' dir='ltr'><strong>operis,</strong></span> 
     </span>
    </p>
   </div>
   <div class='ocr_carea' id='block_1_93' title="bbox 2111 3362 3702 3435">
    <p class='ocr_par' dir='ltr' id='par_1_93' title="bbox 2111 3362 3702 3435">
     <span class='ocr_line' id='line_1_93' title="bbox 2111 3362 3702 3435; baseline -0.001 -15"><span class='ocrx_word' id='word_1_707' title='bbox 2111 3373 2216 3421; x_wconf 85' lang='lat' dir='ltr'><strong>etc.</strong></span> <span class='ocrx_word' id='word_1_708' title='bbox 2251 3364 2366 3420; x_wconf 83' lang='lat' dir='ltr'><strong>Non</strong></span> <span class='ocrx_word' id='word_1_709' title='bbox 2402 3365 2587 3421; x_wconf 85' lang='lat' dir='ltr'><strong>auditu</strong></span> <span class='ocrx_word' id='word_1_710' title='bbox 2625 3364 2774 3419; x_wconf 85' lang='lat' dir='ltr'><strong>verbi</strong></span> <span class='ocrx_word' id='word_1_711' title='bbox 2814 3378 3168 3435; x_wconf 87' lang='lat' dir='ltr'><strong>supervacuo,</strong></span> <span class='ocrx_word' id='word_1_712' title='bbox 3199 3363 3293 3418; x_wconf 88' lang='lat' dir='ltr'><strong>sed</strong></span> <span class='ocrx_word' id='word_1_713' title='bbox 3323 3362 3507 3433; x_wconf 86' lang='lat' dir='ltr'><strong>operis</strong></span> <span class='ocrx_word' id='word_1_714' title='bbox 3535 3378 3702 3418; x_wconf 77' lang='lat' dir='ltr'><strong>exse-</strong></span> 
     </span>
    </p>
   </div>
   <div class='ocr_carea' id='block_1_94' title="bbox 2112 3454 3696 3526">
    <p class='ocr_par' dir='ltr' id='par_1_94' title="bbox 2112 3454 3696 3526">
     <span class='ocr_line' id='line_1_94' title="bbox 2112 3454 3696 3526; baseline 0 -15"><span class='ocrx_word' id='word_1_715' title='bbox 2112 3457 2328 3512; x_wconf 90' lang='lat' dir='ltr'><strong>eutione</strong></span> <span class='ocrx_word' id='word_1_716' title='bbox 2362 3456 2638 3512; x_wconf 88' lang='lat' dir='ltr'><strong>beatitudo</strong></span> <span class='ocrx_word' id='word_1_717' title='bbox 2672 3464 3025 3526; x_wconf 71' lang='lat' dir='ltr'><strong>prmparatur,</strong></span> <span class='ocrx_word' id='word_1_718' title='bbox 3060 3456 3201 3510; x_wconf 91' lang='lat' dir='ltr'><strong>sicut</strong></span> <span class='ocrx_word' id='word_1_719' title='bbox 3236 3463 3290 3510; x_wconf 91' lang='lat' dir='ltr'><strong>et</strong></span> <span class='ocrx_word' id='word_1_720' title='bbox 3312 3454 3579 3510; x_wconf 88' lang='lat' dir='ltr'><strong>Dominus</strong></span> <span class='ocrx_word' id='word_1_721' title='bbox 3610 3456 3696 3511; x_wconf 84' lang='lat' dir='ltr'><strong>lo-</strong></span> 
     </span>
    </p>
   </div>
   <div class='ocr_carea' id='block_1_95' title="bbox 2113 3545 3703 3618">
    <p class='ocr_par' dir='ltr' id='par_1_95' title="bbox 2113 3545 3703 3618">
     <span class='ocr_line' id='line_1_95' title="bbox 2113 3545 3703 3618; baseline -0.001 -16"><span class='ocrx_word' id='word_1_722' title='bbox 2113 3562 2281 3618; x_wconf 89' lang='lat' dir='ltr'><strong>quens</strong></span> <span class='ocrx_word' id='word_1_723' title='bbox 2323 3548 2388 3602; x_wconf 85' lang='lat' dir='ltr'><strong>ad</strong></span> <span class='ocrx_word' id='word_1_724' title='bbox 2426 3545 2715 3615; x_wconf 84' lang='lat' dir='ltr'><strong>discipulos</strong></span> <span class='ocrx_word' id='word_1_725' title='bbox 2751 3565 2768 3600; x_wconf 86' lang='lat'><strong>:</strong></span> <span class='ocrx_word' id='word_1_726' title='bbox 2821 3545 2879 3602; x_wconf 88' lang='lat' dir='ltr'><strong>Si</strong></span> <span class='ocrx_word' id='word_1_727' title='bbox 2906 3553 3088 3601; x_wconf 84' lang='lat' dir='ltr'><strong>autem</strong></span> <span class='ocrx_word' id='word_1_728' title='bbox 3138 3546 3308 3608; x_wconf 84' lang='lat' dir='ltr'><strong>scitis,</strong></span> <span class='ocrx_word' id='word_1_729' title='bbox 3351 3545 3488 3599; x_wconf 84' lang='lat' dir='ltr'><strong>beati</strong></span> <span class='ocrx_word' id='word_1_730' title='bbox 3525 3548 3703 3609; x_wconf 84' lang='lat' dir='ltr'><strong>eritis,</strong></span> 
     </span>
    </p>
   </div>
   <div class='ocr_carea' id='block_1_96' title="bbox 2114 3636 3100 3708">
    <p class='ocr_par' dir='ltr' id='par_1_96' title="bbox 2114 3636 3100 3708">
     <span class='ocr_line' id='line_1_96' title="bbox 2114 3636 3100 3708; baseline -0.003 -16"><span class='ocrx_word' id='word_1_731' title='bbox 2114 3638 2307 3707; x_wconf 90' lang='lat' dir='ltr'><strong>inquit,</strong></span> <span class='ocrx_word' id='word_1_732' title='bbox 2340 3638 2386 3693; x_wconf 85' lang='lat' dir='ltr'><strong>si</strong></span> <span class='ocrx_word' id='word_1_733' title='bbox 2411 3637 2636 3707; x_wconf 80' lang='lat' dir='ltr'><strong>feceritis</strong></span> <span class='ocrx_word' id='word_1_734' title='bbox 2659 3653 2721 3691; x_wconf 87' lang='lat' dir='ltr'><strong>ea</strong></span> <span class='ocrx_word' id='word_1_735' title='bbox 2743 3636 2927 3708; x_wconf 80' lang='lat' dir='ltr'><strong>(Joan.</strong></span> <span class='ocrx_word' id='word_1_736' title='bbox 2956 3636 3100 3707; x_wconf 81' lang='lat' dir='ltr'><strong>xm).</strong></span> 
     </span>
    </p>
   </div>
   <div class='ocr_carea' id='block_1_97' title="bbox 2183 3726 3705 3801">
    <p class='ocr_par' dir='ltr' id='par_1_97' title="bbox 2183 3726 3705 3801">
     <span class='ocr_line' id='line_1_97' title="bbox 2183 3726 3705 3801; baseline -0.003 -18"><span class='ocrx_word' id='word_1_737' title='bbox 2183 3728 2241 3783; x_wconf 89' lang='lat' dir='ltr'><strong>Si</strong></span> <span class='ocrx_word' id='word_1_738' title='bbox 2277 3730 2394 3801; x_wconf 83' lang='lat' dir='ltr'><strong>quis</strong></span> <span class='ocrx_word' id='word_1_739' title='bbox 2429 3738 2601 3782; x_wconf 86' lang='lat' dir='ltr'><strong>autem</strong></span> <span class='ocrx_word' id='word_1_740' title='bbox 2636 3736 2786 3798; x_wconf 85' lang='lat' dir='ltr'><strong>putat</strong></span> <span class='ocrx_word' id='word_1_741' title='bbox 2820 3743 2874 3780; x_wconf 87' lang='lat' dir='ltr'><strong>se</strong></span> <span class='ocrx_word' id='word_1_742' title='bbox 2905 3726 3201 3797; x_wconf 83' lang='lat' dir='ltr'><strong>religiosum</strong></span> <span class='ocrx_word' id='word_1_743' title='bbox 3238 3742 3369 3789; x_wconf 88' lang='lat' dir='ltr'><strong>esse,</strong></span> <span class='ocrx_word' id='word_1_744' title='bbox 3397 3741 3500 3779; x_wconf 84' lang='lat' dir='ltr'><strong>non</strong></span> <span class='ocrx_word' id='word_1_745' title='bbox 3538 3726 3705 3795; x_wconf 76' lang='lat' dir='ltr'><strong>refre-</strong></span> 
     </span>
    </p>
   </div>
   <div class='ocr_carea' id='block_1_98' title="bbox 2113 3815 3706 3888">
    <p class='ocr_par' dir='ltr' id='par_1_98' title="bbox 2113 3815 3706 3888">
     <span class='ocr_line' id='line_1_98' title="bbox 2113 3815 3706 3888; baseline -0.003 -15"><span class='ocrx_word' id='word_1_746' title='bbox 2113 3834 2245 3874; x_wconf 79' lang='lat' dir='ltr'><strong>uans</strong></span> <span class='ocrx_word' id='word_1_747' title='bbox 2287 3818 2521 3888; x_wconf 79' lang='lat' dir='ltr'><strong>linguam</strong></span> <span class='ocrx_word' id='word_1_748' title='bbox 2560 3834 2734 3880; x_wconf 87' lang='lat' dir='ltr'><strong>suam,</strong></span> <span class='ocrx_word' id='word_1_749' title='bbox 2776 3824 2881 3871; x_wconf 89' lang='lat' dir='ltr'><strong>etc.</strong></span> <span class='ocrx_word' id='word_1_750' title='bbox 2933 3815 3214 3871; x_wconf 76' lang='lat' dir='ltr'><strong>Monuerat</strong></span> <span class='ocrx_word' id='word_1_751' title='bbox 3262 3831 3420 3886; x_wconf 89' lang='lat' dir='ltr'><strong>supra</strong></span> <span class='ocrx_word' id='word_1_752' title='bbox 3472 3816 3706 3869; x_wconf 82' lang='lat' dir='ltr'><strong>verbum</strong></span> 
     </span>
    </p>
   </div>
   <div class='ocr_carea' id='block_1_99' title="bbox 2114 3904 3703 3972">
    <p class='ocr_par' dir='ltr' id='par_1_99' title="bbox 2114 3904 3703 3972">
     <span class='ocr_line' id='line_1_99' title="bbox 2114 3904 3703 3972; baseline -0.002 -9"><span class='ocrx_word' id='word_1_753' title='bbox 2114 3907 2209 3963; x_wconf 89' lang='lat' dir='ltr'><strong>Dei</strong></span> <span class='ocrx_word' id='word_1_754' title='bbox 2248 3922 2353 3962; x_wconf 91' lang='lat' dir='ltr'><strong>non</strong></span> <span class='ocrx_word' id='word_1_755' title='bbox 2395 3906 2567 3962; x_wconf 91' lang='lat' dir='ltr'><strong>solum</strong></span> <span class='ocrx_word' id='word_1_756' title='bbox 2605 3907 2814 3970; x_wconf 83' lang='lat' dir='ltr'><strong>audire,</strong></span> <span class='ocrx_word' id='word_1_757' title='bbox 2853 3906 2949 3961; x_wconf 91' lang='lat' dir='ltr'><strong>sed</strong></span> <span class='ocrx_word' id='word_1_758' title='bbox 2984 3904 3276 3972; x_wconf 81' lang='lat' dir='ltr'><strong>etfacere;</strong></span> <span class='ocrx_word' id='word_1_759' title='bbox 3324 3921 3467 3959; x_wconf 85' lang='lat' dir='ltr'><strong>nunc</strong></span> <span class='ocrx_word' id='word_1_760' title='bbox 3507 3905 3703 3959; x_wconf 79' lang='lat' dir='ltr'><strong>addit:</strong></span> 
     </span>
    </p>
   </div>
   <div class='ocr_carea' id='block_1_100' title="bbox 2112 3992 3706 4066">
    <p class='ocr_par' dir='ltr' id='par_1_100' title="bbox 2112 3992 3706 4066">
     <span class='ocr_line' id='line_1_100' title="bbox 2112 3992 3706 4066; baseline -0.003 -14"><span class='ocrx_word' id='word_1_761' title='bbox 2112 3998 2239 4066; x_wconf 86' lang='lat' dir='ltr'><strong>quia</strong></span> <span class='ocrx_word' id='word_1_762' title='bbox 2275 4005 2330 4051; x_wconf 89' lang='lat' dir='ltr'><strong>et</strong></span> <span class='ocrx_word' id='word_1_763' title='bbox 2369 3996 2413 4051; x_wconf 87' lang='lat' dir='ltr'><strong>si</strong></span> <span class='ocrx_word' id='word_1_764' title='bbox 2445 3995 2696 4050; x_wconf 87' lang='lat' dir='ltr'><strong>mandata</strong></span> <span class='ocrx_word' id='word_1_765' title='bbox 2734 3996 2859 4065; x_wconf 87' lang='lat' dir='ltr'><strong>quis</strong></span> <span class='ocrx_word' id='word_1_766' title='bbox 2881 3994 3111 4058; x_wconf 87' lang='lat' dir='ltr'><strong>Domini,</strong></span> <span class='ocrx_word' id='word_1_767' title='bbox 3139 4009 3261 4064; x_wconf 71' lang='lat' dir='ltr'><strong>qua:</strong></span> <span class='ocrx_word' id='word_1_768' title='bbox 3301 3994 3506 4055; x_wconf 82' lang='lat' dir='ltr'><strong>didicit,</strong></span> <span class='ocrx_word' id='word_1_769' title='bbox 3540 3992 3706 4048; x_wconf 80' lang='lat' dir='ltr'><strong>factis</strong></span> 
     </span>
    </p>
   </div>
   <div class='ocr_carea' id='block_1_101' title="bbox 2112 4083 3704 4155">
    <p class='ocr_par' dir='ltr' id='par_1_101' title="bbox 2112 4083 3704 4155">
     <span class='ocr_line' id='line_1_101' title="bbox 2112 4083 3704 4155; baseline -0.004 -14"><span class='ocrx_word' id='word_1_770' title='bbox 2112 4100 2367 4142; x_wconf 75' lang='lat' dir='ltr'><strong>exercere</strong></span> <span class='ocrx_word' id='word_1_771' title='bbox 2391 4084 2626 4148; x_wconf 88' lang='lat' dir='ltr'><strong>videtur,</strong></span> <span class='ocrx_word' id='word_1_772' title='bbox 2658 4085 2702 4139; x_wconf 92' lang='lat' dir='ltr'><strong>si</strong></span> <span class='ocrx_word' id='word_1_773' title='bbox 2732 4099 2840 4139; x_wconf 85' lang='lat' dir='ltr'><strong>non</strong></span> <span class='ocrx_word' id='word_1_774' title='bbox 2867 4085 3031 4140; x_wconf 88' lang='lat' dir='ltr'><strong>etiam</strong></span> <span class='ocrx_word' id='word_1_775' title='bbox 3062 4084 3300 4155; x_wconf 83' lang='lat' dir='ltr'><strong>linguam</strong></span> <span class='ocrx_word' id='word_1_776' title='bbox 3336 4099 3367 4138; x_wconf 88' lang='lat' dir='ltr'><strong>a</strong></span> <span class='ocrx_word' id='word_1_777' title='bbox 3399 4083 3704 4138; x_wconf 78' lang='lat' dir='ltr'><strong>detractio-</strong></span> 
     </span>
    </p>
   </div>
   <div class='ocr_carea' id='block_1_102' title="bbox 2114 4173 3708 4244">
    <p class='ocr_par' dir='ltr' id='par_1_102' title="bbox 2114 4173 3708 4244">
     <span class='ocr_line' id='line_1_102' title="bbox 2114 4173 3708 4244; baseline -0.002 -14"><span class='ocrx_word' id='word_1_778' title='bbox 2114 4176 2293 4240; x_wconf 87' lang='lat' dir='ltr'><strong>nibus,</strong></span> <span class='ocrx_word' id='word_1_779' title='bbox 2324 4174 2639 4238; x_wconf 68' lang='lat' dir='ltr'><strong>mendaciis,</strong></span> <span class='ocrx_word' id='word_1_780' title='bbox 2668 4173 3038 4244; x_wconf 86' lang='lat' dir='ltr'><strong>blasphemiis,</strong></span> <span class='ocrx_word' id='word_1_781' title='bbox 3072 4173 3443 4244; x_wconf 87' lang='lat' dir='ltr'><strong>stultiloquiis,</strong></span> <span class='ocrx_word' id='word_1_782' title='bbox 3474 4175 3543 4228; x_wconf 86' lang='lat' dir='ltr'><strong>ab</strong></span> <span class='ocrx_word' id='word_1_783' title='bbox 3582 4174 3708 4243; x_wconf 85' lang='lat' dir='ltr'><strong>ipso</strong></span> 
     </span>
    </p>
   </div>
   <div class='ocr_carea' id='block_1_103' title="bbox 2113 4264 3705 4335">
    <p class='ocr_par' dir='ltr' id='par_1_103' title="bbox 2113 4264 3705 4335">
     <span class='ocr_line' id='line_1_103' title="bbox 2113 4264 3705 4335; baseline -0.003 -14"><span class='ocrx_word' id='word_1_784' title='bbox 2113 4266 2277 4321; x_wconf 85' lang='lat' dir='ltr'><strong>etiam</strong></span> <span class='ocrx_word' id='word_1_785' title='bbox 2327 4265 2688 4334; x_wconf 89' lang='lat' dir='ltr'><strong>multiloquio,</strong></span> <span class='ocrx_word' id='word_1_786' title='bbox 2726 4264 3067 4335; x_wconf 62' lang='lat' dir='ltr'><strong>ueterisque,</strong></span> <span class='ocrx_word' id='word_1_787' title='bbox 3107 4264 3306 4334; x_wconf 87' lang='lat' dir='ltr'><strong>quibus</strong></span> <span class='ocrx_word' id='word_1_788' title='bbox 3340 4277 3568 4334; x_wconf 86' lang='lat' dir='ltr'><strong>peccare</strong></span> <span class='ocrx_word' id='word_1_789' title='bbox 3594 4278 3705 4317; x_wconf 60' lang='grc' dir='ltr'>κεσ-</span> 
     </span>
    </p>
   </div>
   <div class='ocr_carea' id='block_1_104' title="bbox 2114 4352 3701 4424">
    <p class='ocr_par' dir='ltr' id='par_1_104' title="bbox 2114 4352 3701 4424">
     <span class='ocr_line' id='line_1_104' title="bbox 2114 4352 3701 4424; baseline -0.003 -13"><span class='ocrx_word' id='word_1_790' title='bbox 2114 4357 2209 4421; x_wconf 85' lang='lat' dir='ltr'><strong>let,</strong></span> <span class='ocrx_word' id='word_1_791' title='bbox 2236 4354 2608 4415; x_wconf 81' lang='lat' dir='ltr'><strong>refrenaverit.</strong></span> <span class='ocrx_word' id='word_1_792' title='bbox 2632 4353 2835 4411; x_wconf 82' lang='lat' dir='ltr'><strong>frustra</strong></span> <span class='ocrx_word' id='word_1_793' title='bbox 2857 4370 2916 4410; x_wconf 88' lang='lat' dir='ltr'><strong>se</strong></span> <span class='ocrx_word' id='word_1_794' title='bbox 2937 4355 3004 4409; x_wconf 88' lang='lat' dir='ltr'><strong>de</strong></span> <span class='ocrx_word' id='word_1_795' title='bbox 3029 4369 3253 4424; x_wconf 89' lang='lat' dir='ltr'><strong>operum</strong></span> <span class='ocrx_word' id='word_1_796' title='bbox 3271 4352 3482 4422; x_wconf 75' lang='lat' dir='ltr'><strong>iustitia</strong></span> <span class='ocrx_word' id='word_1_797' title='bbox 3503 4352 3701 4422; x_wconf 76' lang='lat' dir='ltr'><strong>jactct.</strong></span> 
     </span>
    </p>
   </div>
   <div class='ocr_carea' id='block_1_105' title="bbox 2115 4442 3702 4513">
    <p class='ocr_par' dir='ltr' id='par_1_105' title="bbox 2115 4442 3702 4513">
     <span class='ocr_line' id='line_1_105' title="bbox 2115 4442 3702 4513; baseline -0.003 -14"><span class='ocrx_word' id='word_1_798' title='bbox 2115 4444 2266 4499; x_wconf 89' lang='lat' dir='ltr'><strong>Sicut</strong></span> <span class='ocrx_word' id='word_1_799' title='bbox 2297 4452 2353 4498; x_wconf 91' lang='lat' dir='ltr'><strong>et</strong></span> <span class='ocrx_word' id='word_1_800' title='bbox 2382 4442 2579 4497; x_wconf 87' lang='lat' dir='ltr'><strong>Paulus</strong></span> <span class='ocrx_word' id='word_1_801' title='bbox 2611 4442 2880 4513; x_wconf 81' lang='lat' dir='ltr'><strong>generalis</strong></span> <span class='ocrx_word' id='word_1_802' title='bbox 2916 4451 3090 4511; x_wconf 74' lang='lat' dir='ltr'><strong>poeta:</strong></span> <span class='ocrx_word' id='word_1_803' title='bbox 3131 4442 3460 4498; x_wconf 83' lang='lat' dir='ltr'><strong>sententiam</strong></span> <span class='ocrx_word' id='word_1_804' title='bbox 3494 4456 3702 4510; x_wconf 82' lang='lat' dir='ltr'><strong>appro-</strong></span> 
     </span>
    </p>
   </div>
   <div class='ocr_carea' id='block_1_106' title="bbox 2114 4530 3703 4604">
    <p class='ocr_par' dir='ltr' id='par_1_106' title="bbox 2114 4530 3703 4604">
     <span class='ocr_line' id='line_1_106' title="bbox 2114 4530 3703 4604; baseline -0.001 -16"><span class='ocrx_word' id='word_1_805' title='bbox 2114 4534 2268 4598; x_wconf 88' lang='lat' dir='ltr'><strong>bans,</strong></span> <span class='ocrx_word' id='word_1_806' title='bbox 2306 4533 2422 4588; x_wconf 88' lang='lat' dir='ltr'><strong>ait:</strong></span> <span class='ocrx_word' id='word_1_807' title='bbox 2454 4530 2805 4603; x_wconf 80' lang='lat' dir='ltr'><strong>Corrumpunt</strong></span> <span class='ocrx_word' id='word_1_808' title='bbox 2844 4536 3012 4588; x_wconf 66' lang='lat' dir='ltr'><strong>utarei</strong></span> <span class='ocrx_word' id='word_1_809' title='bbox 3043 4534 3204 4588; x_wconf 81' lang='lat' dir='ltr'><strong>bonos</strong></span> <span class='ocrx_word' id='word_1_810' title='bbox 3253 4533 3515 4604; x_wconf 75' lang='lat' dir='ltr'><strong>colloquia</strong></span> <span class='ocrx_word' id='word_1_811' title='bbox 3554 4533 3703 4587; x_wconf 85' lang='lat' dir='ltr'><strong>mala</strong></span> 
     </span>
    </p>
   </div>
   <div class='ocr_carea' id='block_1_107' title="bbox 2117 4620 2457 4693">
    <p class='ocr_par' dir='ltr' id='par_1_107' title="bbox 2117 4620 2457 4693">
     <span class='ocr_line' id='line_1_107' title="bbox 2117 4620 2457 4693; baseline -0.003 -19"><span class='ocrx_word' id='word_1_812' title='bbox 2117 4621 2166 4693; x_wconf 85' lang='lat' dir='ltr'><strong>(I</strong></span> <span class='ocrx_word' id='word_1_813' title='bbox 2190 4620 2314 4676; x_wconf 84' lang='lat' dir='ltr'><strong>Cor.</strong></span> <span class='ocrx_word' id='word_1_814' title='bbox 2340 4620 2457 4693; x_wconf 81' lang='lat' dir='ltr'><strong>xv).</strong></span> 
     </span>
    </p>
   </div>
   <div class='ocr_carea' id='block_1_108' title="bbox 2187 4708 3702 4781">
    <p class='ocr_par' dir='ltr' id='par_1_108' title="bbox 2187 4708 3702 4781">
     <span class='ocr_line' id='line_1_108' title="bbox 2187 4708 3702 4781; baseline 0 -19"><span class='ocrx_word' id='word_1_815' title='bbox 2187 4708 2391 4779; x_wconf 85' lang='lat' dir='ltr'><strong>Religio</strong></span> <span class='ocrx_word' id='word_1_816' title='bbox 2421 4710 2617 4764; x_wconf 85' lang='lat' dir='ltr'><strong>munda</strong></span> <span class='ocrx_word' id='word_1_817' title='bbox 2651 4720 2698 4764; x_wconf 86' lang='lat' dir='ltr'><strong>et</strong></span> <span class='ocrx_word' id='word_1_818' title='bbox 2730 4710 3096 4776; x_wconf 83' lang='lat' dir='ltr'><strong>immaculata,</strong></span> <span class='ocrx_word' id='word_1_819' title='bbox 3128 4711 3270 4781; x_wconf 79' lang='lat' dir='ltr'><strong>apud</strong></span> <span class='ocrx_word' id='word_1_820' title='bbox 3302 4709 3470 4765; x_wconf 86' lang='lat' dir='ltr'><strong>Deum</strong></span> <span class='ocrx_word' id='word_1_821' title='bbox 3508 4720 3558 4763; x_wconf 89' lang='lat' dir='ltr'><strong>et</strong></span> <span class='ocrx_word' id='word_1_822' title='bbox 3591 4709 3702 4763; x_wconf 84' lang='lat' dir='ltr'><strong>Pa-</strong></span> 
     </span>
    </p>
   </div>
   <div class='ocr_carea' id='block_1_109' title="bbox 2116 4794 3703 4871">
    <p class='ocr_par' dir='ltr' id='par_1_109' title="bbox 2116 4794 3703 4871">
     <span class='ocr_line' id='line_1_109' title="bbox 2116 4794 3703 4871; baseline -0.001 -19"><span class='ocrx_word' id='word_1_823' title='bbox 2116 4809 2242 4852; x_wconf 89' lang='lat' dir='ltr'><strong>trem</strong></span> <span class='ocrx_word' id='word_1_824' title='bbox 2265 4794 2495 4854; x_wconf 41' lang='lat' dir='ltr'><strong>Ittec&#39;est.</strong></span> <span class='ocrx_word' id='word_1_825' title='bbox 2522 4800 2750 4856; x_wconf 86' lang='lat' dir='ltr'><strong>Pulchre</strong></span> <span class='ocrx_word' id='word_1_826' title='bbox 2779 4800 3004 4865; x_wconf 86' lang='lat' dir='ltr'><strong>addidit,</strong></span> <span class='ocrx_word' id='word_1_827' title='bbox 3031 4800 3172 4871; x_wconf 82' lang='lat' dir='ltr'><strong>apud</strong></span> <span class='ocrx_word' id='word_1_828' title='bbox 3195 4800 3362 4854; x_wconf 83' lang='lat' dir='ltr'><strong>Deum</strong></span> <span class='ocrx_word' id='word_1_829' title='bbox 3386 4810 3434 4853; x_wconf 89' lang='lat' dir='ltr'><strong>et</strong></span> <span class='ocrx_word' id='word_1_830' title='bbox 3456 4797 3703 4861; x_wconf 85' lang='lat' dir='ltr'><strong>Patrem,</strong></span> 
     </span>
    </p>
   </div>
   <div class='ocr_carea' id='block_1_110' title="bbox 2118 4891 3702 4963">
    <p class='ocr_par' dir='ltr' id='par_1_110' title="bbox 2118 4891 3702 4963">
     <span class='ocr_line' id='line_1_110' title="bbox 2118 4891 3702 4963; baseline 0.001 -20"><span class='ocrx_word' id='word_1_831' title='bbox 2118 4891 2243 4959; x_wconf 88' lang='lat' dir='ltr'><strong>quia</strong></span> <span class='ocrx_word' id='word_1_832' title='bbox 2276 4899 2402 4945; x_wconf 91' lang='lat' dir='ltr'><strong>sunt</strong></span> <span class='ocrx_word' id='word_1_833' title='bbox 2438 4892 2531 4961; x_wconf 85' lang='lat' dir='ltr'><strong>qui</strong></span> <span class='ocrx_word' id='word_1_834' title='bbox 2568 4891 2873 4947; x_wconf 87' lang='lat' dir='ltr'><strong>hominibus</strong></span> <span class='ocrx_word' id='word_1_835' title='bbox 2917 4891 3151 4963; x_wconf 76' lang='lat' dir='ltr'><strong>religiosi</strong></span> <span class='ocrx_word' id='word_1_836' title='bbox 3190 4891 3462 4955; x_wconf 88' lang='lat' dir='ltr'><strong>videntur,</strong></span> <span class='ocrx_word' id='word_1_837' title='bbox 3506 4907 3633 4945; x_wconf 88' lang='lat' dir='ltr'><strong>cum</strong></span> <span class='ocrx_word' id='word_1_838' title='bbox 3670 4908 3702 4945; x_wconf 88' lang='lat' dir='ltr'><strong>a</strong></span> 
     </span>
    </p>
   </div>
   <div class='ocr_carea' id='block_1_111' title="bbox 2118 4982 3702 5054">
    <p class='ocr_par' dir='ltr' id='par_1_111' title="bbox 2118 4982 3702 5054">
     <span class='ocr_line' id='line_1_111' title="bbox 2118 4982 3702 5054; baseline 0 -18"><span class='ocrx_word' id='word_1_839' title='bbox 2118 4982 2229 5037; x_wconf 90' lang='lat' dir='ltr'><strong>Deo</strong></span> <span class='ocrx_word' id='word_1_840' title='bbox 2253 4982 2521 5037; x_wconf 88' lang='lat' dir='ltr'><strong>habentur</strong></span> <span class='ocrx_word' id='word_1_841' title='bbox 2544 4983 2777 5054; x_wconf 81' lang='lat' dir='ltr'><strong>profani.</strong></span> <span class='ocrx_word' id='word_1_842' title='bbox 2807 4983 2955 5039; x_wconf 89' lang='lat' dir='ltr'><strong>Unde</strong></span> <span class='ocrx_word' id='word_1_843' title='bbox 2980 4993 3035 5038; x_wconf 93' lang='lat' dir='ltr'><strong>et</strong></span> <span class='ocrx_word' id='word_1_844' title='bbox 3070 4982 3327 5039; x_wconf 88' lang='lat' dir='ltr'><strong>Salomon</strong></span> <span class='ocrx_word' id='word_1_845' title='bbox 3356 4984 3432 5038; x_wconf 90' lang='lat' dir='ltr'><strong>ait</strong></span> <span class='ocrx_word' id='word_1_846' title='bbox 3457 5001 3470 5037; x_wconf 90' lang='lat'><strong>:</strong></span> <span class='ocrx_word' id='word_1_847' title='bbox 3497 4984 3594 5038; x_wconf 83' lang='lat' dir='ltr'><strong>Est</strong></span> <span class='ocrx_word' id='word_1_848' title='bbox 3615 4985 3702 5037; x_wconf 77' lang='lat' dir='ltr'><strong>ria</strong></span> 
     </span>
    </p>
   </div>
   <div class='ocr_carea' id='block_1_112' title="bbox 2119 5073 3702 5144">
    <p class='ocr_par' dir='ltr' id='par_1_112' title="bbox 2119 5073 3702 5144">
     <span class='ocr_line' id='line_1_112' title="bbox 2119 5073 3702 5144; baseline 0.002 -18"><span class='ocrx_word' id='word_1_849' title='bbox 2119 5089 2236 5144; x_wconf 63' lang='lat' dir='ltr'><strong>qua:</strong></span> <span class='ocrx_word' id='word_1_850' title='bbox 2266 5073 2468 5128; x_wconf 80' lang='lat' dir='ltr'><strong>videtur</strong></span> <span class='ocrx_word' id='word_1_851' title='bbox 2497 5075 2696 5129; x_wconf 83' lang='lat' dir='ltr'><strong>homini</strong></span> <span class='ocrx_word' id='word_1_852' title='bbox 2728 5075 2890 5142; x_wconf 81' lang='lat' dir='ltr'><strong>iusta,</strong></span> <span class='ocrx_word' id='word_1_853' title='bbox 2930 5076 3207 5129; x_wconf 82' lang='lat' dir='ltr'><strong>novissima</strong></span> <span class='ocrx_word' id='word_1_854' title='bbox 3243 5085 3417 5129; x_wconf 86' lang='lat' dir='ltr'><strong>autem</strong></span> <span class='ocrx_word' id='word_1_855' title='bbox 3455 5075 3572 5144; x_wconf 82' lang='lat' dir='ltr'><strong>ejus</strong></span> <span class='ocrx_word' id='word_1_856' title='bbox 3602 5075 3702 5129; x_wconf 77' lang='lat' dir='ltr'><strong>dc-</strong></span> 
     </span>
    </p>
   </div>
   <div class='ocr_carea' id='block_1_113' title="bbox 2118 5162 3027 5236">
    <p class='ocr_par' dir='ltr' id='par_1_113' title="bbox 2118 5162 3027 5236">
     <span class='ocr_line' id='line_1_113' title="bbox 2118 5162 3027 5236; baseline 0.001 -20"><span class='ocrx_word' id='word_1_857' title='bbox 2118 5164 2314 5217; x_wconf 85' lang='lat' dir='ltr'><strong>ducunt</strong></span> <span class='ocrx_word' id='word_1_858' title='bbox 2346 5164 2414 5217; x_wconf 80' lang='lat' dir='ltr'><strong>ad</strong></span> <span class='ocrx_word' id='word_1_859' title='bbox 2438 5173 2653 5218; x_wconf 86' lang='lat' dir='ltr'><strong>mortem</strong></span> <span class='ocrx_word' id='word_1_860' title='bbox 2684 5162 2865 5236; x_wconf 82' lang='lat' dir='ltr'><strong>(Prov.</strong></span> <span class='ocrx_word' id='word_1_861' title='bbox 2891 5163 3027 5233; x_wconf 70' lang='lat' dir='ltr'><strong>xxv).</strong></span> 
     </span>
    </p>
   </div>
   <div class='ocr_carea' id='block_1_114' title="bbox 2203 5271 3702 5343">
    <p class='ocr_par' dir='ltr' id='par_1_114' title="bbox 2203 5271 3702 5343">
     <span class='ocr_line' id='line_1_114' title="bbox 2203 5271 3702 5343; baseline 0.001 -19"><span class='ocrx_word' id='word_1_862' title='bbox 2203 5271 2420 5333; x_wconf 65' lang='lat' dir='ltr'><strong>l’isitttre</strong></span> <span class='ocrx_word' id='word_1_863' title='bbox 2451 5272 2674 5343; x_wconf 85' lang='lat' dir='ltr'><strong>pupillos</strong></span> <span class='ocrx_word' id='word_1_864' title='bbox 2711 5283 2761 5326; x_wconf 88' lang='lat' dir='ltr'><strong>et</strong></span> <span class='ocrx_word' id='word_1_865' title='bbox 2797 5273 2977 5327; x_wconf 83' lang='lat' dir='ltr'><strong>viduas</strong></span> <span class='ocrx_word' id='word_1_866' title='bbox 3013 5275 3070 5328; x_wconf 88' lang='lat' dir='ltr'><strong>in</strong></span> <span class='ocrx_word' id='word_1_867' title='bbox 3112 5274 3445 5329; x_wconf 86' lang='lat' dir='ltr'><strong>tribulatione</strong></span> <span class='ocrx_word' id='word_1_868' title='bbox 3486 5288 3702 5335; x_wconf 76' lang='lat' dir='ltr'><strong>eorum,</strong></span> 
     </span>
    </p>
   </div>
   <div class='ocr_carea' id='block_1_115' title="bbox 2110 5362 3710 5447">
    <p class='ocr_par' dir='ltr' id='par_1_115' title="bbox 2110 5362 3710 5447">
     <span class='ocr_line' id='line_1_115' title="bbox 2110 5362 3710 5447; baseline -0.002 -29"><span class='ocrx_word' id='word_1_869' title='bbox 2110 5373 2158 5418; x_wconf 75' lang='lat' dir='ltr'><strong>et</strong></span> <span class='ocrx_word' id='word_1_870' title='bbox 2189 5363 2583 5417; x_wconf 83' lang='lat' dir='ltr'><strong>immaculatum</strong></span> <span class='ocrx_word' id='word_1_871' title='bbox 2629 5380 2682 5418; x_wconf 86' lang='lat' dir='ltr'><strong>se</strong></span> <span class='ocrx_word' id='word_1_872' title='bbox 2722 5364 2983 5419; x_wconf 78' lang='lat' dir='ltr'><strong>custodire</strong></span> <span class='ocrx_word' id='word_1_873' title='bbox 3026 5368 3091 5419; x_wconf 91' lang='lat' dir='ltr'><strong>ab</strong></span> <span class='ocrx_word' id='word_1_874' title='bbox 3140 5366 3237 5419; x_wconf 90' lang='lat' dir='ltr'><strong>ltoc</strong></span> <span class='ocrx_word' id='word_1_875' title='bbox 3279 5364 3492 5419; x_wconf 76' lang='lat' dir='ltr'><strong>steculo.</strong></span> <span class='ocrx_word' id='word_1_876' title='bbox 3554 5362 3710 5447; x_wconf 49' lang='lat' dir='ltr'><strong>Quia</strong></span> 
     </span>
    </p>
   </div>
   <div class='ocr_carea' id='block_1_116' title="bbox 2113 5453 3703 5524">
    <p class='ocr_par' dir='ltr' id='par_1_116' title="bbox 2113 5453 3703 5524">
     <span class='ocr_line' id='line_1_116' title="bbox 2113 5453 3703 5524; baseline -0.001 -16"><span class='ocrx_word' id='word_1_877' title='bbox 2113 5454 2327 5509; x_wconf 75' lang='lat' dir='ltr'><strong>dixerat</strong></span> <span class='ocrx_word' id='word_1_878' title='bbox 2364 5454 2624 5511; x_wconf 80' lang='lat' dir='ltr'><strong>factorem</strong></span> <span class='ocrx_word' id='word_1_879' title='bbox 2663 5457 2845 5524; x_wconf 89' lang='lat' dir='ltr'><strong>operis</strong></span> <span class='ocrx_word' id='word_1_880' title='bbox 2879 5457 3095 5511; x_wconf 85' lang='lat' dir='ltr'><strong>beatum</strong></span> <span class='ocrx_word' id='word_1_881' title='bbox 3139 5457 3193 5511; x_wconf 90' lang='lat' dir='ltr'><strong>in</strong></span> <span class='ocrx_word' id='word_1_882' title='bbox 3234 5457 3377 5513; x_wconf 79' lang='lat' dir='ltr'><strong>facto</strong></span> <span class='ocrx_word' id='word_1_883' title='bbox 3420 5471 3517 5511; x_wconf 89' lang='lat' dir='ltr'><strong>suo</strong></span> <span class='ocrx_word' id='word_1_884' title='bbox 3550 5453 3703 5508; x_wconf 79' lang='lat' dir='ltr'><strong>futu-</strong></span> 
     </span>
    </p>
   </div>
   <div class='ocr_carea' id='block_1_117' title="bbox 2116 5544 3699 5617">
    <p class='ocr_par' dir='ltr' id='par_1_117' title="bbox 2116 5544 3699 5617">
     <span class='ocr_line' id='line_1_117' title="bbox 2116 5544 3699 5617; baseline 0 -21"><span class='ocrx_word' id='word_1_885' title='bbox 2116 5558 2266 5609; x_wconf 90' lang='lat' dir='ltr'><strong>rum,</strong></span> <span class='ocrx_word' id='word_1_886' title='bbox 2302 5558 2446 5599; x_wconf 89' lang='lat' dir='ltr'><strong>nunc</strong></span> <span class='ocrx_word' id='word_1_887' title='bbox 2481 5559 2601 5613; x_wconf 79' lang='lat' dir='ltr'><strong>quae</strong></span> <span class='ocrx_word' id='word_1_888' title='bbox 2637 5545 2777 5600; x_wconf 86' lang='lat' dir='ltr'><strong>facta</strong></span> <span class='ocrx_word' id='word_1_889' title='bbox 2809 5544 2917 5601; x_wconf 86' lang='lat' dir='ltr'><strong>Deo</strong></span> <span class='ocrx_word' id='word_1_890' title='bbox 2952 5547 3189 5602; x_wconf 79' lang='lat' dir='ltr'><strong>maxime</strong></span> <span class='ocrx_word' id='word_1_891' title='bbox 3226 5546 3505 5617; x_wconf 84' lang='lat' dir='ltr'><strong>placeant,</strong></span> <span class='ocrx_word' id='word_1_892' title='bbox 3536 5544 3699 5605; x_wconf 85' lang='lat' dir='ltr'><strong>dicit,</strong></span> 
     </span>
    </p>
   </div>
   <div class='ocr_carea' id='block_1_118' title="bbox 2117 5631 3703 5706">
    <p class='ocr_par' dir='ltr' id='par_1_118' title="bbox 2117 5631 3703 5706">
     <span class='ocr_line' id='line_1_118' title="bbox 2117 5631 3703 5706; baseline 0.004 -22"><span class='ocrx_word' id='word_1_893' title='bbox 2117 5631 2485 5686; x_wconf 84' lang='lat' dir='ltr'><strong>misericordia</strong></span> <span class='ocrx_word' id='word_1_894' title='bbox 2521 5633 2725 5688; x_wconf 85' lang='lat' dir='ltr'><strong>scilicet</strong></span> <span class='ocrx_word' id='word_1_895' title='bbox 2766 5644 2822 5689; x_wconf 87' lang='lat' dir='ltr'><strong>et</strong></span> <span class='ocrx_word' id='word_1_896' title='bbox 2860 5635 3185 5692; x_wconf 76' lang='lat' dir='ltr'><strong>innocentia.</strong></span> <span class='ocrx_word' id='word_1_897' title='bbox 3218 5636 3353 5705; x_wconf 79' lang='lat' dir='ltr'><strong>Nam</strong></span> <span class='ocrx_word' id='word_1_898' title='bbox 3388 5651 3509 5706; x_wconf 58' lang='lat' dir='ltr'><strong>qua!</strong></span> <span class='ocrx_word' id='word_1_899' title='bbox 3534 5634 3588 5687; x_wconf 81' lang='lat' dir='ltr'><strong>in</strong></span> <span class='ocrx_word' id='word_1_900' title='bbox 3625 5648 3703 5687; x_wconf 63' lang='lat' dir='ltr'><strong>eo</strong></span> 
     </span>
    </p>
   </div>
  </div>
