3940 6206
366 258 468 320 501

1190 270 1707 333 COLLECTIONES
1743 274 1811 331 IN
1846 275 2222 335 EPISTOLAS
2260 281 2347 337 ET
2386 282 2794 344 EVANGELIA.

3506 301 3615 358 ὅθί

360 384 510 452 quod
541 383 771 455 pupillos
807 392 862 438 et
894 384 1086 440 viduas
1123 387 1178 440 in
1214 387 1559 444 tribulatione
1591 406 1779 445 eorum
1811 392 1940 446 visi-
1968 393 2016 450 A
2042 390 2326 451 dilectione
2367 400 2634 466 succensi,
2677 415 2783 470 quo
2820 401 3110 471 perfectius
3146 410 3345 475 omnia,
3387 428 3508 483 quae
3545 418 3613 473 de

356 474 483 532 tare
504 477 691 547 jussit,
718 486 919 533 cuneta
948 492 1068 547 quae
1094 493 1220 548 erga
1247 481 1551 549 proximum
1580 483 1943 539 misericordi-

359 576 449 621 ter
473 581 635 637 agere
660 566 971 632 debeamus,
999 568 1255 623 insinuat.
1283 569 1438 636 Quod
1461 581 1722 643 quantum
1741 574 1937 637 valeat,

357 659 481 729 ipso
507 657 699 727 judicii
739 667 982 728 tempore
1016 661 1308 730 pandetur,
1332 661 1424 717 ubi
1453 664 1697 719 dicturus
1733 675 1819 720 est
1846 664 1939 733 ju-

356 753 463 808 ἀει
488 770 501 804 :
527 750 777 817 Quamdiu
807 751 1002 821 fecistis
1025 753 1118 807 uni
1147 753 1211 807 de
1239 754 1321 809 Itis
1344 755 1597 824 fratribus
1628 758 1756 812 ntcis
1786 759 1939 813 mini—

356 843 480 907 mis,
516 842 648 897 mihi
678 843 898 913 fecistis.
933 843 1105 898 Porro
1144 845 1198 898 in
1233 860 1322 911 eo,
1367 846 1511 916 quod
1563 848 1938 904 immaculatos

357 951 459 991 nos
492 936 561 990 ab
591 936 695 990 hoc
722 934 921 991 steculo
947 935 1221 992 custodire
1253 937 1530 1005 praecepit,
1570 938 1842 1003 universa,
1880 939 1936 993 in

351 1031 556 1101 quibus
593 1044 695 1084 nos
728 1029 873 1099 ipsos
906 1035 1088 1085 castos
1120 1042 1349 1084 servare
1378 1029 1552 1091 docet,
1581 1029 1834 1084 ostendit.
1877 1029 1933 1083 In

352 1122 554 1193 quibus
586 1128 714 1178 sunt
748 1129 806 1177 et
836 1135 900 1175 ea
929 1134 1050 1189 quas
1093 1133 1257 1203 supra
1297 1116 1589 1174 observare
1625 1129 1930 1181 monuerat,

352 1220 417 1266 ut
444 1212 587 1267 tardi
615 1211 685 1266 ad
718 1210 1068 1281 loquendum,
1098 1209 1239 1264 tardi
1265 1208 1437 1267 simus
1461 1211 1530 1265 ad
1561 1210 1721 1264 iram.

687 1315 1025 1356 RVANGELIUI
1062 1314 1298 1365 JOANNIS,
1337 1315 1457 1355 CAP.
1492 1314 1603 1353 XVI.

429 1410 450 1442 ε
494 1390 669 1444 Amen
689 1404 848 1444 amen
878 1388 1000 1443 dico
1018 1388 1193 1450 vobis,
1217 1388 1261 1442 si
1287 1387 1416 1458 quid
1438 1388 1704 1458 petieritis
1720 1390 1934 1446 Patrem

358 1499 380 1532 ι
423 1482 481 1536 in
508 1480 727 1535 nomine
751 1493 894 1545 meo,
931 1476 1082 1533 dabit
1100 1478 1273 1533 vobis.
1307 1477 1491 1548 Usque
1521 1480 1681 1536 modo
1709 1497 1814 1537 nou
1842 1497 1935 1552 pe-

357 1591 379 1623 ι
424 1572 569 1629 tistis
605 1571 899 1643 quidquam
940 1571 998 1625 in
1038 1570 1256 1639 nomine
1297 1586 1449 1636 meo;
1486 1575 1653 1644 petite
1691 1580 1748 1628 et
1789 1575 1933 1631 acci-

358 1681 379 1713 ι
420 1662 605 1731 pictis,
647 1670 708 1716 ut
750 1660 1004 1732 gaudium
1038 1669 1279 1717 vestrum
1315 1663 1390 1717 sit
1427 1664 1667 1732 plenum.
1712 1664 1838 1721 Haec
1879 1666 1932 1720 in

2042 485 2314 553 agnitione
2378 488 2679 546 divinitatis
2749 493 3068 551 mortalibus
3114 508 3272 554 erant
3326 505 3615 576 capienda,
3670 540 3682 552 -

2041 582 2322 642 ceperunt,
2372 592 2439 632 eo
2481 579 2760 636 ardentius
2793 583 2931 649 sola,
2957 599 3077 654 qua:
3110 590 3178 644 ad
3201 590 3321 661 ejus
3348 594 3613 655 visionem
3673 616 3677 621 '

2040 666 2450 729 promerendam
2486 666 2759 737 juvarent,
2799 680 2984 742 petere
3022 689 3088 731 ac
3111 676 3422 740 desiderare
3456 702 3610 749 cure-

2040 762 2251 807 VOI‘IIIIL

2110 844 2216 901 Illa
2245 847 2328 901 die
2356 849 2410 902 in
2438 852 2645 907 nomine
2673 870 2786 908 meo
2812 859 3015 926 petetis.
3060 859 3119 915 ld
3152 870 3256 929 est,
3285 879 3405 933 quae
3428 868 3497 925 ad
3520 882 3612 933 sa-

2039 933 2204 989 lutem
2255 941 2626 995 tantummodo
2670 944 2973 1001 animarum
3021 958 3353 1021 vestrarum,
3395 964 3452 1013 et
3491 973 3615 1030 quin

2037 1024 2105 1078 ad
2144 1026 2337 1094 gaudia
2368 1036 2567 1084 aeterna
2589 1033 2861 1100 pertinere
2882 1035 3190 1105 videantur,
3240 1051 3426 1112 petere
3469 1024 3612 1104 inci-

2035 1114 2215 1184 pictis,
2241 1124 2297 1170 et
2326 1118 2561 1173 maxime
2590 1129 2650 1175 ut
2687 1122 2996 1197 intelligetis
3029 1129 3159 1198 quid
3191 1132 3263 1187 sit
3296 1136 3441 1204 quod
3463 1137 3608 1194 dixi:

2036 1205 2151 1277 Ego
2177 1217 2227 1261 et
2252 1204 2417 1283 Pater
2443 1227 2607 1267 unum
2634 1230 2836 1283 sumus,
2863 1218 2947 1271 vel
2976 1224 3246 1290 quomodo
3268 1224 3434 1282 Peter
3458 1230 3530 1285 sit
3554 1232 3610 1286 in

2036 1310 2141 1361 tne,
2178 1306 2238 1352 et
2277 1313 2377 1370 ego
2414 1300 2467 1355 in
2495 1290 2679 1359 Patre.
2721 1304 2871 1381 Tune
2903 1308 2957 1363 in
2991 1309 3109 1381 ejus
3149 1316 3367 1373 nomine
3398 1328 3607 1389 petunt,

2034 1386 2126 1454 qui
2163 1398 2374 1456 petunt,
2416 1408 2545 1462 qma
2591 1394 2647 1449 in
2692 1411 2827 1453 sono
2873 1398 2990 1467 ejus
3029 1404 3263 1461 nominis
3301 1386 3415 1463 non
3442 1411 3610 1475 aliud,

2034 1491 2196 1567 quam
2242 1494 2358 1535 rem
2408 1483 2581 1551 ipsam
2620 1500 2764 1551 esse,
2805 1503 2925 1557 qua:
2963 1490 3067 1547 hoc
3105 1494 3323 1552 nomine
3364 1509 3608 1567 vocatur,

2034 1566 2359 1639 intelligunt.
2412 1571 2477 1627 Hi
2499 1584 3025 1656 possuut‘utcuuque
3053 1585 3297 1656 cogitare
3322 1566 3611 1649 Dominum

2036 1667 2276 1714 nostrum
2314 1642 2509 1718 Jesumi
2542 1642 2817 1722 Ghristdm
2837 1709 2852 1735 ,
2988 1642 3252 1742 quantum
3297 1642 3609 1749 hom—ones;

351 1771 376 1803 ς
421 1751 724 1822 proverbiis
780 1750 994 1806 locutus
1031 1766 1149 1808 sum
1194 1751 1367 1808 vobis.
1420 1754 1770 1822 Venit‘hora,
1802 1773 1924 1812 cum
1955 1745 2001 1803 Β
2027 1763 2127 1818 PFO
2147 1751 2668 1825 nobisinlerpellare
2683 1754 2934 1839 Patrem;
2962 1763 3018 1818 in
3045 1774 3306 1845 quantum
3337 1770 3482 1830 Deus
3500 1745 3609 1840 est;

352 1859 375 1891 ι
409 1841 523 1911 jam
574 1857 680 1897 non
728 1841 783 1896 in
831 1842 1134 1911 proverbiis
1179 1842 1370 1913 loquar
1414 1845 1590 1911 vobis,
1616 1846 1711 1901 sed
1750 1847 1928 1917 palam

348 1949 373 1983 α
420 1933 489 1987 de
505 1930 667 1988 Patre
700 1932 1034 1988 annuntiabo
1054 1934 1226 1989 vobis.
1254 1930 1349 1989 Illo
1375 1934 1459 1990 die
1479 1935 1533 1990 in
1563 1937 1780 1991 nomine
1808 1953 1928 1993 meo

351 2039 375 2071 ι
421 2023 639 2089 petatis.
702 2021 771 2076 Et
829 2036 955 2081 non,
990 2021 1113 2079 dico
1159 2024 1343 2089 vobis,
1393 2025 1519 2094 quia
1580 2042 1682 2097 ego
1728 2029 1928 2098 rogabo

349 2128 373 2160 ι
410 2113 631 2168 Patrem
663 2109 729 2166 de
758 2105 932 2167 vobis.
970 2110 1087 2183 [pse
1115 2115 1260 2168 enim
1278 2106 1441 2169 Pater
1473 2125 1620 2169 amat
1648 2132 1765 2183 vos,
1797 2119 1927 2188 quia

347 2217 371 2249 ι
420 2214 516 2253 vos
544 2215 633 2255 me
664 2196 909 2266 amastis,
949 2210 1005 2256 et
1033 2202 1360 2268 credidistis,
1399 2204 1524 2275 quia
1568 2220 1600 2259 a
1626 2204 1736 2262 Deo
1759 2206 1923 2262 exivi.

346 2308 370 2339 ι
420 2289 575 2345 Exivi
606 2288 811 2346 aPatre
835 2300 890 2346 et
908 2291 1031 2346 veni
1055 2292 1109 2347 in
1136 2293 1428 2359 mundum;
1458 2293 1654 2348 iterum
1680 2294 1926 2365 relinquo

348 2400 371 2433 ι
416 2382 698 2448 mundum,
740 2390 797 2439 et
824 2383 963 2440 vado
997 2385 1068 2441 ad
1093 2374 1332 2442 Patrem.
1374 2382 1570 2441 Dicunt
1597 2385 1647 2441 ei
1674 2385 1924 2457 discipuli

348 2490 369 2523 ι
414 2458 577 2540 ejus?
604 2472 744 2529 Ecce
793 2489 936 2530 nunc
964 2472 1143 2544 palam
1188 2474 1447 2546 loqueris,
1484 2485 1541 2532 et
1579 2476 1923 2547 proverbium

348 2580 369 2612 ι
413 2561 619 2617 nullum
660 2562 817 2618 dicis.
869 2563 1023 2621 Nunc
1056 2565 1279 2631 scimus,
1316 2567 1442 2637 quia
1481 2568 1590 2625 scis
1628 2569 1831 2634 omnia,
1869 2578 1925 2633 et

344 2671 367 2702 ι
415 2668 525 2707 non
563 2668 698 2723 opus
735 2663 818 2709 est
862 2655 980 2718 tibi,
1022 2664 1080 2710 ut
1123 2657 1244 2725 quis
1287 2667 1339 2711 te
1374 2638 1670 2731 interroget
1696 2677 1709 2712 :
1740 2659 1794 2714 in
1822 2661 1925 2716 hoc

344 2758 367 2790 ι
413 2737 704 2809 credimus,
734 2744 858 2815 quia
890 2759 920 2798 a
949 2732 1060 2801 Deo
1086 2746 1268 2801 existi.
1318 2767 1336 2798 υ

411 2834 579 2903 Arnen
607 2848 756 2890 auten
779 2836 896 2890 dico
927 2837 1090 2903 vobis,
1122 2834 1319 2910 siquid
1345 2841 1599 2910 petieritis
1630 2839 1844 2898 Patrem
1867 2845 1921 2897 in

280 2920 293 2941 ‘
336 2926 551 2980 nomine
596 2943 733 2993 meo,
773 2928 919 2983 dabit
960 2930 1123 2988 vobis.
1170 2930 1345 3003 Usque
1382 2932 1538 2987 modo
1583 2950 1685 2988 non
1720 2936 1922 3005 petistis

2015 1855 2128 1896 nos
2156 1844 2411 1900 exaudire
2437 1861 2559 1902 eum
2594 1858 2768 1928 patre,
2803 1854 2949 1921 quod
2991 1844 3131 1910 eum
3159 1858 3493 1928 signiﬁcasse
3522 1879 3612 1920 ar-
3677 1884 3685 1891 ο

2026 1932 2219 2024 liitror,
2256 1934 2345 1990 ubi
2382 1936 2457 1991 ait
2481 1955 2494 1989 :
2522 1926 2603 1991 Et.
2627 1956 2733 1994 non
2768 1941 2887 1997 dico
2925 1944 3089 2012 vobis,
3120 1926 3245 2017 quia
3284 1966 3378 2020 ego
3414 1955 3608 2024 rogabo

2029 2019 2244 2076 Patrem
2281 2024 2346 2078 de
2384 2025 2547 2080 vobis.
2608 2028 2795 2086 Potest
2833 2033 2979 2089 enim
3019 2049 3129 2090 non
3166 2019 3611 2101 inconvenientcr

2025 2113 2196 2206 accipi
2226 2116 2367 2184 quod
2392 2117 2469 2172 ait
2494 2136 2506 2172 :
2535 2118 2600 2175 Et
2629 2136 2736 2177 non
2767 2122 2891 2181 dico
2911 2126 3087 2193 vobis,
3114 2128 3240 2199 quia
3270 2145 3371 2203 ego
3405 2135 3607 2206 rogabo

2019 2202 2235 2294 Patrem
2272 2206 2339 2261 de
2367 2208 2545 2275 vobis,
2587 2212 2713 2281 quia
2758 2229 2866 2269 non
2912 2217 2978 2272 de
3018 2219 3271 2288 pmscnti
3314 2202 3607 2294 rogo,‘sed

2026 2293 2093 2348 de
2120 2293 2303 2352 futuro
2327 2301 2524 2369 posuit,
2558 2304 2770 2373 rogabo,
2799 2308 2943 2377 quod
2983 2310 3186 2366 sanctis
3223 2312 3292 2367 ad
3335 2293 3605 2373 internata

2023 2399 2213 2480 pacezn
2265 2391 2497 2461 receptis
2545 2408 2653 2449 non
2703 2410 2839 2466 opus
2881 2399 2953 2455 sit
2990 2398 3105 2470 jam
3158 2402 3362 2474 aliquid
3411 2421 3608 2480 rogare

2025 2477 2093 2532 de
2135 2478 2264 2543 illis,
2310 2482 2437 2551 quia
2483 2484 2741 2541 nimirum
2790 2497 2940 2546 tanta
2985 2492 3322 2553 beatitudine
3368 2477 3605 2557 donandi

2025 2570 2154 2637 siut,
2185 2587 2306 2642 qua:
2333 2575 2565 2646 amplior
2593 2594 2717 2636 esse
2744 2596 2849 2638 non
2875 2585 3067 2653 possit.

2094 2661 2217 2733 Ipse
2241 2664 2378 2721 enim
2399 2664 2562 2723 Pater
2583 2681 2728 2726 amat
2762 2689 2870 2740 vos,
2896 2677 3020 2746 quia
3058 2694 3146 2734 vos
3175 2697 3255 2736 me
3282 2684 3520 2751 catastis,
3553 2697 3605 2743 et

2023 2752 2340 2822 credidistis,
2361 2758 2487 2829 quia
2512 2774 2606 2830 ego
2634 2780 2667 2815 α
2689 2762 2800 2818 Deo
2832 2766 2987 2820 exivi.
3031 2768 3146 2824 Non
3183 2771 3258 2826 ita
3296 2773 3603 2846 intelligen-

2023 2847 2151 2901 dum
2197 2854 2282 2904 est
2312 2847 2461 2918 quod
2501 2850 2691 2908 dixit:
2730 2855 2854 2924 quia
2896 2872 2986 2911 vos
3030 2874 3112 2913 nte
3153 2864 3391 2927 amastis,
3444 2870 3601 2935 quasi

2023 2939 2235 3008 priores
2270 2938 2348 2995 illi
2386 2942 2622 2998 amat-int
2651 2942 2948 3012 Christum,
2988 2951 3084 3006 sed
3126 2952 3197 3007 ita
3237 2956 3439 3023 potius,
3470 2960 3599 3029 quia

330 3017 624 3086 quidquam
651 3018 706 3071 in
733 3020 940 3073 nomine
965 3037 1111 3085 meo;
1138 3024 1295 3089 petite
1322 3032 1370 3077 et
1392 3024 1677 3093 accipietis,
1706 3034 1761 3078 ut
1790 3042 1923 3095 gau-
1949 3099 1990 3118 Π
2018 3031 2177 3087 Pater
2228 3028 2349 3086 illos
2392 3032 2630 3103 gratuito
2684 3048 2868 3091 amore
2919 3017 3274 3110 prmvenerit,
3322 3017 3506 3118 atque.
3534 3054 3602 3106 ait

331 3108 484 3161 dium
516 3119 743 3163 vestrum
778 3111 844 3164 sit
873 3110 1104 3180 plenum.
1150 3112 1251 3185 (Ex
1269 3113 1456 3187 Beda.)
1487 3114 1709 3171 Duobus
1743 3116 1919 3171 modis
1947 3099 1992 3160 (ἶ
2021 3120 2313 3178 amandum
2355 3099 2792 3196 credendumque
2811 3099 3003 3186 Filium
3037 3099 3273 3192 amando
3303 3099 3601 3206 sustulerit,

334 3197 564 3268 intelligi
591 3208 798 3268 potest:
828 3200 911 3269 vel
936 3203 1059 3272 quia
1091 3220 1198 3259 non
1225 3206 1278 3260 in
1304 3206 1521 3261 nomine
1542 3221 1663 3262 meo
1685 3208 1918 3277 petistis,

332 3291 480 3358 quod
521 3306 719 3346 nomen
759 3307 868 3347 non
909 3294 1049 3350 sicut
1094 3299 1526 3368 cognoscendum
1558 3307 1644 3353 est
1670 3301 1923 3368 cognovi-

2020 3222 2076 3268 et
2106 3215 2233 3293 quia
2268 3215 2371 3286 ipsi
2410 3217 2646 3288 agnitam
2667 3216 2782 3273 Filii
2828 3222 3191 3293 dilectionem,
3231 3245 3294 3285 ac
3322 3230 3481 3288 ﬁdem
3513 3238 3604 3304 pio

2020 3314 2077 3361 et
2108 3306 2342 3363 sollicito
2380 3308 2546 3363 corde
2600 3313 2961 3379 servaverint,
3005 3314 3271 3385 maiorum
3309 3335 3405 3377 eos
3440 3325 3605 3381 donis

330 3382 457 3445 stis,
487 3383 570 3437 vel
601 3399 709 3439 non
738 3385 951 3455 petistis
979 3388 1297 3457 quidquam,
1323 3389 1578 3459 quoniam
1618 3390 1673 3444 in
1698 3404 1921 3462 eompa-
2022 3406 2258 3465 pateram
2283 3397 2588 3455 dilectionis
2612 3415 2733 3457 esse
2760 3382 3160 3475 remuneratos,
3184 3426 3323 3481 quos
3343 3428 3450 3469 una
3474 3431 3600 3471 cum

336 3473 548 3528 ratione
598 3490 783 3530 rerum
866 3490 1002 3545 quas
1052 3488 1236 3549 petere
1276 3481 1570 3547 debuistis,
1619 3497 1719 3552 pro
1752 3483 1922 3539 nihilo
1999 3486 2131 3542 Filio
2160 3498 2214 3542 et
2229 3487 2437 3557 Spiritu
2475 3494 2666 3546 sancto
2703 3502 2873 3559 amat,
2902 3509 3037 3562 quos
3074 3473 3260 3554 amore
3296 3501 3488 3572 dignos
3511 3509 3598 3576 ju~

335 3564 645 3619 habendum
674 3567 922 3638 estquod
948 3568 1181 3638 petistis.
2019 3579 2191 3648 dicat;
2213 3580 2358 3649 quod
2396 3579 2641 3648 adjunxit
2668 3600 2681 3635 :
2710 3582 2847 3648 Quia
2887 3601 2975 3639 vos
3009 3603 3089 3640 me
3125 3564 3382 3657 amastis:
3410 3564 3600 3651 eadem

409 3657 580 3712 Petito
600 3667 650 3712 et
672 3660 961 3730 accipietis,
992 3671 1045 3715 ut
1066 3662 1318 3732 gaudium
1346 3674 1570 3719 vestrum
1593 3667 1659 3719 sit
1683 3665 1914 3737 plenum.
2021 3671 2230 3726 ratione
2278 3671 2620 3727 sentiendum
2666 3682 2768 3739 est,
2799 3685 3147 3748 quapropter,
3177 3682 3486 3757 quicunque
3503 3685 3600 3743 Fi-

333 3750 412 3806 Ac
460 3751 507 3807 si
554 3759 805 3821 patenter
857 3752 1003 3809 dicat
1043 3771 1056 3806 :
1107 3752 1224 3809 Non
1273 3755 1412 3813 ﬂuxa
1462 3759 1654 3813 'szeculi
1700 3759 1916 3830 gaudia,
2018 3761 2150 3815 lium
2189 3770 2336 3817 recte
2370 3763 2555 3829 habet,
2590 3764 2732 3821 hunc
2765 3781 2886 3821 cum
2910 3766 3070 3825 Patre
3099 3750 3601 3844 “Spiritu-sancto

333 3857 454 3912 quae
497 3850 555 3897 et
599 3856 832 3898 maerore
877 3858 1089 3914 semper
1150 3846 1314 3901 mixta
1360 3856 1414 3901 et
1451 3849 1635 3903 dolore
1683 3848 1917 3905 ﬁnienda
2018 3860 2185 3907 amat.
2224 3853 2293 3907 Et
2320 3851 2448 3923 quia
2476 3853 2669 3911 horum
2710 3855 3087 3928 inseparabilis
3120 3870 3205 3916 est
3235 3872 3429 3922 natura
3457 3869 3597 3923 divi-

333 3940 483 3995 sunt,
539 3932 634 3986 sed
688 3928 815 3988 illud
864 3935 1137 4005 singulare
1179 3937 1433 4008 gaudium
1482 3940 1685 3998 aPatre
1727 3942 1915 4010 petite,

334 4025 487 4094 cujus
512 4027 792 4097 plenitudo
833 4030 982 4108 nullo
1021 4029 1308 4098 cujuslibet
1345 4032 1734 4102 inquietudinis
1781 4044 1918 4090 atta-

334 4128 424 4173 ctu
461 4119 744 4184 minuitur,
772 4121 1052 4178 mternitas
1090 4122 1236 4177 nullo
1264 4138 1501 4192 unquam
1552 4125 1782 4181 termino
1809 4126 1918 4181 dis—

331 4209 598 4275 solvitur;
628 4210 674 4264 si
701 4209 824 4265 talia
850 4213 1084 4281 petendo
1124 4213 1496 4283 perstiteritis,
1538 4215 1664 4269 talia
1686 4219 1917 4285 petendo

331 4298 520 4367 procul
551 4299 716 4354 dubio
757 4315 876 4369 quae
916 4301 1100 4370 petitis
1131 4300 1425 4372 accipietis,
1468 4303 1513 4358 si
1543 4298 1722 4360 mores
1749 4307 1915 4361 menti

333 4390 668 4447 concordant
712 4393 965 4462 petentis.
1041 4393 1238 4449 Parum
1269 4395 1415 4450 enim
1447 4395 1696 4451 utilitatis
1737 4396 1912 4463 all‘ert,

331 4484 472 4540 bene
499 4484 710 4540 orando
740 4498 972 4554 superna
1007 4500 1269 4554 quaerere,
1296 4487 1388 4557 qui
1427 4502 1532 4542 non
1563 4486 1772 4542 destitit
1795 4503 1916 4560 per-

334 4587 491 4641 verse
514 4572 744 4628 vivendo
779 4573 832 4628 in
864 4572 1065 4628 inlimis
1096 4574 1381 4647 implicari.

407 4662 537 4718 Παοε
556 4666 612 4719 in
629 4666 914 4736 proverbiis
935 4664 1138 4720 locutus
1150 4684 1264 4721 sum
1286 4668 1609 4733 vobis;venit
1623 4670 1777 4735 hora,
1791 4688 1912 4725 cum

323 4770 445 4823 1am
470 4772 573 4809 non
596 4755 650 4809 in
669 4755 953 4826 proverbiis
977 4755 1167 4828 loquar
1190 4758 1348 4824 vobis,
1373 4760 1465 4813 sed
1485 4760 1659 4831 palam
1671 4761 1738 4816 de
1752 4761 1913 4816 Patre

330 4862 449 4901 meo
468 4848 792 4903 mtnuntinbo
817 4849 974 4903 vobis.
1028 4848 1145 4904 Jam
1177 4850 1383 4921 parvuli
1417 4851 1654 4919 fuerant,
1682 4855 1909 4909 necdum

332 4938 634 5011 intelligere
671 4948 984 5008 potuerunt,
1012 4941 1280 5011 quomodo
1312 4945 1476 5000 Pater
1521 4955 1664 5021 esset
1694 4944 1910 5007 inFilio,

330 5040 387 5086 et
400 5026 561 5086 Filius
590 5032 838 5096 inl’atre,
864 5042 917 5086 et
938 5042 1151 5097 etetera,
1181 5049 1301 5103 qua:
1330 5034 1395 5088 ad
1423 5034 1684 5103 profunda
1708 5044 1912 5106 myste-

330 5123 539 5177 riorum
563 5124 863 5178 divinitatis
886 5125 1247 5193 pertinebant,
1294 5126 1521 5180 necdum
1549 5125 1688 5180 scire
1717 5135 1912 5195 potue-

331 5222 481 5267 runt.
516 5213 642 5268 Ideo
690 5214 741 5268 in
786 5215 1105 5284 proverbiis,
1152 5216 1307 5283 quasi
1356 5216 1407 5269 in
1436 5216 1721 5286 aenigmate
1766 5216 1912 5287 loqui

328 5305 444 5360 illis
464 5306 750 5361 videbatur
778 5307 1061 5371 Dominus;
1087 5307 1183 5361 sed
1211 5307 1477 5375 promittit
1504 5307 1593 5362 ille
1615 5308 1826 5371 horam,
1859 5308 1912 5362 in

325 5410 441 5465 qua
470 5394 650 5464 palam
688 5396 795 5451 illis
828 5397 892 5452 de
913 5394 1071 5451 Patre
1106 5395 1435 5467 loqueretur.
1476 5396 1625 5451 illam
1657 5399 1911 5453 nimirum

327 5486 526 5541 horam
565 5488 936 5557 significabat,
974 5504 1080 5557 qua
1122 5488 1232 5551 eis,
1273 5496 1490 5557 peracta
1530 5503 1626 5541 sua
1663 5488 1913 5557 passione

324 5592 399 5632 ac
436 5579 858 5644 resurrectione,
884 5579 1117 5649 Spiritus
1153 5580 1326 5661 sancti
1359 5587 1476 5634 erat
1498 5579 1727 5648 gratiam
1756 5581 1911 5633 datu-
1945 5632 1951 5637 .

324 5684 447 5723 rus.
483 5668 636 5722 Ture
672 5670 815 5724 enim
852 5670 1157 5739 specialiter
1182 5671 1343 5737 ,iutus
1385 5671 1656 5738 instructi,
1695 5671 1913 5742 speciali

2019 3944 2225 4009 uitatis,
2272 3945 2464 4000 horum
2510 3961 2615 4001 una
2662 3948 2959 4019 eademque
3006 3958 3133 4005 sunt
3176 3953 3315 4017 dona
3363 3957 3597 4021 virtutis,

2019 4037 2121 4090 hoc
2146 4044 2250 4102 est,
2273 4037 2417 4106 quod
2447 4039 2672 4100 amatis,
2705 4040 3010 4096 etcreditis
3036 4042 3161 4109 quia
3192 4059 3225 4097 a
3254 4043 3365 4100 Deo
3392 4048 3556 4102 exivi.

2088 4126 2239 4181 Exivi
2267 4144 2299 4180 a
2322 4125 2484 4181 Patre
2513 4137 2559 4180 et
2590 4130 2703 4182 veni
2736 4129 2792 4182 in
2815 4131 3101 4195 mundum;
3138 4133 3328 4187 iterant
3362 4136 3597 4208 relinquo

2017 4216 2293 4281 mundum,
2316 4226 2365 4270 et
2390 4215 2522 4270 vado
2548 4217 2616 4270 ad
2642 4216 2873 4272 Patrem.
2903 4220 3081 4275 Exivit
3109 4238 3140 4275 a
3162 4219 3342 4289 Patre,
3365 4236 3423 4280 et
3450 4230 3597 4282 venit

2018 4309 2072 4361 in
2100 4308 2378 4372 mundum,
2406 4308 2533 4376 quia
2560 4307 2791 4363 visibilis
2816 4310 3017 4366 mundo
3042 4314 3291 4381 apparuit
3324 4315 3378 4370 in
3404 4316 3597 4372 huma-

2021 4402 2210 4466 nitate,
2233 4401 2327 4470 qui
2352 4408 2473 4456 erat
2497 4399 2783 4457 invisibilis
2806 4403 2947 4471 apud
2970 4401 3181 4459 Patrem
3216 4404 3271 4458 in
3293 4406 3593 4465 divinitate.

2020 4492 2200 4549 Exivit
2242 4508 2274 4547 a
2307 4490 2486 4559 Patre,
2524 4493 2652 4562 quia
2690 4508 2795 4548 non
2834 4492 2889 4548 in
2925 4509 2990 4550 ea
3019 4494 3193 4552 forma
3230 4512 3339 4567 qua
3372 4501 3597 4570 :equalis

2021 4594 2101 4639 est
2121 4585 2292 4647 Patri,
2317 4584 2412 4639 sed
2441 4583 2495 4638 in
2526 4591 2800 4653 assumpta
2832 4594 3082 4639 creatura
3116 4586 3295 4641 minor
3321 4591 3591 4659 apparuit.

2022 4675 2087 4729 Et
2112 4675 2260 4729 venit
2302 4674 2358 4729 in
2385 4675 2667 4738 mundum,
2692 4675 2821 4744 quia
2857 4675 2913 4728 in
2947 4690 3011 4730 ea
3042 4675 3212 4731 forma
3243 4678 3387 4733 servi
3428 4695 3595 4750 quam

2019 4765 2248 4834 accepit,
2275 4765 2437 4819 etiam
2464 4764 2648 4818 mundi
2680 4763 2837 4832 hujus
2864 4767 3196 4823 amatoribus
3220 4782 3278 4824 se
3306 4762 3593 4825 videndum

2020 4858 2265 4925 praebuit.
2311 4857 2510 4912 lterum
2560 4855 2777 4925 reliquit
2822 4858 3080 4913 mundum
3117 4869 3172 4913 et
3211 4862 3356 4916 redit
3391 4863 3459 4917 ad
3486 4865 3595 4918 Pa—

2021 4958 2178 5013 trem,
2212 4950 2339 5018 quia
2373 4948 2440 5002 ab
2462 4955 2683 5017 aspectu
2709 4957 3015 5002 amatorum
3038 4951 3245 5016 mundi,
3272 4953 3416 5022 quod
3445 4954 3596 5009 vidc-

2020 5049 2143 5095 rant
2182 5040 2417 5104 abstulit,
2450 5048 2503 5103 et
2540 5054 2600 5094 se
2633 5039 2967 5093 amatoribus
3008 5041 3121 5095 suis
3166 5043 3426 5112 aequalem
3445 5045 3592 5101 Patri

2018 5147 2158 5190 esse.
2187 5131 2515 5186 credendum
2541 5130 2741 5184 docuit.
2790 5129 3028 5199 Reliquit
3064 5133 3323 5199 mundum
3352 5144 3408 5191 et
3432 5137 3593 5192 rediit

2021 5226 2087 5276 ad
2122 5223 2360 5285 Patrem,
2415 5221 2543 5290 quia
2598 5220 3010 5285 humanitatem,
3065 5238 3228 5293 quam
3276 5226 3453 5281 induit
3492 5241 3597 5298 per

2019 5312 2410 5377 ascensionem,
2447 5312 2515 5366 ad
2563 5311 2852 5366 invisibizia
2882 5320 3119 5382 paternae
3152 5313 3447 5383 maiestatis
3493 5316 3590 5370 ad-

2016 5403 2188 5456 duxit.
2229 5402 2355 5457 llaec
2390 5402 2609 5471 quidem
2634 5404 2799 5458 verba
2828 5401 3040 5458 Domini
3084 5406 3330 5476 mystica,
3360 5413 3417 5458 et
3449 5414 3591 5459 sicut

2016 5492 2131 5561 ipse
2172 5498 2423 5553 testatur,
2452 5490 2506 5544 iu
2533 5490 2834 5560 proverbiis
2862 5500 2987 5546 sunt
3013 5491 3175 5546 dicta.
3209 5491 3313 5547 Sed
3339 5492 3587 5562 discipuli

2016 5583 2212 5651 quibus
2251 5581 2593 5644 dicebantur.
2628 5584 2762 5641 adeo
2797 5581 2973 5637 adhuc
3025 5582 3269 5636 carnales
3309 5593 3482 5649 erant,
3525 5594 3589 5642 ut

2016 5686 2206 5727 eorum
2241 5671 2661 5743 profunditatem
2706 5672 2927 5727 minime
2968 5676 3241 5738 caperent,
3275 5678 3330 5726 et
3362 5687 3471 5728 non
3500 5689 3594 5736 se.
