3940 6206
334 316 439 371 503

1677 290 2025 351 SMARAGDI
2064 286 2353 343 ABBATIS

3482 275 3588 331 505

332 431 445 483 lum
486 439 682 482 arcana
731 415 1157 494 dictorum,_s'cd
1199 429 1298 469 nec
1339 378 1508 482 ipsam
1546 407 1904 482 ignorantiam
1935 406 1981 464 Α
2010 399 2251 455 storum?
2295 396 2402 452 Sed
2442 412 2507 450 ne
2537 392 2833 463 trepidaret
2882 398 3066 443 nostra
3112 387 3395 458 fragilitas,
3429 401 3591 455 repu-

334 534 486 578 suam
527 514 907 585 intelligerent,
942 516 1192 580 putantes
1231 504 1549 576 simpliciter
1584 511 1639 557 et
1675 499 1838 556 diluci
1860 500 1908 552 fe

332 610 565 680 prolata,
609 620 730 674 qum
780 616 886 656 non
935 594 1358 667 intelligentibus
1401 591 1687 663 pr0verbia
1731 595 1907 651 erant,

334 714 465 756 ecce
493 696 750 753 continuo
779 689 1209 761 responderunt:

407 790 542 843 Ecce
583 800 718 839 nunc
757 779 934 852 palam
983 776 1228 849 loqueris,
1258 783 1306 828 et
1343 771 1667 845 proverbium
1710 768 1913 823 nullum

335 884 485 939 dicis.
514 877 697 934 Palam
724 874 886 944 igitur
910 868 1055 940 loqui
1082 866 1448 930 :estimabant,
1470 861 1628 933 cujus
1653 860 1915 932 mysteria

336 976 604 1029 diczorum
647 965 874 1022 necdum
915 957 1377 1031 comprehendere
1429 953 1726 1017 valebant;
1774 948 1916 1020 quod

337 1073 518 1120 autem
541 1060 868 1131 adjnngunt:

413 1153 567 1207 Nunc
589 1130 803 1211 scimus,
824 1145 948 1216 quia
982 1142 1084 1198 scis
1118 1140 1316 1203 omnia,
1354 1145 1403 1192 et
1435 1152 1539 1191 non
1561 1150 1690 1205 opus
1720 1142 1798 1203 est
1827 1130 1919 1186 tibi

338 1256 396 1299 ut
437 1244 553 1315 quis
592 1250 640 1295 te
680 1235 1076 1307 interrogauit:
1102 1234 1199 1287 hoc
1239 1229 1531 1294 credimus,
1570 1221 1696 1299 quia
1741 1244 1773 1279 a
1811 1223 1920 1278 Deo

339 1337 514 1401 existi,
551 1339 737 1403 aperte
765 1327 1079 1391 ostendunt,
1108 1325 1233 1395 quia
1271 1322 1497 1393 loquens
1523 1321 1592 1376 ad
1616 1334 1711 1375 eos
1738 1318 1924 1373 Domi-

339 1440 465 1489 nus,
496 1422 732 1478 maxime
770 1415 1105 1488 disputabat,
1141 1430 1262 1484 qua:
1300 1413 1421 1467 illos
1456 1411 1797 1467 delectabant
1830 1423 1925 1462 au-

342 1517 477 1580 dire,
506 1521 560 1568 et
598 1525 718 1582 quae
743 1508 820 1563 illi
846 1508 1181 1574 interrogare
1208 1501 1480 1564 volebant,
1508 1500 1625 1555 haec
1654 1498 1769 1568 ipse
1790 1511 1927 1567 prac-

342 1606 569 1669 veniens
611 1615 708 1656 eos
748 1598 892 1653 ultro
942 1594 1269 1663 proferebat.
1348 1589 1503 1647 Unde
1541 1588 1737 1643 merito
1775 1586 1926 1649 illum

345 1688 486 1751 scire
513 1690 717 1755 omnia,
745 1687 898 1758 quasi
926 1686 1117 1746 Deum,
1140 1690 1194 1738 et
1217 1681 1372 1752 quasi
1399 1680 1492 1734 Dei
1516 1678 1732 1743 Filium,
1759 1691 1791 1731 a
1817 1675 1928 1731 Deo

2011 499 2130 543 tans
2156 504 2214 543 se
2243 495 2392 541 tanto
2416 484 2713 555 propinetm,
2740 481 2829 550 qui
2860 494 3021 534 curru
3059 477 3218 548 igneo
3246 477 3362 545 rapi
3391 475 3595 530 meruit

2011 580 2077 633 ad
2104 578 2291 641 cmlos,
2320 575 2517 630 similia
2554 573 2734 627 facere
2773 585 2884 625 non
2909 584 3091 638 posse,
3121 565 3367 622 consulte
3400 566 3597 620 beatus

2010 668 2261 732 Iacobus,
2305 666 2373 722 de
2411 666 2530 736 ejus
2555 663 2804 719 oratione
2835 660 3137 721 locuturus,
3171 656 3245 710 ita
3282 655 3594 710 hebetavit:

2013 756 2163 812 Elia;
2185 757 2342 811 homo
2372 764 2484 810 erat
2515 752 2704 808 similis
2728 750 2895 814 nobis,
2917 747 3204 820 passibills.
3244 745 3422 801 nomo
3445 753 3604 800 riam—

2014 863 2120 920 que
2163 854 2301 912 erat,
2334 844 2550 900 tametsi
2586 842 2717 898 nulli
2754 839 3034 896 hominum
3064 838 3268 893 virtute
3308 836 3601 897 secundus,

2014 937 2206 993 similis
2254 937 2408 990 nobis
2449 933 2660 1005 origine
2698 931 2903 996 carnis,
2949 929 3228 999 passibilis
3278 936 3340 982 ut
3389 943 3489 982 nos
3549 937 3608 981 et

2017 1030 2216 1085 mentis
2244 1028 2533 1099 fragilitate
2559 1034 2609 1082 et
2638 1026 2838 1081 carnis.
2867 1021 3007 1078 Nam
3036 1008 3372 1091 quod'carne
3398 1019 3611 1088 fragilis

2019 1127 2183 1181 esset,
2225 1117 2366 1188 apud
2404 1115 2763 1187 Sareptenam
2800 1113 3021 1169 viduam
3057 1110 3265 1166 victum
3316 1109 3615 1180 quaerendo

2020 1209 2359 1266 monstravit.
2412 1207 2565 1275 Quod
2614 1212 2797 1261 mente
2849 1217 3067 1275 quoque
3114 1201 3390 1272 passibilis
3441 1199 3616 1254 fuerit

2021 1304 2278 1370 ostendit,
2308 1318 2431 1360 cum
2460 1313 2584 1373 post
2614 1301 2852 1358 redditas
2876 1284 3258 1370 terris‘aqnas,
3308 1298 3614 1352 extinctos-

2024 1412 2130 1467 que
2154 1397 2450 1466 prophetas
2473 1403 2529 1450 et
2553 1395 2862 1450 sacerdotes
2888 1392 3175 1457 idolorum,
3202 1390 3363 1445 unius
3393 1388 3615 1444 mulier-

2026 1489 2163 1544 cula:
2196 1487 2362 1542 minis
2402 1485 2716 1550 exterritus,
2756 1498 2856 1556 per
2892 1483 3106 1539 deserta
3135 1479 3367 1552 diffugit.-
3411 1476 3618 1546 Quanti

2028 1576 2327 1643 autem'sit
2377 1575 2557 1631 meriti
2602 1574 2744 1645 apud
2786 1573 2955 1629 Deum
2983 1614 3003 1640 ,
3062 1586 3168 1644 pro
3214 1570 3617 1628 infirmantibus

2029 1686 2207 1735 orare,
2240 1684 2446 1741 eosque
2481 1684 2577 1726 sua
2607 1678 2830 1740 peccata
2862 1668 3184 1725 conﬁtentes
3254 1668 3322 1723 ad
3356 1667 3618 1722 amissam

346 1783 560 1838 venisse
608 1749 840 1835 credunt
888 1783 945 1830 et
988 1749 1336 1829 conﬁtentur.
1384 1770 1646 1841 Apertum
1694 1782 1929 1837 namque
1957 1749 2002 1808 B
2033 1777 2292 1819 revocare
2317 1762 2656 1831 sospitatem,
2689 1761 2966 1815 subdcndo
2996 1757 3405 1813 manifestatur:

348 1871 647 1928 divinitatis
670 1868 928 1923 iudicium
957 1870 1060 1928 est,
1087 1862 1476 1932 cogitationum
1506 1872 1666 1914 nosse
1693 1861 1927 1913 secreta:

982 1968 1277 2010 CONCOBDIA
1287 1993 1299 2006 .
1668 1994 1672 1999 .

419 2054 646 2107 istarum
669 2051 899 2105 «tuarum
924 2047 979 2101 in
1003 2044 1097 2100 Dei
1116 2042 1295 2100 Patris
1307 2042 1525 2098 nomine
1552 2041 1612 2097 lit
1645 2038 1932 2096 concordia

346 2148 641 2200 ladanum
652 2181 665 2195 .

804 2207 874 2265 IN
912 2206 1189 2264 LITANIA
1227 2203 1495 2261 MAIORI.

570 2317 742 2358 EHS'I.
783 2313 941 2357 BEN"
978 2312 1157 2353 JACOBI
1199 2308 1475 2356 APOS‘I‘OLI,
1509 2307 1629 2349 CM.
1664 2309 1718 2347 ν.

433 2439 450 2471 ι
492 2414 841 2473 Conlitemini
872 2412 1195 2468 alterutrum
1222 2417 1445 2480 peccata
1474 2416 1679 2471 vestra,
1705 2413 1759 2459 et
1787 2413 1940 2460 orate

358 2531 379 2562 ς
427 2524 527 2582 pro
573 2507 807 2562 invicem
853 2511 913 2559 nt
956 2500 1256 2559 saivemini.
1325 2498 1555 2553 Multum
1600 2497 1748 2552 enim
1797 2495 1941 2550 valet

366 2624 383 2652 ι
426 2597 739 2671 deprecatio
771 2595 902 2665 justi
940 2592 1177 2650 assidua.
1212 2590 1355 2644 Elias
1381 2589 1545 2644 homo
1572 2584 1696 2643 erat
1747 2585 1942 2640 similis

371 2712 389 2743 ι
437 2690 613 2755 nobis,
640 2685 936 2760 passibilis,
961 2692 1016 2739 et
1042 2682 1290 2738 oratione
1317 2679 1515 2743 oravit,
1546 2684 1608 2732 ut
1646 2692 1755 2732 non
1792 2674 1942 2745 plue-

2103 1852 2162 1908 Si
2196 1851 2314 1923 quis
2344 1860 2518 1905 autem
2553 1852 2802 1906 erraverit
2836 1866 2901 1905 ea:
2934 1849 3079 1904 rob's
3104 1866 3135 1902 a
3158 1848 3395 1910 ueritate,
3422 1854 3469 1900 et
3493 1861 3627 1899 con-

2033 1945 2241 2001 verterit
2281 1944 2396 2015 quis
2436 1958 2575 2008 eum,
2623 1951 2727 1997 etc.
2774 1942 2914 2010 Quia
2962 1941 3108 1995 enim
3151 1940 3205 1994 in
3252 1938 3629 2010 superioribus

2033 2036 2195 2108 hujus
2241 2034 2481 2107 epistola:
2523 2035 2789 2105 partibus,
2841 2033 3022 2104 lingua
3068 2040 3257 2088 nostra
3309 2047 3341 2086 a
3386 2029 3623 2099 maligna

2034 2131 2119 2187 vel
2149 2129 2323 2186 otiosa
2363 2127 2639 2183 locutione
2680 2125 3046 2198 restringitur,
3077 2130 3378 2194 opportune
3411 2121 3473 2177 in
3494 2119 3626 2185 line,

2038 2220 2169 2293 quid
2211 2218 2452 2275 maxime
2492 2216 2635 2287 loqui
2671 2215 2968 2271 debeamus
3001 2213 3324 2269 ostenditur.
3364 2208 3631 2265 Juhemur

2039 2313 2221 2380 itaque
2254 2324 2412 2365 orare
2449 2316 2504 2364 et
2541 2306 2770 2381 psallere
2797 2306 3050 2369 Domino,
3089 2304 3303 2377 quoties
3347 2302 3625 2372 aliquibus

2039 2399 2318 2473 pilsamur
2342 2398 2602 2479 adversis.
2626 2396 2760 2453 Item
2782 2394 3026 2452 conliteri
3051 2394 3377 2449 alterutrum
3395 2399 3620 2463 peccata

2046 2503 2251 2557 nostra,
2289 2499 2344 2546 et
2377 2506 2541 2546 orare
2575 2506 2679 2561 pro
2719 2490 2950 2545 invicem
2980 2496 3041 2543 ut
3074 2487 3383 2550 salvemur;
3413 2499 3514 2555 pro
3542 2500 3631 2539 sa-

2045 2584 2217 2641 nitate.
2242 2582 2612 2652 proximorum
2653 2598 2758 2637 non
2785 2581 2958 2637 solum
2999 2579 3303 2650 temporali,
3329 2578 3422 2633 sed
3447 2578 3633 2648 potius

2038 2682 2246 2753 aeterna
2273 2715 2287 2738 ,
2334 2683 2593 2743 quantam
2642 2687 2929 2747 possumus
2978 2671 3293 2742 impendere
3331 2684 3537 2724 curam.
3567 2666 3631 2723 Si

359 2802 385 2835 η
434 2789 518 2837 ret
558 2795 721 2851 super
749 2788 998 2839 'tcrram,
1047 2782 1105 2830 et
1150 2788 1256 2829 non
1298 2770 1439 2841 pluit
1487 2783 1660 2824 annos
1712 2777 1841 2830 tres,
1889 2775 1945 2821 et
2038 2748 2187 2819 enim
2229 2778 2436 2834 magna:
2472 2761 2739 2818 mercedis
2765 2768 2868 2826 est,
2909 2776 2939 2814 a
2970 2768 3146 2815 morte
3173 2748 3385 2831 eripere
3410 2772 3638 2813 carnem

365 2893 387 2924 4
432 2849 648 2929 menses
693 2882 809 2925 sex.
858 2868 926 2922 Et
956 2879 1174 2920 mrsum
1224 2860 1430 2925 oravit,
1466 2865 1522 2914 et
1567 2857 1763 2913 caelum
1799 2856 1946 2912 dedit
2046 2855 2369 2925 quandoque
2405 2853 2750 2917 morituram,
2795 2851 2983 2922 quanti
3016 2851 3133 2923 erit
3184 2849 3365 2904 meriti
3396 2862 3426 2902 a
3458 2857 3636 2902 morte

370 2983 393 3015 4
438 2962 701 3034 pluviam,
740 2966 795 3015 et
844 2965 987 3012 terra
1032 2953 1181 3010 dedit
1220 2950 1454 3005 fructum
1491 2963 1669 3002 suum.
1723 2946 1785 3000 Si
1824 2946 1948 3014 quis
2048 2944 2281 2999 animam
2324 2944 2557 2999 liberare
2598 2943 2651 2997 iu
2689 2943 2894 2998 c‘mlesti
2939 2941 3112 3012 patria
3156 2941 3273 2995 sine
3314 2937 3422 2994 line
3460 2939 3634 2994 victu-
3722 2942 3733 2949 ‘

370 3072 389 3104 ι
434 3031 614 3107 autem
650 3064 718 3104 ex
751 3048 904 3103 vobis
936 3042 1202 3101 erraverit
1236 3055 1267 3095 a
1309 3040 1559 3103 veritate,
1590 3045 1645 3092 et
1669 3044 1949 3092 convcrtc-
1984 3098 2019 3107 _
2051 3051 2187 3091 ram.
2219 3034 2524 3091 Notandum
2553 3050 2704 3101 sane,
2733 3035 2874 3105 quod
2902 3035 3120 3104 quidam
3161 3033 3376 3088 codices
3403 3031 3633 3092 habent,

377 3165 395 3195 ι
442 3145 514 3197 rit
545 3142 671 3211 quis
705 3154 851 3203 cum,
895 3136 1036 3191 scire
1075 3132 1235 3188 debet
1265 3130 1541 3201 quoniam,
1571 3129 1665 3199 qui
1709 3098 2021 3182 convertiC
2053 3126 2273 3181 saluauit
2293 3127 2526 3181 animam
2550 3143 2699 3181 suam
2723 3143 2755 3181 a
2776 3135 2966 3192 morte,
2991 3133 3046 3181 et
3073 3140 3138 3180 ex
3166 3124 3417 3195 ambiguo
3442 3122 3644 3179 Grzeco

377 3255 394 3285 α
443 3233 635 3287 fecerit
678 3234 1019 3298 peccatorem
1066 3223 1134 3276 ab
1174 3234 1363 3275 errore
1404 3219 1505 3274 viae
1549 3233 1681 3282 suae,
1725 3215 1949 3275 salvabit

2054 3221 2215 3273 σώσει
2237 3218 2417 3298 pulvis
2448 3219 2500 3272 iu
2523 3219 2762 3283 θανάτου,
2800 3218 2873 3273 ila
2905 3226 2960 3273 et
2992 3225 3141 3271 recte
3166 3215 3514 3287 interpretari
3542 3228 3638 3285 p0—

325 3367 329 3371 .
377 3345 396 3374 ι
443 3322 678 3379 animam
730 3316 850 3386 ejus
891 3330 923 3370 a
963 3322 1156 3377 morte,
1206 3321 1262 3366 et
1315 3310 1493 3381 operit
1551 3307 1964 3363 multitudinem
2055 3295 2469 3375 test,etrcvcr_a
2497 3310 2589 3379 qui
2619 3317 2894 3365 errantem
2925 3309 3166 3380 corrigit,
3194 3307 3514 3377 sibimetipsi
3544 3322 3644 3376 per

378 3436 398 3466 ι
447 3421 819 3485 peccatorum.
868 3427 888 3462 ι

447 3504 779 3578 Conﬁtemiui
808 3499 1120 3556 alterutrum
1151 3505 1362 3567 peccata
1396 3503 1587 3559 vestra,
1623 3501 1671 3547 et
1696 3500 1840 3546 orate
1862 3507 1956 3561 pro

375 3600 593 3656 invicem
627 3606 682 3651 ut
717 3592 1008 3651 sateemini.
1053 3589 1153 3662 (Ex
1187 3586 1375 3658 Beda.)
1404 3585 1460 3640 lu
1494 3585 1596 3640 hac
1623 3592 1803 3638 autem
1835 3596 1958 3637 sen-

377 3691 547 3749 tentia
577 3689 665 3744 illa
699 3687 859 3742 debet
891 3697 1011 3740 esse
1038 3679 1317 3745 discretio,
1359 3687 1422 3733 ut
1448 3676 1761 3748 quotidiana
1796 3674 1960 3730 levia-

379 3788 486 3855 que
530 3786 751 3851 peccata
802 3776 1120 3831 alterutrum
1169 3769 1533 3841 ctxequalibus
1579 3768 1956 3830 confiteamur,

381 3881 677 3940 eorumque
730 3863 1045 3938 quotidiana
1100 3862 1388 3918 credamus
1440 3856 1684 3913 oratione
1737 3854 1958 3925 salvari.

384 3963 557 4018 Porro
598 3956 860 4031 gravioris
907 3954 1069 4026 lepra:
1111 3948 1529 4014 immunditiam,
1569 3947 1724 4018 juxta
1766 3945 1960 4018 legem,

384 4051 654 4110 sacerdoti
685 4048 1003 4121 pandamus,
1034 4050 1198 4113 atque
1226 4041 1294 4096 ad
1313 4038 1770 4110 ejus‘arbitrinm,
1791 4036 1965 4108 quali-

386 4156 468 4202 ter
494 4152 554 4200 et
582 4150 786 4212 quanto
817 4149 1056 4209 tempore
1090 4133 1332 4206 jusserit,
1360 4131 1651 4203 purificarc
1689 4143 1960 4185 curemus.

459 4236 686 4293 diuitum
711 4234 848 4290 enim
878 4230 1010 4287 valet
1041 4227 1337 4301 deprecatio
1365 4226 1500 4297 justi
1541 4223 1779 4279 assidua.
1817 4220 1966 4278 Elia:

388 4332 539 4386 homo
563 4336 673 4383 erat
698 4323 886 4381 similis
909 4322 1080 4386 nobis,
1110 4316 1395 4392 possibilia,
1422 4325 1469 4371 et
1504 4315 1741 4370 oratione
1777 4312 1967 4377 oravit,

388 4433 442 4476 ut
468 4437 569 4476 non
591 4418 788 4492 plueret
823 4431 979 4487 super
999 4424 1217 4478 terram,
1251 4421 1301 4466 et
1336 4426 1438 4466 non
1472 4408 1604 4480 pluit
1641 4423 1806 4462 annos
1839 4416 1964 4468 tres,

388 4526 436 4571 ct
469 4528 668 4569 meum
698 4527 808 4566 sex.
852 4510 1117 4564 Decenter
1163 4504 1359 4561 astruit
1397 4502 1666 4572 exemplo,
1706 4508 1967 4571 quantum

392 4606 698 4677 deprecatio
719 4603 851 4671 justi
881 4601 1059 4655 valeat
1094 4600 1334 4661 assidua,
1362 4612 1484 4652 cum
1527 4594 1669 4650 Elias
1701 4610 1808 4649 una
1852 4602 1969 4648 tan-

392 4707 507 4751 tzuu
560 4696 805 4750 oratione
850 4691 1086 4755 orando,
1142 4691 1277 4742 tam‘
1305 4687 1463 4756 longo
1511 4694 1753 4754 tempore
1805 4683 1972 4737 caelos

395 4784 743 4846 continuerit,
772 4781 932 4836 terris
962 4778 1165 4833 imbres
1190 4774 1474 4839 averterit,
1498 4773 1703 4829 fructus
1733 4772 1972 4827 mortali-

397 4878 496 4930 bus
524 4874 817 4944 negaverit.
845 4872 911 4927 Et
942 4885 1131 4925 rursus
1158 4868 1249 4923 ubi
1281 4866 1467 4931 voluit,
1495 4866 1585 4919 ubi
1617 4874 1828 4935 tempus
1850 4879 1970 4935 esse

396 4966 686 5037 perspexit,
716 4964 805 5019 ubi
847 4963 1007 5033 longo
1045 4959 1237 5014 inediae
1280 4958 1402 5012 tabe
1438 4971 1534 5011 cor
1570 4955 1715 5027 regis
1753 4953 1971 5024 superbi

397 5067 452 5113 et
481 5059 656 5130 gentis
682 5056 997 5119 idololatrm,
1025 5054 1090 5107 ad
1123 5050 1495 5123 pmnitentiam
1520 5049 1653 5103 vidit
1693 5046 1967 5113 inflexum,

399 5165 560 5203 unam
614 5146 951 5203 solummodo
1002 5144 1303 5199 orationem
1355 5138 1613 5203 oraverit,
1667 5146 1719 5192 et
1767 5136 1973 5193 fruetus

400 5251 562 5309 atque
586 5250 773 5309 aquas,
813 5251 951 5306 quas
979 5240 1292 5303 negaverat,
1325 5229 1486 5283 terris
1528 5228 1843 5283 restituerit.
1883 5226 1973 5282 Sic

399 5331 545 5385 enim
592 5328 838 5396 sequitur
868 5342 880 5377 :
1822 5386 1828 5392 i

474 5421 539 5474 Et
573 5431 782 5473 rursum
814 5415 998 5475 oravit,
1036 5422 1082 5467 et
1105 5413 1287 5467 malum
1320 5409 1460 5463 dedit
1492 5407 1741 5479 pluviam,
1766 5417 1812 5462 et
1836 5418 1973 5461 terra

402 5514 542 5567 dedit
565 5513 793 5583 fructum
826 5523 997 5561 suum.
1044 5503 1223 5560 Semel
1250 5517 1378 5573 ergo
1406 5509 1461 5554 et
1484 5501 1633 5570 prius
1660 5511 1714 5555 et
1742 5508 1979 5569 postmo-

403 5604 529 5656 dum
563 5603 758 5665 oravit,
789 5609 843 5655 et
870 5601 971 5653 hoc
995 5611 1133 5651 unus
1161 5595 1324 5655 Elius,
1358 5607 1421 5645 ac
1459 5599 1605 5645 tanta
1649 5590 1976 5660 impetravit,

407 5704 667 5758 quantum
709 5692 793 5747 his
828 5690 971 5745 valet
1012 5689 1264 5757 frequens
1300 5684 1650 5754 plurimorum
1687 5681 1859 5737 oratio
1895 5682 1980 5751 ju-

2057 3402 2163 3457 hoe
2184 3401 2309 3457 vitae
2337 3401 2578 3457 ccelestis
2606 3403 2798 3474 gaudia
2829 3401 3092 3473 ampliora
3119 3400 3389 3470 conquirit
3417 3418 3428 3453 :
3455 3397 3646 3453 Salva-

2058 3494 2150 3559 bit,
2183 3492 2381 3563 inquit,
2406 3494 2639 3548 animum
2669 3495 2785 3564 ejus
2821 3511 2851 3548 a
2880 3503 3066 3547 morte.
3340 3492 3361 3498 ’

2130 3583 2198 3637 Et
2229 3584 2395 3654 operit
2428 3583 2814 3638 multitudinem
2854 3592 3206 3653 peccatorum.
3246 3580 3347 3647 Qui
3385 3588 3641 3649 peccato-

2058 3691 2172 3733 rem
2213 3677 2281 3732 ab
2316 3691 2503 3732 errore
2539 3677 2834 3744 convertit,
2873 3684 2927 3732 et
2963 3673 3080 3743 ejus
3116 3682 3335 3743 peccata
3372 3686 3467 3743 per
3499 3673 3645 3726 hanc

2060 3768 2523 3825 conversationem
2560 3768 2629 3823 ab
2669 3776 2889 3839 aspectu
2924 3767 3122 3821 interni
3155 3762 3357 3834 judicis
3385 3777 3648 3831 superpo-

2062 3860 2258 3916 sitione
2288 3860 2411 3915 vita:
2447 3858 2690 3914 melioris
2735 3858 3039 3920 abscondit,
3081 3866 3136 3911 ct
3172 3872 3265 3910 sua
3310 3869 3552 3925 quoque,
3593 3853 3646 3906 in

2063 3950 2472 4021 quibuscunque
2493 3947 2717 4005 olfendit
2737 3958 2916 4004 errata
2937 3951 3005 4025 ab
3028 3948 3224 4003 intuitu
3247 3945 3383 4016 ejus,
3405 3945 3499 4016 qui
3526 3960 3646 3999 om-

2065 4043 2155 4099 nia
2188 4042 2372 4104 videt,
2417 4042 2721 4112 proximum
2757 4042 2997 4097 curando
3037 4040 3294 4109 contegit,
3324 4039 3483 4111 juxta
3520 4036 3651 4093 illud

2067 4133 2367 4189 Psalmistze
2394 4151 2407 4186 :
2433 4131 2584 4188 Beati
2618 4149 2842 4204 quorum
2891 4134 3124 4188 remissa:
3166 4140 3287 4187 sunt
3324 4130 3652 4201 iniquitates,

2067 4234 2114 4280 et
2145 4241 2370 4297 quorum
2399 4233 2533 4278 tecta
2564 4233 2952 4295 sunt'peccata.
2996 4223 3112 4279 Non
3153 4220 3492 4279 obliviscitur
3526 4219 3653 4274 bea-

2069 4326 2156 4373 tus
2179 4316 2368 4381 Jacob,
2394 4316 2536 4386 quod
2573 4316 2822 4386 superius
2848 4315 2968 4370 "ait:
3000 4313 3178 4369 Nolite
3206 4312 3382 4384 plum
3412 4310 3657 4391 magistri

2066 4408 2205 4479 ﬁeri,
2232 4406 2431 4463 fratres
2454 4406 2581 4460 mei.
2617 4406 2692 4460 lbi
2724 4420 2955 4475 nanque
2986 4403 3328 4475 imperfectos
3352 4403 3406 4456 in
3432 4400 3652 4473 propria

2072 4500 2283 4555 actione
2332 4513 2397 4553 ac
2443 4498 2740 4568 magisterii
2794 4498 2991 4565 ollieio,
3035 4497 3159 4568 quia
3202 4509 3302 4565 per
3336 4493 3657 4561 iactantiam

2069 4590 2400 4658 qumrebant,
2433 4589 2733 4644 submovet.
2767 4588 2866 4644 llic
2892 4602 3022 4643 vero
3062 4586 3358 4641 instructos
3398 4598 3467 4639 ex
3509 4582 3661 4638 omni

2070 4688 2244 4750 parte,
2272 4680 2402 4749 quid
2437 4693 2566 4751 erga
2597 4679 2824 4736 salutem
2858 4678 3228 4751 proximorum
3270 4691 3371 4746 per
3411 4690 3655 4730 amorem

2072 4770 2427 4825 fraternitatis
2474 4784 2635 4842 agere
2674 4771 2907 4826 debeant
2932 4770 3140 4824 edocet.
3194 4765 3345 4834 Quod
3383 4763 3535 4820 enim
3573 4765 3659 4819 hic

2073 4862 2262 4917 doctor
2293 4860 2474 4917 facere
2511 4861 2843 4931 perhibetur,
2879 4860 2982 4914 hoc
3015 4857 3118 4913 alio
3157 4856 3275 4912 loco
3304 4853 3550 4910 charitas
3578 4854 3656 4909 fa-

2076 4970 2199 5010 cere
2231 4963 2581 5020 memoratur,
2607 4953 2816 5008 dicente
2837 4942 2999 5007 beato
3018 4949 3178 5003 Petro
3201 4946 3444 5020 apostolo
3476 4964 3487 4998 :
3520 4945 3661 5012 Quia

2075 5046 2304 5099 rharitas
2333 5044 2493 5115 operit
2506 5018 2894 5098 multitudinem
2912 5049 3261 5110 peccatorum.
3293 5018 3409 5091 Nel:
3438 5044 3665 5105 printer-

2076 5135 2329 5199 eundum,
2372 5136 2514 5205 quod
2546 5137 2660 5189 haec
2681 5132 2914 5188 errantis
2945 5128 3303 5191 conversatio,
3346 5142 3454 5180 non
3486 5125 3665 5179 solum

2079 5228 2365 5299 loquendo,
2403 5226 2496 5282 sed
2527 5226 2843 5297 plerumque
2876 5222 3039 5277 etiam
3081 5220 3217 5275 bene
3253 5216 3461 5287 agendo
3499 5211 3667 5285 perii»

2073 5320 2232 5374 citur.
2286 5317 2421 5372 Nam
2466 5318 2508 5372 si
2542 5316 2666 5387 quis
2709 5316 2871 5370 etiam
2911 5313 3093 5382 lingua
3142 5316 3355 5364 tacente
3400 5303 3666 5377 proximis

2077 5408 2318 5477 cvempla
2347 5409 2500 5462 bona:
2538 5405 2772 5462 actionis
2807 5402 3064 5467 ostendit,
3093 5413 3295 5469 eosque
3321 5398 3387 5451 ad
3419 5394 3664 5450 miranda

2079 5516 2197 5568 cum.
2224 5500 2571 5571 neglexerant
2619 5497 2977 5566 cleemosynze
3023 5492 3106 5546 vel
3148 5488 3534 5560 hospitalitatis
3580 5482 3664 5537 vel

2083 5589 2308 5643 aliarum
2337 5604 2501 5659 opera
2541 5587 2800 5641 virtutum
2834 5583 3117 5642 convertit,
3150 5580 3382 5635 ollicium
3425 5575 3665 5647 profecto

2084 5682 2321 5736 doctoris
2348 5682 2683 5750 exsequitur,
2709 5694 2771 5732 ac
2795 5691 2891 5761 pro
2915 5674 3030 5743 ejus
3051 5686 3208 5742 quem
3232 5670 3471 5725 correxit
3491 5665 3662 5721 salva-
