3940 6206
279 374 393 445 sos

1102 391 1625 451 COLLEGTIONES
1658 394 1726 449 IN
1763 391 2144 453 EPISTOHAS
2184 397 2275 455 ET
2312 394 2726 453 EVANCELIA.

3442 407 3551 463 300

273 507 424 560 tione
453 502 662 569 fratris,
693 507 897 557 certam
931 516 960 556 a
1001 502 1092 572 pio
1124 502 1310 572 judice
1344 505 1647 560 mercedem
1674 520 1861 560 conse-
1888 505 1940 565 Α
1970 521 1988 553 ι
2019 514 2106 560 tur
2148 505 2315 560 vobis.
2362 504 2554 561 Omnis
2590 507 2734 561 enim
2778 506 2868 575 qui
2915 508 3051 577 petit
3093 510 3311 580 accipit,
3360 522 3416 569 et
3452 516 3546 585 qui

232 598 245 604 ’
268 603 493 666 quetur.

364 702 489 742 Διιλ
529 699 814 740 εδροειτιθ
860 700 1131 740 εριςτοιιε
1161 700 1318 741 ΠΕΔΙῚ
1353 700 1551 749 ιΑεοιιι,
1581 701 1697 740 CAP.
1732 702 1783 739 ν.

340 778 454 851 (Ea:
474 776 667 848 Beda.)
696 776 803 832 lste
823 775 1059 833 Jacobus
1085 776 1230 832 ﬁlius
1265 776 1469 847 Alpbzci
1500 775 1619 841 fuit,
1666 779 1757 851 qui
1801 788 1856 833 et

267 873 441 928 frater
466 870 684 926 Domini
706 856 1034 925 nominatur.
1060 868 1196 924 Tres
1215 869 1361 924 enim
1382 884 1598 933 sorores
1616 869 1852 935 fuerunt,

265 972 443 1018 mater
470 961 707 1026 Domini,
737 967 793 1016 et
818 959 986 1015 Maria
1013 958 1200 1014 Jacobi
1229 966 1285 1015 et
1318 959 1541 1030 Ioseph,
1583 969 1642 1016 et
1683 969 1856 1017 mater

263 1055 505 1110 ﬁliorum
528 1055 799 1111 Zebedaai.
856 1053 1044 1109 Tanta:
1068 1053 1215 1109 enim
1243 1054 1546 1110 sanctitatis
1570 1055 1671 1110 iste
1691 1054 1851 1111 Jaco-

262 1147 372 1201 bus
395 1144 565 1201 fuisse
596 1152 871 1209 narratur,
898 1151 958 1198 ιιι
987 1152 1209 1214 propter
1230 1143 1357 1213 ejus
1377 1159 1565 1199 necem
1592 1144 1737 1200 dicat
1755 1143 1850 1199 Jo-

256 1234 466 1303 sephus
502 1234 822 1289 subversam
857 1248 979 1289 esse
1012 1231 1367 1288 Hierusalem.
1400 1232 1498 1288 llic
1520 1242 1702 1289 autem
1733 1242 1855 1304 post

255 1326 574 1395 passionem
626 1324 838 1380 Domini
886 1338 1030 1379 anno
1080 1324 1357 1379 tricesimo
1411 1339 1567 1378 suum
1625 1322 1853 1381 feliciter

255 1418 666 1474 consummavit
690 1417 1032 1487 martyrium.

332 1507 671 1577 Conﬁtemiui
703 1506 1017 1562 alterutrum
1052 1516 1267 1576 peccata
1304 1515 1492 1569 vestra,
1520 1515 1574 1562 et
1603 1506 1699 1561 rel.
1746 1508 1849 1581 (Ex

250 1599 533 1671 Cassiod.)
561 1597 867 1667 Conﬁtebor.
880 1598 1026 1653 enim
1048 1597 1382 1668 aequivocum
1405 1613 1600 1653 nomen
1624 1608 1729 1666 est,
1754 1599 1850 1654 sed

250 1708 360 1763 pro
386 1692 631 1748 locorum
653 1690 966 1747 diversitate
998 1689 1211 1744 diverse
1238 1688 1549 1759 suscipitur.
1585 1687 1850 1759 Conﬁten-

249 1794 347 1837 tur
368 1784 514 1838 enim
545 1790 600 1838 et
625 1782 718 1853 qui
748 1781 974 1836 Domino
1002 1780 1207 1851 gratias
1234 1781 1498 1844 referunt,
1536 1780 1850 1851 confitentur

1962 612 1981 643 ι
2007 596 2203 665 qumrit
2238 596 2462 661 invenit,
2496 605 2551 651 et
2580 596 2813 667 pulsanti
2852 599 3143 666 aperietur.
3185 599 3319 668 Quis
3360 612 3545 661 autem

1961 702 1980 734 ι
2009 701 2074 738 ex
2095 685 2247 740 vobis
2267 697 2475 755 patrem
2497 687 2632 758 petit
2652 703 2867 758 panem,
2885 691 3366 762 nunquidlapidem
3391 696 3542 757 dabit

1962 793 1981 821 ο
2011 775 2129 829 illi?
2158 784 2252 830 aut
2275 777 2500 848 piscem,
2534 781 2773 850 nunquid
2802 797 2899 851 pro
2939 783 3085 854 pisce
3119 795 3426 856 serpentem
3457 788 3550 843 da-

1959 885 1979 919 ι
2009 868 2088 923 bit
2119 870 2236 924 illi?
2260 880 2354 927 aut
2391 874 2436 929 si
2474 875 2693 944 petierit
2719 891 2900 943 ovum,
2933 880 3179 951 nunquid
3201 883 3439 954 porriget
3471 884 3545 939 illi

1960 978 1979 1010 ι
2007 962 2385 1031 scorpionem?
2446 964 2504 1020 Si
2543 981 2675 1039 ergo
2715 984 2813 1025 vos
2849 986 2972 1025 cum
3013 972 3132 1028 sitis
3180 974 3328 1042 mali,
3377 978 3550 1034 nostis

1959 1067 1979 1100 ι
2007 1050 2144 1106 bona
2168 1051 2290 1106 data
2313 1051 2447 1110 dare
2467 1055 2592 1111 filiis
2614 1060 2832 1126 vestris,
2856 1069 3060 1131 quanto
3080 1066 3251 1135 magis
3272 1076 3426 1135 pater
3450 1084 3546 1123 ve-

1958 1156 1978 1189 ‹
2005 1147 2119 1196 ster
2145 1140 2211 1197 de
2239 1143 2378 1198 emlo
2408 1145 2558 1201 dabit
2588 1147 2839 1218 spiritum
2861 1151 3059 1207 bonum
3083 1156 3389 1225 petentibus
3401 1160 3489 1213 se!
3519 1178 3538 1210 ι

2012 1229 2155 1296 “Quis
2175 1244 2402 1289 vestrum
2431 1236 2585 1292 habet
2615 1240 2865 1307 amicum,
2890 1252 2938 1297 et
2970 1243 3063 1298 ibit
3092 1245 3161 1299 ad
3190 1245 3338 1301 illum
3368 1250 3547 1303 media

1953 1331 2120 1385 nocte,
2135 1333 2183 1376 et
2202 1324 2339 1381 dicet
2354 1326 2463 1383 illi:
2477 1329 2674 1394 Amice,
2688 1333 2962 1387 commoda
2975 1336 3103 1390 mihi
3120 1347 3223 1392 tres
3239 1356 3415 1407 panes,
3435 1351 3544 1397 etc.

1950 1408 2189 1478 Rogatus
2215 1428 2245 1467 a
2273 1414 2550 1487 discipulis
2576 1419 2831 1485 salvator,
2855 1438 2961 1477 non
2985 1426 3143 1481 modo
3162 1425 3388 1482 formam
3414 1444 3542 1483 ora-

1953 1500 2133 1566 tionis,
2157 1505 2253 1558 sed
2279 1514 2335 1561 et
2361 1506 2673 1588 instantiam
2700 1510 3169 1585 frequentiamque
3189 1519 3354 1572 tradit
3376 1536 3542 1576 oran-

1950 1590 2024 1679 di.
2071 1591 2295 1648 Amicus
2317 1610 2450 1666 ergo
2477 1598 2545 1651 ad
2572 1613 2732 1668 quem
2771 1602 2947 1656 media
2977 1614 3134 1660 nocte
3163 1607 3399 1674 venitur,
3433 1610 3547 1679 ipse

1950 1678 2094 1736 Deus
2126 1682 2468 1755 intelligitur,
2504 1688 2591 1743 cui
2630 1688 2682 1745 in
2724 1693 2901 1747 media
2949 1693 3297 1752 tribulatione
3342 1678 3546 1770 suppli-

1949 1786 2097 1836 care,
2127 1781 2183 1828 et
2221 1782 2331 1832 tres
2357 1792 2544 1847 panes,
2578 1778 2630 1832 id
2656 1789 2759 1846 est,
2801 1782 3207 1855 intelligentiam
3238 1787 3539 1853 Trinitatis,

250 1884 309 1928 et
333 1873 428 1943 qui
461 1851 683 1942 peccata
710 1870 1013 1940 deplorant.
1069 1868 1174 1924 Sed
1213 1869 1342 1924 illud
1371 1870 1425 1923 in
1455 1871 1672 1938 gaudio,
1706 1871 1850 1926 istud
1882 1851 1925 1910 Β
1952 1877 2056 1931 qua
2099 1867 2382 1934 praesentis
2422 1868 2547 1924 vitae
2584 1871 2933 1927 consolentur
2973 1851 3209 1940 labores,
3246 1851 3543 1949 magna“,

248 1964 308 2017 in
351 1962 609 2033 Iacrymis
634 1969 755 2026 est;
808 1959 940 2014 illud
983 1960 1037 2016 in
1080 1968 1268 2015 sancta
1312 1961 1511 2016 mentis
1545 1960 1847 2025 alacritate,

251 2054 401 2110 istud
430 2053 485 2107 in
513 2052 697 2109 cordis
726 2050 968 2107 noscitur
993 2065 1124 2130 esse
1152 2051 1499 2107 contritione.

329 2145 562 2201 licitum
589 2145 728 2200 enim
752 2143 888 2200 ualet
927 2145 1095 2199 oratio
1126 2143 1254 2211 iusti
1285 2144 1523 2199 assidua.
1581 2144 1674 2199 Sic
1702 2145 1846 2200 enim

249 2238 521 2308 scriptum
550 2244 636 2292 est
658 2250 675 2291 :
700 2233 977 2291 Orationes
999 2234 1267 2305 justorum
1292 2234 1536 2289 exaudiet
1567 2234 1846 2300 Dominus,-

249 2340 380 2383 nam
407 2335 464 2384 et
488 2327 606 2396 ipse
632 2319 892 2381 Dominus
924 2324 1037 2379 ait:
1067 2322 1335 2394 Quidquid
1366 2323 1617 2393 petieritis
1652 2324 1705 2378 in
1731 2340 1851 2377 ora-

247 2422 395 2476 tione
415 2419 683 2475 credentes
716 2418 1006 2486 accipietis.

327 2508 454 2566 Non
480 2509 616 2581 pluit
644 2525 811 2564 annos
834 2518 961 2573 tres,
988 2516 1094 2563 etc.
1125 2507 1223 2563 llic
1252 2508 1356 2563 tria
1385 2516 1628 2577 tempora
1660 2509 1847 2563 mundi

247 2601 651 2670 signiﬁcantur.
698 2599 941 2655 Primum
970 2599 1041 2653 ab
1065 2598 1238 2652 Adam
1274 2614 1445 2669 usque
1478 2599 1545 2653 ad
1579 2599 1720 2665 Noe;
1760 2615 1847 2655 se-

247 2694 488 2748 cundum
520 2709 550 2746 a
578 2691 690 2747 Noe
718 2706 891 2762 usque
923 2690 990 2745 ad
1032 2689 1283 2761 Moysen;
1321 2691 1542 2748 tertium
1583 2708 1615 2746 a
1661 2691 1844 2764 Moyse

250 2799 426 2853 usque
457 2783 527 2838 ad
566 2783 861 2838 adventum
902 2781 1141 2847 Domini,
1187 2782 1405 2853 quando
1443 2783 1558 2852 ipse
1586 2782 1847 2839 Dominus

245 2875 406 2931 Iesus
433 2875 685 2931 Christus
712 2874 965 2941 advenit,
995 2886 1052 2930 et
1091 2883 1432 2933 arescentem
1461 2876 1633 2931 nostri
1666 2878 1847 2932 cordis

190 2986 203 2997 ν
246 2969 474 3023 bumum
503 3008 520 3032 ,
559 2968 731 3023 imbre
778 2966 903 3022 ﬁdei
943 2974 999 3022 et
1042 2966 1384 3037 baptismatis
1428 2966 1694 3037 irrigavit.
1740 2967 1847 3024 Per

242 3057 448 3113 uelum
474 3059 569 3128 qui
604 3057 840 3126 pluviam
867 3057 1018 3112 dedit
1046 3057 1296 3113 doctores
1317 3057 1718 3128 intelliguntur;
1748 3074 1847 3129 per

242 3149 485 3219 pluviam
517 3149 758 3219 ipsorum
785 3148 1084 3219 spiritualis
1111 3147 1389 3214 doctrina;
1412 3165 1511 3219 per
1536 3158 1737 3206 terram
1769 3153 1842 3208 si-

241 3249 444 3310 gnatur
474 3240 741 3305 Ecclesia,
781 3248 839 3294 et
874 3256 972 3311 per
1010 3239 1242 3295 fructum
1271 3250 1475 3297 sancta:
1505 3241 1731 3298 virtutes
1758 3243 1840 3298 in-

243 3328 583 3401 telliguntur.
635 3330 854 3396 Cat'um,
895 3331 1087 3400 inquit,
1131 3323 1569 3402 deditpluviam,
1602 3342 1652 3386 et
1694 3342 1838 3389 terra

243 3422 386 3475 dedit
417 3420 651 3491 fraetum
676 3437 851 3477 suum.
896 3421 1081 3478 Potest
1107 3430 1289 3477 autem
1321 3432 1376 3477 et
1404 3438 1502 3493 per
1532 3431 1644 3480 tres
1680 3426 1839 3481 steri-

242 3512 415 3567 litatis
437 3527 615 3568 annos
643 3521 702 3569 et
732 3527 948 3569 menses
974 3528 1095 3581 sex,
1123 3513 1331 3569 sterilia
1366 3514 1466 3570 sub
1503 3514 1839 3572 Anticltristo

249 3603 549 3673 signiﬁcari
598 3613 869 3675 tempora,
906 3619 1028 3674 qua:
1072 3612 1261 3676 postea
1308 3604 1573 3676 largiente
1623 3605 1835 3663 Domini

247 3694 421 3763 gratia
450 3695 729 3750 credimus
754 3708 878 3751 esse
907 3693 1180 3751 (made.

315 3787 427 3853 Qui
464 3789 696 3842 converti
745 3788 925 3859 fecerit
971 3797 1295 3859 peccatorent
1341 3787 1564 3843 salvabit
1604 3790 1837 3843 animam

243 3877 375 3946 ejus.
426 3878 486 3933 ω
513 3887 623 3945 est,
658 3878 909 3936 liberabit
932 3894 964 3934 a
994 3887 1169 3935 morte
1199 3886 1401 3934 aeterna
1432 3878 1671 3934 animam
1696 3878 1835 3948 ejus,

242 3985 273 4022 a
300 3978 481 4025 morte
507 3978 794 4040 perpetua,
819 3985 942 4041 quae
960 3971 1157 4027 animae
1180 3984 1281 4039 pro
1313 3971 1550 4041 peccatis
1583 3969 1834 4027 debetur.

314 4061 383 4116 Et
439 4063 609 4133 operit
665 4062 1055 4119 multitudinem
1102 4072 1458 4134 peccatorum.
1516 4058 1648 4119 Sive
1696 4061 1840 4119 illius

239 4166 403 4220 quem
449 4151 746 4218 convertit,
793 4152 908 4208 sive
952 4160 1071 4218 sua,
1103 4153 1195 4222 qui
1246 4153 1532 4217 convertit,
1579 4164 1683 4223 per
1723 4166 1838 4223 pm-

241 4243 527 4298 nitentiam
549 4243 790 4314 contegit
811 4251 1040 4314 peccata
1067 4262 1082 4298 :
1114 4242 1267 4298 Beati
1303 4242 1472 4308 enim,
1503 4244 1582 4298 ait
1607 4242 1835 4297 Psalmi-

240 4343 345 4400 sta,
372 4350 603 4406 quorum
641 4342 774 4389 tecta
801 4344 925 4389 sunt
958 4343 1193 4405 peccata.
1241 4333 1349 4389 Sua
1379 4343 1561 4388 autem
1590 4348 1686 4402 per
1710 4334 1837 4387 cha-

241 4425 419 4481 ritatis
441 4424 682 4481 cilicium
700 4424 840 4481 male
861 4425 1054 4480 nociva
1075 4425 1292 4495 operuit
1308 4432 1529 4495 peccata
1553 4441 1567 4477 :
1591 4420 1837 4480 Charitas

236 4521 403 4584 enim,
461 4520 544 4574 ait
593 4517 901 4589 Apostolus,
935 4517 1164 4588 cooperit
1214 4515 1608 4572 multitudinem
1650 4532 1835 4586 pecca-

240 4618 437 4662 torum.

637 4715 976 4758 εγλκοειιυιι
1014 4714 1191 4765 ιυειε,
1235 4714 1353 4754 CAP.
1388 4714 1462 4753 SI.

314 4809 335 4844 ι
355 4791 494 4859 Quis
536 4799 779 4847 vestrum
817 4791 1039 4848 habebit
1075 4790 1333 4855 amicum,
1371 4796 1429 4845 et
1455 4788 1555 4844 ibit
1580 4788 1651 4844 ad
1681 4788 1833 4843 illum

244 4902 262 4934 ι
292 4884 475 4939 media
531 4892 693 4940 nocte
730 4891 788 4940 et
821 4884 966 4940 dicet
991 4882 1069 4939 illi
1098 4901 1111 4937 :
1137 4882 1347 4946 Amice,
1376 4881 1659 4937 comnioda
1696 4881 1833 4936 mihi

244 4994 263 5026 ι
293 4986 409 5032 tres
434 4991 625 5047 panes,
656 4977 914 5048 quoniam
943 4975 1153 5031 amicus
1184 4989 1337 5030 meus
1366 4974 1516 5030 venit
1547 4976 1614 5031 de
1648 4974 1734 5028 via
1765 4973 1831 5028 ad

245 5086 263 5117 ε
290 5084 405 5134 me,
436 5078 495 5124 et
521 5085 628 5123 non
649 5068 826 5125 habeo
847 5067 992 5139 quod
1020 5081 1217 5140 ponam
1249 5074 1376 5121 ante
1414 5065 1590 5120 illum.
1641 5064 1711 5120 Et
1743 5063 1832 5119 ille

247 5177 266 5208 ι
296 5160 516 5215 deintus
540 5160 876 5229 respondens
906 5159 1091 5215 dicat:
1117 5157 1234 5212 Noli
1258 5155 1390 5212 mihi
1411 5154 1670 5210 molestus
1688 5169 1831 5220 esse,

244 5268 265 5301 ο
288 5249 405 5318 jam
428 5250 628 5305 ostium
652 5250 898 5306 clausum
921 5258 1025 5315 est,
1050 5256 1107 5305 et
1144 5247 1299 5319 pueri
1325 5245 1432 5302 mei
1457 5260 1668 5300 mecum
1709 5251 1837 5299 sunt

245 5358 265 5392 ι
297 5342 352 5397 in
383 5341 573 5407 cubili,
606 5356 714 5397 non
743 5356 964 5412 possum
989 5324 1217 5410 surgere
1241 5337 1446 5393 etdare
1485 5334 1603 5390 tibi.
1654 5334 1722 5389 Et
1748 5334 1834 5388 illc

247 5452 266 5481 ι
292 5433 340 5488 si
370 5432 805 5504 perseveraverit
824 5430 1068 5502 pulsans,
1096 5428 1218 5484 dico
1234 5428 1407 5490 vobis,
1421 5434 1478 5480 et
1499 5425 1544 5480 si
1567 5440 1673 5478 non
1688 5424 1838 5477 daLit

246 5541 266 5575 ι
292 5523 370 5580 illi
401 5539 653 5595 surgens,
684 5539 753 5580 eo
776 5522 920 5594 quod
944 5521 1156 5576 amicus
1194 5516 1310 5587 ejus
1349 5519 1440 5581 sit,
1480 5524 1697 5587 propter
1734 5514 1834 5567 im-

247 5632 265 5667 ι
291 5616 629 5687 probitatem
652 5623 835 5669 tamen
856 5612 973 5682 ejus
997 5620 1204 5682 surget,
1227 5620 1282 5665 et
1302 5610 1455 5665 dabit
1477 5607 1553 5663 illi
1573 5614 1838 5678 quotquot

247 5722 266 5755 ι
295 5705 457 5761 habet
479 5705 840 5762 necessarios.
884 5704 951 5759 Et
977 5719 1077 5774 ego
1100 5702 1251 5756 vobis
1279 5700 1400 5755 dico
1425 5716 1438 5752 :
1461 5697 1636 5753 Petito
1661 5703 1713 5750 et
1740 5696 1837 5766 da-

249 5819 267 5850 ι
295 5798 443 5855 bitur
460 5800 638 5866 vobis,
663 5799 888 5870 quaerite
907 5806 962 5853 et
980 5795 1266 5854 invenietis
1287 5835 1300 5860 ,
1322 5792 1530 5865 pulsate
1552 5800 1606 5847 et
1625 5790 1833 5861 aperie—

1858 4563 1914 4624 D

1951 1950 2226 2009 debemus.
2277 1953 2500 2012 Amicus
2519 1959 2610 2028 qui
2639 1960 2782 2014 venit
2809 1959 2878 2015 de
2914 1962 3022 2026 via,
3072 1963 3185 2033 ipse
3226 1973 3413 2020 noster
3459 1979 3546 2022 est

1947 2042 2181 2111 animus,
2211 2047 2304 2115 qui
2336 2047 2497 2104 toties
2520 2064 2550 2103 a
2576 2049 2731 2105 nobis
2772 2052 2997 2117 recedit,
3030 2054 3245 2122 quoties
3278 2057 3345 2111 ad
3372 2072 3539 2127 appc-
3594 2111 3599 2114 ,

1948 2131 2107 2187 tenda
2128 2140 2340 2191 terrena
2362 2145 2417 2193 et
2438 2140 2755 2209 temporalia
2776 2139 2907 2197 foris
2929 2151 3175 2213 vagatur.
3230 2145 3385 2200 Redit
3411 2164 3539 2202 vero

1946 2220 2262 2294 caelestique
2290 2224 2545 2282 alimonia
2587 2228 2734 2284 reﬁci
2768 2231 3058 2298 desiderat,
3101 2248 3226 2288 eum
3265 2235 3319 2288 in
3353 2252 3411 2291 se
3452 2255 3539 2291 re.-

1946 2326 2161 2380 vcrsus,
2188 2329 2421 2385 superna
2455 2318 2686 2389 coeperit
2721 2335 2787 2375 ac
2824 2322 3128 2391 spiritualia
3167 2321 3437 2391 meditari,
3476 2329 3542 2381 de

1946 2418 2055 2473 quo
2083 2405 2309 2474 pulchre
2341 2408 2437 2480 qui
2474 2409 2705 2479 petierat
2741 2412 3022 2484 adiungit:
3050 2412 3168 2469 Non
3217 2431 3276 2471 se
3315 2416 3539 2483 hal'crc,

1945 2496 2089 2565 quod
2116 2507 2282 2566 ponat
2302 2509 2433 2557 ante
2452 2501 2620 2569 illum,
2663 2505 2919 2575 quoniam
2962 2507 3154 2562 anima.-
3193 2517 3316 2579 post
3359 2512 3539 2566 sreculi

1946 2590 2199 2647 tenebras
2218 2590 2385 2648 Deum
2408 2595 2727 2664 suspiranti,
2751 2597 2882 2652 nihil
2906 2608 3101 2669 printer
3121 2616 3243 2656 eum
3274 2602 3538 2673 cogitare,

1945 2681 2020 2736 nil
2052 2683 2221 2753 loqui,
2266 2684 2342 2740 nil
2382 2676 2766 2744 libet-intueri.
2825 2689 3011 2745 Solum
3046 2693 3188 2763 quod
3228 2697 3544 2767 recognovit

1945 2788 2173 2828 summa:
2210 2772 2495 2830 Trinitatis
2537 2777 2791 2846 gaudium
2836 2781 3214 2851 contemplari,
3258 2790 3422 2853 atque
3469 2785 3538 2838 ad

1944 2861 2049 2917 hoc
2076 2860 2289 2931 plenius
2308 2862 2625 2919 intuendum
2648 2867 2935 2935 pervenire
2958 2870 3178 2938 satagit.

2015 2952 2086 3008 Et
2115 2952 2205 3008 ille
2231 2952 2441 3009 deintus
2472 2956 2787 3025 respondens
2834 2957 2976 3011 dicat
3005 2975 3023 3012 :
3057 2959 3186 3015 Noli
3226 2962 3354 3016 milii
3384 2962 3541 3018 melc-

1943 3053 2056 3098 stus
2076 3059 2204 3107 esse,
2220 3043 2339 3114 jam
2370 3045 2555 3099 ostium
2580 3045 2818 3100 clausum
2845 3058 2942 3113 est,
2970 3057 3074 3105 etc.
3118 3050 3326 3108 Ostium
3354 3055 3536 3120 aunri,

1948 3132 2115 3189 divini
2146 3142 2230 3187 est
2255 3132 2605 3204 intelligentia
2634 3137 2919 3199 sermonis,
2946 3140 3089 3208 quod
3120 3140 3222 3195 sibi
3249 3140 3538 3211 Apostolus

1868 3210 1916 3270 Ο
1944 3233 2063 3284 orat
2085 3224 2287 3294 aperiri
2317 3224 2384 3278 ad
2410 3223 2735 3293 loquendum
2766 3229 3084 3299 mysterium
3110 3229 3331 3286 Christi.
3378 3233 3538 3287 Clau-

1941 3333 2170 3387 sumque
2197 3326 2282 3372 est
2309 3326 2554 3387 tempore
2596 3316 2966 3386 fantistverbi,
3008 3337 3131 3376 cmn
3176 3320 3534 3395 intelligentia

1940 3425 2045 3463 non
2078 3410 2257 3464 datur.
2300 3408 2368 3463 Et
2397 3409 2471 3463 illi
2505 3410 2598 3479 qui
2626 3412 2995 3483 evangelicum
3033 3414 3375 3482 sapientiam,
3415 3426 3537 3472 tan-

1938 3517 2099 3570 quam
2127 3517 2319 3571 panem
2344 3512 2649 3573 erogantcs.
2685 3519 2782 3573 per
2806 3506 2993 3560 orbem
3023 3514 3182 3560 terra:
3211 3508 3537 3576 przedicave—

1940 3602 2096 3658 runt,
2150 3594 2303 3664 pueri
2336 3592 2744 3663 patrisfamilias
2766 3582 2882 3664 jam
2911 3604 3040 3651 sunt
3066 3597 3117 3651 in
3143 3608 3354 3653 secreto
3382 3599 3537 3670 quie«

1940 3684 2010 3739 tis
2036 3700 2161 3738 cum
2191 3684 2443 3750 Domino,
2475 3695 2532 3740 et
2563 3694 2744 3742 tamen
2779 3688 2986 3742 orando
3020 3687 3273 3756 edicitur,
3300 3698 3360 3747 ut
3389 3692 3532 3746 acci-

1937 3775 2109 3845 piant.
2153 3774 2475 3832 Desiderant
2500 3777 2832 3834 intellectqu
2860 3779 2929 3834 ab
2958 3779 3075 3851 ipso
3111 3781 3244 3850 Deo,
3280 3782 3444 3839 etiam
3485 3785 3535 3840 si

1939 3865 2101 3923 homo
2123 3867 2262 3923 desit
2299 3884 2398 3939 per
2429 3884 2591 3939 quam
2630 3868 2900 3941 sapientia
2932 3871 3274 3943 praedicetur.

2009 3955 2077 4012 Et
2101 3956 2190 4012 ille
2213 3958 2261 4012 si
2276 3959 2678 4029 perseveraverit
2708 3960 2952 4032 pulsans,
2975 3961 3093 4016 dico
3114 3961 3279 4028 vobis,
3298 3973 3348 4017 et
3368 3965 3536 4016 sinon

1936 4047 2083 4102 dabit
2125 4046 2204 4102 illi
2232 4066 2474 4120 surgens,
2514 4067 2574 4105 eo
2622 4050 2763 4119 quod
2801 4051 3002 4104 amicus
3038 4051 3152 4122 ejus
3189 4053 3279 4116 sit,
3325 4063 3538 4121 propter

1937 4137 2317 4208 improbitatem
2341 4149 2514 4193 tamen
2539 4140 2654 4210 ejus
2684 4149 2880 4211 surget,
2910 4149 2959 4193 et
2994 4139 3138 4193 dabit
3165 4140 3245 4193 illi
3281 4150 3533 4211 quotquot

1936 4228 2089 4284 habet
2117 4229 2458 4284 necessarios.
2504 4229 2574 4283 Et
2604 4245 2698 4300 ego
2736 4229 2876 4284 vobis
2916 4230 3055 4293 dico,
3094 4226 3263 4284 Petita
3303 4241 3351 4282 et
3387 4230 3533 4283 dabi-
3566 4240 3571 4245 '

1935 4329 2027 4373 tur
2053 4319 2219 4386 vobis,
2259 4327 2367 4375 etc.
2403 4319 2751 4389 Comparatio
2796 4327 2882 4374 est
2922 4334 2953 4373 a
2999 4319 3227 4374 minore.
3283 4318 3343 4375 Si
3382 4319 3533 4375 enim

1936 4410 2149 4465 amicus
2181 4410 2344 4465 homo
2371 4409 2544 4482 surgit
2575 4409 2829 4475 delecto,
2873 4418 2930 4465 et
2974 4410 3069 4464 dat
3114 4424 3221 4464 non
3262 4409 3529 4475 amicitia,

1936 4499 2033 4554 sed
2060 4497 2220 4555 taedio
2262 4497 2597 4569 compulsus,
2627 4506 2834 4569 quanto
2882 4498 3054 4570 magis
3099 4499 3191 4553 dat
3230 4498 3396 4564 Deus,
3435 4497 3529 4569 qui

1937 4590 2055 4646 sine
2084 4591 2241 4647 kedio
2268 4591 2572 4663 largissime
2590 4591 2755 4647 donat
2781 4590 2924 4661 quod
2942 4590 3175 4661 petitur!
3204 4589 3312 4645 Sed
3334 4591 3400 4645 ad
3426 4591 3530 4646 hoc

1937 4700 1996 4740 se
2018 4685 2126 4755 peti
2159 4685 2293 4752 vult,
2322 4693 2382 4740 ut
2407 4700 2637 4755 capaces
2661 4684 2927 4739 donorum
2963 4682 3080 4752 ejus
3117 4685 3266 4746 tiant,
3301 4682 3392 4753 qui
3434 4698 3529 4753 pe-

1937 4785 2077 4832 tunt.
2127 4776 2206 4832 Ne
2226 4778 2411 4849 itaque
2443 4777 2511 4833 de
2534 4777 2620 4832 via
2649 4776 2872 4832 veniens
2901 4776 3108 4831 amicus
3139 4775 3316 4831 inedia
3349 4775 3530 4845 dispe«

1937 4876 2074 4933 rcat,
2110 4869 2214 4924 hoc
2240 4879 2347 4934 est,
2378 4884 2448 4924 ne
2482 4869 2694 4923 animus
2732 4882 2903 4936 nuper
2925 4865 2995 4920 ab
3025 4865 3229 4921 erroris
3258 4865 3341 4920 sui
3380 4865 3531 4919 vani-

1937 4968 2048 5016 tate
2084 4960 2430 5030 rcsipisccns,
2479 4957 2732 5015 desiderii
2764 4955 3060 5027 spiritualis
3104 4955 3306 5010 diutius
3345 4953 3525 5025 inepia

1937 5052 2202 5118 tabescat,
2241 5060 2491 5121 petamus
2512 5049 2700 5120 epulas
2722 5047 2895 5113 verbi,
2921 5037 3119 5118 quibus
3153 5046 3354 5111 alatur,
3379 5060 3528 5116 qua:-

1939 5160 2121 5199 ramus
2165 5144 2401 5198 amicum
2438 5140 2673 5211 quidet,
2705 5138 2982 5210 pulsemus
3013 5137 3214 5193 ostium
3263 5151 3371 5205 quo
3410 5149 3526 5189 ser-

1936 5242 2135 5288 vantur
2162 5232 2434 5289 absconsi.
2486 5231 2731 5301 Magnam
2772 5229 2916 5284 enim
2959 5242 3109 5298 spem
3141 5226 3305 5292 dedit,
3343 5232 3396 5281 et
3432 5222 3543 5278 dat.

1937 5326 2046 5389 ille,
2077 5326 2166 5395 qui
2197 5324 2562 5396 promittendo
2589 5338 2695 5377 non
2735 5322 2955 5391 decipit.

2011 5424 2193 5480 Omnis
2215 5425 2351 5479 enim
2374 5424 2462 5494 qui
2490 5424 2639 5493 petit,
2677 5421 2887 5492 accipit,
2916 5429 2962 5474 et
2985 5419 3074 5490 qui
3095 5416 3280 5488 quierit
3307 5411 3541 5475 interiit,

1937 5526 1982 5568 et
2020 5513 2250 5585 pulsanti
2282 5514 2564 5582 aperietur.
2608 5511 2747 5582 Ergo
2779 5510 2931 5581 juxta
2966 5506 3298 5578 przcmissam
3336 5507 3525 5569 postu-

1938 5605 2101 5659 lantis
2136 5600 2296 5657 amici
2318 5601 2649 5672 parabolam,
2687 5598 3093 5670 perseverantia
3139 5607 3274 5661 opus
3310 5598 3416 5655 est,
3465 5599 3524 5644 ut

1939 5694 2266 5764 accipiamus
2306 5691 2448 5761 quod
2472 5690 2720 5760 petimus,
2751 5699 2805 5743 et
2830 5685 3163 5742 inveniamus
3213 5678 3523 5764 quodque

1940 5763 2128 5850 rimus,
2162 5791 2213 5835 et
2237 5780 2378 5850 quod
2406 5778 2679 5848 pulsemus
2721 5776 3012 5845 aperiatur.
3058 5769 3192 5824 Nam
3239 5768 3282 5824 si
3322 5763 3528 5839 petenti
3612 5824 3621 5835 .
