3954 6200
422 383 531 440 307

1714 387 1848 444 SMA
1857 387 2063 445 RAGDI
2100 386 2391 445 ABBATIS

3570 396 3676 455 ’508

417 499 600 565 datur,
632 509 687 556 et
712 517 960 571 quwrens
989 502 1214 568 invenit,
1256 511 1309 559 et
1343 503 1579 574 pulsanti
1616 504 1877 574 aperitur,
1908 506 1994 558 cui
2025 506 2076 566 Α
2107 523 2124 555 ι
2152 520 2186 559 o
2215 505 2531 589 Theophile,
2562 518 2682 575 quae
2708 504 2870 575 coepit
2889 504 3046 562 Iesus
3080 505 3256 563 facere
3288 516 3345 562 et
3372 508 3567 563 docere
3592 525 3674 565 us-

420 606 529 647 non
555 590 731 658 datur,
756 602 812 647 et
839 594 931 664 qui
955 610 1059 650 non
1096 595 1335 661 invenit,
1373 604 1429 651 et
1466 597 1553 652 cui
1598 612 1706 652 non
1738 590 1996 667 aperitur,

419 689 643 750 apparet
661 682 803 751 quod
828 698 934 738 non
954 683 1092 747 bene
1108 684 1347 755 petierit,
1368 686 1664 755 quaesierit,
1685 687 1996 758 pulsaverit.

491 770 622 837 Quis
646 782 821 826 autem
847 789 912 827 ex
950 773 1090 828 vobis
1127 782 1325 844 patrem
1355 777 1479 846 petit
1515 792 1725 846 panem,
1765 777 2000 846 nunquid

418 862 646 933 lapidem
661 860 807 921 dabit
832 860 911 916 illi
930 862 1162 919 ."Panis
1181 863 1501 937 intelligitur
1520 866 1759 921 charitas
1780 875 2001 937 propter

417 948 679 1019 majorem
707 951 1022 1021 appetitum.
1072 950 1139 1005 Et
1166 959 1274 1005 tam
1314 954 1642 1017 necessaria,
1683 960 1743 1007 ut
1767 954 1885 1008 sine
1911 952 1999 1007 illa

416 1050 614 1097 caetera
637 1041 770 1096 nihil
794 1041 923 1107 sint,
954 1041 1091 1097 sicut
1113 1044 1230 1098 sine
1243 1058 1381 1113 pane
1403 1059 1587 1100 mensa
1610 1043 1768 1115 inops
1788 1054 1891 1109 εει,
1913 1046 1998 1099 cui

416 1131 690 1187 contraria
714 1140 800 1188 est
830 1131 1009 1188 cordis
1029 1132 1248 1200 duritia,
1273 1148 1434 1203 quam
1452 1132 1616 1209 lapidi
1640 1118 1994 1206 comparavit.

486 1224 590 1278 Aut
615 1224 663 1280 si
694 1225 911 1295 piscem,
935 1226 1175 1297 nunquid
1213 1242 1309 1296 pro
1348 1228 1488 1297 pisce
1528 1236 1813 1298 serpentem
1854 1228 1999 1282 dabit

413 1315 496 1371 illi
515 1316 541 1371 2
575 1315 748 1372 Piscis
767 1326 850 1372 est
873 1316 1009 1372 ﬁdes
1046 1316 1414 1382 invisibilium,
1450 1318 1539 1374 vel
1564 1327 1783 1389 propter
1802 1334 1996 1389 aquam

415 1408 693 1480 baptismi,
719 1407 803 1464 vel
822 1407 946 1477 quia
971 1408 1035 1463 de
1063 1407 1420 1463 invisibilibus
1442 1408 1574 1464 locis
1599 1411 1827 1480 capitur.
1845 1409 1999 1477 Quod

414 1503 578 1556 etiam
607 1500 740 1556 ﬁdes
766 1500 925 1568 hujus
949 1500 1134 1555 mundi
1162 1499 1413 1555 ﬂuctibus
1450 1500 1855 1563 circumlatrata
1890 1518 1997 1555 non

415 1592 702 1663 frangitur,
749 1599 900 1646 recte
945 1590 1083 1660 pisci
1120 1601 1486 1661 comparatur,
1528 1593 1615 1648 cui
1663 1594 1997 1649 contrarium

414 1680 597 1750 posuit
644 1688 973 1749 serpentem,
1030 1688 1248 1750 propter
1299 1695 1507 1737 venena
1565 1682 1812 1750 fallacize,
1878 1700 1998 1754 quae

413 1772 577 1827 etiam
607 1771 781 1842 primo
802 1772 1004 1830 homini
1043 1772 1182 1826 male
1211 1774 1482 1830 suadendo
1506 1777 1921 1845 praeseminavit.

488 1863 587 1917 Aut
613 1864 658 1918 si
681 1864 887 1934 petierit
927 1880 1099 1929 ovum,
1131 1865 1366 1936 nunquid
1403 1868 1627 1938 porriget
1652 1867 1741 1927 ,illi
1770 1870 1993 1939 scorpio—
2024 1852 2069 1909 Β

411 1971 529 2009 nem
555 1954 580 2009 Ρ
607 1955 662 2009 ln
695 1969 796 2009 ovo
818 1954 1090 2009 indicatur
1115 1969 1259 2033 spes.
1293 1953 1465 2012 Ovum
1488 1958 1631 2012 enim
1654 1960 1891 2017 nondum
1913 1968 1995 2013 cst

413 2050 575 2104 {cetus
605 2048 898 2120 perfectus,
931 2048 1021 2104 sed
1052 2047 1279 2103 fovendo
1315 2057 1581 2119 speratur.
1640 2048 1737 2103 Cui
1771 2061 1992 2104 contra-

412 2137 552 2192 rium
579 2134 757 2204 posuit
788 2134 1149 2203 scorpionem,
1178 2133 1330 2202 cujus
1358 2133 1576 2189 aculeus
1598 2144 1892 2189 venenatus
1917 2151 1996 2189 re-

412 2240 498 2282 tro
524 2225 795 2283 timendus
816 2232 917 2291 est,
942 2226 1080 2279 sicut
1108 2226 1219 2295 spei
1255 2226 1586 2281 contrarium
1618 2233 1702 2279 est
1732 2227 1992 2296 retrospi—

413 2336 540 2376 cere
566 2361 582 2386 ,
620 2335 744 2376 cum
779 2334 905 2398 spes
944 2317 1245 2375 futurorum
1283 2319 1337 2373 in
1368 2334 1431 2377 ea
1479 2335 1601 2389 qum
1635 2325 1760 2373 ante
1784 2326 1909 2375 sunt
1938 2334 1995 2374 se

413 2408 689 2465 extendat.
1598 2430 1604 2437 ι

488 2499 549 2556 Si
577 2516 699 2571 ergo
726 2517 815 2555 vos
852 2516 968 2553 cum
1007 2500 1121 2554 sitis
1158 2499 1283 2553 mali
1328 2498 1489 2553 nostis
1531 2498 1665 2553 bona
1702 2503 1829 2560 dare
1867 2497 1996 2567 ﬁliis

410 2594 614 2659 vestris,
635 2604 830 2665 quanto
854 2593 1016 2663 magis
1047 2602 1194 2663 pater
1224 2601 1385 2646 vester
1409 2591 1473 2646 de
1503 2591 1628 2645 caelo
1667 2592 1811 2645 dabit
1838 2590 1992 2661 spiri-

411 2698 521 2742 tum
544 2685 736 2741 bonum
765 2685 1052 2757 petentibus
1080 2702 1154 2739 se.
1207 2683 1484 2751 Quomodo
1504 2683 1631 2738 mali
1661 2683 1791 2737 dant
1811 2684 1949 2737 bona
1969 2682 1994 2734 ?

410 2776 507 2831 sed
542 2775 712 2830 malos
745 2773 1030 2849 appellavit
1065 2774 1352 2830 dilectores
1392 2774 1572 2828 adhuc
1613 2773 1792 2828 saeculi
1834 2770 1993 2841 hujus

410 2873 467 2920 et
491 2872 823 2937 peccatores.
881 2862 1027 2919 Bona
1067 2880 1195 2923 vero
1232 2878 1352 2934 quae
1385 2863 1533 2928 dant,
1568 2862 1864 2918 secundum
1902 2875 1993 2913 co-

412 2972 532 3011 rum
564 2970 782 3015 sensum
819 2954 960 3010 bona
990 2954 1214 3010 dicenda
1238 2962 1385 3020 sunt,
1412 2956 1539 3025 quia
1566 2957 1680 3010 haec
1712 2971 1808 3026 pro
1836 2952 1992 3007 bonis

410 3046 631 3113 habent,
659 3061 966 3119 quanquam
998 3046 1052 3100 in
1084 3062 1264 3101 rerum
1296 3055 1488 3101 natura
1528 3048 1630 3103 ista
1676 3050 1815 3103 bona
1861 3052 1987 3119 sint,

410 3135 506 3192 sed
537 3135 850 3211 temporalia
877 3143 932 3190 et
961 3136 1028 3190 ad
1050 3135 1207 3192 istam
1235 3137 1405 3197 vitam,
1428 3137 1696 3193 inﬁrmam
1723 3141 1993 3210 pertinen-

2107 616 2125 648 r
2156 613 2261 667 que
2284 599 2337 652 in
2367 597 2509 653 diem
2530 612 2635 667 qua
2663 598 2980 668 praecipiens
3015 598 3273 668 apostolis
3299 615 3397 669 per
3417 598 3689 669 Spiritum

2108 708 2125 737 ι
2155 695 2439 752 sanctum,
2482 672 2618 758 quos
2662 688 2822 759 elegit
2865 696 3173 757 assumptus
3220 695 3322 742 est.
3376 686 3583 755 Quibus
3628 699 3682 745 et

2107 796 2125 826 ι
2154 777 2383 846 praebuit
2410 791 2469 831 se
2504 777 2678 846 ipsum
2705 778 2888 831 vivum
2923 783 3046 846 post
3081 777 3385 846 passionem
3419 792 3594 845 suam,
3624 780 3683 834 in

2107 886 2125 916 ι
2154 865 2335 921 multis
2361 867 2712 938 argumentis,
2746 882 2844 936 per
2880 867 2997 923 dies
3021 867 3375 939 quadraginta
3412 884 3684 940 apparens

2106 975 2123 1006 ο
2154 956 2256 1018 eis,
2286 964 2342 1010 et
2362 955 2588 1025 loquens
2616 955 2684 1011 de
2706 972 2872 1028 regno
2898 958 3014 1013 Dei.
3065 958 3133 1012 Et
3166 972 3500 1015 eonvescens
3540 976 3681 1030 prae-

2105 1063 2125 1094 (
2154 1044 2297 1114 cepit
2325 1045 2405 1099 eis
2432 1045 2499 1101 ab
2519 1045 2907 1119 Hierosolymis
2926 1063 2996 1103 ne
3012 1048 3491 1116 discederenth
3516 1066 3675 1122 expe-

2106 1155 2123 1186 ι
2156 1143 2367 1190 ctareut
2383 1136 2794 1205 promissionem
2817 1137 3012 1201 Patris,
3030 1154 3192 1207 quam
3207 1140 3454 1207 audistis,
3481 1142 3683 1212 inquit,

2105 1245 2123 1275 α
2152 1240 2248 1296 per
2268 1238 2329 1282 os
2342 1239 2520 1280 meum
2538 1244 2551 1281 :
2575 1227 2699 1297 quia
2721 1226 2956 1282 Joannes
2975 1229 3192 1299 quidem
3205 1230 3501 1300 baptizavit
3517 1245 3682 1302 aqua,

2105 1334 2123 1367 ι
2154 1332 2247 1373 vos
2294 1327 2472 1373 autem
2509 1316 2913 1388 baptizabimini
2952 1317 3159 1388 Spiritu
3186 1327 3395 1386 sancto,
3425 1335 3533 1374 non
3557 1331 3687 1392 post

2104 1426 2123 1458 ι
2149 1408 2349 1464 multos
2377 1410 2478 1464 bos
2507 1408 2642 1464 dies.
2696 1408 2866 1480 Igitur
2896 1409 2989 1477 qui
3018 1418 3409 1475 convenerant,
3442 1396 3685 1469 interro-

2104 1520 2120 1551 ι
2150 1499 2349 1570 gabant
2376 1516 2499 1556 eum
2550 1501 2789 1556 dicentes
2815 1518 2827 1553 :
2854 1500 3100 1567 Domine,
3131 1502 3179 1556 si
3210 1502 3265 1556 in
3301 1511 3546 1573 tempore
3575 1505 3680 1560 hoc

2103 1609 2121 1641 ι
2151 1590 2404 1646 restitues
2434 1604 2659 1661 regnum
2682 1589 2894 1645 Israel?
2933 1589 3080 1643 Dixit
3105 1599 3286 1645 autem
3316 1582 3435 1646 eis“:
3460 1592 3576 1647 Non
3600 1604 3683 1648 est

2103 1700 2121 1732 ‹
2150 1689 2387 1736 vestrum
2418 1696 2581 1736 nosse
2619 1688 2860 1751 tempora
2890 1681 2975 1736 vel
3027 1690 3323 1746 momenta,
3366 1697 3487 1752 quze
3521 1683 3685 1739 Pater

2104 1791 2121 1821 ‹
2151 1771 2332 1841 posuit
2364 1771 2419 1825 in
2448 1785 2544 1825 sua
2574 1779 2860 1840 potestate,
2886 1772 2980 1827 sed
3000 1771 3281 1841 accipietis
3299 1773 3557 1827 virtutem
3585 1789 3681 1828 su-

2104 1881 2122 1915 c
2149 1861 2513 1932 pervenientis
2554 1861 2786 1932 Spiritus
2821 1864 2992 1918 sancti
3025 1864 3077 1917 in
3114 1878 3226 1927 vos,
3261 1872 3319 1918 et
3351 1865 3507 1919 eritis
3542 1866 3680 1921 mihi

2104 1975 2124 2008 ‹
2153 1963 2318 2010 testes
2348 1954 2403 2009 in
2426 1955 2760 2010 Hierusalem
2783 1965 2837 2010 et
2867 1956 2920 2011 in
2946 1957 3093 2012 omni
3115 1953 3298 2012 Jndzea
3334 1966 3391 2013 et
3428 1958 3688 2015 Samaria

2102 2064 2120 2095 ε
2149 2054 2205 2100 et
2234 2059 2402 2114 usque
2426 2044 2494 2098 ad
2526 2044 2776 2099 ultimum
2801 2053 2976 2105 terrae.
3027 2045 3095 2100 Et
3127 2061 3250 2101 cum
3275 2047 3391 2102 haec
3430 2048 3680 2113 dixisset,

2103 2153 2122 2184 ι
2149 2133 2457 2188 videntibus
2483 2130 2590 2188 illis
2613 2132 2855 2189 elevatus
2875 2140 2980 2198 est,
3009 2142 3064 2188 et
3093 2133 3265 2188 nubes
3293 2135 3531 2205 suscepit
3552 2150 3682 2190 eum

2103 2244 2120 2275 ι
2151 2225 2219 2279 ab
2254 2225 2425 2280 oculis
2458 2239 2667 2280 eorum.
2721 2222 2965 2295 Cumque
3015 2226 3355 2280 intuerentur
3395 2227 3448 2280 in
3483 2227 3687 2282 coelum

2103 2334 2122 2365 ι
2150 2324 2366 2370 euntem
2402 2315 2570 2380 illum,
2600 2330 2727 2371 ecce
2751 2316 2856 2371 duo
2881 2316 2979 2370 viri
3005 2317 3292 2370 astiterunt
3305 2314 3458 2385 juxta
3481 2316 3601 2373 illos
3626 2318 3683 2371 in

2105 2423 2123 2457 ι
2151 2405 2392 2461 vestibus
2417 2405 2572 2471 albis,
2602 2406 2697 2475 qui
2723 2415 2781 2461 et
2813 2407 3062 2461 dixerunt
3094 2422 3109 2461 :
3145 2408 3255 2463 Viri
3280 2407 3504 2475 Galilasi,
3544 2411 3682 2479 quid

2105 2516 2124 2548 ο
2150 2497 2309 2552 statis
2331 2498 2651 2568 aspicientes
2672 2499 2726 2553 in
2756 2499 2990 2554 coelum?
3034 2499 3133 2554 Hic
3157 2500 3314 2556 Jesns
3341 2501 3432 2571 qui
3466 2516 3687 2557 assum-

2105 2610 2122 2638 r
2151 2596 2274 2658 ptus
2304 2596 2387 2643 est
2418 2604 2449 2642 a
2477 2588 2630 2643 vobis
2651 2589 2706 2643 in
2734 2588 2950 2651 ctelum,
2985 2589 3064 2643 sic
3088 2590 3286 2654 veniet,
3330 2590 3689 2658 quemadmo-

2104 2698 2122 2729 ε
2152 2678 2277 2732 dum
2299 2678 2507 2733 vidistis
2530 2692 2654 2734 eum
2683 2690 2900 2733 euntem
2928 2678 2983 2731 in
3015 2676 3231 2734 coelum.
3264 2698 3283 2731 ι

2174 2768 2411 2823 Primum
2432 2768 2641 2839 quidem
2655 2783 2944 2823 sermonem
2971 2767 3070 2837 feci
3090 2767 3154 2821 de
3180 2766 3439 2831 omnibus,
3465 2785 3494 2821 o
3513 2767 3685 2823 Theo-

2096 2858 2253 2931 pliile,
2283 2875 2401 2930 quce
2429 2860 2578 2929 erepit
2614 2858 2772 2913 Iesus
2813 2858 2986 2927 facere
3025 2868 3074 2912 et
3105 2859 3310 2913 docere.
3355 2858 3453 2930 (Ex
3485 2859 3683 2933 Beda.)

2100 2952 2174 3005 Dc
2195 2950 2445 3004 omnibus
2467 2963 2527 3003 se
2554 2948 2686 3004 dicit
2706 2947 2906 3005 Christi
2929 2947 3089 3002 factis
3121 2956 3176 3002 et
3204 2948 3367 3003 dictis
3402 2948 3458 3002 in
3493 2948 3680 3003 Evan-

2096 3041 2235 3111 gelio
2261 3039 2562 3110 scripsisse,
2592 3054 2701 3094 non
2730 3038 2870 3107 quod
2889 3039 3070 3093 omnia
3098 3038 3559 3108 comprehendere
3578 3055 3682 3109 po-

2100 3132 2285 3196 tuerit,
2317 3146 2384 3185 ne
2409 3131 2480 3185 sit
2508 3117 2813 3186 contrarius
2843 3129 3058 3195 Joanni,
3081 3130 3174 3199 qui
3205 3129 3283 3183 ait
3309 3147 3324 3183 :
3357 3126 3530 3183 Helia
3553 3131 3679 3200 qui-

412 3226 508 3291 tia,
535 3234 590 3280 et
610 3193 854 3298 quisquis
876 3241 941 3280 ea
972 3225 1145 3281 malus
1180 3226 1289 3290 dat,
1331 3194 1441 3281 non
1471 3226 1538 3282 de
1585 3244 1684 3283 suo
1723 3193 1995 3286 litati—bi}
2021 3193 2066 3256 θ
2097 3222 2214 3275 dem
2240 3193 2287 3275 et
2313 3219 2423 3275 alia
2443 3221 2595 3291 signa
2630 3220 2753 3291 fecit
2794 3219 2949 3275 lem
2986 3193 3051 3274 in»
3080 3193 3354 3291 εόκεριοια
3388 3193 3685 3290 W10-

334 3374 337 3379 ,
410 3317 541 3372 mini
576 3328 651 3373 est
676 3327 819 3375 terra
854 3327 903 3372 et
944 3316 1217 3390 plenitudo
1250 3319 1390 3389 ejus,
1433 3322 1527 3391 qui
1556 3320 1677 3389 fecit
1718 3322 1901 3378 caelum
1944 3336 1993 3379 et

409 3422 624 3476 terram,
652 3420 701 3469 et
729 3413 903 3469 omnia
928 3427 1044 3487 quin
1072 3411 1127 3465 in
1146 3410 1222 3466 eis
1242 3422 1381 3467 sunt.
1427 3412 1699 3481 Quantum
1721 3428 1850 3491 ergo
1874 3431 1994 3488 spe-

412 3501 640 3559 randum
669 3512 772 3568 est,
801 3504 1053 3559 daturum
1092 3500 1262 3561 Deum
1300 3506 1457 3565 nobis
1488 3506 1628 3562 bona
1662 3508 1991 3577 petentibus,

411 3612 513 3653 nec
541 3612 641 3653 nos
672 3610 829 3667 posse
849 3596 1042 3669 decipi,
1070 3607 1130 3653 ut
1170 3598 1498 3670 accipiamus
1541 3598 1684 3653 aliud
1722 3614 1822 3670 pro
1864 3599 1991 3665 alio,

409 3701 536 3743 eum
559 3686 628 3741 ab
654 3686 771 3755 ipso
788 3686 1045 3756 petimus,
1074 3688 1291 3759 quando
1319 3704 1439 3755 nos,
1467 3688 1629 3747 etiam
1656 3704 1780 3744 cum
1810 3705 1995 3745 sumus

411 3774 559 3842 mali,
590 3776 838 3831 novimus
865 3776 921 3831 id
945 3776 1075 3833 dare
1098 3778 1241 3847 quod
1273 3778 1529 3849 petimur.
1578 3778 1697 3833 Non
1729 3780 1873 3834 enim
1903 3781 1995 3836 de—

409 3864 641 3934 cipimus
672 3862 809 3919 ﬁlios
841 3873 1075 3920 nostros.
1122 3865 1189 3925 Et
1208 3867 1600 3939 qualiacunque
1619 3868 1759 3924 bona
1781 3868 1990 3936 damus,

412 3973 519 4012 non
554 3957 619 4011 de
664 3965 873 4021 nostro,
917 3957 1012 4012 sed
1045 3957 1111 4012 de
1146 3957 1314 4030 ipsius
1355 3958 1563 4015 damus.
1610 3957 1810 4019 Aliter.
1852 3959 1995 4031 Apo—

410 4044 532 4100 stoli
553 4045 645 4116 qui
674 4038 954 4103 electionis
985 4045 1177 4100 merito
1198 4045 1493 4102 bonitatem
1524 4048 1736 4118 generis
1771 4048 1997 4109 humani

368 4190 375 4196 .
407 4146 778 4203 excesserant,
791 4138 1043 4195 omnibus
1056 4138 1230 4195 modis
1254 4153 1499 4208 supernae
1519 4139 1776 4198 bonitatis
1798 4140 1993 4195 intuitu

409 4227 535 4282 mali
574 4243 697 4284 esse
738 4228 1009 4283 dicuntur.
1066 4228 1204 4295 Quia
1246 4228 1382 4284 nihil
1424 4236 1506 4285 est
1545 4230 1990 4302 pet-semetipsum

407 4317 622 4384 stabile,
672 4318 804 4372 nihil
847 4317 1201 4384 immutabile,
1244 4320 1380 4377 nihil
1417 4320 1639 4388 bonum,
1677 4322 1782 4383 nisi
1820 4323 1993 4380 deitus

407 4406 539 4460 sola.
594 4404 793 4464 Omnes
824 4423 953 4463 vero
993 4417 1277 4475 creaturae,
1326 4418 1383 4464 ut
1421 4409 1809 4469 beatitudinem
1840 4421 1994 4468 acter-

408 4495 594 4549 nitatis
628 4494 707 4549 vel
748 4497 1194 4556 immutabilitatis
1233 4498 1536 4565 obtineant,
1592 4517 1699 4556 non
1746 4502 1850 4557 hoc
1895 4521 1991 4575 per

409 4601 560 4643 suam
610 4596 878 4653 naturam,
917 4589 1009 4643 sed
1046 4605 1144 4659 per
1191 4591 1454 4646 creatoris
1494 4594 1576 4647 sui
1624 4595 1991 4664 participatio-

410 4690 537 4730 nem
582 4683 636 4729 ct
673 4677 902 4745 gratiam
950 4689 1374 4747 consequuntur.
1417 4679 1570 4748 Quod
1604 4698 1734 4738 vero
1771 4685 1990 4751 dicitur,

408 4776 614 4841 quanto
643 4768 813 4838 magis
852 4776 1006 4839 pater
1040 4779 1221 4824 vester
1260 4771 1327 4825 de
1366 4771 1504 4826 coelo
1544 4773 1696 4828 dabit
1744 4776 1991 4845 spiritum

408 4859 610 4912 l-onum
632 4860 939 4930 petentibus
963 4874 1040 4927 se,
1066 4861 1303 4916 ostendit
1328 4860 1586 4931 Spiritum
1619 4872 1863 4918 sanctum
1889 4865 1995 4934 ple-

411 4948 710 5003 nitudinem
739 4963 856 5004 esse
876 4949 1138 5006 bonorum
1158 4950 1274 5016 Dei,
1304 4959 1357 5006 et
1377 4966 1441 5006 ea
1467 4967 1586 5020 qua:
1616 4952 1871 5008 divinitus
1896 4955 1989 5009 ad-

412 5038 804 5103 ministrantur,
830 5056 933 5094 non
962 5040 1063 5095 alia
1086 5042 1364 5111 absqucca
1388 5042 1706 5108 subsistere,
1729 5045 1852 5113 quia
1873 5062 1990 5101 om-

413 5143 506 5183 nes
529 5127 812 5192 utilitates,
836 5144 955 5198 quae
974 5145 1040 5185 ex
1070 5131 1331 5186 donortnn
1364 5132 1459 5187 Dei
1484 5133 1657 5209 gratia
1689 5136 1989 5206 suscipiun-

413 5226 516 5281 tur,
547 5233 611 5271 ex
644 5217 748 5271 isto
777 5216 923 5273 fonte
959 5229 1230 5274 emanant.

1038 5324 1354 5365 CONCORDIA.

482 5401 537 5455 ln
574 5401 834 5471 petitione
862 5401 1141 5464 orationis,
1181 5411 1235 5455 et
1271 5403 1325 5456 in
1352 5407 1719 5472 acceptationc
1752 5408 1992 5461 muneris

414 5494 639 5549 istarum
668 5493 891 5549 duarum
923 5491 984 5546 lit
1015 5492 1300 5546 concordia
1329 5493 1637 5555 lectionum.

776 5604 844 5660 IN
892 5580 1318 5660 AS’CENSIONE
1366 5605 1616 5662 nomen.

660 5691 849 5731 LECTIO
880 5692 1093 5731 ACTUUM
1125 5692 1524 5741 APOSTOLORUB,
1552 5694 1667 5733 CAP.
1702 5696 1737 5731 l.

494 5763 778 5821 (Primum
827 5769 1040 5839 quidem
1092 5784 1394 5824 sermonem
1450 5768 1548 5823 feci
1600 5770 1662 5823 de
1719 5770 1989 5835 erunibus,

1446 6014 1471 6052 \

2095 3330 2210 3368 rum
2231 3329 2468 3379 suorum,
2498 3328 2616 3384 qua:
2641 3328 2745 3366 non
2765 3321 2887 3365 sunt
2911 3311 3107 3381 scripta
3127 3312 3185 3365 in
3209 3311 3341 3377 libro
3361 3312 3457 3365 hoc
3487 3310 3679 3381 (Joan.

2094 3401 2238 3475 ult.),
2293 3402 2388 3457 sed
2428 3403 2573 3472 quod
2609 3401 2677 3457 de
2712 3402 2964 3457 omnibus
3003 3401 3249 3472 elegerit,
3292 3403 3435 3457 unde
3471 3401 3682 3458 faceret

2094 3507 2420 3557 sermonem,
2448 3507 2570 3563 qua:
2599 3491 2862 3562 judicavit
2898 3498 3024 3560 apta
3056 3500 3112 3546 et
3149 3506 3390 3562 congrua
3428 3490 3679 3546 sullicere

2092 3584 2268 3643 ofﬁcio
2286 3585 2705 3656 dispensationis
2737 3600 2868 3640 sute.
2919 3583 3249 3654 Theophilus
3282 3584 3685 3654 interpretatur

2094 3678 2187 3734 Dei
2215 3689 2449 3744 amator,
2486 3676 2573 3733 vel
2599 3694 2630 3733 a
2660 3677 2771 3733 Deo
2799 3684 3031 3732 amatus.
3080 3675 3398 3746 Quicunque
3422 3691 3550 3746 ergo
3576 3674 3678 3729 Dei

2095 3778 2308 3827 amator
2333 3779 2435 3839 est,
2473 3771 2541 3826 ad
2576 3785 2635 3827 se
2676 3770 2936 3841 scriptum
2980 3778 3131 3826 tenet
3167 3785 3279 3827 suae
3319 3770 3411 3825 hic
3454 3769 3673 3832 arabum,

2094 3867 2220 3936 quia
2266 3865 2442 3921 Lucas
2475 3865 2720 3920 medicus
2747 3865 2983 3935 scripsit,
3031 3865 3272 3920 inveniet
3310 3864 3560 3920 salutem.
3604 3864 3676 3919 Et

2094 3956 2409 4021 notandum,
2440 3956 2584 4024 quod
2611 3955 2687 4010 ait
2714 3973 2727 4009 :
2759 3952 2892 4020 Qum
2918 3956 3065 4026 capit
3099 3954 3256 4011 lusus
3290 3954 3463 4025 facere
3496 3962 3545 4008 et
3582 3955 3680 4007 do-

2094 4061 2227 4102 cere.
2268 4045 2450 4100 Primo
2473 4043 2654 4100 facere
2676 4052 2734 4101 et
2751 4052 2936 4116 postea
2961 4045 3176 4111 docere,
3217 4047 3344 4116 quia
3382 4043 3539 4102 Iesus
3584 4045 3681 4099 bo-

2096 4153 2197 4193 nus
2221 4138 2406 4192 doctor
2460 4144 2521 4191 et
2542 4135 2850 4199 instituens,
2876 4136 3020 4191 nulla
3044 4136 3148 4191 nisi
3174 4152 3294 4206 quae
3317 4137 3443 4191 fecit
3465 4136 3674 4191 docuit.

2169 4227 2340 4301 Usque
2357 4229 2411 4282 in
2431 4228 2591 4293 diem,
2620 4243 2725 4298 qua
2746 4226 3049 4297 prwcipiens
3083 4226 3332 4298 apostolis
3373 4242 3467 4297 per
3505 4224 3682 4296 Spiri—

2094 4331 2204 4378 tum
2233 4330 2492 4385 sanctum,
2520 4334 2650 4390 quos
2672 4317 2821 4387 elegit
2844 4328 3141 4386 assumptus
3181 4325 3280 4383 est,
3324 4323 3429 4372 etc.
3478 4314 3683 4370 Trans-

2096 4414 2282 4469 ccnsio
2320 4412 2609 4466 verborum
2643 4407 2889 4462 ordinem
2927 4407 3173 4473 turbans,
3206 4422 3306 4477 per
3340 4406 3687 4476 hyperbaton

2096 4502 2399 4576 legendum,
2434 4513 2605 4571 usque
2634 4498 2689 4553 in
2724 4497 2868 4553 diem
2895 4510 3001 4566 qua
3038 4503 3347 4566 assumptus
3379 4503 3484 4559 est,
3529 4509 3682 4563 pra:-

2092 4597 2297 4665 cipiens
2330 4601 2455 4648 ante
2496 4589 2952 4659 assumptionem,
2997 4586 3053 4641 id
3081 4596 3185 4651 est,
3227 4592 3509 4657 praecepta
3534 4576 3691 4638 'dans

2091 4685 2371 4758 apostolis,
2397 4697 2515 4753 quae
2545 4681 2629 4756 vel
2653 4680 2743 4735 hic
2766 4678 2852 4734 vel
2874 4678 2928 4732 in
2956 4677 3259 4748 Evangeliis
3280 4678 3548 4748 leguntur.
3582 4675 3689 4730 Est

2091 4790 2221 4845 ergo
2246 4788 2473 4829 sensus:
2499 4769 2705 4839 Scripsi
2740 4770 2809 4824 de
2834 4768 2972 4824 Jesu.
3002 4784 3034 4822 a
3074 4777 3316 4838 tempore
3367 4784 3477 4838 quo
3509 4766 3688 4837 erupit

2090 4870 2243 4939 signa
2274 4865 2454 4919 facere
2477 4872 2533 4919 et
2563 4863 2778 4928 docere,
2807 4878 2985 4931 usque
3023 4862 3076 4916 in
3121 4862 3288 4926 diem,
3321 4860 3426 4931 qua
3467 4862 3698 4916 eisdem

2096 4955 2498 5014 consummatis.
2523 4954 2666 5008 unde
2691 4960 2915 5007 venerat
2948 4953 3128 5018 rediit,
3165 4967 3262 5022 per
3294 4952 3410 5007 dies
3441 4953 3690 5021 quadra-

2095 5047 2242 5118 ginta
2268 5058 2534 5112 apparens
2556 5044 2657 5108 eis,
2686 5051 2742 5096 et
2770 5041 2990 5111 loquens
3028 5043 3095 5097 de
3126 5057 3292 5114 regno
3330 5042 3422 5097 Dei
3463 5052 3517 5097 et
3550 5057 3691 5096 con-—

2095 5151 2339 5200 vcsccns,
2380 5143 2485 5189 etc.
2531 5133 2610 5186 Ad
2660 5133 3029 5186 instruendam
3078 5133 3351 5191 Dominus,
3377 5133 3538 5188 ﬁdem
3570 5148 3691 5188 sua:

2097 5224 2511 5282 resurrectionis
2538 5223 2736 5293 saepius
2766 5222 3023 5292 apostolis
3047 5230 3171 5292 post
3195 5221 3498 5291 passionem
3524 5237 3696 5276 suam

2099 5318 2250 5372 vivus
2295 5322 2540 5386 apparet,
2594 5314 2747 5369 cibos
2798 5312 2980 5374 sumit,
3028 5312 3384 5380 eamdemque
3431 5325 3601 5379 quam
3652 5326 3696 5365 a

2095 5407 2323 5462 mortuis
2373 5405 2731 5461 suscitaverat
2784 5403 3105 5474 palpandam
3156 5417 3375 5458 carnem
3436 5400 3693 5456 exhibet.

2097 5499 2201 5553 Sed
2240 5499 2418 5552 altiori
2454 5498 2729 5568 mysterio,
2765 5512 2863 5567 per
2897 5499 3040 5552 hanc
3073 5494 3429 5565 quadraginta
3466 5493 3697 5547 dierum

2094 5606 2216 5642 rum
2254 5588 2527 5657 discipulis
2562 5588 3050 5651 conversationem,
3081 5583 3349 5655 signiﬁcat
3377 5597 3436 5638 se
3462 5580 3694 5636 occulta

2095 5679 2399 5749 praesentia,
2440 5694 2558 5746 qum
2596 5678 2917 5747 promiserat
2953 5674 3300 5745 impleturum
3343 5691 3355 5726 :
3400 5670 3538 5725 Ecce
3583 5686 3699 5739 ego

2097 5771 2355 5825 vobiscum
2396 5786 2508 5822 sum
2549 5767 2785 5825 omnibus
2821 5767 2998 5820 diebus
3039 5781 3201 5837 usque
3237 5764 3304 5818 ad
3344 5775 3707 5817 consumma-
