  <div class='ocr_page' id='page_1' title='image "/cluster/home/n/w/nwhite01/storage/ocr_20150623/102/hvd.32044052820032/160.png"; bbox 0 0 3954 6200; ppageno 0'>
   <div class='ocr_carea' id='block_1_1' title="bbox 247 349 353 406">
    <p class='ocr_par' dir='ltr' id='par_1_1' title="bbox 247 349 353 406">
     <span class='ocr_line' id='line_1_1' title="bbox 247 349 353 406; baseline 0 0"><span class='ocrx_word' id='word_1_1' title='bbox 247 349 353 406; x_wconf 73' lang='lat'><strong>309</strong></span> 
     </span>
    </p>
   </div>
   <div class='ocr_carea' id='block_1_2' title="bbox 1058 341 2676 402">
    <p class='ocr_par' dir='ltr' id='par_1_2' title="bbox 1058 341 2676 402">
     <span class='ocr_line' id='line_1_2' title="bbox 1058 341 2676 402; baseline 0 -2"><span class='ocrx_word' id='word_1_2' title='bbox 1058 343 1576 402; x_wconf 68' lang='lat' dir='ltr'><strong>COLLECTIONES</strong></span> <span class='ocrx_word' id='word_1_3' title='bbox 1609 343 1683 397; x_wconf 71' lang='lat' dir='ltr'><strong>1N</strong></span> <span class='ocrx_word' id='word_1_4' title='bbox 1722 341 2102 399; x_wconf 76' lang='lat' dir='ltr'><strong>EPISTOLAS</strong></span> <span class='ocrx_word' id='word_1_5' title='bbox 2137 345 2227 401; x_wconf 85' lang='lat' dir='ltr'><strong>ET</strong></span> <span class='ocrx_word' id='word_1_6' title='bbox 2265 343 2676 402; x_wconf 74' lang='lat' dir='ltr'><strong>EVANCELIA.</strong></span> 
     </span>
    </p>
   </div>
   <div class='ocr_carea' id='block_1_3' title="bbox 3391 348 3519 406">
    <p class='ocr_par' dir='ltr' id='par_1_3' title="bbox 3391 348 3519 406">
     <span class='ocr_line' id='line_1_3' title="bbox 3391 348 3519 406; baseline 0.008 -1"><span class='ocrx_word' id='word_1_7' title='bbox 3391 348 3519 406; x_wconf 69' lang='lat'><strong>310‘-</strong></span> 
     </span>
    </p>
   </div>
   <div class='ocr_carea' id='block_1_4' title="bbox 245 440 3497 529">
    <p class='ocr_par' dir='ltr' id='par_1_4' title="bbox 245 440 3497 529">
     <span class='ocr_line' id='line_1_4' title="bbox 245 440 3497 529; baseline -0.001 -10"><span class='ocrx_word' id='word_1_8' title='bbox 245 466 436 519; x_wconf 76' lang='lat' dir='ltr'><strong>tianeut</strong></span> <span class='ocrx_word' id='word_1_9' title='bbox 470 459 674 516; x_wconf 67' lang='lat' dir='ltr'><strong>sazculi.</strong></span> <span class='ocrx_word' id='word_1_10' title='bbox 727 459 835 514; x_wconf 85' lang='lat' dir='ltr'><strong>lste</strong></span> <span class='ocrx_word' id='word_1_11' title='bbox 876 457 1021 514; x_wconf 89' lang='lat' dir='ltr'><strong>enim</strong></span> <span class='ocrx_word' id='word_1_12' title='bbox 1069 472 1326 514; x_wconf 88' lang='lat' dir='ltr'><strong>numerus</strong></span> <span class='ocrx_word' id='word_1_13' title='bbox 1367 459 1505 513; x_wconf 87' lang='lat' dir='ltr'><strong>hanc</strong></span> <span class='ocrx_word' id='word_1_14' title='bbox 1554 466 1820 527; x_wconf 76' lang='lat' dir='ltr'><strong>tempora—</strong></span> <span class='ocrx_word' id='word_1_15' title='bbox 1846 457 1898 514; x_wconf 82' lang='grc' dir='ltr'>Α</span> <span class='ocrx_word' id='word_1_16' title='bbox 1923 471 2043 525; x_wconf 62' lang='lat' dir='ltr'><strong>quae</strong></span> <span class='ocrx_word' id='word_1_17' title='bbox 2066 440 2244 513; x_wconf 92' lang='lat' dir='ltr'><strong>Patris</strong></span> <span class='ocrx_word' id='word_1_18' title='bbox 2266 465 2413 525; x_wconf 87' lang='lat' dir='ltr'><strong>sunt,</strong></span> <span class='ocrx_word' id='word_1_19' title='bbox 2433 458 2528 514; x_wconf 90' lang='lat' dir='ltr'><strong>sed</strong></span> <span class='ocrx_word' id='word_1_20' title='bbox 2560 473 2667 515; x_wconf 89' lang='lat' dir='ltr'><strong>non</strong></span> <span class='ocrx_word' id='word_1_21' title='bbox 2698 458 2948 529; x_wconf 75' lang='lat' dir='ltr'><strong>expediat</strong></span> <span class='ocrx_word' id='word_1_22' title='bbox 2968 473 3130 515; x_wconf 90' lang='lat' dir='ltr'><strong>nosse</strong></span> <span class='ocrx_word' id='word_1_23' title='bbox 3154 457 3497 526; x_wconf 72' lang='lat' dir='ltr'><strong>mortalibus,</strong></span> 
     </span>
    </p>
   </div>
   <div class='ocr_carea' id='block_1_5' title="bbox 248 547 1819 621">
    <p class='ocr_par' dir='ltr' id='par_1_5' title="bbox 248 547 1819 621">
     <span class='ocr_line' id='line_1_5' title="bbox 248 547 1819 621; baseline -0.006 -12"><span class='ocrx_word' id='word_1_24' title='bbox 248 556 348 611; x_wconf 88' lang='lat' dir='ltr'><strong>lem</strong></span> <span class='ocrx_word' id='word_1_25' title='bbox 386 562 772 621; x_wconf 87' lang='lat' dir='ltr'><strong>terrenamque</strong></span> <span class='ocrx_word' id='word_1_26' title='bbox 806 550 972 603; x_wconf 88' lang='lat' dir='ltr'><strong>vitam</strong></span> <span class='ocrx_word' id='word_1_27' title='bbox 996 588 1012 613; x_wconf 98' lang='lat'><strong>,</strong></span> <span class='ocrx_word' id='word_1_28' title='bbox 1048 548 1134 603; x_wconf 87' lang='lat' dir='ltr'><strong>vel</strong></span> <span class='ocrx_word' id='word_1_29' title='bbox 1170 556 1391 619; x_wconf 80' lang='lat' dir='ltr'><strong>propter</strong></span> <span class='ocrx_word' id='word_1_30' title='bbox 1425 554 1658 616; x_wconf 90' lang='lat' dir='ltr'><strong>quatuor</strong></span> <span class='ocrx_word' id='word_1_31' title='bbox 1691 547 1819 600; x_wconf 88' lang='lat' dir='ltr'><strong>anni</strong></span> 
     </span>
    </p>
   </div>
   <div class='ocr_carea' id='block_1_6' title="bbox 250 637 1815 715">
    <p class='ocr_par' dir='ltr' id='par_1_6' title="bbox 250 637 1815 715">
     <span class='ocr_line' id='line_1_6' title="bbox 250 637 1815 715; baseline -0.007 -15"><span class='ocrx_word' id='word_1_32' title='bbox 250 657 509 715; x_wconf 86' lang='lat' dir='ltr'><strong>tempora,</strong></span> <span class='ocrx_word' id='word_1_33' title='bbox 547 642 632 697; x_wconf 86' lang='lat' dir='ltr'><strong>vel</strong></span> <span class='ocrx_word' id='word_1_34' title='bbox 666 648 889 710; x_wconf 86' lang='lat' dir='ltr'><strong>propter</strong></span> <span class='ocrx_word' id='word_1_35' title='bbox 924 647 1155 709; x_wconf 80' lang='lat' dir='ltr'><strong>quatuor</strong></span> <span class='ocrx_word' id='word_1_36' title='bbox 1183 646 1372 694; x_wconf 83' lang='lat' dir='ltr'><strong>ventos</strong></span> <span class='ocrx_word' id='word_1_37' title='bbox 1395 637 1520 693; x_wconf 71' lang='grc' dir='ltr'><strong>θωιί</strong></span> <span class='ocrx_word' id='word_1_38' title='bbox 1549 637 1815 707; x_wconf 73' lang='lat' dir='ltr'><strong>designat.</strong></span> 
     </span>
    </p>
   </div>
   <div class='ocr_carea' id='block_1_7' title="bbox 248 726 1821 803">
    <p class='ocr_par' dir='ltr' id='par_1_7' title="bbox 248 726 1821 803">
     <span class='ocr_line' id='line_1_7' title="bbox 248 726 1821 803; baseline -0.005 -14"><span class='ocrx_word' id='word_1_39' title='bbox 248 734 376 789; x_wconf 78' lang='lat' dir='ltr'><strong>Nam</strong></span> <span class='ocrx_word' id='word_1_40' title='bbox 426 740 713 803; x_wconf 74' lang='lat' dir='ltr'><strong>posumam</strong></span> <span class='ocrx_word' id='word_1_41' title='bbox 749 727 945 799; x_wconf 77' lang='lat' dir='ltr'><strong>sepulti</strong></span> <span class='ocrx_word' id='word_1_42' title='bbox 983 727 1246 783; x_wconf 74' lang='lat' dir='ltr'><strong>fuerimus</strong></span> <span class='ocrx_word' id='word_1_43' title='bbox 1289 743 1416 784; x_wconf 90' lang='lat' dir='ltr'><strong>cum</strong></span> <span class='ocrx_word' id='word_1_44' title='bbox 1458 726 1678 783; x_wconf 86' lang='lat' dir='ltr'><strong>Christo</strong></span> <span class='ocrx_word' id='word_1_45' title='bbox 1724 740 1821 796; x_wconf 83' lang='lat' dir='ltr'><strong>per</strong></span> 
     </span>
    </p>
   </div>
   <div class='ocr_carea' id='block_1_8' title="bbox 246 818 1820 895">
    <p class='ocr_par' dir='ltr' id='par_1_8' title="bbox 246 818 1820 895">
     <span class='ocr_line' id='line_1_8' title="bbox 246 818 1820 895; baseline -0.006 -16"><span class='ocrx_word' id='word_1_46' title='bbox 246 825 570 895; x_wconf 89' lang='lat' dir='ltr'><strong>baptismum</strong></span> <span class='ocrx_word' id='word_1_47' title='bbox 602 822 657 875; x_wconf 90' lang='lat' dir='ltr'><strong>in</strong></span> <span class='ocrx_word' id='word_1_48' title='bbox 681 826 878 884; x_wconf 83' lang='lat' dir='ltr'><strong>morte,</strong></span> <span class='ocrx_word' id='word_1_49' title='bbox 895 819 1052 888; x_wconf 85' lang='lat' dir='ltr'><strong>quasi</strong></span> <span class='ocrx_word' id='word_1_50' title='bbox 1072 819 1240 873; x_wconf 83' lang='lat' dir='ltr'><strong>Rubri</strong></span> <span class='ocrx_word' id='word_1_51' title='bbox 1273 820 1442 875; x_wconf 85' lang='lat' dir='ltr'><strong>maris</strong></span> <span class='ocrx_word' id='word_1_52' title='bbox 1475 818 1610 874; x_wconf 83' lang='lat' dir='ltr'><strong>calle</strong></span> <span class='ocrx_word' id='word_1_53' title='bbox 1643 825 1820 872; x_wconf 80' lang='lat' dir='ltr'><strong>trans-</strong></span> 
     </span>
    </p>
   </div>
   <div class='ocr_carea' id='block_1_9' title="bbox 248 907 1816 979">
    <p class='ocr_par' dir='ltr' id='par_1_9' title="bbox 248 907 1816 979">
     <span class='ocr_line' id='line_1_9' title="bbox 248 907 1816 979; baseline -0.006 -10"><span class='ocrx_word' id='word_1_54' title='bbox 248 917 351 979; x_wconf 94' lang='lat' dir='ltr'><strong>ito,</strong></span> <span class='ocrx_word' id='word_1_55' title='bbox 406 910 781 967; x_wconf 81' lang='lat' dir='ltr'><strong>necessarium</strong></span> <span class='ocrx_word' id='word_1_56' title='bbox 825 909 899 963; x_wconf 62' lang='lat' dir='ltr'><strong>in‘</strong></span> <span class='ocrx_word' id='word_1_57' title='bbox 934 908 1038 963; x_wconf 89' lang='lat' dir='ltr'><strong>hac</strong></span> <span class='ocrx_word' id='word_1_58' title='bbox 1074 908 1361 963; x_wconf 78' lang='lat' dir='ltr'><strong>solitudine</strong></span> <span class='ocrx_word' id='word_1_59' title='bbox 1398 908 1611 964; x_wconf 90' lang='lat' dir='ltr'><strong>Domini</strong></span> <span class='ocrx_word' id='word_1_60' title='bbox 1648 907 1816 961; x_wconf 85' lang='lat' dir='ltr'><strong>habe-</strong></span> 
     </span>
    </p>
   </div>
   <div class='ocr_carea' id='block_1_10' title="bbox 246 995 1817 1069">
    <p class='ocr_par' dir='ltr' id='par_1_10' title="bbox 246 995 1817 1069">
     <span class='ocr_line' id='line_1_10' title="bbox 246 995 1817 1069; baseline -0.007 -10"><span class='ocrx_word' id='word_1_61' title='bbox 246 1020 358 1059; x_wconf 86' lang='lat' dir='ltr'><strong>mus</strong></span> <span class='ocrx_word' id='word_1_62' title='bbox 393 1003 676 1065; x_wconf 82' lang='lat' dir='ltr'><strong>ducatum,</strong></span> <span class='ocrx_word' id='word_1_63' title='bbox 709 998 802 1069; x_wconf 85' lang='lat' dir='ltr'><strong>qui</strong></span> <span class='ocrx_word' id='word_1_64' title='bbox 840 1012 942 1053; x_wconf 80' lang='lat' dir='ltr'><strong>nos</strong></span> <span class='ocrx_word' id='word_1_65' title='bbox 976 997 1045 1052; x_wconf 83' lang='lat' dir='ltr'><strong>ad</strong></span> <span class='ocrx_word' id='word_1_66' title='bbox 1072 996 1313 1052; x_wconf 71' lang='lat' dir='ltr'><strong>coelestia</strong></span> <span class='ocrx_word' id='word_1_67' title='bbox 1347 1011 1512 1068; x_wconf 89' lang='lat' dir='ltr'><strong>regna</strong></span> <span class='ocrx_word' id='word_1_68' title='bbox 1539 995 1817 1066; x_wconf 79' lang='lat' dir='ltr'><strong>perducat,</strong></span> 
     </span>
    </p>
   </div>
   <div class='ocr_carea' id='block_1_11' title="bbox 243 1087 1821 1166">
    <p class='ocr_par' dir='ltr' id='par_1_11' title="bbox 243 1087 1821 1166">
     <span class='ocr_line' id='line_1_11' title="bbox 243 1087 1821 1166; baseline -0.008 -15"><span class='ocrx_word' id='word_1_69' title='bbox 243 1106 293 1151; x_wconf 89' lang='lat' dir='ltr'><strong>et</strong></span> <span class='ocrx_word' id='word_1_70' title='bbox 321 1093 581 1166; x_wconf 74' lang='lat' dir='ltr'><strong>imaginis</strong></span> <span class='ocrx_word' id='word_1_71' title='bbox 609 1106 723 1147; x_wconf 67' lang='lat' dir='ltr'><strong>suae</strong></span> <span class='ocrx_word' id='word_1_72' title='bbox 754 1088 981 1146; x_wconf 86' lang='lat' dir='ltr'><strong>denario</strong></span> <span class='ocrx_word' id='word_1_73' title='bbox 1015 1102 1366 1143; x_wconf 86' lang='lat' dir='ltr'><strong>remunerans</strong></span> <span class='ocrx_word' id='word_1_74' title='bbox 1390 1087 1676 1158; x_wconf 68' lang='lat' dir='ltr'><strong>praesentia</strong></span> <span class='ocrx_word' id='word_1_75' title='bbox 1703 1100 1821 1140; x_wconf 73' lang='lat' dir='ltr'><strong>san~</strong></span> 
     </span>
    </p>
   </div>
   <div class='ocr_carea' id='block_1_12' title="bbox 243 1175 1820 1254">
    <p class='ocr_par' dir='ltr' id='par_1_12' title="bbox 243 1175 1820 1254">
     <span class='ocr_line' id='line_1_12' title="bbox 243 1175 1820 1254; baseline -0.008 -12"><span class='ocrx_word' id='word_1_76' title='bbox 243 1188 311 1243; x_wconf 89' lang='lat' dir='ltr'><strong>cti</strong></span> <span class='ocrx_word' id='word_1_77' title='bbox 337 1185 601 1254; x_wconf 80' lang='lat' dir='ltr'><strong>Spiritus,</strong></span> <span class='ocrx_word' id='word_1_78' title='bbox 636 1181 793 1252; x_wconf 85' lang='lat' dir='ltr'><strong>quasi</strong></span> <span class='ocrx_word' id='word_1_79' title='bbox 819 1195 949 1236; x_wconf 87' lang='lat' dir='ltr'><strong>vera</strong></span> <span class='ocrx_word' id='word_1_80' title='bbox 964 1178 1156 1249; x_wconf 72' lang='lat' dir='ltr'><strong>jubilei</strong></span> <span class='ocrx_word' id='word_1_81' title='bbox 1184 1179 1365 1248; x_wconf 83' lang='lat' dir='ltr'><strong>quiete</strong></span> <span class='ocrx_word' id='word_1_82' title='bbox 1391 1177 1683 1233; x_wconf 81' lang='lat' dir='ltr'><strong>beatiﬁeet.</strong></span> <span class='ocrx_word' id='word_1_83' title='bbox 1721 1175 1820 1231; x_wconf 85' lang='lat' dir='ltr'><strong>Vos</strong></span> 
     </span>
    </p>
   </div>
   <div class='ocr_carea' id='block_1_13' title="bbox 244 1269 1820 1346">
    <p class='ocr_par' dir='ltr' id='par_1_13' title="bbox 244 1269 1820 1346">
     <span class='ocr_line' id='line_1_13' title="bbox 244 1269 1820 1346; baseline -0.007 -12"><span class='ocrx_word' id='word_1_84' title='bbox 244 1290 411 1335; x_wconf 79' lang='lat' dir='ltr'><strong>autem</strong></span> <span class='ocrx_word' id='word_1_85' title='bbox 456 1272 852 1346; x_wconf 75' lang='lat' dir='ltr'><strong>baptisabimim&#39;</strong></span> <span class='ocrx_word' id='word_1_86' title='bbox 902 1269 1103 1341; x_wconf 78' lang='lat' dir='ltr'><strong>Spiritu</strong></span> <span class='ocrx_word' id='word_1_87' title='bbox 1127 1279 1311 1324; x_wconf 81' lang='lat' dir='ltr'><strong>sancto</strong></span> <span class='ocrx_word' id='word_1_88' title='bbox 1339 1286 1443 1325; x_wconf 72' lang='lat' dir='ltr'><strong>non</strong></span> <span class='ocrx_word' id='word_1_89' title='bbox 1477 1279 1591 1339; x_wconf 86' lang='lat' dir='ltr'><strong>post</strong></span> <span class='ocrx_word' id='word_1_90' title='bbox 1629 1269 1820 1325; x_wconf 76' lang='lat' dir='ltr'><strong>multos</strong></span> 
     </span>
    </p>
   </div>
   <div class='ocr_carea' id='block_1_14' title="bbox 240 1359 1819 1431">
    <p class='ocr_par' dir='ltr' id='par_1_14' title="bbox 240 1359 1819 1431">
     <span class='ocr_line' id='line_1_14' title="bbox 240 1359 1819 1431; baseline -0.006 -7"><span class='ocrx_word' id='word_1_91' title='bbox 240 1372 329 1425; x_wconf 69' lang='lat' dir='ltr'><strong>hos</strong></span> <span class='ocrx_word' id='word_1_92' title='bbox 354 1368 474 1422; x_wconf 84' lang='lat' dir='ltr'><strong>dies</strong></span> <span class='ocrx_word' id='word_1_93' title='bbox 497 1380 518 1419; x_wconf 90' lang='lat'><strong><em>:</em></strong></span> <span class='ocrx_word' id='word_1_94' title='bbox 564 1363 806 1420; x_wconf 81' lang='lat' dir='ltr'><strong>nondum</strong></span> <span class='ocrx_word' id='word_1_95' title='bbox 851 1362 1065 1417; x_wconf 82' lang='lat' dir='ltr'><strong>fuerant</strong></span> <span class='ocrx_word' id='word_1_96' title='bbox 1107 1359 1332 1431; x_wconf 80' lang='lat' dir='ltr'><strong>apostoli</strong></span> <span class='ocrx_word' id='word_1_97' title='bbox 1376 1360 1666 1429; x_wconf 84' lang='lat' dir='ltr'><strong>haptizati,</strong></span> <span class='ocrx_word' id='word_1_98' title='bbox 1712 1376 1819 1416; x_wconf 89' lang='lat' dir='ltr'><strong>non</strong></span> 
     </span>
    </p>
   </div>
   <div class='ocr_carea' id='block_1_15' title="bbox 243 1451 1822 1528">
    <p class='ocr_par' dir='ltr' id='par_1_15' title="bbox 243 1451 1822 1528">
     <span class='ocr_line' id='line_1_15' title="bbox 243 1451 1822 1528; baseline -0.007 -12"><span class='ocrx_word' id='word_1_99' title='bbox 243 1472 417 1516; x_wconf 87' lang='lat' dir='ltr'><strong>tamen</strong></span> <span class='ocrx_word' id='word_1_100' title='bbox 456 1472 623 1528; x_wconf 81' lang='lat' dir='ltr'><strong>aqua,</strong></span> <span class='ocrx_word' id='word_1_101' title='bbox 666 1455 762 1511; x_wconf 88' lang='lat' dir='ltr'><strong>sed</strong></span> <span class='ocrx_word' id='word_1_102' title='bbox 806 1452 1014 1523; x_wconf 82' lang='lat' dir='ltr'><strong>Spiritu</strong></span> <span class='ocrx_word' id='word_1_103' title='bbox 1047 1459 1259 1517; x_wconf 88' lang='lat' dir='ltr'><strong>sancto,</strong></span> <span class='ocrx_word' id='word_1_104' title='bbox 1300 1466 1440 1524; x_wconf 88' lang='lat' dir='ltr'><strong>quos</strong></span> <span class='ocrx_word' id='word_1_105' title='bbox 1473 1451 1822 1523; x_wconf 78' lang='lat' dir='ltr'><strong>intelligimus</strong></span> 
     </span>
    </p>
   </div>
   <div class='ocr_carea' id='block_1_16' title="bbox 240 1542 1823 1622">
    <p class='ocr_par' dir='ltr' id='par_1_16' title="bbox 240 1542 1823 1622">
     <span class='ocr_line' id='line_1_16' title="bbox 240 1542 1823 1622; baseline -0.004 -17"><span class='ocrx_word' id='word_1_106' title='bbox 240 1553 338 1622; x_wconf 82' lang='lat' dir='ltr'><strong>jam</strong></span> <span class='ocrx_word' id='word_1_107' title='bbox 358 1549 533 1604; x_wconf 78' lang='lat' dir='ltr'><strong>fuisse</strong></span> <span class='ocrx_word' id='word_1_108' title='bbox 558 1546 883 1617; x_wconf 82' lang='lat' dir='ltr'><strong>baptizatos,</strong></span> <span class='ocrx_word' id='word_1_109' title='bbox 904 1542 1021 1599; x_wconf 89' lang='lat' dir='ltr'><strong>sive</strong></span> <span class='ocrx_word' id='word_1_110' title='bbox 1044 1543 1313 1613; x_wconf 87' lang='lat' dir='ltr'><strong>baptismo</strong></span> <span class='ocrx_word' id='word_1_111' title='bbox 1340 1542 1584 1609; x_wconf 78' lang='lat' dir='ltr'><strong>Joannis,</strong></span> <span class='ocrx_word' id='word_1_112' title='bbox 1605 1551 1669 1599; x_wconf 91' lang='lat' dir='ltr'><strong>ut</strong></span> <span class='ocrx_word' id='word_1_113' title='bbox 1689 1559 1823 1599; x_wconf 88' lang='lat' dir='ltr'><strong>non-</strong></span> 
     </span>
    </p>
   </div>
   <div class='ocr_carea' id='block_1_17' title="bbox 241 1634 1821 1707">
    <p class='ocr_par' dir='ltr' id='par_1_17' title="bbox 241 1634 1821 1707">
     <span class='ocr_line' id='line_1_17' title="bbox 241 1634 1821 1707; baseline -0.004 -10"><span class='ocrx_word' id='word_1_114' title='bbox 241 1642 367 1697; x_wconf 83' lang='lat' dir='ltr'><strong>nulli</strong></span> <span class='ocrx_word' id='word_1_115' title='bbox 398 1639 902 1701; x_wconf 77' lang='lat' dir='ltr'><strong>arbitrantur,‘seu,</strong></span> <span class='ocrx_word' id='word_1_116' title='bbox 932 1634 1074 1705; x_wconf 86' lang='lat' dir='ltr'><strong>quod</strong></span> <span class='ocrx_word' id='word_1_117' title='bbox 1110 1635 1289 1707; x_wconf 83' lang='lat' dir='ltr'><strong>magis</strong></span> <span class='ocrx_word' id='word_1_118' title='bbox 1323 1634 1582 1691; x_wconf 85' lang='lat' dir='ltr'><strong>credibile</strong></span> <span class='ocrx_word' id='word_1_119' title='bbox 1601 1644 1703 1700; x_wconf 85' lang='lat' dir='ltr'><strong>est,</strong></span> <span class='ocrx_word' id='word_1_120' title='bbox 1727 1636 1821 1690; x_wconf 85' lang='lat' dir='ltr'><strong>ba-</strong></span> 
     </span>
    </p>
   </div>
   <div class='ocr_carea' id='block_1_18' title="bbox 238 1726 1821 1809">
    <p class='ocr_par' dir='ltr' id='par_1_18' title="bbox 238 1726 1821 1809">
     <span class='ocr_line' id='line_1_18' title="bbox 238 1726 1821 1809; baseline -0.005 -19"><span class='ocrx_word' id='word_1_121' title='bbox 238 1737 494 1807; x_wconf 81' lang='lat' dir='ltr'><strong>ptismate</strong></span> <span class='ocrx_word' id='word_1_122' title='bbox 539 1730 764 1787; x_wconf 87' lang='lat' dir='ltr'><strong>Christi.</strong></span> <span class='ocrx_word' id='word_1_123' title='bbox 820 1727 1006 1809; x_wconf 78' lang='lat' dir='ltr'><strong>Neque</strong></span> <span class='ocrx_word' id='word_1_124' title='bbox 1050 1727 1195 1784; x_wconf 90' lang='lat' dir='ltr'><strong>enim</strong></span> <span class='ocrx_word' id='word_1_125' title='bbox 1241 1726 1601 1783; x_wconf 78' lang='lat' dir='ltr'><strong>ministerium</strong></span> <span class='ocrx_word' id='word_1_126' title='bbox 1642 1728 1821 1797; x_wconf 89' lang='lat' dir='ltr'><strong>bapti—</strong></span> 
     </span>
    </p>
   </div>
   <div class='ocr_carea' id='block_1_19' title="bbox 240 1818 1821 1887">
    <p class='ocr_par' dir='ltr' id='par_1_19' title="bbox 240 1818 1821 1887">
     <span class='ocr_line' id='line_1_19' title="bbox 240 1818 1821 1887; baseline -0.006 -6"><span class='ocrx_word' id='word_1_127' title='bbox 240 1825 393 1880; x_wconf 87' lang='lat' dir='ltr'><strong>zandi</strong></span> <span class='ocrx_word' id='word_1_128' title='bbox 432 1823 703 1887; x_wconf 76' lang='lat' dir='ltr'><strong>defuerat,</strong></span> <span class='ocrx_word' id='word_1_129' title='bbox 747 1828 809 1875; x_wconf 89' lang='lat' dir='ltr'><strong>ut</strong></span> <span class='ocrx_word' id='word_1_130' title='bbox 849 1819 1076 1874; x_wconf 80' lang='lat' dir='ltr'><strong>haberet</strong></span> <span class='ocrx_word' id='word_1_131' title='bbox 1118 1818 1422 1887; x_wconf 84' lang='lat' dir='ltr'><strong>baptizatos</strong></span> <span class='ocrx_word' id='word_1_132' title='bbox 1462 1833 1680 1884; x_wconf 87' lang='lat' dir='ltr'><strong>servos,</strong></span> <span class='ocrx_word' id='word_1_133' title='bbox 1721 1833 1821 1887; x_wconf 89' lang='lat' dir='ltr'><strong>per</strong></span> 
     </span>
    </p>
   </div>
   <div class='ocr_carea' id='block_1_20' title="bbox 239 1908 1821 1987">
    <p class='ocr_par' dir='ltr' id='par_1_20' title="bbox 239 1908 1821 1987">
     <span class='ocr_line' id='line_1_20' title="bbox 239 1908 1821 1987; baseline -0.006 -17"><span class='ocrx_word' id='word_1_134' title='bbox 239 1931 370 1987; x_wconf 84' lang='lat' dir='ltr'><strong>quos</strong></span> <span class='ocrx_word' id='word_1_135' title='bbox 393 1922 628 1970; x_wconf 63' lang='lat' dir='ltr'><strong>cates-os</strong></span> <span class='ocrx_word' id='word_1_136' title='bbox 657 1911 978 1982; x_wconf 72' lang='lat' dir='ltr'><strong>baptisaret,</strong></span> <span class='ocrx_word' id='word_1_137' title='bbox 1017 1910 1145 1979; x_wconf 87' lang='lat' dir='ltr'><strong>quia</strong></span> <span class='ocrx_word' id='word_1_138' title='bbox 1187 1924 1296 1963; x_wconf 88' lang='lat' dir='ltr'><strong>non</strong></span> <span class='ocrx_word' id='word_1_139' title='bbox 1333 1908 1582 1964; x_wconf 82' lang='lat' dir='ltr'><strong>defuerat</strong></span> <span class='ocrx_word' id='word_1_140' title='bbox 1617 1922 1821 1963; x_wconf 89' lang='lat' dir='ltr'><strong>memo-</strong></span> 
     </span>
    </p>
   </div>
   <div class='ocr_carea' id='block_1_21' title="bbox 241 1998 1822 2068">
    <p class='ocr_par' dir='ltr' id='par_1_21' title="bbox 241 1998 1822 2068">
     <span class='ocr_line' id='line_1_21' title="bbox 241 1998 1822 2068; baseline -0.008 -5"><span class='ocrx_word' id='word_1_141' title='bbox 241 2008 402 2063; x_wconf 88' lang='lat' dir='ltr'><strong>rabile</strong></span> <span class='ocrx_word' id='word_1_142' title='bbox 427 2005 578 2060; x_wconf 89' lang='lat' dir='ltr'><strong>illius</strong></span> <span class='ocrx_word' id='word_1_143' title='bbox 592 2002 911 2058; x_wconf 82' lang='lat' dir='ltr'><strong>humilitatis</strong></span> <span class='ocrx_word' id='word_1_144' title='bbox 938 1999 1316 2062; x_wconf 88' lang='lat' dir='ltr'><strong>ministerium,</strong></span> <span class='ocrx_word' id='word_1_145' title='bbox 1344 1998 1560 2068; x_wconf 84' lang='lat' dir='ltr'><strong>quando</strong></span> <span class='ocrx_word' id='word_1_146' title='bbox 1589 1999 1668 2053; x_wconf 90' lang='lat' dir='ltr'><strong>eis</strong></span> <span class='ocrx_word' id='word_1_147' title='bbox 1690 1999 1822 2051; x_wconf 83' lang='lat' dir='ltr'><strong>lavit</strong></span> 
     </span>
    </p>
   </div>
   <div class='ocr_carea' id='block_1_22' title="bbox 239 2088 1822 2170">
    <p class='ocr_par' dir='ltr' id='par_1_22' title="bbox 239 2088 1822 2170">
     <span class='ocr_line' id='line_1_22' title="bbox 239 2088 1822 2170; baseline -0.007 -16"><span class='ocrx_word' id='word_1_148' title='bbox 239 2101 417 2170; x_wconf 85' lang='lat' dir='ltr'><strong>pedes.</strong></span> <span class='ocrx_word' id='word_1_149' title='bbox 469 2096 608 2153; x_wconf 85' lang='lat' dir='ltr'><strong>Cum</strong></span> <span class='ocrx_word' id='word_1_150' title='bbox 659 2110 788 2166; x_wconf 84' lang='lat' dir='ltr'><strong>ergo</strong></span> <span class='ocrx_word' id='word_1_151' title='bbox 837 2094 1043 2148; x_wconf 86' lang='lat' dir='ltr'><strong>diceret</strong></span> <span class='ocrx_word' id='word_1_152' title='bbox 1097 2091 1379 2155; x_wconf 86' lang='lat' dir='ltr'><strong>Dominus,</strong></span> <span class='ocrx_word' id='word_1_153' title='bbox 1421 2090 1547 2158; x_wconf 83' lang='lat' dir='ltr'><strong>quia</strong></span> <span class='ocrx_word' id='word_1_154' title='bbox 1585 2088 1822 2143; x_wconf 79' lang='lat' dir='ltr'><strong>Joannes</strong></span> 
     </span>
    </p>
   </div>
   <div class='ocr_carea' id='block_1_23' title="bbox 240 2180 1823 2261">
    <p class='ocr_par' dir='ltr' id='par_1_23' title="bbox 240 2180 1823 2261">
     <span class='ocr_line' id='line_1_23' title="bbox 240 2180 1823 2261; baseline -0.006 -16"><span class='ocrx_word' id='word_1_155' title='bbox 240 2192 455 2261; x_wconf 87' lang='lat' dir='ltr'><strong>quidem</strong></span> <span class='ocrx_word' id='word_1_156' title='bbox 484 2186 779 2257; x_wconf 82' lang='lat' dir='ltr'><strong>baptizavit</strong></span> <span class='ocrx_word' id='word_1_157' title='bbox 798 2199 958 2254; x_wconf 86' lang='lat' dir='ltr'><strong>aqua,</strong></span> <span class='ocrx_word' id='word_1_158' title='bbox 992 2197 1330 2252; x_wconf 79' lang='lat' dir='ltr'><strong>nequaquam</strong></span> <span class='ocrx_word' id='word_1_159' title='bbox 1373 2180 1648 2251; x_wconf 75' lang='lat' dir='ltr'><strong>subiungit</strong></span> <span class='ocrx_word' id='word_1_160' title='bbox 1672 2194 1687 2233; x_wconf 90' lang='lat'><strong>:</strong></span> <span class='ocrx_word' id='word_1_161' title='bbox 1714 2181 1823 2235; x_wconf 81' lang='lat' dir='ltr'><strong>Vos</strong></span> 
     </span>
    </p>
   </div>
   <div class='ocr_carea' id='block_1_24' title="bbox 238 2267 1825 2349">
    <p class='ocr_par' dir='ltr' id='par_1_24' title="bbox 238 2267 1825 2349">
     <span class='ocr_line' id='line_1_24' title="bbox 238 2267 1825 2349; baseline -0.008 -14"><span class='ocrx_word' id='word_1_162' title='bbox 238 2290 417 2336; x_wconf 78' lang='lat' dir='ltr'><strong>autem</strong></span> <span class='ocrx_word' id='word_1_163' title='bbox 442 2275 809 2349; x_wconf 83' lang='lat' dir='ltr'><strong>baptizabitis,</strong></span> <span class='ocrx_word' id='word_1_164' title='bbox 831 2275 946 2339; x_wconf 85' lang='lat' dir='ltr'><strong>sed,</strong></span> <span class='ocrx_word' id='word_1_165' title='bbox 980 2270 1081 2328; x_wconf 84' lang='lat' dir='ltr'><strong>Vos</strong></span> <span class='ocrx_word' id='word_1_166' title='bbox 1101 2280 1274 2325; x_wconf 76' lang='lat' dir='ltr'><strong>autem</strong></span> <span class='ocrx_word' id='word_1_167' title='bbox 1292 2268 1685 2340; x_wconf 80' lang='lat' dir='ltr'><strong>baptizabimini</strong></span> <span class='ocrx_word' id='word_1_168' title='bbox 1706 2267 1825 2338; x_wconf 81' lang='lat' dir='ltr'><strong>Spi-</strong></span> 
     </span>
    </p>
   </div>
   <div class='ocr_carea' id='block_1_25' title="bbox 240 2362 1821 2436">
    <p class='ocr_par' dir='ltr' id='par_1_25' title="bbox 240 2362 1821 2436">
     <span class='ocr_line' id='line_1_25' title="bbox 240 2362 1821 2436; baseline -0.008 -9"><span class='ocrx_word' id='word_1_169' title='bbox 240 2376 334 2426; x_wconf 78' lang='lat' dir='ltr'><strong>n‘tu</strong></span> <span class='ocrx_word' id='word_1_170' title='bbox 361 2379 572 2426; x_wconf 84' lang='lat' dir='ltr'><strong>sancto.</strong></span> <span class='ocrx_word' id='word_1_171' title='bbox 629 2368 764 2435; x_wconf 83' lang='lat' dir='ltr'><strong>Quia</strong></span> <span class='ocrx_word' id='word_1_172' title='bbox 796 2381 969 2436; x_wconf 85' lang='lat' dir='ltr'><strong>neque</strong></span> <span class='ocrx_word' id='word_1_173' title='bbox 992 2362 1218 2434; x_wconf 87' lang='lat' dir='ltr'><strong>apostoli</strong></span> <span class='ocrx_word' id='word_1_174' title='bbox 1243 2374 1416 2430; x_wconf 89' lang='lat' dir='ltr'><strong>neque</strong></span> <span class='ocrx_word' id='word_1_175' title='bbox 1440 2375 1701 2428; x_wconf 84' lang='lat' dir='ltr'><strong>sequaces</strong></span> <span class='ocrx_word' id='word_1_176' title='bbox 1726 2374 1821 2414; x_wconf 89' lang='lat' dir='ltr'><strong>eo-</strong></span> 
     </span>
    </p>
   </div>
   <div class='ocr_carea' id='block_1_26' title="bbox 239 2450 1823 2532">
    <p class='ocr_par' dir='ltr' id='par_1_26' title="bbox 239 2450 1823 2532">
     <span class='ocr_line' id='line_1_26' title="bbox 239 2450 1823 2532; baseline -0.009 -14"><span class='ocrx_word' id='word_1_177' title='bbox 239 2480 377 2530; x_wconf 87' lang='lat' dir='ltr'><strong>rum,</strong></span> <span class='ocrx_word' id='word_1_178' title='bbox 413 2463 506 2532; x_wconf 88' lang='lat' dir='ltr'><strong>qui</strong></span> <span class='ocrx_word' id='word_1_179' title='bbox 532 2474 703 2529; x_wconf 85' lang='lat' dir='ltr'><strong>usque</strong></span> <span class='ocrx_word' id='word_1_180' title='bbox 750 2458 910 2513; x_wconf 89' lang='lat' dir='ltr'><strong>hodie</strong></span> <span class='ocrx_word' id='word_1_181' title='bbox 943 2455 1221 2525; x_wconf 86' lang='lat' dir='ltr'><strong>baptizant</strong></span> <span class='ocrx_word' id='word_1_182' title='bbox 1260 2453 1312 2507; x_wconf 93' lang='lat' dir='ltr'><strong>in</strong></span> <span class='ocrx_word' id='word_1_183' title='bbox 1351 2450 1618 2514; x_wconf 85' lang='lat' dir='ltr'><strong>Ecclesia,</strong></span> <span class='ocrx_word' id='word_1_184' title='bbox 1664 2450 1823 2504; x_wconf 86' lang='lat' dir='ltr'><strong>aliter</strong></span> 
     </span>
    </p>
   </div>
   <div class='ocr_carea' id='block_1_27' title="bbox 243 2540 1819 2623">
    <p class='ocr_par' dir='ltr' id='par_1_27' title="bbox 243 2540 1819 2623">
     <span class='ocr_line' id='line_1_27' title="bbox 243 2540 1819 2623; baseline -0.009 -16"><span class='ocrx_word' id='word_1_185' title='bbox 243 2569 406 2623; x_wconf 80' lang='lat' dir='ltr'><strong>quam</strong></span> <span class='ocrx_word' id='word_1_186' title='bbox 428 2549 685 2613; x_wconf 73' lang='lat' dir='ltr'><strong>Joannes,</strong></span> <span class='ocrx_word' id='word_1_187' title='bbox 714 2547 768 2603; x_wconf 92' lang='lat' dir='ltr'><strong>id</strong></span> <span class='ocrx_word' id='word_1_188' title='bbox 789 2555 897 2612; x_wconf 88' lang='lat' dir='ltr'><strong>est,</strong></span> <span class='ocrx_word' id='word_1_189' title='bbox 936 2546 993 2600; x_wconf 91' lang='lat' dir='ltr'><strong>in</strong></span> <span class='ocrx_word' id='word_1_190' title='bbox 1028 2559 1168 2613; x_wconf 88' lang='lat' dir='ltr'><strong>aqua</strong></span> <span class='ocrx_word' id='word_1_191' title='bbox 1206 2542 1484 2612; x_wconf 84' lang='lat' dir='ltr'><strong>baptizare</strong></span> <span class='ocrx_word' id='word_1_192' title='bbox 1510 2540 1819 2610; x_wconf 68' lang='lat' dir='ltr'><strong>praevalent,</strong></span> 
     </span>
    </p>
   </div>
   <div class='ocr_carea' id='block_1_28' title="bbox 239 2630 1824 2698">
    <p class='ocr_par' dir='ltr' id='par_1_28' title="bbox 239 2630 1824 2698">
     <span class='ocr_line' id='line_1_28' title="bbox 239 2630 1824 2698; baseline -0.01 1"><span class='ocrx_word' id='word_1_193' title='bbox 239 2645 328 2698; x_wconf 85' lang='lat' dir='ltr'><strong>sed</strong></span> <span class='ocrx_word' id='word_1_194' title='bbox 354 2649 567 2697; x_wconf 86' lang='lat' dir='ltr'><strong>tantum</strong></span> <span class='ocrx_word' id='word_1_195' title='bbox 606 2640 859 2695; x_wconf 83' lang='lat' dir='ltr'><strong>invocato</strong></span> <span class='ocrx_word' id='word_1_196' title='bbox 890 2634 1093 2691; x_wconf 89' lang='lat' dir='ltr'><strong>Christi</strong></span> <span class='ocrx_word' id='word_1_197' title='bbox 1133 2633 1372 2697; x_wconf 87' lang='lat' dir='ltr'><strong>nomine,</strong></span> <span class='ocrx_word' id='word_1_198' title='bbox 1415 2631 1571 2685; x_wconf 85' lang='lat' dir='ltr'><strong>adest</strong></span> <span class='ocrx_word' id='word_1_199' title='bbox 1600 2630 1824 2684; x_wconf 88' lang='lat' dir='ltr'><strong>interior</strong></span> 
     </span>
    </p>
   </div>
   <div class='ocr_carea' id='block_1_29' title="bbox 240 2722 1822 2801">
    <p class='ocr_par' dir='ltr' id='par_1_29' title="bbox 240 2722 1822 2801">
     <span class='ocr_line' id='line_1_29' title="bbox 240 2722 1822 2801; baseline -0.008 -17"><span class='ocrx_word' id='word_1_200' title='bbox 240 2733 413 2786; x_wconf 83' lang='lat' dir='ltr'><strong>virtus</strong></span> <span class='ocrx_word' id='word_1_201' title='bbox 454 2730 680 2801; x_wconf 86' lang='lat' dir='ltr'><strong>spiritus</strong></span> <span class='ocrx_word' id='word_1_202' title='bbox 717 2727 908 2791; x_wconf 90' lang='lat' dir='ltr'><strong>sancti,</strong></span> <span class='ocrx_word' id='word_1_203' title='bbox 937 2739 1077 2794; x_wconf 65' lang='lat' dir='ltr'><strong>quae,</strong></span> <span class='ocrx_word' id='word_1_204' title='bbox 1102 2724 1322 2778; x_wconf 82' lang='lat' dir='ltr'><strong>homine</strong></span> <span class='ocrx_word' id='word_1_205' title='bbox 1352 2737 1545 2790; x_wconf 87' lang='lat' dir='ltr'><strong>aquam</strong></span> <span class='ocrx_word' id='word_1_206' title='bbox 1576 2722 1822 2776; x_wconf 87' lang='lat' dir='ltr'><strong>tribuen-</strong></span> 
     </span>
    </p>
   </div>
   <div class='ocr_carea' id='block_1_30' title="bbox 241 2813 1821 2890">
    <p class='ocr_par' dir='ltr' id='par_1_30' title="bbox 241 2813 1821 2890">
     <span class='ocr_line' id='line_1_30' title="bbox 241 2813 1821 2890; baseline -0.006 -13"><span class='ocrx_word' id='word_1_207' title='bbox 241 2831 316 2885; x_wconf 85' lang='lat' dir='ltr'><strong>te,</strong></span> <span class='ocrx_word' id='word_1_208' title='bbox 366 2821 766 2890; x_wconf 80' lang='lat' dir='ltr'><strong>baptizatorum</strong></span> <span class='ocrx_word' id='word_1_209' title='bbox 800 2818 1009 2871; x_wconf 85' lang='lat' dir='ltr'><strong>animas</strong></span> <span class='ocrx_word' id='word_1_210' title='bbox 1033 2815 1193 2870; x_wconf 89' lang='lat' dir='ltr'><strong>simul</strong></span> <span class='ocrx_word' id='word_1_211' title='bbox 1219 2823 1274 2869; x_wconf 88' lang='lat' dir='ltr'><strong>et</strong></span> <span class='ocrx_word' id='word_1_212' title='bbox 1293 2829 1520 2884; x_wconf 90' lang='lat' dir='ltr'><strong>corpora</strong></span> <span class='ocrx_word' id='word_1_213' title='bbox 1552 2813 1821 2884; x_wconf 80' lang='lat' dir='ltr'><strong>puriﬁcet,</strong></span> 
     </span>
    </p>
   </div>
   <div class='ocr_carea' id='block_1_31' title="bbox 238 2905 1822 2983">
    <p class='ocr_par' dir='ltr' id='par_1_31' title="bbox 238 2905 1822 2983">
     <span class='ocr_line' id='line_1_31' title="bbox 238 2905 1822 2983; baseline -0.008 -14"><span class='ocrx_word' id='word_1_214' title='bbox 238 2915 376 2983; x_wconf 68' lang='lat' dir='ltr'><strong>«mod</strong></span> <span class='ocrx_word' id='word_1_215' title='bbox 406 2909 713 2966; x_wconf 74' lang='lat' dir='ltr'><strong>in&#39;Joannis</strong></span> <span class='ocrx_word' id='word_1_216' title='bbox 736 2909 1006 2979; x_wconf 89' lang='lat' dir='ltr'><strong>baptismo</strong></span> <span class='ocrx_word' id='word_1_217' title='bbox 1040 2920 1146 2961; x_wconf 92' lang='lat' dir='ltr'><strong>non</strong></span> <span class='ocrx_word' id='word_1_218' title='bbox 1176 2906 1369 2971; x_wconf 75' lang='lat' dir='ltr'><strong>fiebat;</strong></span> <span class='ocrx_word' id='word_1_219' title='bbox 1398 2921 1503 2959; x_wconf 86' lang='lat' dir='ltr'><strong>non</strong></span> <span class='ocrx_word' id='word_1_220' title='bbox 1531 2905 1669 2958; x_wconf 81' lang='lat' dir='ltr'><strong>enim</strong></span> <span class='ocrx_word' id='word_1_221' title='bbox 1711 2908 1822 2958; x_wconf 73' lang='lat' dir='ltr'><strong>erat</strong></span> 
     </span>
    </p>
   </div>
   <div class='ocr_carea' id='block_1_32' title="bbox 238 2997 1821 3074">
    <p class='ocr_par' dir='ltr' id='par_1_32' title="bbox 238 2997 1821 3074">
     <span class='ocr_line' id='line_1_32' title="bbox 238 2997 1821 3074; baseline -0.005 -15"><span class='ocrx_word' id='word_1_222' title='bbox 238 3006 452 3074; x_wconf 80' lang='lat' dir='ltr'><strong>spiritus</strong></span> <span class='ocrx_word' id='word_1_223' title='bbox 483 3002 661 3068; x_wconf 83' lang='lat' dir='ltr'><strong>datus,</strong></span> <span class='ocrx_word' id='word_1_224' title='bbox 691 3001 814 3072; x_wconf 81' lang='lat' dir='ltr'><strong>quia</strong></span> <span class='ocrx_word' id='word_1_225' title='bbox 839 2998 997 3054; x_wconf 77' lang='lat' dir='ltr'><strong>Iesus</strong></span> <span class='ocrx_word' id='word_1_226' title='bbox 1024 2997 1256 3053; x_wconf 82' lang='lat' dir='ltr'><strong>nondum</strong></span> <span class='ocrx_word' id='word_1_227' title='bbox 1291 2997 1462 3067; x_wconf 77' lang='lat' dir='ltr'><strong>fuerat</strong></span> <span class='ocrx_word' id='word_1_228' title='bbox 1500 2997 1821 3067; x_wconf 83' lang='lat' dir='ltr'><strong>gloriﬁcatus</strong></span> 
     </span>
    </p>
   </div>
   <div class='ocr_carea' id='block_1_33' title="bbox 238 3098 589 3170">
    <p class='ocr_par' dir='ltr' id='par_1_33' title="bbox 238 3098 589 3170">
     <span class='ocr_line' id='line_1_33' title="bbox 238 3098 589 3170; baseline -0.009 -17"><span class='ocrx_word' id='word_1_229' title='bbox 238 3099 422 3170; x_wconf 69' lang='lat' dir='ltr'><strong>(Joan.</strong></span> <span class='ocrx_word' id='word_1_230' title='bbox 446 3113 522 3152; x_wconf 85' lang='lat' dir='ltr'><strong>vn</strong></span> <span class='ocrx_word' id='word_1_231' title='bbox 548 3098 589 3165; x_wconf 93' lang='lat'><strong>).</strong></span> 
     </span>
    </p>
   </div>
   <div class='ocr_carea' id='block_1_34' title="bbox 1921 548 3502 621">
    <p class='ocr_par' dir='ltr' id='par_1_34' title="bbox 1921 548 3502 621">
     <span class='ocr_line' id='line_1_34' title="bbox 1921 548 3502 621; baseline 0.004 -22"><span class='ocrx_word' id='word_1_232' title='bbox 1921 554 1986 600; x_wconf 76' lang='lat' dir='ltr'><strong>ut</strong></span> <span class='ocrx_word' id='word_1_233' title='bbox 2025 561 2240 619; x_wconf 85' lang='lat' dir='ltr'><strong>semper</strong></span> <span class='ocrx_word' id='word_1_234' title='bbox 2277 548 2464 605; x_wconf 84' lang='lat' dir='ltr'><strong>incerti</strong></span> <span class='ocrx_word' id='word_1_235' title='bbox 2508 550 2576 605; x_wconf 92' lang='lat' dir='ltr'><strong>de</strong></span> <span class='ocrx_word' id='word_1_236' title='bbox 2618 551 2848 605; x_wconf 87' lang='lat' dir='ltr'><strong>adventu</strong></span> <span class='ocrx_word' id='word_1_237' title='bbox 2883 548 3102 619; x_wconf 74' lang='lat' dir='ltr'><strong>iudicis,</strong></span> <span class='ocrx_word' id='word_1_238' title='bbox 3139 549 3220 605; x_wconf 88' lang='lat' dir='ltr'><strong>sic</strong></span> <span class='ocrx_word' id='word_1_239' title='bbox 3260 549 3502 621; x_wconf 91' lang='lat' dir='ltr'><strong>quotidie</strong></span> 
     </span>
    </p>
   </div>
   <div class='ocr_carea' id='block_1_35' title="bbox 1919 636 3009 709">
    <p class='ocr_par' dir='ltr' id='par_1_35' title="bbox 1919 636 3009 709">
     <span class='ocr_line' id='line_1_35' title="bbox 1919 636 3009 709; baseline 0.004 -20"><span class='ocrx_word' id='word_1_240' title='bbox 1919 636 2121 703; x_wconf 85' lang='lat' dir='ltr'><strong>vivant,</strong></span> <span class='ocrx_word' id='word_1_241' title='bbox 2150 639 2305 708; x_wconf 87' lang='lat' dir='ltr'><strong>quasi</strong></span> <span class='ocrx_word' id='word_1_242' title='bbox 2332 639 2419 694; x_wconf 91' lang='lat' dir='ltr'><strong>die</strong></span> <span class='ocrx_word' id='word_1_243' title='bbox 2441 639 2544 694; x_wconf 89' lang='lat' dir='ltr'><strong>alia</strong></span> <span class='ocrx_word' id='word_1_244' title='bbox 2569 640 2845 709; x_wconf 82' lang='lat' dir='ltr'><strong>judicandi</strong></span> <span class='ocrx_word' id='word_1_245' title='bbox 2882 640 3009 694; x_wconf 90' lang='lat' dir='ltr'><strong>sint.</strong></span> 
     </span>
    </p>
   </div>
   <div class='ocr_carea' id='block_1_36' title="bbox 1989 723 3501 799">
    <p class='ocr_par' dir='ltr' id='par_1_36' title="bbox 1989 723 3501 799">
     <span class='ocr_line' id='line_1_36' title="bbox 1989 723 3501 799; baseline 0 -20"><span class='ocrx_word' id='word_1_246' title='bbox 1989 723 2095 779; x_wconf 84' lang='lat' dir='ltr'><strong>Sed</strong></span> <span class='ocrx_word' id='word_1_247' title='bbox 2115 727 2380 796; x_wconf 72' lang='lat' dir='ltr'><strong>accipietis</strong></span> <span class='ocrx_word' id='word_1_248' title='bbox 2401 729 2649 783; x_wconf 72' lang='lat' dir='ltr'><strong>virtutem</strong></span> <span class='ocrx_word' id='word_1_249' title='bbox 2660 729 3063 799; x_wconf 79' lang='lat' dir='ltr'><strong>supervenientis</strong></span> <span class='ocrx_word' id='word_1_250' title='bbox 3082 728 3313 799; x_wconf 77' lang='lat' dir='ltr'><strong>Spiritus</strong></span> <span class='ocrx_word' id='word_1_251' title='bbox 3332 727 3501 782; x_wconf 73' lang='lat' dir='ltr'><strong>sancti</strong></span> 
     </span>
    </p>
   </div>
   <div class='ocr_carea' id='block_1_37' title="bbox 1918 816 3506 891">
    <p class='ocr_par' dir='ltr' id='par_1_37' title="bbox 1918 816 3506 891">
     <span class='ocr_line' id='line_1_37' title="bbox 1918 816 3506 891; baseline 0.003 -23"><span class='ocrx_word' id='word_1_252' title='bbox 1918 816 1973 869; x_wconf 86' lang='lat' dir='ltr'><strong>in</strong></span> <span class='ocrx_word' id='word_1_253' title='bbox 2004 832 2110 881; x_wconf 74' lang='lat' dir='ltr'><strong>eos,</strong></span> <span class='ocrx_word' id='word_1_254' title='bbox 2141 825 2247 872; x_wconf 90' lang='lat' dir='ltr'><strong>etc.</strong></span> <span class='ocrx_word' id='word_1_255' title='bbox 2298 816 2674 887; x_wconf 84' lang='lat' dir='ltr'><strong>Superveniet,</strong></span> <span class='ocrx_word' id='word_1_256' title='bbox 2704 820 2896 891; x_wconf 90' lang='lat' dir='ltr'><strong>inquit,</strong></span> <span class='ocrx_word' id='word_1_257' title='bbox 2923 821 2976 875; x_wconf 91' lang='lat' dir='ltr'><strong>in</strong></span> <span class='ocrx_word' id='word_1_258' title='bbox 2998 836 3096 875; x_wconf 91' lang='lat' dir='ltr'><strong>vos</strong></span> <span class='ocrx_word' id='word_1_259' title='bbox 3122 818 3357 889; x_wconf 86' lang='lat' dir='ltr'><strong>Spiritus</strong></span> <span class='ocrx_word' id='word_1_260' title='bbox 3379 834 3506 874; x_wconf 86' lang='lat' dir='ltr'><strong>san-</strong></span> 
     </span>
    </p>
   </div>
   <div class='ocr_carea' id='block_1_38' title="bbox 1920 911 3500 983">
    <p class='ocr_par' dir='ltr' id='par_1_38' title="bbox 1920 911 3500 983">
     <span class='ocr_line' id='line_1_38' title="bbox 1920 911 3500 983; baseline 0 -19"><span class='ocrx_word' id='word_1_261' title='bbox 1920 916 2039 964; x_wconf 85' lang='lat' dir='ltr'><strong>ctus</strong></span> <span class='ocrx_word' id='word_1_262' title='bbox 2063 926 2077 962; x_wconf 88' lang='lat'><strong>:</strong></span> <span class='ocrx_word' id='word_1_263' title='bbox 2114 923 2455 980; x_wconf 80' lang='lat' dir='ltr'><strong>nequaquam</strong></span> <span class='ocrx_word' id='word_1_264' title='bbox 2479 925 2704 983; x_wconf 87' lang='lat' dir='ltr'><strong>regnum</strong></span> <span class='ocrx_word' id='word_1_265' title='bbox 2730 911 2914 978; x_wconf 82' lang='lat' dir='ltr'><strong>Israel,</strong></span> <span class='ocrx_word' id='word_1_266' title='bbox 2941 912 3058 966; x_wconf 89' lang='lat' dir='ltr'><strong>sive</strong></span> <span class='ocrx_word' id='word_1_267' title='bbox 3079 926 3304 983; x_wconf 80' lang='lat' dir='ltr'><strong>regnum</strong></span> <span class='ocrx_word' id='word_1_268' title='bbox 3329 911 3422 965; x_wconf 90' lang='lat' dir='ltr'><strong>Dei</strong></span> <span class='ocrx_word' id='word_1_269' title='bbox 3448 913 3500 965; x_wconf 92' lang='lat' dir='ltr'><strong>in</strong></span> 
     </span>
    </p>
   </div>
   <div class='ocr_carea' id='block_1_39' title="bbox 1918 998 3506 1086">
    <p class='ocr_par' dir='ltr' id='par_1_39' title="bbox 1918 998 3506 1086">
     <span class='ocr_line' id='line_1_39' title="bbox 1918 998 3506 1086; baseline 0.003 -34"><span class='ocrx_word' id='word_1_270' title='bbox 1918 998 2104 1064; x_wconf 74' lang='lat' dir='ltr'><strong>Israel,</strong></span> <span class='ocrx_word' id='word_1_271' title='bbox 2135 1008 2197 1054; x_wconf 93' lang='lat' dir='ltr'><strong>ut</strong></span> <span class='ocrx_word' id='word_1_272' title='bbox 2225 1001 2447 1086; x_wconf 35' lang='lat' dir='ltr'><strong>p‘utatis,</strong></span> <span class='ocrx_word' id='word_1_273' title='bbox 2487 999 2698 1067; x_wconf 80' lang='lat' dir='ltr'><strong>all‘eret,</strong></span> <span class='ocrx_word' id='word_1_274' title='bbox 2728 1002 2824 1057; x_wconf 88' lang='lat' dir='ltr'><strong>sed</strong></span> <span class='ocrx_word' id='word_1_275' title='bbox 2853 1002 3007 1057; x_wconf 87' lang='lat' dir='ltr'><strong>vobis</strong></span> <span class='ocrx_word' id='word_1_276' title='bbox 3039 1003 3294 1057; x_wconf 77' lang='lat' dir='ltr'><strong>virtutem</strong></span> <span class='ocrx_word' id='word_1_277' title='bbox 3324 1001 3506 1057; x_wconf 85' lang='lat' dir='ltr'><strong>deme</strong></span> 
     </span>
    </p>
   </div>
   <div class='ocr_carea' id='block_1_40' title="bbox 1922 1091 3504 1164">
    <p class='ocr_par' dir='ltr' id='par_1_40' title="bbox 1922 1091 3504 1164">
     <span class='ocr_line' id='line_1_40' title="bbox 1922 1091 3504 1164; baseline 0.003 -19"><span class='ocrx_word' id='word_1_278' title='bbox 1922 1091 2249 1147; x_wconf 74' lang='lat' dir='ltr'><strong>testiﬁcandi</strong></span> <span class='ocrx_word' id='word_1_279' title='bbox 2284 1091 2562 1163; x_wconf 66' lang='lat' dir='ltr'><strong>praebebit.</strong></span> <span class='ocrx_word' id='word_1_280' title='bbox 2612 1093 2957 1162; x_wconf 88' lang='lat' dir='ltr'><strong>Tantumque</strong></span> <span class='ocrx_word' id='word_1_281' title='bbox 2995 1094 3145 1164; x_wconf 87' lang='lat' dir='ltr'><strong>regni</strong></span> <span class='ocrx_word' id='word_1_282' title='bbox 3184 1095 3328 1150; x_wconf 89' lang='lat' dir='ltr'><strong>illius</strong></span> <span class='ocrx_word' id='word_1_283' title='bbox 3368 1103 3504 1150; x_wconf 81' lang='lat' dir='ltr'><strong>tem-</strong></span> 
     </span>
    </p>
   </div>
   <div class='ocr_carea' id='block_1_41' title="bbox 1920 1181 3505 1256">
    <p class='ocr_par' dir='ltr' id='par_1_41' title="bbox 1920 1181 3505 1256">
     <span class='ocr_line' id='line_1_41' title="bbox 1920 1181 3505 1256; baseline 0.005 -24"><span class='ocrx_word' id='word_1_284' title='bbox 1920 1195 2054 1250; x_wconf 88' lang='lat' dir='ltr'><strong>pora</strong></span> <span class='ocrx_word' id='word_1_285' title='bbox 2081 1181 2239 1253; x_wconf 88' lang='lat' dir='ltr'><strong>longe</strong></span> <span class='ocrx_word' id='word_1_286' title='bbox 2264 1192 2415 1250; x_wconf 87' lang='lat' dir='ltr'><strong>sunt,</strong></span> <span class='ocrx_word' id='word_1_287' title='bbox 2438 1192 2499 1238; x_wconf 92' lang='lat' dir='ltr'><strong>ut</strong></span> <span class='ocrx_word' id='word_1_288' title='bbox 2518 1184 2670 1253; x_wconf 86' lang='lat' dir='ltr'><strong>prius</strong></span> <span class='ocrx_word' id='word_1_289' title='bbox 2698 1199 2805 1238; x_wconf 86' lang='lat' dir='ltr'><strong>non</strong></span> <span class='ocrx_word' id='word_1_290' title='bbox 2830 1183 3004 1239; x_wconf 83' lang='lat' dir='ltr'><strong>selum</strong></span> <span class='ocrx_word' id='word_1_291' title='bbox 3028 1185 3167 1241; x_wconf 86' lang='lat' dir='ltr'><strong>hanc</strong></span> <span class='ocrx_word' id='word_1_292' title='bbox 3195 1185 3505 1256; x_wconf 77' lang='lat' dir='ltr'><strong>Hierosoly-</strong></span> 
     </span>
    </p>
   </div>
   <div class='ocr_carea' id='block_1_42' title="bbox 1920 1273 3505 1341">
    <p class='ocr_par' dir='ltr' id='par_1_42' title="bbox 1920 1273 3505 1341">
     <span class='ocr_line' id='line_1_42' title="bbox 1920 1273 3505 1341; baseline 0.004 -16"><span class='ocrx_word' id='word_1_293' title='bbox 1920 1286 2131 1326; x_wconf 83' lang='lat' dir='ltr'><strong>morum</strong></span> <span class='ocrx_word' id='word_1_294' title='bbox 2157 1274 2600 1338; x_wconf 83' lang='lat' dir='ltr'><strong>urbem,—verum</strong></span> <span class='ocrx_word' id='word_1_295' title='bbox 2636 1287 2827 1329; x_wconf 87' lang='lat' dir='ltr'><strong>omnes</strong></span> <span class='ocrx_word' id='word_1_296' title='bbox 2858 1273 3057 1337; x_wconf 60' lang='grc' dir='ltr'><strong>,Ιμάώῶ</strong></span> <span class='ocrx_word' id='word_1_297' title='bbox 3093 1274 3229 1332; x_wconf 80' lang='lat' dir='ltr'><strong>lines</strong></span> <span class='ocrx_word' id='word_1_298' title='bbox 3251 1315 3267 1341; x_wconf 89' lang='lat'><strong>,</strong></span> <span class='ocrx_word' id='word_1_299' title='bbox 3308 1277 3505 1332; x_wconf 90' lang='lat' dir='ltr'><strong>dehinc</strong></span> 
     </span>
    </p>
   </div>
   <div class='ocr_carea' id='block_1_43' title="bbox 1920 1363 3499 1435">
    <p class='ocr_par' dir='ltr' id='par_1_43' title="bbox 1920 1363 3499 1435">
     <span class='ocr_line' id='line_1_43' title="bbox 1920 1363 3499 1435; baseline 0.004 -20"><span class='ocrx_word' id='word_1_300' title='bbox 1920 1370 2100 1417; x_wconf 87' lang='lat' dir='ltr'><strong>autem</strong></span> <span class='ocrx_word' id='word_1_301' title='bbox 2135 1372 2190 1417; x_wconf 91' lang='lat' dir='ltr'><strong>et</strong></span> <span class='ocrx_word' id='word_1_302' title='bbox 2214 1365 2473 1434; x_wconf 68' lang='lat' dir='ltr'><strong>proximae</strong></span> <span class='ocrx_word' id='word_1_303' title='bbox 2492 1373 2682 1435; x_wconf 79' lang='lat' dir='ltr'><strong>gentes</strong></span> <span class='ocrx_word' id='word_1_304' title='bbox 2704 1363 2981 1426; x_wconf 61' lang='lat' dir='ltr'><strong>Samaria,</strong></span> <span class='ocrx_word' id='word_1_305' title='bbox 3008 1373 3064 1419; x_wconf 90' lang='lat' dir='ltr'><strong>et</strong></span> <span class='ocrx_word' id='word_1_306' title='bbox 3103 1367 3170 1421; x_wconf 91' lang='lat' dir='ltr'><strong>ad</strong></span> <span class='ocrx_word' id='word_1_307' title='bbox 3191 1375 3499 1423; x_wconf 79' lang='lat' dir='ltr'><strong>extremum</strong></span> 
     </span>
    </p>
   </div>
   <div class='ocr_carea' id='block_1_44' title="bbox 1922 1452 3506 1525">
    <p class='ocr_par' dir='ltr' id='par_1_44' title="bbox 1922 1452 3506 1525">
     <span class='ocr_line' id='line_1_44' title="bbox 1922 1452 3506 1525; baseline 0.006 -21"><span class='ocrx_word' id='word_1_308' title='bbox 1922 1452 2242 1508; x_wconf 87' lang='lat' dir='ltr'><strong>novissimos</strong></span> <span class='ocrx_word' id='word_1_309' title='bbox 2295 1469 2510 1524; x_wconf 88' lang='lat' dir='ltr'><strong>quoque</strong></span> <span class='ocrx_word' id='word_1_310' title='bbox 2565 1470 2664 1525; x_wconf 89' lang='lat' dir='ltr'><strong>per</strong></span> <span class='ocrx_word' id='word_1_311' title='bbox 2706 1454 2991 1509; x_wconf 86' lang='lat' dir='ltr'><strong>circuitum</strong></span> <span class='ocrx_word' id='word_1_312' title='bbox 3030 1457 3214 1511; x_wconf 90' lang='lat' dir='ltr'><strong>mundi</strong></span> <span class='ocrx_word' id='word_1_313' title='bbox 3244 1458 3506 1514; x_wconf 79' lang='lat' dir='ltr'><strong>terminos</strong></span> 
     </span>
    </p>
   </div>
   <div class='ocr_carea' id='block_1_45' title="bbox 1921 1542 2696 1614">
    <p class='ocr_par' dir='ltr' id='par_1_45' title="bbox 1921 1542 2696 1614">
     <span class='ocr_line' id='line_1_45' title="bbox 1921 1542 2696 1614; baseline 0.005 -19"><span class='ocrx_word' id='word_1_314' title='bbox 1921 1542 2195 1611; x_wconf 72' lang='lat' dir='ltr'><strong>Evangelii</strong></span> <span class='ocrx_word' id='word_1_315' title='bbox 2230 1543 2370 1598; x_wconf 79' lang='lat' dir='ltr'><strong>fama</strong></span> <span class='ocrx_word' id='word_1_316' title='bbox 2395 1554 2696 1614; x_wconf 87' lang='lat' dir='ltr'><strong>percurrat.</strong></span> 
     </span>
    </p>
   </div>
   <div class='ocr_carea' id='block_1_46' title="bbox 1989 1630 3503 1701">
    <p class='ocr_par' dir='ltr' id='par_1_46' title="bbox 1989 1630 3503 1701">
     <span class='ocr_line' id='line_1_46' title="bbox 1989 1630 3503 1701; baseline 0.003 -15"><span class='ocrx_word' id='word_1_317' title='bbox 1989 1630 2059 1686; x_wconf 82' lang='lat' dir='ltr'><strong>Et</strong></span> <span class='ocrx_word' id='word_1_318' title='bbox 2089 1649 2208 1687; x_wconf 87' lang='lat' dir='ltr'><strong>cum</strong></span> <span class='ocrx_word' id='word_1_319' title='bbox 2247 1634 2360 1688; x_wconf 78' lang='lat' dir='ltr'><strong>lurc</strong></span> <span class='ocrx_word' id='word_1_320' title='bbox 2385 1634 2622 1701; x_wconf 71' lang='lat' dir='ltr'><strong>dixisset,</strong></span> <span class='ocrx_word' id='word_1_321' title='bbox 2661 1634 2952 1690; x_wconf 71' lang='lat' dir='ltr'><strong>videntibus</strong></span> <span class='ocrx_word' id='word_1_322' title='bbox 2991 1634 3097 1691; x_wconf 88' lang='lat' dir='ltr'><strong>illis</strong></span> <span class='ocrx_word' id='word_1_323' title='bbox 3136 1635 3365 1691; x_wconf 72' lang='lat' dir='ltr'><strong>eleuatus</strong></span> <span class='ocrx_word' id='word_1_324' title='bbox 3405 1646 3503 1692; x_wconf 83' lang='lat' dir='ltr'><strong>est.</strong></span> 
     </span>
    </p>
   </div>
   <div class='ocr_carea' id='block_1_47' title="bbox 1921 1723 3508 1793">
    <p class='ocr_par' dir='ltr' id='par_1_47' title="bbox 1921 1723 3508 1793">
     <span class='ocr_line' id='line_1_47' title="bbox 1921 1723 3508 1793; baseline 0.003 -14"><span class='ocrx_word' id='word_1_325' title='bbox 1921 1723 2132 1780; x_wconf 83' lang='lat' dir='ltr'><strong>Marcus</strong></span> <span class='ocrx_word' id='word_1_326' title='bbox 2180 1724 2396 1793; x_wconf 88' lang='lat' dir='ltr'><strong>quidem</strong></span> <span class='ocrx_word' id='word_1_327' title='bbox 2440 1724 2600 1779; x_wconf 88' lang='lat' dir='ltr'><strong>aliam</strong></span> <span class='ocrx_word' id='word_1_328' title='bbox 2645 1725 2859 1781; x_wconf 90' lang='lat' dir='ltr'><strong>Domini</strong></span> <span class='ocrx_word' id='word_1_329' title='bbox 2899 1725 3230 1782; x_wconf 86' lang='lat' dir='ltr'><strong>locutionem</strong></span> <span class='ocrx_word' id='word_1_330' title='bbox 3267 1743 3508 1785; x_wconf 85' lang='lat' dir='ltr'><strong>comme-</strong></span> 
     </span>
    </p>
   </div>
   <div class='ocr_carea' id='block_1_48' title="bbox 1922 1815 3509 1889">
    <p class='ocr_par' dir='ltr' id='par_1_48' title="bbox 1922 1815 3509 1889">
     <span class='ocr_line' id='line_1_48' title="bbox 1922 1815 3509 1889; baseline 0.003 -21"><span class='ocrx_word' id='word_1_331' title='bbox 1922 1829 2144 1869; x_wconf 86' lang='lat' dir='ltr'><strong>morans</strong></span> <span class='ocrx_word' id='word_1_332' title='bbox 2170 1816 2247 1869; x_wconf 85' lang='lat' dir='ltr'><strong>ait</strong></span> <span class='ocrx_word' id='word_1_333' title='bbox 2272 1834 2286 1869; x_wconf 76' lang='lat'>;</span> <span class='ocrx_word' id='word_1_334' title='bbox 2319 1815 2387 1869; x_wconf 80' lang='lat' dir='ltr'><strong>Et</strong></span> <span class='ocrx_word' id='word_1_335' title='bbox 2416 1816 2671 1871; x_wconf 81' lang='lat' dir='ltr'><strong>Dominus</strong></span> <span class='ocrx_word' id='word_1_336' title='bbox 2703 1817 2915 1887; x_wconf 81' lang='lat' dir='ltr'><strong>quidem</strong></span> <span class='ocrx_word' id='word_1_337' title='bbox 2935 1818 3096 1873; x_wconf 71' lang='lat' dir='ltr'><strong>Iesus</strong></span> <span class='ocrx_word' id='word_1_338' title='bbox 3121 1828 3397 1889; x_wconf 74' lang='lat' dir='ltr'><strong>postquam</strong></span> <span class='ocrx_word' id='word_1_339' title='bbox 3426 1818 3509 1873; x_wconf 85' lang='lat' dir='ltr'><strong>lo-</strong></span> 
     </span>
    </p>
   </div>
   <div class='ocr_carea' id='block_1_49' title="bbox 1920 1906 3507 1978">
    <p class='ocr_par' dir='ltr' id='par_1_49' title="bbox 1920 1906 3507 1978">
     <span class='ocr_line' id='line_1_49' title="bbox 1920 1906 3507 1978; baseline 0.005 -20"><span class='ocrx_word' id='word_1_340' title='bbox 1920 1915 2073 1958; x_wconf 80' lang='lat' dir='ltr'><strong>cutus</strong></span> <span class='ocrx_word' id='word_1_341' title='bbox 2095 1915 2170 1960; x_wconf 88' lang='lat' dir='ltr'><strong>est</strong></span> <span class='ocrx_word' id='word_1_342' title='bbox 2196 1906 2294 1970; x_wconf 82' lang='lat' dir='ltr'><strong>eis,</strong></span> <span class='ocrx_word' id='word_1_343' title='bbox 2325 1916 2625 1976; x_wconf 74' lang='lat' dir='ltr'><strong>assumptus</strong></span> <span class='ocrx_word' id='word_1_344' title='bbox 2646 1917 2721 1961; x_wconf 85' lang='lat' dir='ltr'><strong>est</strong></span> <span class='ocrx_word' id='word_1_345' title='bbox 2743 1908 2798 1961; x_wconf 84' lang='lat' dir='ltr'><strong>in</strong></span> <span class='ocrx_word' id='word_1_346' title='bbox 2819 1906 3023 1962; x_wconf 72' lang='lat' dir='ltr'><strong>caelum.</strong></span> <span class='ocrx_word' id='word_1_347' title='bbox 3050 1908 3156 1963; x_wconf 87' lang='lat' dir='ltr'><strong>Sed</strong></span> <span class='ocrx_word' id='word_1_348' title='bbox 3175 1909 3304 1978; x_wconf 88' lang='lat' dir='ltr'><strong>quia</strong></span> <span class='ocrx_word' id='word_1_349' title='bbox 3330 1909 3507 1967; x_wconf 81' lang='lat' dir='ltr'><strong>Lucas</strong></span> 
     </span>
    </p>
   </div>
   <div class='ocr_carea' id='block_1_50' title="bbox 1921 1995 3506 2066">
    <p class='ocr_par' dir='ltr' id='par_1_50' title="bbox 1921 1995 3506 2066">
     <span class='ocr_line' id='line_1_50' title="bbox 1921 1995 3506 2066; baseline 0.003 -17"><span class='ocrx_word' id='word_1_350' title='bbox 1921 1995 2313 2066; x_wconf 81' lang='lat' dir='ltr'><strong>signiﬁcantius</strong></span> <span class='ocrx_word' id='word_1_351' title='bbox 2336 1995 2571 2064; x_wconf 79' lang='lat' dir='ltr'><strong>adjecit:</strong></span> <span class='ocrx_word' id='word_1_352' title='bbox 2599 1996 2730 2050; x_wconf 78' lang='lat' dir='ltr'><strong>Cum</strong></span> <span class='ocrx_word' id='word_1_353' title='bbox 2749 1997 2860 2051; x_wconf 80' lang='lat' dir='ltr'><strong>Iure</strong></span> <span class='ocrx_word' id='word_1_354' title='bbox 2887 1997 3126 2063; x_wconf 74' lang='lat' dir='ltr'><strong>dixisset,</strong></span> <span class='ocrx_word' id='word_1_355' title='bbox 3154 1998 3379 2054; x_wconf 69' lang='lat' dir='ltr'><strong>eleuatus</strong></span> <span class='ocrx_word' id='word_1_356' title='bbox 3405 2011 3506 2066; x_wconf 86' lang='lat' dir='ltr'><strong>est,</strong></span> 
     </span>
    </p>
   </div>
   <div class='ocr_carea' id='block_1_51' title="bbox 1921 2084 3508 2155">
    <p class='ocr_par' dir='ltr' id='par_1_51' title="bbox 1921 2084 3508 2155">
     <span class='ocr_line' id='line_1_51' title="bbox 1921 2084 3508 2155; baseline 0.004 -16"><span class='ocrx_word' id='word_1_357' title='bbox 1921 2085 2160 2139; x_wconf 87' lang='lat' dir='ltr'><strong>ostendit</strong></span> <span class='ocrx_word' id='word_1_358' title='bbox 2190 2084 2434 2155; x_wconf 79' lang='lat' dir='ltr'><strong>profecto</strong></span> <span class='ocrx_word' id='word_1_359' title='bbox 2470 2085 2574 2140; x_wconf 90' lang='lat' dir='ltr'><strong>illis</strong></span> <span class='ocrx_word' id='word_1_360' title='bbox 2596 2100 2732 2154; x_wconf 86' lang='lat' dir='ltr'><strong>quos</strong></span> <span class='ocrx_word' id='word_1_361' title='bbox 2756 2097 3276 2142; x_wconf 86' lang='lat' dir='ltr'><strong>eonnncmoravcrat</strong></span> <span class='ocrx_word' id='word_1_362' title='bbox 3299 2104 3508 2146; x_wconf 47' lang='lat' dir='ltr'><strong>sermo-</strong></span> 
     </span>
    </p>
   </div>
   <div class='ocr_carea' id='block_1_52' title="bbox 1923 2176 3285 2246">
    <p class='ocr_par' dir='ltr' id='par_1_52' title="bbox 1923 2176 3285 2246">
     <span class='ocr_line' id='line_1_52' title="bbox 1923 2176 3285 2246; baseline 0.002 -16"><span class='ocrx_word' id='word_1_363' title='bbox 1923 2176 2081 2232; x_wconf 89' lang='lat' dir='ltr'><strong>nibus</strong></span> <span class='ocrx_word' id='word_1_364' title='bbox 2108 2176 2338 2246; x_wconf 74' lang='lat' dir='ltr'><strong>expletis</strong></span> <span class='ocrx_word' id='word_1_365' title='bbox 2360 2176 2644 2231; x_wconf 87' lang='lat' dir='ltr'><strong>Dominum</strong></span> <span class='ocrx_word' id='word_1_366' title='bbox 2673 2176 2981 2231; x_wconf 87' lang='lat' dir='ltr'><strong>ascendisse</strong></span> <span class='ocrx_word' id='word_1_367' title='bbox 3007 2178 3074 2232; x_wconf 87' lang='lat' dir='ltr'><strong>ad</strong></span> <span class='ocrx_word' id='word_1_368' title='bbox 3098 2177 3285 2234; x_wconf 74' lang='lat' dir='ltr'><strong>cmlos.</strong></span> 
     </span>
    </p>
   </div>
   <div class='ocr_carea' id='block_1_53' title="bbox 1994 2264 3509 2337">
    <p class='ocr_par' dir='ltr' id='par_1_53' title="bbox 1994 2264 3509 2337">
     <span class='ocr_line' id='line_1_53' title="bbox 1994 2264 3509 2337; baseline 0.002 -17"><span class='ocrx_word' id='word_1_369' title='bbox 1994 2265 2064 2321; x_wconf 83' lang='lat' dir='ltr'><strong>Et</strong></span> <span class='ocrx_word' id='word_1_370' title='bbox 2095 2267 2267 2322; x_wconf 73' lang='lat' dir='ltr'><strong>nubes.</strong></span> <span class='ocrx_word' id='word_1_371' title='bbox 2287 2266 2509 2337; x_wconf 81' lang='lat' dir='ltr'><strong>suscepit</strong></span> <span class='ocrx_word' id='word_1_372' title='bbox 2544 2281 2663 2320; x_wconf 88' lang='lat' dir='ltr'><strong>eum</strong></span> <span class='ocrx_word' id='word_1_373' title='bbox 2688 2266 2753 2321; x_wconf 85' lang='lat' dir='ltr'><strong>ab</strong></span> <span class='ocrx_word' id='word_1_374' title='bbox 2783 2264 2949 2320; x_wconf 86' lang='lat' dir='ltr'><strong>oculis</strong></span> <span class='ocrx_word' id='word_1_375' title='bbox 2979 2283 3180 2321; x_wconf 85' lang='lat' dir='ltr'><strong>eorum.</strong></span> <span class='ocrx_word' id='word_1_376' title='bbox 3223 2267 3325 2325; x_wconf 86' lang='lat' dir='ltr'><strong>Ubi</strong></span> <span class='ocrx_word' id='word_1_377' title='bbox 3356 2285 3509 2325; x_wconf 82' lang='lat' dir='ltr'><strong>crea-</strong></span> 
     </span>
    </p>
   </div>
   <div class='ocr_carea' id='block_1_54' title="bbox 1926 2357 3506 2428">
    <p class='ocr_par' dir='ltr' id='par_1_54' title="bbox 1926 2357 3506 2428">
     <span class='ocr_line' id='line_1_54' title="bbox 1926 2357 3506 2428; baseline 0.001 -13"><span class='ocrx_word' id='word_1_378' title='bbox 1926 2372 2047 2415; x_wconf 91' lang='lat' dir='ltr'><strong>tura</strong></span> <span class='ocrx_word' id='word_1_379' title='bbox 2071 2375 2171 2415; x_wconf 89' lang='lat' dir='ltr'><strong>sno</strong></span> <span class='ocrx_word' id='word_1_380' title='bbox 2197 2358 2433 2414; x_wconf 82' lang='lat' dir='ltr'><strong>creatori</strong></span> <span class='ocrx_word' id='word_1_381' title='bbox 2460 2366 2683 2428; x_wconf 60' lang='lat' dir='ltr'><strong>praestat</strong></span> <span class='ocrx_word' id='word_1_382' title='bbox 2708 2357 3208 2428; x_wconf 82' lang='lat' dir='ltr'><strong>obsequium,astra</strong></span> <span class='ocrx_word' id='word_1_383' title='bbox 3231 2361 3506 2416; x_wconf 89' lang='lat' dir='ltr'><strong>indicant:</strong></span> 
     </span>
    </p>
   </div>
   <div class='ocr_carea' id='block_1_55' title="bbox 1926 2450 3515 2521">
    <p class='ocr_par' dir='ltr' id='par_1_55' title="bbox 1926 2450 3515 2521">
     <span class='ocr_line' id='line_1_55' title="bbox 1926 2450 3515 2521; baseline 0.003 -16"><span class='ocrx_word' id='word_1_384' title='bbox 1926 2458 2240 2507; x_wconf 87' lang='lat' dir='ltr'><strong>nascentem</strong></span> <span class='ocrx_word' id='word_1_385' title='bbox 2277 2450 2599 2507; x_wconf 68' lang='lat' dir='ltr'><strong>obnubilant</strong></span> <span class='ocrx_word' id='word_1_386' title='bbox 2622 2490 2636 2514; x_wconf 94' lang='lat'><strong>,</strong></span> <span class='ocrx_word' id='word_1_387' title='bbox 2700 2450 2969 2521; x_wconf 89' lang='lat' dir='ltr'><strong>recipiunt</strong></span> <span class='ocrx_word' id='word_1_388' title='bbox 3005 2451 3178 2508; x_wconf 89' lang='lat' dir='ltr'><strong>nubes</strong></span> <span class='ocrx_word' id='word_1_389' title='bbox 3214 2454 3515 2510; x_wconf 86' lang='lat' dir='ltr'><strong>ascenden-</strong></span> 
     </span>
    </p>
   </div>
   <div class='ocr_carea' id='block_1_56' title="bbox 1927 2539 3162 2610">
    <p class='ocr_par' dir='ltr' id='par_1_56' title="bbox 1927 2539 3162 2610">
     <span class='ocr_line' id='line_1_56' title="bbox 1927 2539 3162 2610; baseline -0.001 -13"><span class='ocrx_word' id='word_1_390' title='bbox 1927 2552 2057 2607; x_wconf 90' lang='lat' dir='ltr'><strong>tem,</strong></span> <span class='ocrx_word' id='word_1_391' title='bbox 2087 2541 2331 2598; x_wconf 84' lang='lat' dir='ltr'><strong>redeunti</strong></span> <span class='ocrx_word' id='word_1_392' title='bbox 2359 2542 2426 2596; x_wconf 90' lang='lat' dir='ltr'><strong>ad</strong></span> <span class='ocrx_word' id='word_1_393' title='bbox 2446 2539 2709 2610; x_wconf 86' lang='lat' dir='ltr'><strong>judicium</strong></span> <span class='ocrx_word' id='word_1_394' title='bbox 2736 2541 3162 2597; x_wconf 81' lang='lat' dir='ltr'><strong>comitabuntur.</strong></span> 
     </span>
    </p>
   </div>
   <div class='ocr_carea' id='block_1_57' title="bbox 1998 2632 3520 2703">
    <p class='ocr_par' dir='ltr' id='par_1_57' title="bbox 1998 2632 3520 2703">
     <span class='ocr_line' id='line_1_57' title="bbox 1998 2632 3520 2703; baseline 0.005 -18"><span class='ocrx_word' id='word_1_395' title='bbox 1998 2632 2131 2688; x_wconf 84' lang='lat' dir='ltr'><strong>Ecce</strong></span> <span class='ocrx_word' id='word_1_396' title='bbox 2177 2634 2282 2687; x_wconf 88' lang='lat' dir='ltr'><strong>duo</strong></span> <span class='ocrx_word' id='word_1_397' title='bbox 2344 2633 2444 2687; x_wconf 83' lang='lat' dir='ltr'><strong>uiri</strong></span> <span class='ocrx_word' id='word_1_398' title='bbox 2486 2633 2761 2687; x_wconf 83' lang='lat' dir='ltr'><strong>astiterunt</strong></span> <span class='ocrx_word' id='word_1_399' title='bbox 2802 2633 2963 2703; x_wconf 74' lang='lat' dir='ltr'><strong>juxta</strong></span> <span class='ocrx_word' id='word_1_400' title='bbox 3028 2632 3148 2689; x_wconf 84' lang='lat' dir='ltr'><strong>illos</strong></span> <span class='ocrx_word' id='word_1_401' title='bbox 3194 2637 3249 2689; x_wconf 79' lang='lat' dir='ltr'><strong>in</strong></span> <span class='ocrx_word' id='word_1_402' title='bbox 3290 2636 3520 2693; x_wconf 74' lang='lat' dir='ltr'><strong>restibus-</strong></span> 
     </span>
    </p>
   </div>
   <div class='ocr_carea' id='block_1_58' title="bbox 1925 2722 3511 2799">
    <p class='ocr_par' dir='ltr' id='par_1_58' title="bbox 1925 2722 3511 2799">
     <span class='ocr_line' id='line_1_58' title="bbox 1925 2722 3511 2799; baseline 0.004 -21"><span class='ocrx_word' id='word_1_403' title='bbox 1925 2724 2079 2778; x_wconf 75' lang='lat' dir='ltr'><strong>albis.</strong></span> <span class='ocrx_word' id='word_1_404' title='bbox 2102 2722 2252 2777; x_wconf 69' lang='lat' dir='ltr'><strong>Albcc</strong></span> <span class='ocrx_word' id='word_1_405' title='bbox 2278 2732 2457 2777; x_wconf 79' lang='lat' dir='ltr'><strong>vestes</strong></span> <span class='ocrx_word' id='word_1_406' title='bbox 2482 2723 2794 2777; x_wconf 81' lang='lat' dir='ltr'><strong>exaltationi</strong></span> <span class='ocrx_word' id='word_1_407' title='bbox 2826 2726 2999 2795; x_wconf 85' lang='lat' dir='ltr'><strong>magis</strong></span> <span class='ocrx_word' id='word_1_408' title='bbox 3024 2737 3330 2796; x_wconf 88' lang='lat' dir='ltr'><strong>congruunt</strong></span> <span class='ocrx_word' id='word_1_409' title='bbox 3347 2722 3511 2799; x_wconf 87' lang='lat' dir='ltr'><strong>quam</strong></span> 
     </span>
    </p>
   </div>
   <div class='ocr_carea' id='block_1_59' title="bbox 1926 2814 3521 2884">
    <p class='ocr_par' dir='ltr' id='par_1_59' title="bbox 1926 2814 3521 2884">
     <span class='ocr_line' id='line_1_59' title="bbox 1926 2814 3521 2884; baseline 0.003 -14"><span class='ocrx_word' id='word_1_410' title='bbox 1926 2814 2315 2877; x_wconf 85' lang='lat' dir='ltr'><strong>humiliationi,</strong></span> <span class='ocrx_word' id='word_1_411' title='bbox 2359 2822 2415 2869; x_wconf 90' lang='lat' dir='ltr'><strong>et</strong></span> <span class='ocrx_word' id='word_1_412' title='bbox 2464 2814 2585 2867; x_wconf 89' lang='lat' dir='ltr'><strong>ideo</strong></span> <span class='ocrx_word' id='word_1_413' title='bbox 2614 2814 2840 2869; x_wconf 89' lang='lat' dir='ltr'><strong>Domino</strong></span> <span class='ocrx_word' id='word_1_414' title='bbox 2866 2817 3225 2884; x_wconf 76' lang='lat' dir='ltr'><strong>ascendente,</strong></span> <span class='ocrx_word' id='word_1_415' title='bbox 3271 2819 3323 2872; x_wconf 91' lang='lat' dir='ltr'><strong>in</strong></span> <span class='ocrx_word' id='word_1_416' title='bbox 3373 2822 3521 2875; x_wconf 68' lang='lat' dir='ltr'><strong>albis.</strong></span> 
     </span>
    </p>
   </div>
   <div class='ocr_carea' id='block_1_60' title="bbox 1926 2905 3512 2977">
    <p class='ocr_par' dir='ltr' id='par_1_60' title="bbox 1926 2905 3512 2977">
     <span class='ocr_line' id='line_1_60' title="bbox 1926 2905 3512 2977; baseline 0.004 -18"><span class='ocrx_word' id='word_1_417' title='bbox 1926 2906 2168 2961; x_wconf 87' lang='lat' dir='ltr'><strong>vestibus</strong></span> <span class='ocrx_word' id='word_1_418' title='bbox 2196 2905 2371 2977; x_wconf 78' lang='lat' dir='ltr'><strong>angeli</strong></span> <span class='ocrx_word' id='word_1_419' title='bbox 2402 2915 2694 2975; x_wconf 85' lang='lat' dir='ltr'><strong>apparent,</strong></span> <span class='ocrx_word' id='word_1_420' title='bbox 2725 2907 2816 2975; x_wconf 86' lang='lat' dir='ltr'><strong>qui</strong></span> <span class='ocrx_word' id='word_1_421' title='bbox 2847 2916 2974 2961; x_wconf 84' lang='lat' dir='ltr'><strong>nato</strong></span> <span class='ocrx_word' id='word_1_422' title='bbox 3003 2907 3248 2974; x_wconf 87' lang='lat' dir='ltr'><strong>Domino,</strong></span> <span class='ocrx_word' id='word_1_423' title='bbox 3290 2911 3342 2964; x_wconf 93' lang='lat' dir='ltr'><strong>in</strong></span> <span class='ocrx_word' id='word_1_424' title='bbox 3373 2912 3512 2966; x_wconf 73' lang='lat' dir='ltr'><strong>albis</strong></span> 
     </span>
    </p>
   </div>
   <div class='ocr_carea' id='block_1_61' title="bbox 1927 2997 3511 3070">
    <p class='ocr_par' dir='ltr' id='par_1_61' title="bbox 1927 2997 3511 3070">
     <span class='ocr_line' id='line_1_61' title="bbox 1927 2997 3511 3070; baseline 0.003 -19"><span class='ocrx_word' id='word_1_425' title='bbox 1927 2997 2166 3052; x_wconf 81' lang='lat' dir='ltr'><strong>vestibus</strong></span> <span class='ocrx_word' id='word_1_426' title='bbox 2201 3011 2462 3067; x_wconf 84' lang='lat' dir='ltr'><strong>apparere</strong></span> <span class='ocrx_word' id='word_1_427' title='bbox 2500 3012 2607 3051; x_wconf 91' lang='lat' dir='ltr'><strong>non</strong></span> <span class='ocrx_word' id='word_1_428' title='bbox 2635 2998 2913 3066; x_wconf 89' lang='lat' dir='ltr'><strong>dicuntur,</strong></span> <span class='ocrx_word' id='word_1_429' title='bbox 2942 3002 3067 3068; x_wconf 87' lang='lat' dir='ltr'><strong>quia</strong></span> <span class='ocrx_word' id='word_1_430' title='bbox 3097 3001 3190 3070; x_wconf 89' lang='lat' dir='ltr'><strong>qui</strong></span> <span class='ocrx_word' id='word_1_431' title='bbox 3224 3002 3278 3055; x_wconf 90' lang='lat' dir='ltr'><strong>in</strong></span> <span class='ocrx_word' id='word_1_432' title='bbox 3310 3004 3511 3057; x_wconf 78' lang='lat' dir='ltr'><strong>nativi-</strong></span> 
     </span>
    </p>
   </div>
   <div class='ocr_carea' id='block_1_62' title="bbox 1928 3090 3512 3160">
    <p class='ocr_par' dir='ltr' id='par_1_62' title="bbox 1928 3090 3512 3160">
     <span class='ocr_line' id='line_1_62' title="bbox 1928 3090 3512 3160; baseline 0.003 -15"><span class='ocrx_word' id='word_1_433' title='bbox 1928 3102 2037 3146; x_wconf 77' lang='lat' dir='ltr'><strong>tate</strong></span> <span class='ocrx_word' id='word_1_434' title='bbox 2071 3106 2167 3146; x_wconf 89' lang='lat' dir='ltr'><strong>sua</strong></span> <span class='ocrx_word' id='word_1_435' title='bbox 2205 3091 2454 3160; x_wconf 87' lang='lat' dir='ltr'><strong>apparuit</strong></span> <span class='ocrx_word' id='word_1_436' title='bbox 2479 3090 2622 3145; x_wconf 87' lang='lat' dir='ltr'><strong>Deus</strong></span> <span class='ocrx_word' id='word_1_437' title='bbox 2657 3091 2911 3157; x_wconf 89' lang='lat' dir='ltr'><strong>humilis,</strong></span> <span class='ocrx_word' id='word_1_438' title='bbox 2960 3093 3368 3150; x_wconf 75' lang='lat' dir='ltr'><strong>inascensione</strong></span> <span class='ocrx_word' id='word_1_439' title='bbox 3412 3111 3512 3151; x_wconf 87' lang='lat' dir='ltr'><strong>sua</strong></span> 
     </span>
    </p>
   </div>
   <div class='ocr_carea' id='block_1_63' title="bbox 308 3164 3613 3263">
    <p class='ocr_par' dir='ltr' id='par_1_63' title="bbox 308 3164 3613 3263">
     <span class='ocr_line' id='line_1_63' title="bbox 308 3164 3613 3263; baseline -0.002 -18"><span class='ocrx_word' id='word_1_440' title='bbox 308 3194 486 3263; x_wconf 83' lang='lat' dir='ltr'><strong>Igitur</strong></span> <span class='ocrx_word' id='word_1_441' title='bbox 508 3191 597 3262; x_wconf 85' lang='lat' dir='ltr'><strong>qui</strong></span> <span class='ocrx_word' id='word_1_442' title='bbox 621 3196 965 3244; x_wconf 80' lang='lat' dir='ltr'><strong>conuenerant</strong></span> <span class='ocrx_word' id='word_1_443' title='bbox 995 3184 1384 3255; x_wconf 82' lang='lat' dir='ltr'><strong>interrogabant</strong></span> <span class='ocrx_word' id='word_1_444' title='bbox 1410 3200 1526 3239; x_wconf 88' lang='lat' dir='ltr'><strong>eum</strong></span> <span class='ocrx_word' id='word_1_445' title='bbox 1551 3184 1779 3237; x_wconf 79' lang='lat' dir='ltr'><strong>dicentes</strong></span> <span class='ocrx_word' id='word_1_446' title='bbox 1801 3198 1819 3234; x_wconf 89' lang='lat'><em>:</em></span> <span class='ocrx_word' id='word_1_447' title='bbox 1849 3164 1893 3224; x_wconf 65' lang='grc' dir='ltr'><strong>(ἶ</strong></span> <span class='ocrx_word' id='word_1_448' title='bbox 1926 3191 2175 3236; x_wconf 61' lang='lat' dir='ltr'><strong>ostensus</strong></span> <span class='ocrx_word' id='word_1_449' title='bbox 2200 3190 2281 3236; x_wconf 90' lang='lat' dir='ltr'><strong>est</strong></span> <span class='ocrx_word' id='word_1_450' title='bbox 2309 3182 2473 3236; x_wconf 90' lang='lat' dir='ltr'><strong>homo</strong></span> <span class='ocrx_word' id='word_1_451' title='bbox 2498 3181 2764 3236; x_wconf 87' lang='lat' dir='ltr'><strong>sublimis.</strong></span> <span class='ocrx_word' id='word_1_452' title='bbox 2826 3182 2958 3236; x_wconf 88' lang='lat' dir='ltr'><strong>Nam</strong></span> <span class='ocrx_word' id='word_1_453' title='bbox 2988 3192 3043 3237; x_wconf 90' lang='lat' dir='ltr'><strong>et</strong></span> <span class='ocrx_word' id='word_1_454' title='bbox 3070 3182 3219 3238; x_wconf 90' lang='lat' dir='ltr'><strong>locus</strong></span> <span class='ocrx_word' id='word_1_455' title='bbox 3241 3186 3508 3255; x_wconf 88' lang='lat' dir='ltr'><strong>congruit,</strong></span> <span class='ocrx_word' id='word_1_456' title='bbox 3608 3239 3613 3245; x_wconf 84' lang='grc'>,</span> 
     </span>
    </p>
   </div>
   <div class='ocr_carea' id='block_1_64' title="bbox 242 3270 1819 3349">
    <p class='ocr_par' dir='ltr' id='par_1_64' title="bbox 242 3270 1819 3349">
     <span class='ocr_line' id='line_1_64' title="bbox 242 3270 1819 3349; baseline -0.008 -13"><span class='ocrx_word' id='word_1_457' title='bbox 242 3282 484 3347; x_wconf 82' lang='lat' dir='ltr'><strong>Domine,</strong></span> <span class='ocrx_word' id='word_1_458' title='bbox 519 3281 564 3334; x_wconf 88' lang='lat' dir='ltr'><strong>si</strong></span> <span class='ocrx_word' id='word_1_459' title='bbox 601 3280 654 3333; x_wconf 79' lang='lat' dir='ltr'><strong>in</strong></span> <span class='ocrx_word' id='word_1_460' title='bbox 689 3287 917 3349; x_wconf 83' lang='lat' dir='ltr'><strong>tempore</strong></span> <span class='ocrx_word' id='word_1_461' title='bbox 960 3276 1056 3329; x_wconf 84' lang='lat' dir='ltr'><strong>hoc</strong></span> <span class='ocrx_word' id='word_1_462' title='bbox 1096 3274 1334 3328; x_wconf 83' lang='lat' dir='ltr'><strong>restitues</strong></span> <span class='ocrx_word' id='word_1_463' title='bbox 1374 3288 1588 3343; x_wconf 83' lang='lat' dir='ltr'><strong>regnum</strong></span> <span class='ocrx_word' id='word_1_464' title='bbox 1628 3270 1819 3325; x_wconf 80' lang='lat' dir='ltr'><strong>Israel.</strong></span> 
     </span>
    </p>
   </div>
   <div class='ocr_carea' id='block_1_65' title="bbox 241 3348 1821 3441">
    <p class='ocr_par' dir='ltr' id='par_1_65' title="bbox 241 3348 1821 3441">
     <span class='ocr_line' id='line_1_65' title="bbox 241 3348 1821 3441; baseline -0.009 -11"><span class='ocrx_word' id='word_1_465' title='bbox 241 3373 505 3441; x_wconf 82' lang='lat' dir='ltr'><strong>Quoniam</strong></span> <span class='ocrx_word' id='word_1_466' title='bbox 554 3348 829 3441; x_wconf 80' lang='lat' dir='ltr'><strong>apparens</strong></span> <span class='ocrx_word' id='word_1_467' title='bbox 854 3368 935 3422; x_wconf 91' lang='lat' dir='ltr'><strong>eis</strong></span> <span class='ocrx_word' id='word_1_468' title='bbox 983 3348 1195 3422; x_wconf 82' lang='lat' dir='ltr'><strong>locutus</strong></span> <span class='ocrx_word' id='word_1_469' title='bbox 1240 3372 1325 3420; x_wconf 90' lang='lat' dir='ltr'><strong>est</strong></span> <span class='ocrx_word' id='word_1_470' title='bbox 1369 3365 1436 3419; x_wconf 88' lang='lat' dir='ltr'><strong>de</strong></span> <span class='ocrx_word' id='word_1_471' title='bbox 1485 3378 1650 3434; x_wconf 82' lang='lat' dir='ltr'><strong>regno</strong></span> <span class='ocrx_word' id='word_1_472' title='bbox 1703 3362 1821 3425; x_wconf 85' lang='lat' dir='ltr'><strong>Dei,</strong></span> 
     </span>
    </p>
   </div>
   <div class='ocr_carea' id='block_1_66' title="bbox 234 3455 1826 3537">
    <p class='ocr_par' dir='ltr' id='par_1_66' title="bbox 234 3455 1826 3537">
     <span class='ocr_line' id='line_1_66' title="bbox 234 3455 1826 3537; baseline -0.007 -19"><span class='ocrx_word' id='word_1_473' title='bbox 234 3466 465 3537; x_wconf 63' lang='lat' dir='ltr'><strong>Spiritus</strong></span> <span class='ocrx_word' id='word_1_474' title='bbox 488 3475 701 3532; x_wconf 87' lang='lat' dir='ltr'><strong>quoque</strong></span> <span class='ocrx_word' id='word_1_475' title='bbox 728 3459 898 3515; x_wconf 88' lang='lat' dir='ltr'><strong>sancti</strong></span> <span class='ocrx_word' id='word_1_476' title='bbox 925 3473 1030 3512; x_wconf 89' lang='lat' dir='ltr'><strong>non</strong></span> <span class='ocrx_word' id='word_1_477' title='bbox 1054 3464 1174 3527; x_wconf 88' lang='lat' dir='ltr'><strong>post</strong></span> <span class='ocrx_word' id='word_1_478' title='bbox 1201 3456 1397 3511; x_wconf 88' lang='lat' dir='ltr'><strong>multos</strong></span> <span class='ocrx_word' id='word_1_479' title='bbox 1423 3455 1540 3510; x_wconf 90' lang='lat' dir='ltr'><strong>dies</strong></span> <span class='ocrx_word' id='word_1_480' title='bbox 1578 3455 1826 3525; x_wconf 87' lang='lat' dir='ltr'><strong>promisit</strong></span> 
     </span>
    </p>
   </div>
   <div class='ocr_carea' id='block_1_67' title="bbox 246 3549 1820 3622">
    <p class='ocr_par' dir='ltr' id='par_1_67' title="bbox 246 3549 1820 3622">
     <span class='ocr_line' id='line_1_67' title="bbox 246 3549 1820 3622; baseline -0.006 -12"><span class='ocrx_word' id='word_1_481' title='bbox 246 3558 559 3620; x_wconf 86' lang='lat' dir='ltr'><strong>adventum;</strong></span> <span class='ocrx_word' id='word_1_482' title='bbox 588 3556 980 3622; x_wconf 88' lang='lat' dir='ltr'><strong>consequenter</strong></span> <span class='ocrx_word' id='word_1_483' title='bbox 1005 3565 1129 3606; x_wconf 90' lang='lat' dir='ltr'><strong>eum</strong></span> <span class='ocrx_word' id='word_1_484' title='bbox 1156 3551 1221 3604; x_wconf 91' lang='lat' dir='ltr'><strong>de</strong></span> <span class='ocrx_word' id='word_1_485' title='bbox 1256 3549 1443 3604; x_wconf 90' lang='lat' dir='ltr'><strong>eodem</strong></span> <span class='ocrx_word' id='word_1_486' title='bbox 1492 3564 1657 3619; x_wconf 87' lang='lat' dir='ltr'><strong>regno</strong></span> <span class='ocrx_word' id='word_1_487' title='bbox 1696 3563 1820 3616; x_wconf 87' lang='lat' dir='ltr'><strong>pcr-</strong></span> 
     </span>
    </p>
   </div>
   <div class='ocr_carea' id='block_1_68' title="bbox 245 3637 1823 3710">
    <p class='ocr_par' dir='ltr' id='par_1_68' title="bbox 245 3637 1823 3710">
     <span class='ocr_line' id='line_1_68' title="bbox 245 3637 1823 3710; baseline -0.007 -9"><span class='ocrx_word' id='word_1_488' title='bbox 245 3654 582 3710; x_wconf 83' lang='lat' dir='ltr'><strong>cunctantur,</strong></span> <span class='ocrx_word' id='word_1_489' title='bbox 610 3652 790 3699; x_wconf 83' lang='lat' dir='ltr'><strong>utrum</strong></span> <span class='ocrx_word' id='word_1_490' title='bbox 819 3642 1070 3698; x_wconf 86' lang='lat' dir='ltr'><strong>videlicet</strong></span> <span class='ocrx_word' id='word_1_491' title='bbox 1100 3656 1225 3695; x_wconf 75' lang='lat' dir='ltr'><strong>mox</strong></span> <span class='ocrx_word' id='word_1_492' title='bbox 1261 3639 1580 3695; x_wconf 86' lang='lat' dir='ltr'><strong>adveniente</strong></span> <span class='ocrx_word' id='word_1_493' title='bbox 1617 3637 1823 3708; x_wconf 84' lang='lat' dir='ltr'><strong>Spiritu</strong></span> 
     </span>
    </p>
   </div>
   <div class='ocr_carea' id='block_1_69' title="bbox 246 3724 1825 3805">
    <p class='ocr_par' dir='ltr' id='par_1_69' title="bbox 246 3724 1825 3805">
     <span class='ocr_line' id='line_1_69' title="bbox 246 3724 1825 3805; baseline -0.008 -14"><span class='ocrx_word' id='word_1_494' title='bbox 246 3745 451 3803; x_wconf 86' lang='lat' dir='ltr'><strong>sancto,</strong></span> <span class='ocrx_word' id='word_1_495' title='bbox 481 3735 536 3790; x_wconf 91' lang='lat' dir='ltr'><strong>in</strong></span> <span class='ocrx_word' id='word_1_496' title='bbox 563 3733 816 3805; x_wconf 62' lang='lat' dir='ltr'><strong>presenti</strong></span> <span class='ocrx_word' id='word_1_497' title='bbox 846 3724 1265 3794; x_wconf 82' lang='lat' dir='ltr'><strong>restituendum,</strong></span> <span class='ocrx_word' id='word_1_498' title='bbox 1298 3745 1366 3783; x_wconf 90' lang='lat' dir='ltr'><strong>an</strong></span> <span class='ocrx_word' id='word_1_499' title='bbox 1407 3728 1459 3782; x_wconf 94' lang='lat' dir='ltr'><strong>in</strong></span> <span class='ocrx_word' id='word_1_500' title='bbox 1489 3726 1672 3781; x_wconf 84' lang='lat' dir='ltr'><strong>futuro</strong></span> <span class='ocrx_word' id='word_1_501' title='bbox 1702 3742 1825 3781; x_wconf 75' lang='lat' dir='ltr'><strong>saa-</strong></span> 
     </span>
    </p>
   </div>
   <div class='ocr_carea' id='block_1_70' title="bbox 248 3817 1825 3883">
    <p class='ocr_par' dir='ltr' id='par_1_70' title="bbox 248 3817 1825 3883">
     <span class='ocr_line' id='line_1_70' title="bbox 248 3817 1825 3883; baseline -0.008 0"><span class='ocrx_word' id='word_1_502' title='bbox 248 3829 347 3883; x_wconf 83' lang='lat' dir='ltr'><strong>etis</strong></span> <span class='ocrx_word' id='word_1_503' title='bbox 366 3826 751 3883; x_wconf 71' lang='lat' dir='ltr'><strong>reservandum</strong></span> <span class='ocrx_word' id='word_1_504' title='bbox 768 3823 995 3878; x_wconf 89' lang='lat' dir='ltr'><strong>credere</strong></span> <span class='ocrx_word' id='word_1_505' title='bbox 1016 3821 1271 3876; x_wconf 85' lang='lat' dir='ltr'><strong>debeant.</strong></span> <span class='ocrx_word' id='word_1_506' title='bbox 1291 3818 1550 3875; x_wconf 74' lang='lat' dir='ltr'><strong>Carnutes</strong></span> <span class='ocrx_word' id='word_1_507' title='bbox 1564 3817 1825 3873; x_wconf 79' lang='lat' dir='ltr'><strong>enimad-</strong></span> 
     </span>
    </p>
   </div>
   <div class='ocr_carea' id='block_1_71' title="bbox 251 3911 1828 3989">
    <p class='ocr_par' dir='ltr' id='par_1_71' title="bbox 251 3911 1828 3989">
     <span class='ocr_line' id='line_1_71' title="bbox 251 3911 1828 3989; baseline -0.006 -15"><span class='ocrx_word' id='word_1_508' title='bbox 251 3921 351 3976; x_wconf 88' lang='lat' dir='ltr'><strong>huc</strong></span> <span class='ocrx_word' id='word_1_509' title='bbox 373 3918 622 3989; x_wconf 80' lang='lat' dir='ltr'><strong>discipuli</strong></span> <span class='ocrx_word' id='word_1_510' title='bbox 648 3915 1045 3973; x_wconf 88' lang='lat' dir='ltr'><strong>resurrectione</strong></span> <span class='ocrx_word' id='word_1_511' title='bbox 1083 3912 1285 3969; x_wconf 84' lang='lat' dir='ltr'><strong>Christi</strong></span> <span class='ocrx_word' id='word_1_512' title='bbox 1324 3911 1611 3982; x_wconf 77' lang='lat' dir='ltr'><strong>completa,</strong></span> <span class='ocrx_word' id='word_1_513' title='bbox 1651 3912 1828 3967; x_wconf 86' lang='lat' dir='ltr'><strong>conti-</strong></span> 
     </span>
    </p>
   </div>
   <div class='ocr_carea' id='block_1_72' title="bbox 251 4004 1825 4081">
    <p class='ocr_par' dir='ltr' id='par_1_72' title="bbox 251 4004 1825 4081">
     <span class='ocr_line' id='line_1_72' title="bbox 251 4004 1825 4081; baseline -0.005 -16"><span class='ocrx_word' id='word_1_514' title='bbox 251 4027 354 4066; x_wconf 86' lang='lat' dir='ltr'><strong>nuo</strong></span> <span class='ocrx_word' id='word_1_515' title='bbox 387 4024 610 4081; x_wconf 78' lang='lat' dir='ltr'><strong>regnum</strong></span> <span class='ocrx_word' id='word_1_516' title='bbox 643 4008 810 4063; x_wconf 81' lang='lat' dir='ltr'><strong>Israel</strong></span> <span class='ocrx_word' id='word_1_517' title='bbox 848 4007 1143 4063; x_wconf 83' lang='lat' dir='ltr'><strong>credebant</strong></span> <span class='ocrx_word' id='word_1_518' title='bbox 1183 4019 1303 4061; x_wconf 75' lang='lat' dir='ltr'><strong>esse</strong></span> <span class='ocrx_word' id='word_1_519' title='bbox 1334 4012 1646 4068; x_wconf 83' lang='lat' dir='ltr'><strong>venturum,</strong></span> <span class='ocrx_word' id='word_1_520' title='bbox 1671 4004 1825 4075; x_wconf 81' lang='lat' dir='ltr'><strong>juxta</strong></span> 
     </span>
    </p>
   </div>
   <div class='ocr_carea' id='block_1_73' title="bbox 250 4094 1829 4171">
    <p class='ocr_par' dir='ltr' id='par_1_73' title="bbox 250 4094 1829 4171">
     <span class='ocr_line' id='line_1_73' title="bbox 250 4094 1829 4171; baseline -0.006 -14"><span class='ocrx_word' id='word_1_521' title='bbox 250 4102 391 4171; x_wconf 81' lang='lat' dir='ltr'><strong>quod</strong></span> <span class='ocrx_word' id='word_1_522' title='bbox 410 4100 676 4169; x_wconf 87' lang='lat' dir='ltr'><strong>Cleophas</strong></span> <span class='ocrx_word' id='word_1_523' title='bbox 698 4098 775 4152; x_wconf 87' lang='lat' dir='ltr'><strong>ait</strong></span> <span class='ocrx_word' id='word_1_524' title='bbox 797 4112 813 4151; x_wconf 87' lang='lat'><strong>:</strong></span> <span class='ocrx_word' id='word_1_525' title='bbox 842 4096 956 4152; x_wconf 87' lang='lat' dir='ltr'><strong>Nos</strong></span> <span class='ocrx_word' id='word_1_526' title='bbox 984 4106 1159 4149; x_wconf 85' lang='lat' dir='ltr'><strong>autem</strong></span> <span class='ocrx_word' id='word_1_527' title='bbox 1177 4094 1539 4167; x_wconf 81' lang='lat' dir='ltr'><strong>sperabamus,</strong></span> <span class='ocrx_word' id='word_1_528' title='bbox 1560 4094 1698 4165; x_wconf 88' lang='lat' dir='ltr'><strong>quod</strong></span> <span class='ocrx_word' id='word_1_529' title='bbox 1719 4095 1829 4163; x_wconf 84' lang='lat' dir='ltr'><strong>ipse</strong></span> 
     </span>
    </p>
   </div>
   <div class='ocr_carea' id='block_1_74' title="bbox 250 4184 1827 4263">
    <p class='ocr_par' dir='ltr' id='par_1_74' title="bbox 250 4184 1827 4263">
     <span class='ocr_line' id='line_1_74' title="bbox 250 4184 1827 4263; baseline -0.006 -15"><span class='ocrx_word' id='word_1_530' title='bbox 250 4202 381 4248; x_wconf 75' lang='lat' dir='ltr'><strong>esset</strong></span> <span class='ocrx_word' id='word_1_531' title='bbox 434 4192 795 4263; x_wconf 82' lang='lat' dir='ltr'><strong>redempturus</strong></span> <span class='ocrx_word' id='word_1_532' title='bbox 846 4188 1039 4253; x_wconf 82' lang='lat' dir='ltr'><strong>Israel,</strong></span> <span class='ocrx_word' id='word_1_533' title='bbox 1084 4195 1141 4242; x_wconf 91' lang='lat' dir='ltr'><strong>et</strong></span> <span class='ocrx_word' id='word_1_534' title='bbox 1176 4184 1505 4259; x_wconf 82' lang='lat' dir='ltr'><strong>evangelista</strong></span> <span class='ocrx_word' id='word_1_535' title='bbox 1544 4188 1827 4256; x_wconf 68' lang='lat' dir='ltr'><strong>prarmisit,</strong></span> 
     </span>
    </p>
   </div>
   <div class='ocr_carea' id='block_1_75' title="bbox 250 4276 1826 4354">
    <p class='ocr_par' dir='ltr' id='par_1_75' title="bbox 250 4276 1826 4354">
     <span class='ocr_line' id='line_1_75' title="bbox 250 4276 1826 4354; baseline -0.006 -17"><span class='ocrx_word' id='word_1_536' title='bbox 250 4285 375 4354; x_wconf 82' lang='lat' dir='ltr'><strong>quia</strong></span> <span class='ocrx_word' id='word_1_537' title='bbox 417 4283 644 4338; x_wconf 90' lang='lat' dir='ltr'><strong>Domino</strong></span> <span class='ocrx_word' id='word_1_538' title='bbox 693 4279 1119 4351; x_wconf 77' lang='lat' dir='ltr'><strong>Hierosolymam</strong></span> <span class='ocrx_word' id='word_1_539' title='bbox 1158 4286 1389 4333; x_wconf 86' lang='lat' dir='ltr'><strong>venturo</strong></span> <span class='ocrx_word' id='word_1_540' title='bbox 1429 4276 1826 4341; x_wconf 79' lang='lat' dir='ltr'><strong>existimarent,</strong></span> 
     </span>
    </p>
   </div>
   <div class='ocr_carea' id='block_1_76' title="bbox 251 4368 1828 4449">
    <p class='ocr_par' dir='ltr' id='par_1_76' title="bbox 251 4368 1828 4449">
     <span class='ocr_line' id='line_1_76' title="bbox 251 4368 1828 4449; baseline -0.004 -20"><span class='ocrx_word' id='word_1_541' title='bbox 251 4377 394 4445; x_wconf 77' lang='lat' dir='ltr'><strong>quod</strong></span> <span class='ocrx_word' id='word_1_542' title='bbox 443 4374 727 4431; x_wconf 76' lang='lat' dir='ltr'><strong>confestim</strong></span> <span class='ocrx_word' id='word_1_543' title='bbox 784 4387 1009 4443; x_wconf 85' lang='lat' dir='ltr'><strong>regnum</strong></span> <span class='ocrx_word' id='word_1_544' title='bbox 1058 4371 1151 4425; x_wconf 87' lang='lat' dir='ltr'><strong>Dei</strong></span> <span class='ocrx_word' id='word_1_545' title='bbox 1198 4368 1658 4449; x_wconf 82' lang='lat' dir='ltr'><strong>manifestaretur.</strong></span> <span class='ocrx_word' id='word_1_546' title='bbox 1723 4368 1828 4423; x_wconf 88' lang='lat' dir='ltr'><strong>Sed</strong></span> 
     </span>
    </p>
   </div>
   <div class='ocr_carea' id='block_1_77' title="bbox 251 4460 1825 4535">
    <p class='ocr_par' dir='ltr' id='par_1_77' title="bbox 251 4460 1825 4535">
     <span class='ocr_line' id='line_1_77' title="bbox 251 4460 1825 4535; baseline -0.003 -16"><span class='ocrx_word' id='word_1_547' title='bbox 251 4467 532 4535; x_wconf 82' lang='lat' dir='ltr'><strong>oportebat</strong></span> <span class='ocrx_word' id='word_1_548' title='bbox 555 4463 767 4534; x_wconf 86' lang='lat' dir='ltr'><strong>impleri</strong></span> <span class='ocrx_word' id='word_1_549' title='bbox 792 4463 1152 4534; x_wconf 84' lang='lat' dir='ltr'><strong>prophetiam,</strong></span> <span class='ocrx_word' id='word_1_550' title='bbox 1181 4476 1287 4531; x_wconf 90' lang='lat' dir='ltr'><strong>qua</strong></span> <span class='ocrx_word' id='word_1_551' title='bbox 1309 4460 1457 4516; x_wconf 84' lang='lat' dir='ltr'><strong>Patri</strong></span> <span class='ocrx_word' id='word_1_552' title='bbox 1485 4475 1689 4516; x_wconf 89' lang='lat' dir='ltr'><strong>canens</strong></span> <span class='ocrx_word' id='word_1_553' title='bbox 1711 4460 1787 4514; x_wconf 90' lang='lat' dir='ltr'><strong>ait</strong></span> <span class='ocrx_word' id='word_1_554' title='bbox 1813 4478 1825 4514; x_wconf 93' lang='lat'><strong>:</strong></span> 
     </span>
    </p>
   </div>
   <div class='ocr_carea' id='block_1_78' title="bbox 1929 3274 3527 3344">
    <p class='ocr_par' dir='ltr' id='par_1_78' title="bbox 1929 3274 3527 3344">
     <span class='ocr_line' id='line_1_78' title="bbox 1929 3274 3527 3344; baseline 0.003 -16"><span class='ocrx_word' id='word_1_555' title='bbox 1929 3275 2053 3328; x_wconf 88' lang='lat' dir='ltr'><strong>dum</strong></span> <span class='ocrx_word' id='word_1_556' title='bbox 2108 3274 2155 3328; x_wconf 89' lang='lat' dir='ltr'><strong>is</strong></span> <span class='ocrx_word' id='word_1_557' title='bbox 2214 3274 2309 3344; x_wconf 89' lang='lat' dir='ltr'><strong>qui</strong></span> <span class='ocrx_word' id='word_1_558' title='bbox 2357 3274 2411 3327; x_wconf 87' lang='lat' dir='ltr'><strong>in</strong></span> <span class='ocrx_word' id='word_1_559' title='bbox 2453 3274 2645 3328; x_wconf 88' lang='lat' dir='ltr'><strong>humili</strong></span> <span class='ocrx_word' id='word_1_560' title='bbox 2685 3274 2964 3329; x_wconf 85' lang='lat' dir='ltr'><strong>civitatula</strong></span> <span class='ocrx_word' id='word_1_561' title='bbox 3010 3280 3172 3331; x_wconf 85' lang='lat' dir='ltr'><strong>natus</strong></span> <span class='ocrx_word' id='word_1_562' title='bbox 3203 3284 3310 3342; x_wconf 86' lang='lat' dir='ltr'><strong>est,</strong></span> <span class='ocrx_word' id='word_1_563' title='bbox 3352 3277 3527 3332; x_wconf 62' lang='lat' dir='ltr'><strong>homo.</strong></span> 
     </span>
    </p>
   </div>
   <div class='ocr_carea' id='block_1_79' title="bbox 1926 3368 3170 3438">
    <p class='ocr_par' dir='ltr' id='par_1_79' title="bbox 1926 3368 3170 3438">
     <span class='ocr_line' id='line_1_79' title="bbox 1926 3368 3170 3438; baseline -0.002 -16"><span class='ocrx_word' id='word_1_564' title='bbox 1926 3369 1992 3422; x_wconf 87' lang='lat' dir='ltr'><strong>de</strong></span> <span class='ocrx_word' id='word_1_565' title='bbox 2018 3378 2199 3423; x_wconf 90' lang='lat' dir='ltr'><strong>monte</strong></span> <span class='ocrx_word' id='word_1_566' title='bbox 2227 3368 2444 3423; x_wconf 87' lang='lat' dir='ltr'><strong>sublimi</strong></span> <span class='ocrx_word' id='word_1_567' title='bbox 2472 3382 2751 3438; x_wconf 81' lang='lat' dir='ltr'><strong>regressus</strong></span> <span class='ocrx_word' id='word_1_568' title='bbox 2775 3375 2858 3421; x_wconf 90' lang='lat' dir='ltr'><strong>est</strong></span> <span class='ocrx_word' id='word_1_569' title='bbox 2882 3368 2949 3421; x_wconf 88' lang='lat' dir='ltr'><strong>ad</strong></span> <span class='ocrx_word' id='word_1_570' title='bbox 2982 3368 3170 3423; x_wconf 71' lang='lat' dir='ltr'><strong>emlos.</strong></span> 
     </span>
    </p>
   </div>
   <div class='ocr_carea' id='block_1_80' title="bbox 2000 3457 3517 3529">
    <p class='ocr_par' dir='ltr' id='par_1_80' title="bbox 2000 3457 3517 3529">
     <span class='ocr_line' id='line_1_80' title="bbox 2000 3457 3517 3529; baseline -0.001 -15"><span class='ocrx_word' id='word_1_571' title='bbox 2000 3461 2101 3514; x_wconf 80' lang='lat' dir='ltr'><strong>llic</strong></span> <span class='ocrx_word' id='word_1_572' title='bbox 2122 3460 2277 3514; x_wconf 74' lang='lat' dir='ltr'><strong>Iesus</strong></span> <span class='ocrx_word' id='word_1_573' title='bbox 2310 3457 2400 3529; x_wconf 85' lang='lat' dir='ltr'><strong>qui</strong></span> <span class='ocrx_word' id='word_1_574' title='bbox 2432 3467 2728 3527; x_wconf 83' lang='lat' dir='ltr'><strong>assumptus</strong></span> <span class='ocrx_word' id='word_1_575' title='bbox 2766 3466 2840 3510; x_wconf 86' lang='lat' dir='ltr'><strong>est</strong></span> <span class='ocrx_word' id='word_1_576' title='bbox 2869 3475 2901 3510; x_wconf 92' lang='lat' dir='ltr'><strong>a</strong></span> <span class='ocrx_word' id='word_1_577' title='bbox 2925 3457 3065 3510; x_wconf 70' lang='lat' dir='ltr'><strong>voltis</strong></span> <span class='ocrx_word' id='word_1_578' title='bbox 3099 3458 3153 3511; x_wconf 82' lang='lat' dir='ltr'><strong>in</strong></span> <span class='ocrx_word' id='word_1_579' title='bbox 3187 3458 3392 3512; x_wconf 66' lang='lat' dir='ltr'><strong>malum.</strong></span> <span class='ocrx_word' id='word_1_580' title='bbox 3429 3459 3517 3516; x_wconf 83' lang='lat' dir='ltr'><strong>Ob</strong></span> 
     </span>
    </p>
   </div>
   <div class='ocr_carea' id='block_1_81' title="bbox 1926 3546 3519 3615">
    <p class='ocr_par' dir='ltr' id='par_1_81' title="bbox 1926 3546 3519 3615">
     <span class='ocr_line' id='line_1_81' title="bbox 1926 3546 3519 3615; baseline -0.001 -9"><span class='ocrx_word' id='word_1_581' title='bbox 1926 3552 2061 3606; x_wconf 87' lang='lat' dir='ltr'><strong>duas</strong></span> <span class='ocrx_word' id='word_1_582' title='bbox 2085 3550 2203 3604; x_wconf 90' lang='lat' dir='ltr'><strong>illas</strong></span> <span class='ocrx_word' id='word_1_583' title='bbox 2228 3563 2423 3603; x_wconf 85' lang='lat' dir='ltr'><strong>causas</strong></span> <span class='ocrx_word' id='word_1_584' title='bbox 2449 3546 2625 3615; x_wconf 85' lang='lat' dir='ltr'><strong>angeli</strong></span> <span class='ocrx_word' id='word_1_585' title='bbox 2653 3546 2935 3600; x_wconf 82' lang='lat' dir='ltr'><strong>videntur:</strong></span> <span class='ocrx_word' id='word_1_586' title='bbox 2970 3555 3030 3600; x_wconf 89' lang='lat' dir='ltr'><strong>ut</strong></span> <span class='ocrx_word' id='word_1_587' title='bbox 3050 3546 3298 3602; x_wconf 86' lang='lat' dir='ltr'><strong>videlicet</strong></span> <span class='ocrx_word' id='word_1_588' title='bbox 3326 3562 3519 3604; x_wconf 47' lang='lat' dir='ltr'><strong>ascen-</strong></span> 
     </span>
    </p>
   </div>
   <div class='ocr_carea' id='block_1_82' title="bbox 1926 3638 3516 3709">
    <p class='ocr_par' dir='ltr' id='par_1_82' title="bbox 1926 3638 3516 3709">
     <span class='ocr_line' id='line_1_82' title="bbox 1926 3638 3516 3709; baseline -0.001 -12"><span class='ocrx_word' id='word_1_589' title='bbox 1926 3642 2096 3698; x_wconf 89' lang='lat' dir='ltr'><strong>sionis</strong></span> <span class='ocrx_word' id='word_1_590' title='bbox 2123 3639 2426 3704; x_wconf 87' lang='lat' dir='ltr'><strong>tristitiam,</strong></span> <span class='ocrx_word' id='word_1_591' title='bbox 2456 3638 2815 3709; x_wconf 82' lang='lat' dir='ltr'><strong>regressionis</strong></span> <span class='ocrx_word' id='word_1_592' title='bbox 2840 3638 3356 3693; x_wconf 84' lang='lat' dir='ltr'><strong>commemoratione</strong></span> <span class='ocrx_word' id='word_1_593' title='bbox 3383 3654 3516 3696; x_wconf 88' lang='lat' dir='ltr'><strong>con-</strong></span> 
     </span>
    </p>
   </div>
   <div class='ocr_carea' id='block_1_83' title="bbox 1928 3728 3508 3797">
    <p class='ocr_par' dir='ltr' id='par_1_83' title="bbox 1928 3728 3508 3797">
     <span class='ocr_line' id='line_1_83' title="bbox 1928 3728 3508 3797; baseline -0.001 -9"><span class='ocrx_word' id='word_1_594' title='bbox 1928 3733 2267 3797; x_wconf 88' lang='lat' dir='ltr'><strong>solarentur;</strong></span> <span class='ocrx_word' id='word_1_595' title='bbox 2296 3740 2357 3786; x_wconf 89' lang='lat' dir='ltr'><strong>ut</strong></span> <span class='ocrx_word' id='word_1_596' title='bbox 2389 3739 2445 3786; x_wconf 89' lang='lat' dir='ltr'><strong>et</strong></span> <span class='ocrx_word' id='word_1_597' title='bbox 2467 3745 2597 3785; x_wconf 89' lang='lat' dir='ltr'><strong>vere</strong></span> <span class='ocrx_word' id='word_1_598' title='bbox 2630 3730 2683 3784; x_wconf 93' lang='lat' dir='ltr'><strong>in</strong></span> <span class='ocrx_word' id='word_1_599' title='bbox 2714 3728 2913 3785; x_wconf 70' lang='lat' dir='ltr'><strong>caelum</strong></span> <span class='ocrx_word' id='word_1_600' title='bbox 2938 3728 3087 3784; x_wconf 89' lang='lat' dir='ltr'><strong>illum</strong></span> <span class='ocrx_word' id='word_1_601' title='bbox 3118 3730 3198 3786; x_wconf 88' lang='lat' dir='ltr'><strong>ire</strong></span> <span class='ocrx_word' id='word_1_602' title='bbox 3234 3739 3508 3787; x_wconf 89' lang='lat' dir='ltr'><strong>monstra-</strong></span> 
     </span>
    </p>
   </div>
   <div class='ocr_carea' id='block_1_84' title="bbox 1929 3820 3206 3893">
    <p class='ocr_par' dir='ltr' id='par_1_84' title="bbox 1929 3820 3206 3893">
     <span class='ocr_line' id='line_1_84' title="bbox 1929 3820 3206 3893; baseline -0.003 -14"><span class='ocrx_word' id='word_1_603' title='bbox 1929 3833 2070 3889; x_wconf 86' lang='lat' dir='ltr'><strong>rent,</strong></span> <span class='ocrx_word' id='word_1_604' title='bbox 2097 3831 2154 3878; x_wconf 91' lang='lat' dir='ltr'><strong>et</strong></span> <span class='ocrx_word' id='word_1_605' title='bbox 2182 3838 2290 3878; x_wconf 90' lang='lat' dir='ltr'><strong>non</strong></span> <span class='ocrx_word' id='word_1_606' title='bbox 2317 3823 2473 3893; x_wconf 87' lang='lat' dir='ltr'><strong>quasi</strong></span> <span class='ocrx_word' id='word_1_607' title='bbox 2504 3822 2556 3875; x_wconf 89' lang='lat' dir='ltr'><strong>in</strong></span> <span class='ocrx_word' id='word_1_608' title='bbox 2587 3821 2813 3885; x_wconf 71' lang='lat' dir='ltr'><strong>etclam,</strong></span> <span class='ocrx_word' id='word_1_609' title='bbox 2848 3820 2987 3875; x_wconf 90' lang='lat' dir='ltr'><strong>sicut</strong></span> <span class='ocrx_word' id='word_1_610' title='bbox 3014 3820 3206 3875; x_wconf 83' lang='lat' dir='ltr'><strong>Etiam.</strong></span> 
     </span>
    </p>
   </div>
   <div class='ocr_carea' id='block_1_85' title="bbox 2000 3911 3552 3986">
    <p class='ocr_par' dir='ltr' id='par_1_85' title="bbox 2000 3911 3552 3986">
     <span class='ocr_line' id='line_1_85' title="bbox 2000 3911 3552 3986; baseline -0.001 -17"><span class='ocrx_word' id='word_1_611' title='bbox 2000 3914 2086 3970; x_wconf 89' lang='lat' dir='ltr'><strong>Sic</strong></span> <span class='ocrx_word' id='word_1_612' title='bbox 2123 3916 2308 3979; x_wconf 76' lang='lat' dir='ltr'><strong>veniet,</strong></span> <span class='ocrx_word' id='word_1_613' title='bbox 2344 3912 2783 3986; x_wconf 83' lang='lat' dir='ltr'><strong>quemadmodum</strong></span> <span class='ocrx_word' id='word_1_614' title='bbox 2825 3911 3027 3966; x_wconf 85' lang='lat' dir='ltr'><strong>vidistis</strong></span> <span class='ocrx_word' id='word_1_615' title='bbox 3061 3929 3178 3966; x_wconf 84' lang='lat' dir='ltr'><strong>eum</strong></span> <span class='ocrx_word' id='word_1_616' title='bbox 3214 3923 3415 3967; x_wconf 82' lang='lat' dir='ltr'><strong>euntem</strong></span> <span class='ocrx_word' id='word_1_617' title='bbox 3458 3915 3552 3968; x_wconf 53' lang='lat' dir='ltr'><strong>iur</strong></span> 
     </span>
    </p>
   </div>
   <div class='ocr_carea' id='block_1_86' title="bbox 1930 4000 3515 4071">
    <p class='ocr_par' dir='ltr' id='par_1_86' title="bbox 1930 4000 3515 4071">
     <span class='ocr_line' id='line_1_86' title="bbox 1930 4000 3515 4071; baseline -0.001 -10"><span class='ocrx_word' id='word_1_618' title='bbox 1930 4005 2134 4061; x_wconf 69' lang='lat' dir='ltr'><strong>coelum.</strong></span> <span class='ocrx_word' id='word_1_619' title='bbox 2175 4005 2233 4061; x_wconf 91' lang='lat' dir='ltr'><strong>ld</strong></span> <span class='ocrx_word' id='word_1_620' title='bbox 2271 4013 2376 4070; x_wconf 86' lang='lat' dir='ltr'><strong>est,</strong></span> <span class='ocrx_word' id='word_1_621' title='bbox 2409 4005 2463 4059; x_wconf 92' lang='lat' dir='ltr'><strong>in</strong></span> <span class='ocrx_word' id='word_1_622' title='bbox 2505 4003 2696 4059; x_wconf 87' lang='lat' dir='ltr'><strong>eadem</strong></span> <span class='ocrx_word' id='word_1_623' title='bbox 2741 4000 2916 4056; x_wconf 81' lang='lat' dir='ltr'><strong>forma</strong></span> <span class='ocrx_word' id='word_1_624' title='bbox 2956 4002 3140 4058; x_wconf 84' lang='lat' dir='ltr'><strong>carnis</strong></span> <span class='ocrx_word' id='word_1_625' title='bbox 3176 4012 3344 4071; x_wconf 87' lang='lat' dir='ltr'><strong>atque</strong></span> <span class='ocrx_word' id='word_1_626' title='bbox 3385 4004 3515 4059; x_wconf 74' lang='lat' dir='ltr'><strong>sub-</strong></span> 
     </span>
    </p>
   </div>
   <div class='ocr_carea' id='block_1_87' title="bbox 1928 4090 3514 4164">
    <p class='ocr_par' dir='ltr' id='par_1_87' title="bbox 1928 4090 3514 4164">
     <span class='ocr_line' id='line_1_87' title="bbox 1928 4090 3514 4164; baseline -0.003 -15"><span class='ocrx_word' id='word_1_627' title='bbox 1928 4096 2129 4150; x_wconf 84' lang='lat' dir='ltr'><strong>stantia</strong></span> <span class='ocrx_word' id='word_1_628' title='bbox 2159 4094 2339 4149; x_wconf 86' lang='lat' dir='ltr'><strong>veniet</strong></span> <span class='ocrx_word' id='word_1_629' title='bbox 2358 4094 2716 4164; x_wconf 70' lang='lat' dir='ltr'><strong>iudicaturus,</strong></span> <span class='ocrx_word' id='word_1_630' title='bbox 2760 4093 2814 4146; x_wconf 90' lang='lat' dir='ltr'><strong>in</strong></span> <span class='ocrx_word' id='word_1_631' title='bbox 2857 4107 2961 4160; x_wconf 89' lang='lat' dir='ltr'><strong>qua</strong></span> <span class='ocrx_word' id='word_1_632' title='bbox 3003 4097 3229 4146; x_wconf 85' lang='lat' dir='ltr'><strong>venerat</strong></span> <span class='ocrx_word' id='word_1_633' title='bbox 3262 4090 3514 4161; x_wconf 79' lang='lat' dir='ltr'><strong>judican—</strong></span> 
     </span>
    </p>
   </div>
   <div class='ocr_carea' id='block_1_88' title="bbox 1930 4185 3512 4256">
    <p class='ocr_par' dir='ltr' id='par_1_88' title="bbox 1930 4185 3512 4256">
     <span class='ocr_line' id='line_1_88' title="bbox 1930 4185 3512 4256; baseline -0.002 -13"><span class='ocrx_word' id='word_1_634' title='bbox 1930 4188 2063 4253; x_wconf 85' lang='lat' dir='ltr'><strong>dus,</strong></span> <span class='ocrx_word' id='word_1_635' title='bbox 2109 4187 2197 4243; x_wconf 91' lang='lat' dir='ltr'><strong>cui</strong></span> <span class='ocrx_word' id='word_1_636' title='bbox 2247 4185 2999 4256; x_wconf 77' lang='lat' dir='ltr'><strong>profectoimmortalitatem</strong></span> <span class='ocrx_word' id='word_1_637' title='bbox 3046 4185 3213 4251; x_wconf 90' lang='lat' dir='ltr'><strong>dedit,</strong></span> <span class='ocrx_word' id='word_1_638' title='bbox 3263 4195 3512 4241; x_wconf 86' lang='lat' dir='ltr'><strong>naturam</strong></span> 
     </span>
    </p>
   </div>
   <div class='ocr_carea' id='block_1_89' title="bbox 1932 4274 3515 4348">
    <p class='ocr_par' dir='ltr' id='par_1_89' title="bbox 1932 4274 3515 4348">
     <span class='ocr_line' id='line_1_89' title="bbox 1932 4274 3515 4348; baseline 0.001 -17"><span class='ocrx_word' id='word_1_639' title='bbox 1932 4293 2039 4332; x_wconf 90' lang='lat' dir='ltr'><strong>non</strong></span> <span class='ocrx_word' id='word_1_640' title='bbox 2079 4275 2321 4339; x_wconf 90' lang='lat' dir='ltr'><strong>abstulit,</strong></span> <span class='ocrx_word' id='word_1_641' title='bbox 2362 4274 2517 4343; x_wconf 82' lang='lat' dir='ltr'><strong>cujus</strong></span> <span class='ocrx_word' id='word_1_642' title='bbox 2551 4276 2716 4330; x_wconf 89' lang='lat' dir='ltr'><strong>etiam</strong></span> <span class='ocrx_word' id='word_1_643' title='bbox 2757 4274 2925 4344; x_wconf 80' lang='lat' dir='ltr'><strong>gloria</strong></span> <span class='ocrx_word' id='word_1_644' title='bbox 2957 4275 3162 4341; x_wconf 81' lang='lat' dir='ltr'><strong>divina,</strong></span> <span class='ocrx_word' id='word_1_645' title='bbox 3190 4293 3310 4346; x_wconf 71' lang='lat' dir='ltr'><strong>qua:</strong></span> <span class='ocrx_word' id='word_1_646' title='bbox 3343 4292 3515 4348; x_wconf 89' lang='lat' dir='ltr'><strong>quon-</strong></span> 
     </span>
    </p>
   </div>
   <div class='ocr_carea' id='block_1_90' title="bbox 1931 4363 3526 4438">
    <p class='ocr_par' dir='ltr' id='par_1_90' title="bbox 1931 4363 3526 4438">
     <span class='ocr_line' id='line_1_90' title="bbox 1931 4363 3526 4438; baseline 0.003 -19"><span class='ocrx_word' id='word_1_647' title='bbox 1931 4366 2057 4419; x_wconf 87' lang='lat' dir='ltr'><strong>dam</strong></span> <span class='ocrx_word' id='word_1_648' title='bbox 2098 4364 2151 4418; x_wconf 91' lang='lat' dir='ltr'><strong>in</strong></span> <span class='ocrx_word' id='word_1_649' title='bbox 2196 4372 2379 4419; x_wconf 89' lang='lat' dir='ltr'><strong>monte</strong></span> <span class='ocrx_word' id='word_1_650' title='bbox 2425 4363 2599 4419; x_wconf 87' lang='lat' dir='ltr'><strong>tribus</strong></span> <span class='ocrx_word' id='word_1_651' title='bbox 2647 4365 2923 4434; x_wconf 88' lang='lat' dir='ltr'><strong>discipulis</strong></span> <span class='ocrx_word' id='word_1_652' title='bbox 2964 4367 3237 4436; x_wconf 85' lang='lat' dir='ltr'><strong>apparuit,</strong></span> <span class='ocrx_word' id='word_1_653' title='bbox 3292 4378 3526 4438; x_wconf 75' lang='lat' dir='ltr'><strong>peracto</strong></span> 
     </span>
    </p>
   </div>
   <div class='ocr_carea' id='block_1_91' title="bbox 1925 4453 3523 4528">
    <p class='ocr_par' dir='ltr' id='par_1_91' title="bbox 1925 4453 3523 4528">
     <span class='ocr_line' id='line_1_91' title="bbox 1925 4453 3523 4528; baseline 0.005 -21"><span class='ocrx_word' id='word_1_654' title='bbox 1925 4453 2131 4521; x_wconf 89' lang='lat' dir='ltr'><strong>judicio</strong></span> <span class='ocrx_word' id='word_1_655' title='bbox 2160 4454 2229 4509; x_wconf 88' lang='lat' dir='ltr'><strong>ab</strong></span> <span class='ocrx_word' id='word_1_656' title='bbox 2265 4455 2519 4509; x_wconf 87' lang='lat' dir='ltr'><strong>omnibus</strong></span> <span class='ocrx_word' id='word_1_657' title='bbox 2556 4455 2759 4509; x_wconf 88' lang='lat' dir='ltr'><strong>sanctis</strong></span> <span class='ocrx_word' id='word_1_658' title='bbox 2781 4454 3069 4523; x_wconf 89' lang='lat' dir='ltr'><strong>videbitur,</strong></span> <span class='ocrx_word' id='word_1_659' title='bbox 3103 4460 3319 4528; x_wconf 89' lang='lat' dir='ltr'><strong>quando</strong></span> <span class='ocrx_word' id='word_1_660' title='bbox 3356 4460 3523 4516; x_wconf 44' lang='lat' dir='ltr'><strong>tolleo</strong></span> 
     </span>
    </p>
   </div>
   <div class='ocr_carea' id='block_1_92' title="bbox 254 4530 3005 4625">
    <p class='ocr_par' dir='ltr' id='par_1_92' title="bbox 254 4530 3005 4625">
     <span class='ocr_line' id='line_1_92' title="bbox 254 4530 3005 4625; baseline -0.001 -17"><span class='ocrx_word' id='word_1_661' title='bbox 254 4530 329 4608; x_wconf 66' lang='lat' dir='ltr'><strong>Tu</strong></span> <span class='ocrx_word' id='word_1_662' title='bbox 371 4531 486 4609; x_wconf 67' lang='lat' dir='ltr'><strong>vero</strong></span> <span class='ocrx_word' id='word_1_663' title='bbox 532 4530 771 4625; x_wconf 74' lang='lat' dir='ltr'><strong>repuliin</strong></span> <span class='ocrx_word' id='word_1_664' title='bbox 795 4530 863 4608; x_wconf 31' lang='lat' dir='ltr'><strong>vet</strong></span> <span class='ocrx_word' id='word_1_665' title='bbox 896 4530 1143 4622; x_wconf 65' lang='lat' dir='ltr'><strong>sprevisti</strong></span> <span class='ocrx_word' id='word_1_666' title='bbox 1178 4530 1227 4606; x_wconf 86' lang='lat' dir='ltr'><strong>et</strong></span> <span class='ocrx_word' id='word_1_667' title='bbox 1269 4550 1520 4606; x_wconf 80' lang='lat' dir='ltr'><strong>distulisti</strong></span> <span class='ocrx_word' id='word_1_668' title='bbox 1564 4550 1829 4605; x_wconf 82' lang='lat' dir='ltr'><strong>Christum</strong></span> <span class='ocrx_word' id='word_1_669' title='bbox 1858 4530 1906 4589; x_wconf 82' lang='grc' dir='ltr'><strong>Ῑ)</strong></span> <span class='ocrx_word' id='word_1_670' title='bbox 1935 4557 2021 4601; x_wconf 87' lang='lat' dir='ltr'><strong>tur</strong></span> <span class='ocrx_word' id='word_1_671' title='bbox 2054 4547 2271 4618; x_wconf 86' lang='lat' dir='ltr'><strong>impius,</strong></span> <span class='ocrx_word' id='word_1_672' title='bbox 2300 4563 2369 4602; x_wconf 90' lang='lat' dir='ltr'><strong>ne</strong></span> <span class='ocrx_word' id='word_1_673' title='bbox 2398 4547 2579 4602; x_wconf 89' lang='lat' dir='ltr'><strong>videat</strong></span> <span class='ocrx_word' id='word_1_674' title='bbox 2602 4547 2828 4617; x_wconf 87' lang='lat' dir='ltr'><strong>gloriam</strong></span> <span class='ocrx_word' id='word_1_675' title='bbox 2857 4547 3005 4606; x_wconf 84' lang='lat' dir='ltr'><strong>Dei..</strong></span> 
     </span>
    </p>
   </div>
   <div class='ocr_carea' id='block_1_93' title="bbox 252 4642 1829 4719">
    <p class='ocr_par' dir='ltr' id='par_1_93' title="bbox 252 4642 1829 4719">
     <span class='ocr_line' id='line_1_93' title="bbox 252 4642 1829 4719; baseline -0.003 -20"><span class='ocrx_word' id='word_1_676' title='bbox 252 4658 401 4701; x_wconf 80' lang='lat' dir='ltr'><strong>tuum</strong></span> <span class='ocrx_word' id='word_1_677' title='bbox 425 4646 593 4719; x_wconf 88' lang='lat' dir='ltr'><strong>(Psal.</strong></span> <span class='ocrx_word' id='word_1_678' title='bbox 619 4647 905 4717; x_wconf 70' lang='lat' dir='ltr'><strong>cxxxvm).</strong></span> <span class='ocrx_word' id='word_1_679' title='bbox 944 4644 1162 4715; x_wconf 81' lang='lat' dir='ltr'><strong>Repulit</strong></span> <span class='ocrx_word' id='word_1_680' title='bbox 1178 4644 1344 4707; x_wconf 90' lang='lat' dir='ltr'><strong>enim,</strong></span> <span class='ocrx_word' id='word_1_681' title='bbox 1368 4650 1425 4698; x_wconf 92' lang='lat' dir='ltr'><strong>et</strong></span> <span class='ocrx_word' id='word_1_682' title='bbox 1443 4642 1829 4712; x_wconf 88' lang='lat' dir='ltr'><strong>sprevitlilium</strong></span> 
     </span>
    </p>
   </div>
   <div class='ocr_carea' id='block_1_94' title="bbox 255 4732 1857 4806">
    <p class='ocr_par' dir='ltr' id='par_1_94' title="bbox 255 4732 1857 4806">
     <span class='ocr_line' id='line_1_94' title="bbox 255 4732 1857 4806; baseline -0.003 -17"><span class='ocrx_word' id='word_1_683' title='bbox 255 4746 431 4805; x_wconf 82' lang='lat' dir='ltr'><strong>pater,</strong></span> <span class='ocrx_word' id='word_1_684' title='bbox 456 4738 670 4806; x_wconf 83' lang='lat' dir='ltr'><strong>quando</strong></span> <span class='ocrx_word' id='word_1_685' title='bbox 692 4751 817 4791; x_wconf 90' lang='lat' dir='ltr'><strong>cum</strong></span> <span class='ocrx_word' id='word_1_686' title='bbox 848 4737 901 4790; x_wconf 87' lang='lat' dir='ltr'><strong>in</strong></span> <span class='ocrx_word' id='word_1_687' title='bbox 936 4735 1186 4805; x_wconf 85' lang='lat' dir='ltr'><strong>passione</strong></span> <span class='ocrx_word' id='word_1_688' title='bbox 1213 4732 1454 4789; x_wconf 87' lang='lat' dir='ltr'><strong>deseruit</strong></span> <span class='ocrx_word' id='word_1_689' title='bbox 1481 4733 1789 4802; x_wconf 88' lang='lat' dir='ltr'><strong>loquentem</strong></span> <span class='ocrx_word' id='word_1_690' title='bbox 1814 4748 1857 4786; x_wconf 73' lang='grc' dir='ltr'><strong>ε.</strong></span> 
     </span>
    </p>
   </div>
   <div class='ocr_carea' id='block_1_95' title="bbox 254 4820 1835 4897">
    <p class='ocr_par' dir='ltr' id='par_1_95' title="bbox 254 4820 1835 4897">
     <span class='ocr_line' id='line_1_95' title="bbox 254 4820 1835 4897; baseline -0.004 -17"><span class='ocrx_word' id='word_1_691' title='bbox 254 4826 421 4889; x_wconf 80' lang='lat' dir='ltr'><strong>Deus,</strong></span> <span class='ocrx_word' id='word_1_692' title='bbox 448 4825 587 4880; x_wconf 84' lang='lat' dir='ltr'><strong>Deus</strong></span> <span class='ocrx_word' id='word_1_693' title='bbox 615 4842 779 4890; x_wconf 79' lang='lat' dir='ltr'><strong>meus,</strong></span> <span class='ocrx_word' id='word_1_694' title='bbox 820 4842 982 4897; x_wconf 80' lang='lat' dir='ltr'><strong>quare</strong></span> <span class='ocrx_word' id='word_1_695' title='bbox 1011 4841 1093 4878; x_wconf 88' lang='lat' dir='ltr'><strong>me</strong></span> <span class='ocrx_word' id='word_1_696' title='bbox 1124 4822 1450 4895; x_wconf 72' lang='lat' dir='ltr'><strong>dereliquisti</strong></span> <span class='ocrx_word' id='word_1_697' title='bbox 1498 4821 1669 4894; x_wconf 83' lang='lat' dir='ltr'><strong>(Psal.</strong></span> <span class='ocrx_word' id='word_1_698' title='bbox 1694 4820 1835 4891; x_wconf 67' lang='lat' dir='ltr'><strong>ssi)?</strong></span> 
     </span>
    </p>
   </div>
   <div class='ocr_carea' id='block_1_96' title="bbox 260 4913 1835 4986">
    <p class='ocr_par' dir='ltr' id='par_1_96' title="bbox 260 4913 1835 4986">
     <span class='ocr_line' id='line_1_96' title="bbox 260 4913 1835 4986; baseline -0.001 -16"><span class='ocrx_word' id='word_1_699' title='bbox 260 4917 474 4971; x_wconf 82' lang='lat' dir='ltr'><strong>Distulit</strong></span> <span class='ocrx_word' id='word_1_700' title='bbox 491 4928 691 4982; x_wconf 88' lang='lat' dir='ltr'><strong>autem,</strong></span> <span class='ocrx_word' id='word_1_701' title='bbox 718 4926 781 4971; x_wconf 90' lang='lat' dir='ltr'><strong>ut</strong></span> <span class='ocrx_word' id='word_1_702' title='bbox 809 4931 967 4986; x_wconf 90' lang='lat' dir='ltr'><strong>quem</strong></span> <span class='ocrx_word' id='word_1_703' title='bbox 991 4917 1160 4971; x_wconf 89' lang='lat' dir='ltr'><strong>sancti</strong></span> <span class='ocrx_word' id='word_1_704' title='bbox 1197 4915 1290 4971; x_wconf 90' lang='lat' dir='ltr'><strong>illo</strong></span> <span class='ocrx_word' id='word_1_705' title='bbox 1319 4924 1560 4985; x_wconf 87' lang='lat' dir='ltr'><strong>tempore</strong></span> <span class='ocrx_word' id='word_1_706' title='bbox 1587 4913 1835 4986; x_wconf 85' lang='lat' dir='ltr'><strong>regnatu-</strong></span> 
     </span>
    </p>
   </div>
   <div class='ocr_carea' id='block_1_97' title="bbox 260 5005 1835 5076">
    <p class='ocr_par' dir='ltr' id='par_1_97' title="bbox 260 5005 1835 5076">
     <span class='ocr_line' id='line_1_97' title="bbox 260 5005 1835 5076; baseline 0.001 -18"><span class='ocrx_word' id='word_1_707' title='bbox 260 5022 378 5059; x_wconf 83' lang='lat' dir='ltr'><strong>rum</strong></span> <span class='ocrx_word' id='word_1_708' title='bbox 400 5008 681 5074; x_wconf 75' lang='lat' dir='ltr'><strong>putabant,</strong></span> <span class='ocrx_word' id='word_1_709' title='bbox 709 5014 1023 5076; x_wconf 78' lang='lat' dir='ltr'><strong>exspectent</strong></span> <span class='ocrx_word' id='word_1_710' title='bbox 1046 5006 1099 5061; x_wconf 91' lang='lat' dir='ltr'><strong>in</strong></span> <span class='ocrx_word' id='word_1_711' title='bbox 1125 5007 1212 5061; x_wconf 91' lang='lat' dir='ltr'><strong>die</strong></span> <span class='ocrx_word' id='word_1_712' title='bbox 1231 5005 1420 5075; x_wconf 88' lang='lat' dir='ltr'><strong>judicii</strong></span> <span class='ocrx_word' id='word_1_713' title='bbox 1443 5007 1497 5062; x_wconf 91' lang='lat' dir='ltr'><strong>in</strong></span> <span class='ocrx_word' id='word_1_714' title='bbox 1527 5022 1624 5062; x_wconf 90' lang='lat' dir='ltr'><strong>sua</strong></span> <span class='ocrx_word' id='word_1_715' title='bbox 1666 5005 1835 5076; x_wconf 83' lang='lat' dir='ltr'><strong>maje-</strong></span> 
     </span>
    </p>
   </div>
   <div class='ocr_carea' id='block_1_98' title="bbox 258 5096 1836 5168">
    <p class='ocr_par' dir='ltr' id='par_1_98' title="bbox 258 5096 1836 5168">
     <span class='ocr_line' id='line_1_98' title="bbox 258 5096 1836 5168; baseline 0.001 -19"><span class='ocrx_word' id='word_1_716' title='bbox 258 5103 401 5150; x_wconf 84' lang='lat' dir='ltr'><strong>state</strong></span> <span class='ocrx_word' id='word_1_717' title='bbox 428 5106 733 5153; x_wconf 83' lang='lat' dir='ltr'><strong>vcutnrum.</strong></span> <span class='ocrx_word' id='word_1_718' title='bbox 783 5096 935 5153; x_wconf 88' lang='lat' dir='ltr'><strong>Unde</strong></span> <span class='ocrx_word' id='word_1_719' title='bbox 956 5103 1012 5151; x_wconf 90' lang='lat' dir='ltr'><strong>et</strong></span> <span class='ocrx_word' id='word_1_720' title='bbox 1044 5097 1157 5166; x_wconf 90' lang='lat' dir='ltr'><strong>ipse</strong></span> <span class='ocrx_word' id='word_1_721' title='bbox 1187 5096 1448 5152; x_wconf 86' lang='lat' dir='ltr'><strong>Dominus</strong></span> <span class='ocrx_word' id='word_1_722' title='bbox 1487 5105 1544 5153; x_wconf 88' lang='lat' dir='ltr'><strong>et</strong></span> <span class='ocrx_word' id='word_1_723' title='bbox 1583 5098 1836 5168; x_wconf 82' lang='lat' dir='ltr'><strong>spiritua—</strong></span> 
     </span>
    </p>
   </div>
   <div class='ocr_carea' id='block_1_99' title="bbox 260 5184 1838 5259">
    <p class='ocr_par' dir='ltr' id='par_1_99' title="bbox 260 5184 1838 5259">
     <span class='ocr_line' id='line_1_99' title="bbox 260 5184 1838 5259; baseline 0.004 -21"><span class='ocrx_word' id='word_1_724' title='bbox 260 5184 368 5239; x_wconf 87' lang='lat' dir='ltr'><strong>lem</strong></span> <span class='ocrx_word' id='word_1_725' title='bbox 394 5186 572 5253; x_wconf 88' lang='lat' dir='ltr'><strong>Israel,</strong></span> <span class='ocrx_word' id='word_1_726' title='bbox 598 5199 653 5243; x_wconf 91' lang='lat' dir='ltr'><strong>et</strong></span> <span class='ocrx_word' id='word_1_727' title='bbox 682 5203 906 5259; x_wconf 85' lang='lat' dir='ltr'><strong>regnum</strong></span> <span class='ocrx_word' id='word_1_728' title='bbox 926 5187 1144 5244; x_wconf 72' lang='lat' dir='ltr'><strong>cmleste</strong></span> <span class='ocrx_word' id='word_1_729' title='bbox 1175 5202 1208 5243; x_wconf 89' lang='lat' dir='ltr'><strong>a</strong></span> <span class='ocrx_word' id='word_1_730' title='bbox 1231 5189 1508 5259; x_wconf 89' lang='lat' dir='ltr'><strong>prophetis</strong></span> <span class='ocrx_word' id='word_1_731' title='bbox 1533 5187 1698 5245; x_wconf 83' lang='lat' dir='ltr'><strong>fuisse</strong></span> <span class='ocrx_word' id='word_1_732' title='bbox 1720 5205 1838 5259; x_wconf 82' lang='lat' dir='ltr'><strong>pro-</strong></span> 
     </span>
    </p>
   </div>
   <div class='ocr_carea' id='block_1_100' title="bbox 262 5279 939 5337">
    <p class='ocr_par' dir='ltr' id='par_1_100' title="bbox 262 5279 939 5337">
     <span class='ocr_line' id='line_1_100' title="bbox 262 5279 939 5337; baseline 0.003 -5"><span class='ocrx_word' id='word_1_733' title='bbox 262 5279 483 5334; x_wconf 84' lang='lat' dir='ltr'><strong>missum</strong></span> <span class='ocrx_word' id='word_1_734' title='bbox 509 5282 791 5337; x_wconf 87' lang='lat' dir='ltr'><strong>insinuans</strong></span> <span class='ocrx_word' id='word_1_735' title='bbox 816 5281 895 5335; x_wconf 88' lang='lat' dir='ltr'><strong>ait</strong></span> <span class='ocrx_word' id='word_1_736' title='bbox 925 5299 939 5334; x_wconf 90' lang='lat'><strong>:</strong></span> 
     </span>
    </p>
   </div>
   <div class='ocr_carea' id='block_1_101' title="bbox 340 5367 1834 5442">
    <p class='ocr_par' dir='ltr' id='par_1_101' title="bbox 340 5367 1834 5442">
     <span class='ocr_line' id='line_1_101' title="bbox 340 5367 1834 5442; baseline 0.003 -21"><span class='ocrx_word' id='word_1_737' title='bbox 340 5367 457 5424; x_wconf 76' lang='lat' dir='ltr'><strong>Non</strong></span> <span class='ocrx_word' id='word_1_738' title='bbox 479 5381 553 5426; x_wconf 80' lang='lat' dir='ltr'><strong>est</strong></span> <span class='ocrx_word' id='word_1_739' title='bbox 577 5382 801 5425; x_wconf 75' lang='lat' dir='ltr'><strong>uestrum</strong></span> <span class='ocrx_word' id='word_1_740' title='bbox 824 5387 972 5425; x_wconf 85' lang='lat' dir='ltr'><strong>nosse</strong></span> <span class='ocrx_word' id='word_1_741' title='bbox 1006 5380 1237 5442; x_wconf 85' lang='lat' dir='ltr'><strong>tempora</strong></span> <span class='ocrx_word' id='word_1_742' title='bbox 1269 5370 1348 5425; x_wconf 79' lang='lat' dir='ltr'><strong>vel</strong></span> <span class='ocrx_word' id='word_1_743' title='bbox 1392 5380 1675 5436; x_wconf 85' lang='lat' dir='ltr'><strong>momenta,</strong></span> <span class='ocrx_word' id='word_1_744' title='bbox 1715 5388 1834 5442; x_wconf 77' lang='lat' dir='ltr'><strong>qum</strong></span> 
     </span>
    </p>
   </div>
   <div class='ocr_carea' id='block_1_102' title="bbox 265 5455 1830 5533">
    <p class='ocr_par' dir='ltr' id='par_1_102' title="bbox 265 5455 1830 5533">
     <span class='ocr_line' id='line_1_102' title="bbox 265 5455 1830 5533; baseline 0.005 -24"><span class='ocrx_word' id='word_1_745' title='bbox 265 5455 428 5513; x_wconf 80' lang='lat' dir='ltr'><strong>Pater</strong></span> <span class='ocrx_word' id='word_1_746' title='bbox 448 5462 616 5531; x_wconf 80' lang='lat' dir='ltr'><strong>posuit</strong></span> <span class='ocrx_word' id='word_1_747' title='bbox 641 5463 699 5516; x_wconf 79' lang='lat' dir='ltr'><strong>in</strong></span> <span class='ocrx_word' id='word_1_748' title='bbox 735 5478 833 5516; x_wconf 89' lang='lat' dir='ltr'><strong>sua</strong></span> <span class='ocrx_word' id='word_1_749' title='bbox 856 5470 1127 5531; x_wconf 89' lang='lat' dir='ltr'><strong>potestate.</strong></span> <span class='ocrx_word' id='word_1_750' title='bbox 1165 5461 1331 5526; x_wconf 86' lang='lat' dir='ltr'><strong>Illius,</strong></span> <span class='ocrx_word' id='word_1_751' title='bbox 1370 5462 1639 5531; x_wconf 88' lang='lat' dir='ltr'><strong>inquiens,</strong></span> <span class='ocrx_word' id='word_1_752' title='bbox 1680 5464 1830 5533; x_wconf 81' lang='lat' dir='ltr'><strong>regni</strong></span> 
     </span>
    </p>
   </div>
   <div class='ocr_carea' id='block_1_103' title="bbox 268 5552 1834 5622">
    <p class='ocr_par' dir='ltr' id='par_1_103' title="bbox 268 5552 1834 5622">
     <span class='ocr_line' id='line_1_103' title="bbox 268 5552 1834 5622; baseline 0.004 -20"><span class='ocrx_word' id='word_1_753' title='bbox 268 5557 379 5604; x_wconf 82' lang='lat' dir='ltr'><strong>tam</strong></span> <span class='ocrx_word' id='word_1_754' title='bbox 426 5561 691 5608; x_wconf 87' lang='lat' dir='ltr'><strong>secretum</strong></span> <span class='ocrx_word' id='word_1_755' title='bbox 734 5561 945 5622; x_wconf 87' lang='lat' dir='ltr'><strong>tempus</strong></span> <span class='ocrx_word' id='word_1_756' title='bbox 992 5561 1095 5617; x_wconf 86' lang='lat' dir='ltr'><strong>est,</strong></span> <span class='ocrx_word' id='word_1_757' title='bbox 1137 5562 1197 5607; x_wconf 92' lang='lat' dir='ltr'><strong>ut</strong></span> <span class='ocrx_word' id='word_1_758' title='bbox 1234 5552 1414 5607; x_wconf 85' lang='lat' dir='ltr'><strong>Patris</strong></span> <span class='ocrx_word' id='word_1_759' title='bbox 1462 5555 1834 5609; x_wconf 83' lang='lat' dir='ltr'><strong>tantummodo</strong></span> 
     </span>
    </p>
   </div>
   <div class='ocr_carea' id='block_1_104' title="bbox 265 5640 1831 5713">
    <p class='ocr_par' dir='ltr' id='par_1_104' title="bbox 265 5640 1831 5713">
     <span class='ocr_line' id='line_1_104' title="bbox 265 5640 1831 5713; baseline 0.002 -20"><span class='ocrx_word' id='word_1_760' title='bbox 265 5640 498 5698; x_wconf 67' lang='lat' dir='ltr'><strong>scientia:</strong></span> <span class='ocrx_word' id='word_1_761' title='bbox 534 5653 739 5713; x_wconf 82' lang='lat' dir='ltr'><strong>pateat,</strong></span> <span class='ocrx_word' id='word_1_762' title='bbox 781 5653 834 5696; x_wconf 87' lang='lat' dir='ltr'><strong>et</strong></span> <span class='ocrx_word' id='word_1_763' title='bbox 883 5644 1098 5711; x_wconf 86' lang='lat' dir='ltr'><strong>quando</strong></span> <span class='ocrx_word' id='word_1_764' title='bbox 1129 5643 1295 5697; x_wconf 80' lang='lat' dir='ltr'><strong>dicit:</strong></span> <span class='ocrx_word' id='word_1_765' title='bbox 1328 5643 1449 5695; x_wconf 83' lang='lat' dir='ltr'><strong>Non</strong></span> <span class='ocrx_word' id='word_1_766' title='bbox 1496 5653 1569 5696; x_wconf 87' lang='lat' dir='ltr'><strong>est</strong></span> <span class='ocrx_word' id='word_1_767' title='bbox 1605 5653 1831 5697; x_wconf 78' lang='lat' dir='ltr'><strong>vestrum</strong></span> 
     </span>
    </p>
   </div>
   <div class='ocr_carea' id='block_1_105' title="bbox 266 5732 1829 5806">
    <p class='ocr_par' dir='ltr' id='par_1_105' title="bbox 266 5732 1829 5806">
     <span class='ocr_line' id='line_1_105' title="bbox 266 5732 1829 5806; baseline 0.004 -23"><span class='ocrx_word' id='word_1_768' title='bbox 266 5732 415 5796; x_wconf 80' lang='lat' dir='ltr'><strong>scire,</strong></span> <span class='ocrx_word' id='word_1_769' title='bbox 444 5737 676 5792; x_wconf 79' lang='lat' dir='ltr'><strong>ostendit</strong></span> <span class='ocrx_word' id='word_1_770' title='bbox 703 5737 843 5805; x_wconf 67' lang='lat' dir='ltr'><strong>qun-2</strong></span> <span class='ocrx_word' id='word_1_771' title='bbox 867 5743 920 5789; x_wconf 86' lang='lat' dir='ltr'><strong>ct</strong></span> <span class='ocrx_word' id='word_1_772' title='bbox 951 5735 1061 5806; x_wconf 84' lang='lat' dir='ltr'><strong>ipse</strong></span> <span class='ocrx_word' id='word_1_773' title='bbox 1103 5735 1258 5799; x_wconf 67' lang='lat' dir='ltr'><strong>sciat,</strong></span> <span class='ocrx_word' id='word_1_774' title='bbox 1298 5735 1447 5805; x_wconf 80' lang='lat' dir='ltr'><strong>cujus</strong></span> <span class='ocrx_word' id='word_1_775' title='bbox 1477 5736 1653 5790; x_wconf 80' lang='lat' dir='ltr'><strong>omnia</strong></span> <span class='ocrx_word' id='word_1_776' title='bbox 1686 5746 1829 5801; x_wconf 86' lang='lat' dir='ltr'><strong>sunt,</strong></span> 
     </span>
    </p>
   </div>
   <div class='ocr_carea' id='block_1_106' title="bbox 2234 4658 3215 4708">
    <p class='ocr_par' dir='ltr' id='par_1_106' title="bbox 2234 4658 3215 4708">
     <span class='ocr_line' id='line_1_106' title="bbox 2234 4658 3215 4708; baseline 0.003 -11"><span class='ocrx_word' id='word_1_777' title='bbox 2234 4658 2573 4697; x_wconf 69' lang='grc' dir='ltr'><strong>ενΑΝοεωωι</strong></span> <span class='ocrx_word' id='word_1_778' title='bbox 2614 4658 2798 4708; x_wconf 71' lang='grc' dir='ltr'><strong>ΙΙΑΒΕΙ,</strong></span> <span class='ocrx_word' id='word_1_779' title='bbox 2837 4658 2957 4698; x_wconf 70' lang='lat' dir='ltr'><strong>CAP.</strong></span> <span class='ocrx_word' id='word_1_780' title='bbox 2994 4661 3215 4703; x_wconf 72' lang='grc' dir='ltr'><strong>υιτιιιο.</strong></span> 
     </span>
    </p>
   </div>
   <div class='ocr_carea' id='block_1_107' title="bbox 2007 4733 3516 4809">
    <p class='ocr_par' dir='ltr' id='par_1_107' title="bbox 2007 4733 3516 4809">
     <span class='ocr_line' id='line_1_107' title="bbox 2007 4733 3516 4809; baseline 0.006 -22"><span class='ocrx_word' id='word_1_781' title='bbox 2007 4755 2024 4787; x_wconf 73' lang='grc' dir='ltr'>ι</span> <span class='ocrx_word' id='word_1_782' title='bbox 2050 4733 2509 4790; x_wconf 79' lang='lat' dir='ltr'><strong>Recumbentihus</strong></span> <span class='ocrx_word' id='word_1_783' title='bbox 2533 4734 2782 4788; x_wconf 86' lang='lat' dir='ltr'><strong>undecim</strong></span> <span class='ocrx_word' id='word_1_784' title='bbox 2809 4734 3109 4806; x_wconf 87' lang='lat' dir='ltr'><strong>discipulis,</strong></span> <span class='ocrx_word' id='word_1_785' title='bbox 3139 4740 3516 4809; x_wconf 79' lang='lat' dir='ltr'><strong>apparuitillis</strong></span> 
     </span>
    </p>
   </div>
   <div class='ocr_carea' id='block_1_108' title="bbox 1942 4824 3527 4895">
    <p class='ocr_par' dir='ltr' id='par_1_108' title="bbox 1942 4824 3527 4895">
     <span class='ocr_line' id='line_1_108' title="bbox 1942 4824 3527 4895; baseline 0.006 -16"><span class='ocrx_word' id='word_1_786' title='bbox 1942 4848 1959 4879; x_wconf 74' lang='grc' dir='ltr'><strong><em>ι</em></strong></span> <span class='ocrx_word' id='word_1_787' title='bbox 2003 4825 2179 4889; x_wconf 86' lang='lat' dir='ltr'><strong>Jesus,</strong></span> <span class='ocrx_word' id='word_1_788' title='bbox 2218 4833 2273 4879; x_wconf 91' lang='lat' dir='ltr'><strong>et</strong></span> <span class='ocrx_word' id='word_1_789' title='bbox 2311 4824 2658 4895; x_wconf 73' lang='lat' dir='ltr'><strong>exprobravit</strong></span> <span class='ocrx_word' id='word_1_790' title='bbox 2701 4824 2808 4880; x_wconf 91' lang='lat' dir='ltr'><strong>illis</strong></span> <span class='ocrx_word' id='word_1_791' title='bbox 2842 4826 3270 4885; x_wconf 86' lang='lat' dir='ltr'><strong>incredulitatem</strong></span> <span class='ocrx_word' id='word_1_792' title='bbox 3301 4831 3527 4889; x_wconf 75' lang='lat' dir='ltr'><strong>illorunr</strong></span> 
     </span>
    </p>
   </div>
   <div class='ocr_carea' id='block_1_109' title="bbox 1940 4914 3514 4988">
    <p class='ocr_par' dir='ltr' id='par_1_109' title="bbox 1940 4914 3514 4988">
     <span class='ocr_line' id='line_1_109' title="bbox 1940 4914 3514 4988; baseline 0.006 -18"><span class='ocrx_word' id='word_1_793' title='bbox 1940 4937 1959 4970; x_wconf 77' lang='grc' dir='ltr'>ι</span> <span class='ocrx_word' id='word_1_794' title='bbox 2004 4927 2062 4973; x_wconf 88' lang='lat' dir='ltr'><strong>et</strong></span> <span class='ocrx_word' id='word_1_795' title='bbox 2106 4917 2363 4973; x_wconf 89' lang='lat' dir='ltr'><strong>duritiam</strong></span> <span class='ocrx_word' id='word_1_796' title='bbox 2413 4916 2625 4981; x_wconf 90' lang='lat' dir='ltr'><strong>cordis,</strong></span> <span class='ocrx_word' id='word_1_797' title='bbox 2667 4917 2792 4985; x_wconf 86' lang='lat' dir='ltr'><strong>quia</strong></span> <span class='ocrx_word' id='word_1_798' title='bbox 2834 4917 2918 4972; x_wconf 88' lang='lat' dir='ltr'><strong>his</strong></span> <span class='ocrx_word' id='word_1_799' title='bbox 2959 4914 3347 4988; x_wconf 44' lang='lat' dir='ltr'><strong>qui‘viderant</strong></span> <span class='ocrx_word' id='word_1_800' title='bbox 3390 4939 3514 4979; x_wconf 89' lang='lat' dir='ltr'><strong>eum</strong></span> 
     </span>
    </p>
   </div>
   <div class='ocr_carea' id='block_1_110' title="bbox 1947 5006 3612 5071">
    <p class='ocr_par' dir='ltr' id='par_1_110' title="bbox 1947 5006 3612 5071">
     <span class='ocr_line' id='line_1_110' title="bbox 1947 5006 3612 5071; baseline 0.007 -12"><span class='ocrx_word' id='word_1_801' title='bbox 1947 5029 1963 5059; x_wconf 74' lang='grc' dir='ltr'>ι</span> <span class='ocrx_word' id='word_1_802' title='bbox 2012 5008 2374 5064; x_wconf 80' lang='lat' dir='ltr'><strong>resurrexisse</strong></span> <span class='ocrx_word' id='word_1_803' title='bbox 2403 5023 2507 5061; x_wconf 92' lang='lat' dir='ltr'><strong>non</strong></span> <span class='ocrx_word' id='word_1_804' title='bbox 2537 5006 2902 5063; x_wconf 89' lang='lat' dir='ltr'><strong>crediderunt.</strong></span> <span class='ocrx_word' id='word_1_805' title='bbox 2928 5008 2994 5062; x_wconf 81' lang='lat' dir='ltr'><strong>Et</strong></span> <span class='ocrx_word' id='word_1_806' title='bbox 3016 5009 3151 5065; x_wconf 79' lang='lat' dir='ltr'><strong>dixit</strong></span> <span class='ocrx_word' id='word_1_807' title='bbox 3175 5012 3255 5067; x_wconf 91' lang='lat' dir='ltr'><strong>cis</strong></span> <span class='ocrx_word' id='word_1_808' title='bbox 3277 5028 3292 5066; x_wconf 89' lang='lat'><strong>:</strong></span> <span class='ocrx_word' id='word_1_809' title='bbox 3316 5013 3524 5071; x_wconf 79' lang='lat' dir='ltr'><strong>Euntcs</strong></span> <span class='ocrx_word' id='word_1_810' title='bbox 3608 5021 3612 5025; x_wconf 57' lang='lat'><em>‘</em></span> 
     </span>
    </p>
   </div>
   <div class='ocr_carea' id='block_1_111' title="bbox 1948 5100 3516 5178">
    <p class='ocr_par' dir='ltr' id='par_1_111' title="bbox 1948 5100 3516 5178">
     <span class='ocr_line' id='line_1_111' title="bbox 1948 5100 3516 5178; baseline 0.006 -25"><span class='ocrx_word' id='word_1_811' title='bbox 1948 5121 1966 5153; x_wconf 75' lang='grc' dir='ltr'><em>ι</em></span> <span class='ocrx_word' id='word_1_812' title='bbox 2013 5103 2068 5156; x_wconf 90' lang='lat' dir='ltr'><strong>in</strong></span> <span class='ocrx_word' id='word_1_813' title='bbox 2118 5100 2375 5155; x_wconf 90' lang='lat' dir='ltr'><strong>mundum</strong></span> <span class='ocrx_word' id='word_1_814' title='bbox 2449 5103 2761 5154; x_wconf 87' lang='lat' dir='ltr'><strong>universum</strong></span> <span class='ocrx_word' id='word_1_815' title='bbox 2816 5102 3105 5170; x_wconf 71' lang='lat' dir='ltr'><strong>prmdicate</strong></span> <span class='ocrx_word' id='word_1_816' title='bbox 3169 5105 3516 5178; x_wconf 77' lang='lat' dir='ltr'><strong>Erangclinm</strong></span> 
     </span>
    </p>
   </div>
   <div class='ocr_carea' id='block_1_112' title="bbox 1949 5187 3513 5264">
    <p class='ocr_par' dir='ltr' id='par_1_112' title="bbox 1949 5187 3513 5264">
     <span class='ocr_line' id='line_1_112' title="bbox 1949 5187 3513 5264; baseline 0.004 -21"><span class='ocrx_word' id='word_1_817' title='bbox 1949 5211 1966 5242; x_wconf 74' lang='grc' dir='ltr'>ι</span> <span class='ocrx_word' id='word_1_818' title='bbox 2012 5190 2157 5245; x_wconf 90' lang='lat' dir='ltr'><strong>omni</strong></span> <span class='ocrx_word' id='word_1_819' title='bbox 2182 5198 2462 5246; x_wconf 70' lang='lat' dir='ltr'><strong>creaturae.</strong></span> <span class='ocrx_word' id='word_1_820' title='bbox 2487 5187 2587 5256; x_wconf 84' lang='lat' dir='ltr'><strong>Qui</strong></span> <span class='ocrx_word' id='word_1_821' title='bbox 2615 5188 2907 5244; x_wconf 88' lang='lat' dir='ltr'><strong>crediderit</strong></span> <span class='ocrx_word' id='word_1_822' title='bbox 2929 5199 2984 5246; x_wconf 90' lang='lat' dir='ltr'><strong>et</strong></span> <span class='ocrx_word' id='word_1_823' title='bbox 3006 5190 3307 5264; x_wconf 83' lang='lat' dir='ltr'><strong>baptizatus</strong></span> <span class='ocrx_word' id='word_1_824' title='bbox 3333 5195 3513 5261; x_wconf 83' lang='lat' dir='ltr'><strong>fuerit,</strong></span> 
     </span>
    </p>
   </div>
   <div class='ocr_carea' id='block_1_113' title="bbox 1950 5278 3513 5348">
    <p class='ocr_par' dir='ltr' id='par_1_113' title="bbox 1950 5278 3513 5348">
     <span class='ocr_line' id='line_1_113' title="bbox 1950 5278 3513 5348; baseline 0.006 -19"><span class='ocrx_word' id='word_1_825' title='bbox 1950 5299 1966 5329; x_wconf 77' lang='grc' dir='ltr'>ι</span> <span class='ocrx_word' id='word_1_826' title='bbox 2013 5278 2193 5334; x_wconf 73' lang='lat' dir='ltr'><strong>salvus</strong></span> <span class='ocrx_word' id='word_1_827' title='bbox 2227 5279 2352 5344; x_wconf 77' lang='lat' dir='ltr'><strong>erit.</strong></span> <span class='ocrx_word' id='word_1_828' title='bbox 2391 5278 2492 5344; x_wconf 83' lang='lat' dir='ltr'><strong>Qui</strong></span> <span class='ocrx_word' id='word_1_829' title='bbox 2527 5292 2658 5332; x_wconf 89' lang='lat' dir='ltr'><strong>vero</strong></span> <span class='ocrx_word' id='word_1_830' title='bbox 2693 5294 2800 5333; x_wconf 90' lang='lat' dir='ltr'><strong>non</strong></span> <span class='ocrx_word' id='word_1_831' title='bbox 2837 5282 3149 5348; x_wconf 85' lang='lat' dir='ltr'><strong>crediderit,</strong></span> <span class='ocrx_word' id='word_1_832' title='bbox 3191 5287 3513 5341; x_wconf 77' lang='lat' dir='ltr'><strong>condemna-</strong></span> 
     </span>
    </p>
   </div>
   <div class='ocr_carea' id='block_1_114' title="bbox 1946 5368 3523 5440">
    <p class='ocr_par' dir='ltr' id='par_1_114' title="bbox 1946 5368 3523 5440">
     <span class='ocr_line' id='line_1_114' title="bbox 1946 5368 3523 5440; baseline 0.005 -20"><span class='ocrx_word' id='word_1_833' title='bbox 1946 5389 1964 5420; x_wconf 72' lang='lat' dir='ltr'><strong>c</strong></span> <span class='ocrx_word' id='word_1_834' title='bbox 2011 5370 2175 5425; x_wconf 89' lang='lat' dir='ltr'><strong>hitur.</strong></span> <span class='ocrx_word' id='word_1_835' title='bbox 2217 5368 2381 5439; x_wconf 89' lang='lat' dir='ltr'><strong>Signa</strong></span> <span class='ocrx_word' id='word_1_836' title='bbox 2419 5377 2598 5423; x_wconf 89' lang='lat' dir='ltr'><strong>autem</strong></span> <span class='ocrx_word' id='word_1_837' title='bbox 2629 5373 2724 5425; x_wconf 73' lang='lat' dir='ltr'><strong>eds</strong></span> <span class='ocrx_word' id='word_1_838' title='bbox 2767 5372 2857 5440; x_wconf 89' lang='lat' dir='ltr'><strong>qui</strong></span> <span class='ocrx_word' id='word_1_839' title='bbox 2899 5374 3245 5437; x_wconf 86' lang='lat' dir='ltr'><strong>crediderint,</strong></span> <span class='ocrx_word' id='word_1_840' title='bbox 3276 5376 3386 5428; x_wconf 71' lang='lat' dir='ltr'><strong>haec</strong></span> <span class='ocrx_word' id='word_1_841' title='bbox 3428 5391 3523 5428; x_wconf 29' lang='lat' dir='ltr'><strong>ses.</strong></span> 
     </span>
    </p>
   </div>
   <div class='ocr_carea' id='block_1_115' title="bbox 1948 5460 3521 5533">
    <p class='ocr_par' dir='ltr' id='par_1_115' title="bbox 1948 5460 3521 5533">
     <span class='ocr_line' id='line_1_115' title="bbox 1948 5460 3521 5533; baseline 0.004 -21"><span class='ocrx_word' id='word_1_842' title='bbox 1948 5481 1964 5512; x_wconf 77' lang='grc' dir='ltr'>ι</span> <span class='ocrx_word' id='word_1_843' title='bbox 2009 5469 2265 5532; x_wconf 87' lang='lat' dir='ltr'><strong>quentur.</strong></span> <span class='ocrx_word' id='word_1_844' title='bbox 2293 5460 2347 5514; x_wconf 87' lang='lat' dir='ltr'><strong>In</strong></span> <span class='ocrx_word' id='word_1_845' title='bbox 2377 5460 2594 5515; x_wconf 90' lang='lat' dir='ltr'><strong>nomine</strong></span> <span class='ocrx_word' id='word_1_846' title='bbox 2617 5475 2738 5517; x_wconf 89' lang='lat' dir='ltr'><strong>meo</strong></span> <span class='ocrx_word' id='word_1_847' title='bbox 2763 5462 3026 5518; x_wconf 65' lang='lat' dir='ltr'><strong>daemonia</strong></span> <span class='ocrx_word' id='word_1_848' title='bbox 3053 5464 3287 5531; x_wconf 85' lang='lat' dir='ltr'><strong>ejicient,</strong></span> <span class='ocrx_word' id='word_1_849' title='bbox 3315 5460 3521 5533; x_wconf 69' lang='lat' dir='ltr'><strong>linguis</strong></span> 
     </span>
    </p>
   </div>
   <div class='ocr_carea' id='block_1_116' title="bbox 1946 5553 3513 5624">
    <p class='ocr_par' dir='ltr' id='par_1_116' title="bbox 1946 5553 3513 5624">
     <span class='ocr_line' id='line_1_116' title="bbox 1946 5553 3513 5624; baseline 0.003 -20"><span class='ocrx_word' id='word_1_850' title='bbox 1946 5574 1963 5604; x_wconf 73' lang='grc' dir='ltr'>ι</span> <span class='ocrx_word' id='word_1_851' title='bbox 2012 5554 2299 5624; x_wconf 90' lang='lat' dir='ltr'><strong>loquentur</strong></span> <span class='ocrx_word' id='word_1_852' title='bbox 2342 5553 2512 5616; x_wconf 85' lang='lat' dir='ltr'><strong>novis,</strong></span> <span class='ocrx_word' id='word_1_853' title='bbox 2547 5563 2829 5623; x_wconf 86' lang='lat' dir='ltr'><strong>serpentes</strong></span> <span class='ocrx_word' id='word_1_854' title='bbox 2860 5556 3059 5610; x_wconf 89' lang='lat' dir='ltr'><strong>tollent.</strong></span> <span class='ocrx_word' id='word_1_855' title='bbox 3104 5556 3169 5608; x_wconf 81' lang='lat' dir='ltr'><strong>Et</strong></span> <span class='ocrx_word' id='word_1_856' title='bbox 3200 5554 3243 5608; x_wconf 88' lang='lat' dir='ltr'><strong>si</strong></span> <span class='ocrx_word' id='word_1_857' title='bbox 3273 5557 3513 5609; x_wconf 45' lang='lat' dir='ltr'><strong>monili»</strong></span> 
     </span>
    </p>
   </div>
   <div class='ocr_carea' id='block_1_117' title="bbox 1946 5646 3512 5719">
    <p class='ocr_par' dir='ltr' id='par_1_117' title="bbox 1946 5646 3512 5719">
     <span class='ocr_line' id='line_1_117' title="bbox 1946 5646 3512 5719; baseline 0.003 -23"><span class='ocrx_word' id='word_1_858' title='bbox 1946 5666 1961 5696; x_wconf 75' lang='grc' dir='ltr'>ί</span> <span class='ocrx_word' id='word_1_859' title='bbox 2012 5662 2129 5701; x_wconf 89' lang='lat' dir='ltr'><strong>rum</strong></span> <span class='ocrx_word' id='word_1_860' title='bbox 2155 5646 2283 5715; x_wconf 86' lang='lat' dir='ltr'><strong>quid</strong></span> <span class='ocrx_word' id='word_1_861' title='bbox 2317 5646 2569 5712; x_wconf 79' lang='lat' dir='ltr'><strong>biberint,</strong></span> <span class='ocrx_word' id='word_1_862' title='bbox 2606 5661 2710 5701; x_wconf 90' lang='lat' dir='ltr'><strong>non</strong></span> <span class='ocrx_word' id='word_1_863' title='bbox 2745 5648 2825 5702; x_wconf 85' lang='lat' dir='ltr'><strong>eis</strong></span> <span class='ocrx_word' id='word_1_864' title='bbox 2872 5647 3100 5701; x_wconf 71' lang='lat' dir='ltr'><strong>nocebit.</strong></span> <span class='ocrx_word' id='word_1_865' title='bbox 3135 5646 3308 5715; x_wconf 81' lang='lat' dir='ltr'><strong>Super</strong></span> <span class='ocrx_word' id='word_1_866' title='bbox 3337 5663 3512 5719; x_wconf 72' lang='lat' dir='ltr'><strong>mgros</strong></span> 
     </span>
    </p>
   </div>
   <div class='ocr_carea' id='block_1_118' title="bbox 1947 5738 3521 5808">
    <p class='ocr_par' dir='ltr' id='par_1_118' title="bbox 1947 5738 3521 5808">
     <span class='ocr_line' id='line_1_118' title="bbox 1947 5738 3521 5808; baseline 0.003 -18"><span class='ocrx_word' id='word_1_867' title='bbox 1947 5759 1960 5790; x_wconf 76' lang='grc' dir='ltr'>ι</span> <span class='ocrx_word' id='word_1_868' title='bbox 2010 5754 2197 5793; x_wconf 86' lang='lat' dir='ltr'><strong>manus</strong></span> <span class='ocrx_word' id='word_1_869' title='bbox 2232 5739 2525 5808; x_wconf 83' lang='lat' dir='ltr'><strong>imponent,</strong></span> <span class='ocrx_word' id='word_1_870' title='bbox 2563 5747 2613 5792; x_wconf 82' lang='lat' dir='ltr'><strong>et</strong></span> <span class='ocrx_word' id='word_1_871' title='bbox 2653 5738 2787 5792; x_wconf 89' lang='lat' dir='ltr'><strong>bene</strong></span> <span class='ocrx_word' id='word_1_872' title='bbox 2824 5738 3113 5793; x_wconf 86' lang='lat' dir='ltr'><strong>habebunt.</strong></span> <span class='ocrx_word' id='word_1_873' title='bbox 3166 5738 3227 5793; x_wconf 81' lang='lat' dir='ltr'><strong>Et</strong></span> <span class='ocrx_word' id='word_1_874' title='bbox 3255 5738 3521 5801; x_wconf 76' lang='lat' dir='ltr'><strong>Dominus</strong></span> 
     </span>
    </p>
   </div>
  </div>
