3954 6200
393 387 491 443 δη

1685 365 2037 425 SMARAGDI
2072 363 2362 420 ABBATIS

3547 359 3657 417 312

399 430 426 549 ζ
465 493 683 566 quidem
717 458 874 546 icsus
916 494 1200 559 postquam
1242 483 1454 538 locutus
1499 487 1582 536 est
1619 480 1718 539 eis.
1760 492 1972 532 assum-
2001 480 2052 537 Α
2076 474 2183 528 vuli
2208 473 2455 537 credunt,
2488 472 2627 527 sicut
2652 485 2716 526 cx
2757 470 2878 525 aliis
2915 483 2978 524 ea
3004 430 3126 539 qua:
3156 468 3264 524 illis
3305 468 3361 523 iu
3380 468 3662 541 baptismo

397 603 423 639 4
467 593 593 655 ptus
623 590 708 637 est
738 580 794 634 in
818 578 1016 638 coelum
1053 584 1110 632 et
1143 574 1297 629 sedet
1331 587 1363 626 a
1388 570 1598 627 dextris
1627 566 1850 644 Deinllli
1878 581 1972 620 au-

399 694 421 728 e
467 684 577 729 tem
618 669 846 742 profecti
891 667 1321 738 praedicaverunt
1365 662 1584 731 ubique,
1610 660 1837 719 Domino
1882 673 1972 712 co-

400 785 420 818 ι
465 770 747 835 operante,
775 768 832 814 et
870 771 1177 815 sermonem
1216 754 1596 815 conﬁrmante,
1624 747 1973 823 sequentibus

398 877 419 909 ι
465 854 656 925 signis.
704 872 724 906 ι
848 900 859 905 ι

469 942 904 999 Rewmbentibus
932 939 1192 995 undecim
1240 936 1551 1008 discipulis,-
1573 934 1816 1004 apparuit
1866 930 1974 986 illis

394 1039 586 1104 Iesus,
624 1047 731 1093 etc.
782 1023 1065 1103 Quomodo
1103 1031 1439 1088 novissime?
1476 1029 1630 1100 quasi
1670 1026 1785 1097 jam
1832 1026 1974 1081 ultra

396 1149 523 1189 eum
553 1146 660 1187 non
686 1130 963 1193 viderent;
992 1125 1345 1182 novissimum
1368 1123 1565 1193 quippe
1586 1120 1715 1181 illud
1735 1128 1839 1182 est,
1865 1133 1976 1188 quo

395 1223 682 1279 Dominum
714 1217 945 1289 apostoli
990 1216 1043 1271 in
1071 1225 1219 1271 terra
1244 1213 1515 1277 viderunt,
1536 1209 1755 1280 quando
1788 1222 1977 1263 ascen-

397 1315 479 1369 dit
518 1312 573 1368 in
598 1311 818 1367 omium.
858 1309 925 1365 Et
962 1306 1163 1364 iactum
1188 1313 1272 1361 ost
1300 1300 1719 1381 quadragesima
1746 1298 1832 1354 die
1855 1305 1978 1368 post

397 1401 517 1471 eius
568 1389 1044 1456 resurrectionem.
1079 1393 1457 1465 Nunquidnam
1498 1398 1626 1445 tunc
1685 1386 1977 1457 exprobra-

400 1501 555 1546 turus
581 1496 725 1555 erat,
755 1485 899 1559 quod
932 1500 1039 1541 non
1069 1483 1429 1543 credidissent
1463 1480 1566 1546 eis,
1608 1479 1703 1548 qui
1734 1491 1859 1536 eum
1899 1475 1977 1530 vi-

401 1584 592 1637 derant
627 1578 1013 1641 resurrexisse,
1045 1574 1264 1645 quando
1294 1573 1456 1629 etiam
1495 1581 1553 1626 et
1593 1570 1691 1639 ipsi
1730 1575 1854 1638 post
1888 1582 1976 1621 re-

400 1673 794 1730 surrectionem
843 1669 1002 1724 toties
1027 1682 1153 1725 eum
1178 1664 1469 1722 viderant?
1514 1663 1645 1719 Illud
1674 1677 1804 1732 ergo
1832 1659 1971 1714 acci-

2076 562 2425 617 remittuutur
2456 567 2679 630 peccata
2706 565 3009 614 traxean

2148 651 2315 723 Signa
2356 660 2531 707 autem
2573 666 2661 705 eos
2701 649 2789 718 qui
2831 646 3169 713 crediderint,
3209 648 3321 701 lucc
3354 658 3659 719 sequentur.

2076 744 2142 798 In
2171 744 2379 799 nomine
2409 759 2523 797 meo
2546 742 2756 812 ejicieut
2792 739 3074 803 «immania,
3098 746 3206 794 etc.
3240 737 3491 810 Nunquid
3514 742 3663 811 quod

2076 837 2180 889 ista
2204 834 2356 904 signa
2389 848 2499 888 non
2527 830 2777 895 facimus,
2805 828 3028 898 minime
3053 828 3363 885 credimus?
3401 828 3510 886 Sed
3542 830 3662 886 haec

2075 923 2382 979 necessaria
2430 923 2487 978 in
2535 920 2761 981 exordio
2808 918 3068 975 Ecclesiae
3119 917 3359 977 fuerunt.
3409 919 3483 976 Ut
3512 922 3664 976 enim

2076 1010 2145 1064 ad
2197 1010 2359 1065 ﬁdem
2413 1016 2730 1075 cresceret,
2783 1006 3063 1064 miraculis
3117 1006 3294 1064 fuerat
3343 1008 3660 1071 nutriendo,

2077 1099 2203 1168 quia
2253 1109 2310 1156 et
2351 1114 2453 1155 nos
2494 1115 2618 1155 cum
2665 1099 2889 1155 arbusta
2939 1099 3269 1171 plantamus,
3306 1108 3417 1156 tam
3455 1100 3547 1156 diu
3582 1101 3667 1156 eis

2075 1199 2272 1259 aquam
2313 1188 2588 1245 fundimus
2611 1230 2627 1254 ,
2692 1204 2974 1260 quousque
3049 1204 3114 1246 ea
3161 1189 3220 1245 in
3270 1199 3421 1245 terra
3467 1204 3668 1246 conva-

2078 1278 2244 1335 luisse
2274 1278 2579 1336 videamus.
2611 1278 2683 1333 At
2719 1279 2766 1335 si
2796 1279 2963 1336 semel
3001 1280 3239 1336 radicem
3266 1280 3507 1346 ﬁxerint,
3536 1280 3668 1335 irri-

2077 1373 2222 1443 gatio
2258 1372 2509 1429 cessabit.
2551 1372 2688 1428 Hinc
2727 1380 2812 1429 est
2847 1372 3072 1436 etenim,
3100 1371 3245 1442 quod
3270 1371 3473 1429 Paulus
3498 1372 3665 1427 dicit:

2079 1462 2297 1533 Lingua:
2339 1464 2394 1517 in
2435 1463 2585 1534 signo
2621 1472 2773 1528 sunt,
2799 1479 2904 1518 non
2923 1461 3198 1531 ﬁdelibus,
3238 1461 3329 1518 sed
3370 1461 3674 1532 inﬁdelibus

2081 1550 2133 1621 (Ι
2161 1548 2293 1607 Cor.’
2306 1551 2443 1622 Xiv).
2483 1551 2568 1606 An
2600 1551 2862 1606 habemus
2890 1547 3070 1606 tiCJliS
3099 1550 3268 1621 signis
3300 1560 3463 1620 atque
3500 1551 3673 1605 virtu-

2078 1641 2255 1705 tibus,
2289 1654 2409 1711 qua:
2446 1641 2623 1696 adhuc
2661 1640 2911 1697 subtilius
2950 1640 3299 1713 considerare
3339 1640 3676 1696 debeamus?
3780 1644 3787 1649 '

399 1764 619 1834 piamus
653 1769 777 1832 post
820 1759 1020 1821 multas
1059 1755 1550 1813 demonstrationes
1594 1731 1759 1822 eius,
1783 1751 1978 1821 quibus

2099 1733 2282 1789 Sancta
2317 1734 2518 1804 quippe
2550 1732 2794 1789 Ecclesia
2849 1732 3093 1803 quotidie
3145 1731 3501 1803 spiritualitcr
3540 1731 3678 1788 facit

399 1819 500 1926 per
523 1855 639 1911 dies
655 1819 1017 1926 quadraginta
1040 1845 1318 1917 discipulis
1339 1819 1698 1916 prmsctitatus
1856 1854 1981 1896 eum
2009 1825 2056 1884 Β
2082 1824 2225 1895 (ιιιοά
2419 1838 2517 1926 PFT
2563 1821 2835 1892 θροδιοιοε
2870 1821 3226 1926 corporaliter
3250 1819 3504 1926 Ῑδξῑὶθὺθῐο
3536 1820 3678 1877 Nam

402 1945 567 2003 etiam
605 1939 899 2001 novissime
927 1936 1368 1997 recumbentibus
1409 1934 1514 1993 illis
1538 1933 1984 2003 undecimappa-

403 2037 612 2099 ruisse,
650 2033 706 2091 id
742 2041 846 2097 est,
885 2031 1001 2101 ipso
1035 2027 1453 2100 quadragesimo
1492 2026 1598 2081 die.
1640 2025 1705 2081 Et
1730 2024 1984 2094 quoniam

399 2128 515 2197 jam
553 2133 673 2183 erat
704 2124 773 2178 ab
801 2123 883 2185 eis
918 2132 1246 2177 ascensurus
1285 2119 1339 2172 in
1376 2116 1597 2182 coelum,
1640 2116 1743 2175 hoc
1779 2114 1860 2169 eis
1897 2112 1987 2173 illo

406 2216 495 2278 die
530 2214 766 2274 maxime
808 2211 1138 2283 exprobrare
1172 2208 1428 2271 voluisse,
1468 2206 1615 2276 quod
1652 2205 1743 2259 his
1780 2204 1872 2274 qui
1907 2203 1988 2257 vi-

406 2310 600 2365 derant
626 2319 752 2360 cum
783 2301 1145 2359 resurrexissc
1177 2315 1285 2354 non
1309 2297 1677 2357 crediderant,
1700 2301 1988 2362 antequam

408 2413 533 2455 eum
574 2396 678 2469 ipsi
723 2395 1001 2459 viderent,
1051 2407 1175 2453 cum
1220 2390 1407 2461 utique
1451 2397 1574 2462 post
1617 2388 1989 2443 ascensionem

408 2503 585 2550 suam,
634 2481 1055 2556 praedicantibus
1096 2480 1203 2536 illis
1237 2478 1613 2550 Evangelium,
1655 2486 1842 2548 gentes
1871 2492 1991 2549 quae

410 2594 518 2637 non
555 2578 825 2640 viderunt,
862 2574 1079 2645 fuerant
1110 2570 1418 2637 creditura).
1462 2568 1592 2627 Post
1622 2567 1768 2629 illam
1796 2567 1993 2644 quippe

413 2669 887 2742 exprobrationem
923 2673 1161 2729 secutus,
1190 2663 1269 2718 ait
1300 2663 1442 2723 idem
1465 2660 1704 2717 Marcus:

487 2760 553 2816 Et
581 2760 717 2820 dixit
750 2760 824 2818 eis
847 2777 867 2816 :
898 2757 1098 2816 Euutes
1133 2755 1189 2810 in
1217 2753 1469 2813 mundum
1500 2752 1820 2816 universum,
1860 2764 1994 2820 prauo

412 2856 584 2915 dicate
627 2850 964 2923 Evangelium
1012 2849 1155 2911 omni
1200 2856 1479 2903 creatum.
1548 2843 1653 2910 Qui
1694 2841 1991 2905 crediderit,

412 2954 518 3001 etc.
559 2942 662 3014 (Ex
689 2937 943 3012 August.)
991 2938 1103 2994 Hoc
1144 2951 1274 3008 ergo
1321 2933 1690 3013 prmdicaturi,
1739 2930 1995 3001 quoniam

413 3036 505 3106 qui
543 3051 650 3096 non
685 3031 998 3096 crediderit,
1041 3027 1516 3093 condemnabitur,
1556 3041 1679 3081 cum
1718 3024 1772 3079 id
1812 3022 1997 3091 utique

415 3144 520 3187 non
553 3124 847 3187 crediderit
879 3122 1023 3192 quod
1065 3137 1172 3181 nun
1207 3119 1359 3183 vidit,
1392 3132 1569 3177 nonne
1610 3116 1709 3186 ipsi
1747 3114 1997 3185 primitus

2083 1913 2396 1971 sacerdotes
2417 1913 2537 1986 eius
2564 1930 2689 1970 cum
2727 1929 2826 1984 per
2849 1914 3144 1970 exorcismi
3182 1915 3411 1986 gratiam
3451 1930 3678 1970 manum

2086 2005 2433 2062 credentibus
2462 2005 2768 2076 imponunt,
2796 2013 2853 2060 et
2874 2002 3125 2060 habitare
3155 2003 3422 2074 malignos
3450 2003 3681 2074 spiritus

2087 2096 2140 2149 in
2170 2109 2358 2152 eorum
2393 2104 2576 2151 mente
2615 2096 3028 2161 contradicunt,
3069 2095 3201 2164 quid
3245 2094 3393 2151 aliud
3443 2094 3677 2161 iaciunt,

2086 2187 2192 2243 nisi
2229 2187 2493 2242 daemonia
2528 2186 2791 2258 ejiciunt?
2829 2184 2896 2242 Et
2936 2184 3123 2243 ﬁdeles
3160 2187 3392 2257 quique,
3428 2186 3522 2256 qui
3560 2186 3681 2257 iam

2086 2279 2212 2335 vitro
2254 2279 2456 2336 veteris
2506 2280 2789 2336 saecularia
2833 2280 2998 2337 verba
3046 2279 3450 2351 derelinquunt,
3477 2292 3681 2336 sancta

2088 2377 2269 2425 autem
2319 2370 2577 2441 mysteria
2622 2371 2914 2436 insonant,
2984 2370 3283 2426 conditoris
3329 2371 3414 2433 sui
3462 2369 3679 2425 laudem

2089 2469 2144 2541 et
2190 2460 2517 2529 potentiam,
2554 2470 2817 2530 quantum
2862 2461 3186 2532 praevalent,
3238 2450 3499 2527 narraui,
3548 2461 3679 2531 quid

2093 2550 2240 2606 aliud
2270 2550 2496 2616 faciunt,
2525 2552 2629 2607 nisi
2660 2553 2813 2607 novis
2841 2552 3038 2622 linguis
3064 2550 3393 2622 loquuntur?
3420 2550 3524 2619 Qui
3550 2552 3680 2607 dum

2092 2641 2249 2698 bonis
2274 2628 2397 2698 suis
2410 2641 2879 2698 exhortationibus
2898 2640 3161 2696 malitiam
3183 2640 3254 2697 de
3283 2640 3471 2696 alienis
3495 2640 3679 2696 cordi-

2094 2733 2196 2790 bus
2225 2733 2499 2797 auferunt,
2542 2742 2827 2804 serpentes
2864 2731 3079 2789 tollunt.
3119 2731 3189 2787 Et
3222 2733 3349 2787 dum
3394 2728 3683 2800 pestiferas

2095 2823 2374 2880 suasiones
2407 2823 2664 2889 audiunt,
2706 2821 2801 2877 sed
2835 2827 3016 2877 tamen
3053 2821 3121 2876 ad
3157 2820 3526 2891 operationem
3555 2834 3684 2889 pra-

2096 2930 2219 2970 vam
2256 2914 2480 2970 minime
2499 2914 2930 2984 pertrahuntur,
2969 2911 3309 2967 mortiferum
3347 2909 3567 2981 quidem
3595 2917 3682 2964 est

2096 3006 2240 3075 quod
2266 3004 2477 3070 bibunt,
2505 3004 2599 3060 sed
2628 3019 2736 3059 non
2766 3003 2847 3059 eis
2882 3003 3121 3068 nocebit,
3147 3003 3274 3073 quia
3317 3002 3533 3072 quoties
3557 3016 3684 3071 pro-

2097 3098 2275 3153 ximos
2318 3111 2448 3151 suos
2492 3095 2548 3150 in
2594 3096 2738 3151 bono
2783 3109 2948 3164 opere
3005 3093 3269 3149 inﬁrmari
3316 3091 3685 3163 conspiciunt,

417 3218 639 3278 fuerant
700 3170 1039 3287 ol‘jurgandi,
1088 3209 1233 3281 quod
1271 3217 1559 3278 antequam
1585 3170 1871 3261 Dominum
1918 3204 1993 3258 vi-

2099 3187 2228 3242 dum
2252 3186 2334 3242 eis
2363 3193 2476 3241 tota
2511 3186 2713 3243 virtute
2761 3191 3129 3251 concurrunt,
3172 3193 3231 3241 et
3271 3183 3522 3253 exemplo
3567 3198 3689 3237 sua)

416 3308 619 3364 dissent
656 3320 761 3360 non
796 3302 1128 3365 crediderint
1163 3301 1269 3365 eis,
1295 3299 1492 3376 quibus
1521 3297 1779 3359 Dominus
1831 3310 1997 3373 appae

416 3397 616 3458 ruisset
630 3395 654 3449 ?

491 3486 599 3559 (Ea:
620 3483 800 3556 (ἶνες.)
835 3484 989 3552 Quod
1029 3496 1158 3538 vero
1185 3480 1322 3543 dixit
1348 3481 1427 3539 eis
1472 3498 1483 3533 :
1528 3479 1731 3542 Euntcs
1761 3478 1814 3532 in
1841 3492 1997 3532 utun-

418 3564 545 3637 dum
579 3577 916 3641 universum,
956 3570 1246 3651 prmdicate
1281 3569 1631 3643 Evangelium
1663 3568 1809 3624 omni
1845 3582 1997 3624 crea-

419 3686 578 3739 turae,
605 3670 846 3740 nunquid
877 3685 1039 3726 suum
1062 3668 1412 3739 Evangelium
1453 3666 1538 3722 vel
1579 3665 1871 3722 insensatis
1913 3678 1999 3719 re-

419 3765 560 3827 bus,
603 3761 687 3818 vel
736 3742 917 3817 brutis.
959 3757 1284 3817 animalibus
1338 3755 1518 3815 fuerat
1560 3752 1994 3825 praedicandum,

422 3863 481 3908 ut
508 3854 573 3912 de
601 3867 667 3907 eo
703 3849 982 3920 discipulis
1024 3847 1261 3912 dicatur,
1310 3845 1609 3917 praedicare
1649 3844 1795 3899 omni
1845 3859 1999 3900 crea-

423 3943 594 4002 turae?
665 3940 772 3997 Sed
808 3938 986 3994 omnis
1032 3946 1296 3993 creatura:
1340 3935 1558 3991 nomine
1604 3942 1781 4005 potest
1822 3935 1999 3990 omnis

423 4035 572 4093 natio
606 4029 1179 4107 gentium'designari.
1230 4028 1370 4091 Ante
1406 4027 1609 4083 etenim
1647 4026 1851 4082 dictum
1887 4026 2000 4080 fue-

424 4135 546 4181 rat:
572 4123 639 4184 1η
676 4124 819 4183 viam
846 4123 1077 4193 gentium
1113 4137 1176 4175 ne
1204 4119 1440 4178 abieritis
1477 4117 1694 4190 (Matth.
1723 4116 1799 4190 ι).
1849 4115 2000 4172 Nunc

423 4228 605 4274 autem
642 4216 842 4273 dicitur
867 4233 881 4269 :
907 4211 1205 4269 Pra'dicate
1234 4212 1376 4269 omni
1401 4220 1679 4276 creatura’,
1711 4217 1771 4265 ut
1796 4209 2001 4269 scilicet

421 4312 572 4381 prius
603 4326 633 4364 a
655 4308 856 4373 iudica,
884 4305 1251 4377 apostolorum
1283 4304 1494 4374 repulsa
1521 4302 1837 4373 praedicatio
1875 4311 2001 4358 tunc

2094 3276 2426 3348 operationis
2469 3276 2679 3332 illorum
2710 3278 2873 3331 vitam
2916 3275 3195 3342 roborant,
3236 3275 3329 3345 qui
3375 3275 3428 3331 in
3460 3274 3684 3346 propria

2096 3369 2309 3426 actione
2358 3368 2684 3434 titubabant,
2730 3369 2860 3439 quid
2899 3366 3047 3423 aliud
3090 3366 3318 3433 faciunt,
3364 3366 3471 3421 nisi
3519 3379 3690 3435 super

2095 3469 2327 3532 tugrotos
2362 3476 2557 3516 manus
2595 3460 2904 3530 imponunt,
2953 3466 3015 3513 ut
3052 3459 3191 3515 bene
3232 3456 3501 3512 habeant?
3552 3454 3693 3523 Quae

2097 3552 2353 3607 nimirum
2396 3549 2654 3606 miracula
2689 3558 2839 3604 tanto
2882 3546 3089 3617 majora
3126 3556 3283 3612 sunt,
3326 3554 3530 3616 quanto
3576 3545 3693 3614 spi-

2098 3638 2381 3703 ritaliora;
2414 3644 2566 3693 tanto
2603 3638 2810 3709 majora
2852 3645 3010 3702 sunt,
3050 3644 3254 3708 quanto
3290 3650 3389 3709 per
3422 3636 3540 3691 haec
3578 3648 3695 3690 non

2099 3743 2352 3800 corpora,
2379 3728 2476 3783 sed
2504 3728 2701 3783 animus
2726 3727 3085 3783 suscitantur.

2171 3841 2236 3895 Et
2257 3838 2515 3895 Dominus
2533 3840 2743 3911 quidem
2760 3838 2917 3894 Iesus
2935 3849 3209 3910 postquam
3229 3838 3435 3894 locutus
3455 3847 3556 3902 est,
3578 3845 3690 3892 etc.

2098 3930 2564 3987 Considerandum
2588 3930 2746 3985 nobis
2768 3938 2876 3995 est,
2899 3929 3031 4000 quid
3058 3937 3144 3985 est
3169 3928 3313 3998 quod
3340 3927 3557 3983 Marcus
3579 3926 3691 3981 ait:

2102 4019 2260 4076 Sedet
2294 4036 2328 4073 a
2349 4018 2549 4077 dextris
2571 4018 2692 4084 Dei,
2726 4027 2783 4074 et
2809 4018 3115 4090 Stephanus
3142 4018 3311 4074 dicit:
3347 4016 3511 4072 Video
3531 4015 3693 4074 calas

2100 4120 2341 4179 apertos,
2394 4118 2444 4164 et
2486 4108 2658 4178 ﬁlium
2705 4108 2931 4163 hominis
2978 4117 3202 4164 stantem
3251 4126 3286 4162 a
3329 4106 3529 4162 dextris
3566 4105 3693 4161 Dei.

2100 4199 2242 4269 Quid
2269 4208 2389 4267 est,
2420 4197 2565 4271 quod
2600 4198 2744 4253 httnc
2784 4198 2999 4256 Marcus
3036 4199 3312 4255 sedentem
3332 4239 3348 4264 ,
3383 4196 3698 4268 Stephanus

2101 4307 2232 4347 vero
2270 4298 2501 4348 stantem
2543 4304 2603 4345 se
2647 4287 2845 4347 vidisse
2873 4288 3139 4346 testatur?
3180 4286 3289 4343 Sed
3312 4288 3533 4352 scimus,
3565 4288 3696 4357 quia

422 4379 580 4457 nobis
617 4401 668 4457 in
710 4397 1038 4469 adiutorium
1082 4395 1261 4461 ﬁeret,
1282 4411 1409 4450 cum
1455 4395 1598 4450 hanc
1623 4393 1712 4448 illa
1738 4393 1806 4448 ad
1850 4393 2005 4449 damv
2104 4385 2292 4441 sedere
2332 4382 2630 4453 iudicantis
2674 4392 2788 4447 est,
2847 4390 2995 4438 stare
3039 4396 3171 4436 vero
3216 4379 3547 4451 pugnantis,
3609 4379 3696 4431 vel

424 4491 663 4547 nationis
681 4504 793 4545 sua:
821 4486 1184 4545 testimonium
1213 4485 1442 4556 superba
1472 4483 1776 4554 repulisset.

517 4584 621 4650 Qui
660 4579 938 4643 crediderit
986 4587 1034 4634 et
1080 4577 1374 4648 baptizatus
1424 4575 1620 4645 fuerit,
1663 4573 1838 4633 saluts
1884 4573 2003 4628 erit.

430 4674 534 4741 Qui
580 4689 696 4727 vero
738 4687 844 4743 non
883 4666 1201 4749 crediderit,
1243 4666 1693 4721 condemnabitur.
1754 4663 2007 4719 Fortasse

427 4764 800 4837 unusquisque
839 4761 980 4832 apud
1019 4760 1369 4830 semetipsum
1403 4757 1536 4814 dicit
1563 4775 1576 4811 :
1606 4758 1719 4828 Ego
1745 4757 1860 4828 jam
1891 4771 2011 4812 cre-

428 4856 574 4920 didi,
620 4854 801 4909 salvus
836 4868 932 4909 ero
964 4871 982 4907 :-
1011 4866 1199 4907 verum
1247 4849 1410 4913 dicit,
1460 4849 1506 4904 si
1555 4848 1714 4904 ﬁdem
1755 4848 2012 4919 operibus

436 4953 604 5000 tenet.
635 4944 777 5004 Vera
809 4943 1006 4999 etenim
1037 4940 1171 4997 fides
1202 4948 1307 5005 cst,
1338 4954 1459 5009 quae
1486 4939 1540 4994 in
1578 4938 1683 4994 hoc
1711 4937 1855 5010 quod
1890 4953 2011 4993 ver-

429 5037 559 5090 bum
590 5034 745 5101 dicit,
771 5034 1012 5089 moribus
1048 5047 1154 5088 non
1190 5028 1528 5088 contradicit.
1571 5028 1711 5085 Hinc
1732 5036 1817 5085 est
1839 5028 2007 5093 enim,

431 5125 573 5194 quod
620 5124 687 5179 de
724 5124 1042 5199 quibusdam
1099 5122 1251 5179 falsis
1303 5120 1549 5181 ﬁdelibus
1599 5120 1799 5180 Paulus
1849 5121 2007 5176 dicit:

435 5214 539 5280 Qui
582 5214 898 5284 conﬁtentur
936 5230 991 5268 se
1030 5230 1182 5269 nosse
1200 5212 1391 5278 Deum,
1423 5212 1579 5282 factis
1610 5222 1785 5269 aulem
1825 5220 2012 5281 negant

435 5305 452 5372 (
482 5305 586 5360 Tit.
642 5319 658 5357 ι
685 5304 726 5375 ).
755 5302 892 5363 Hinc
913 5302 1148 5365 Joannes
1173 5303 1275 5358 ait:
1302 5301 1405 5369 Qui
1427 5302 1553 5357 dicit
1575 5318 1629 5357 se
1651 5318 1799 5356 nosse
1820 5290 2011 5364 Deum,

433 5407 482 5454 et
504 5399 757 5452 mandata
775 5399 890 5467 ejus
911 5413 1013 5453 non
1033 5396 1289 5462 custodit;
1302 5395 1528 5450 mendax
1547 5405 1644 5450 est.
1671 5394 1805 5450 Cum
1832 5403 2012 5449 autem

436 5490 649 5544 dicatur
688 5502 703 5542 :
746 5487 851 5554 Qui
898 5504 1013 5542 vero
1065 5503 1170 5541 non
1211 5486 1510 5552 crediderit,
1559 5485 2011 5547 condemnabitur,

436 5577 564 5647 quid
591 5579 679 5634 hic
704 5578 936 5635 dicimus
962 5576 1030 5631 de
1056 5574 1316 5645 parvulis,
1344 5574 1436 5643 qui
1468 5590 1562 5644 per
1596 5582 1814 5630 aetatem
1841 5573 2013 5628 adhuc

437 5668 659 5722 credere
696 5684 803 5723 non
833 5667 1044 5730 valent;
1092 5681 1217 5720 nam
1256 5664 1321 5719 dc
1358 5663 1653 5732 majoribus
1689 5662 1834 5718 nulla
1870 5678 2013 5731 qua:-

440 5756 542 5817 stio
565 5757 687 5816 est?
723 5756 779 5819 ιη
817 5757 1059 5812 Ecclesia
1095 5770 1231 5826 ergo
1262 5754 1547 5815 salvatoris
1586 5767 1683 5831 per
1720 5753 1853 5816 alios
1891 5768 2010 5831 par-

2031 4517 2085 4577 D

2109 4474 2411 4545 adjuvantis
2459 4482 2563 4530 est.
2631 4473 2768 4540 Quia
2818 4473 2986 4544 igitur
3025 4472 3336 4542 redemptor
3376 4479 3564 4525 noster
3606 4484 3698 4523 as-

2112 4576 2360 4637 sumptus
2406 4564 2459 4619 in
2507 4562 2727 4628 caelum,
2774 4572 2831 4621 et
2878 4577 3023 4618 nunc
3059 4561 3242 4617 omnia
3271 4560 3587 4631 judicat,et
3627 4559 3699 4613 ad

2113 4668 2420 4717 extremum
2454 4656 2621 4728 iudex
2665 4655 2908 4711 omnium
2948 4655 3154 4717 veniet,
3188 4662 3245 4711 et
3271 4654 3419 4709 hunc
3450 4658 3578 4722 post
3609 4667 3702 4705 as-

2115 4750 2478 4823 sumptionem
2529 4748 2743 4805 Marcus
2805 4748 2994 4804 sedere
3050 4745 3344 4811 describit,
3389 4743 3516 4814 quia
3575 4751 3702 4813 post

2115 4840 2450 4898 ascensionis
2493 4855 2605 4896 sua:
2648 4839 2899 4913 gloriam,
2936 4837 3104 4907 iudex
3151 4837 3209 4892 in
3251 4834 3359 4891 line
3399 4832 3696 4889 videbitur.

2117 4932 2425 5005 Stephanus
2462 4946 2594 4988 vero
2628 4933 2683 4987 in
2721 4931 2923 4987 laboris
2958 4930 3257 4987 certamine
3290 4926 3524 4998 positus,
3548 4934 3701 4981 stan—

2112 5034 2219 5081 tem
2246 5024 2405 5088 vidit,
2440 5039 2602 5094 quem
2638 5022 2941 5093 adiutorem
2981 5023 3202 5086 habuit,
3241 5021 3370 5091 quia
3407 5026 3469 5073 ut
3505 5017 3610 5073 iste
3642 5017 3701 5070 in

2112 5127 2259 5174 terra
2302 5124 2712 5187 persecuturum
2761 5113 3132 5169 inﬁdelitatem
3181 5112 3441 5175 vinceret,
3469 5123 3570 5179 pro
3606 5108 3703 5163 illo

2115 5209 2182 5264 de
2213 5206 2351 5262 coelo
2378 5205 2524 5262 illius
2550 5206 2723 5279 gratia
2750 5205 3030 5276 pugnavit.

2187 5297 2280 5357 Illi
2306 5305 2480 5353 autem
2501 5295 2721 5367 profecti
2741 5295 3181 5367 praedicaverunt,
3207 5302 3317 5349 etc.
3352 5290 3497 5359 Quid
3532 5289 3589 5344 in
3614 5288 3707 5344 his

2115 5389 2568 5449 considerandum
2592 5399 2695 5453 est,
2725 5388 2855 5458 quid
2887 5387 3162 5443 memoria:
3189 5381 3699 5442 commendandum.

2115 5482 2220 5537 nisi
2242 5479 2384 5550 quod
2412 5488 2742 5550 praeceptum
2778 5478 3117 5534 obedientize.
3160 5474 3534 5534 Obedientiam
3569 5485 3707 5525 vero
3788 5517 3798 5526 .

2115 5573 2269 5643 signa
2297 5580 2479 5625 secuta
2510 5578 2657 5624 sunt.
2691 5568 2881 5624 Restat
2907 5584 3038 5624 sane
3063 5567 3291 5637 quaestio
3322 5581 3428 5621 non
3453 5563 3703 5623 minima,

2115 5661 2384 5731 quomodo
2419 5659 2697 5730 scripserit
2736 5658 2877 5714 idem
2914 5656 3264 5726 evangelista,
3298 5655 3502 5710 dixisse
3536 5665 3710 5718 ange-

2118 5754 2228 5816 lum
2259 5752 2574 5817 mulieribus
2601 5770 2612 5806 :
2641 5750 2744 5819 Ite,
2789 5752 2944 5815 dicite
2986 5746 3256 5817 discipulis
3295 5747 3408 5821 ejus
3448 5755 3494 5800 et
3519 5742 3707 5807 Petro,
