3940 6206
370 369 482 427 Sis

1197 324 1713 427 COLLlSCT—lONES
1751 371 1815 425 lN
1856 372 2230 430 EPISTOLAS
2269 376 2357 431 ΕΤ
2396 376 2806 434 EVANGELIA.

3514 389 3619 444 5ιὶ

367 483 498 552 quia
540 483 798 553 prtrcedet
841 500 930 537 vos
977 484 1032 537 in
1065 482 1373 551 Galilceam;
1418 487 1489 542 ibi
1530 504 1646 541 eum
1690 488 1944 550 videbitis.
1975 494 2023 551 Α
2050 502 2258 556 avocat,
2288 503 2343 547 ut
2375 494 2519 550 aliud
2550 496 2845 551 habeamus
2890 498 2943 552 in
2983 501 3163 566 corde,
3195 514 3250 559 et
3271 505 3414 561 aliud
3444 508 3622 576 profe-

367 575 505 627 sicut
537 573 674 627 dixit
708 572 879 636 vobis,
918 588 1019 629 nec
1055 580 1234 630 tamen
1282 576 1356 630 ibi
1394 577 1565 632 visum
1605 592 1637 631 a
1670 576 1947 647 discipulis

368 664 692 729 Dominum,
739 664 795 720 in
831 664 941 719 ullo
972 672 1108 734 post'
1130 666 1245 722 haec
1277 666 1551 738 Evangelii
1588 667 1670 722 sui
1709 667 1829 722 loco
1864 682 1947 721 re-

366 756 578 821 tulerit,
608 756 704 812 sed
728 757 873 826 quod
904 757 978 812 ita
1013 756 1081 812 ab
1106 758 1295 830 angelo
1326 766 1381 813 et
1422 773 1454 813 a
1480 758 1709 814 Domino
1742 759 1943 814 dictum

367 850 444 905 sit
467 848 765 918 prophetia:
791 848 992 904 dictum
1013 850 1382 919 accipiendum
1411 859 1495 905 est
1519 870 1531 905 :
1553 850 1770 906 Galiltea
1793 867 1943 905 nam-

367 954 476 1009 que
513 939 904 1008 interpretatur
930 938 1333 1011 transmigratio
1356 938 1442 994 vel
1480 940 1767 1006 revelatio;
1794 943 1944 1011 prius

368 1030 555 1100 itaque
600 1028 896 1084 secundum
943 1030 1432 1101 transmigrationis
1474 1032 1940 1103 signiﬁcationem,

365 1114 501 1191 quid
542 1119 688 1175 al‘ud
731 1120 972 1175 occurrit
1019 1121 1442 1192 intelligendum,
1473 1123 1729 1193 prtecedet
1764 1141 1854 1179 vos
1885 1125 1943 1180 in

366 1211 670 1279 Galilaeam,
709 1211 782 1267 ibi
821 1230 940 1268 eum
981 1214 1235 1283 videbitis,
1284 1218 1420 1272 sicut
1461 1219 1598 1273 dixit
1635 1219 1795 1285 vobis,
1838 1220 1940 1275 nisi

364 1303 494 1372 quia
515 1302 719 1359 Christi
752 1298 926 1375 gratia
959 1304 1027 1360 de
1058 1307 1254 1377 populo
1289 1309 1453 1366 Israel
1493 1310 1941 1380 transmigratura

364 1393 589 1473 eratad
619 1401 837 1462 gentes,
869 1396 1068 1464 quibus
1100 1398 1345 1468 apostoli
1376 1399 1734 1468 praedicantes
1767 1399 1942 1456 Evan-

364 1485 593 1554 gelium,
620 1485 765 1540 nullo
791 1487 952 1542 modo
974 1489 1277 1556 crederent,
1302 1491 1406 1546 nisi
1435 1492 1515 1547 eis
1543 1493 1657 1561 ipse
1680 1492 1942 1549 Dominus

362 1576 510 1630 viam
547 1576 603 1630 in
637 1575 890 1632 cordibus
916 1578 1193 1635 hominum
1233 1583 1602 1652 pnepararet?
1633 1583 1701 1638 Et.
1724 1587 1829 1640 hoc
1853 1585 1939 1639 in-

365 1666 690 1738 telligimus,
728 1669 983 1738 pra-cedet
1022 1686 1112 1725 vos
1150 1671 1206 1725 in
1229 1669 1524 1727 Galilteam.
1574 1673 1727 1740 Quod
1756 1681 1937 1731 autem

364 1758 694 1812 mirarentur
721 1758 1016 1827 gaudentes
1041 1759 1296 1832 disruptis
1318 1769 1373 1815 et
1398 1764 1591 1820 evictis
1615 1763 1934 1821 ditiicultati-

361 1848 487 1913 bus,
516 1847 716 1917 aperiri
752 1849 854 1904 sibi
884 1850 1086 1905 ostium
1125 1851 1180 1906 in
1210 1853 1437 1910 Domino
1465 1870 1564 1925 per
1587 1855 1937 1913 illuminatio-
1966 1854 2011 1912 Β

361 1954 490 1994 nem
523 1937 787 2002 ﬁdelium,
822 1939 924 1996 hoc
958 1940 1295 2012 intelligitur,
1326 1944 1398 1998 ibi
1435 1961 1554 2001 eum
1587 1946 1845 2012 videbitis,
1881 1948 1937 2003 id

360 2044 468 2099 est,
501 2036 743 2091 membra
777 2036 896 2108 ejus
932 2037 1246 2107 invenietis,
1268 2041 1353 2096 'ibi
1393 2049 1449 2096 et
1502 2041 1573 2098 ibi
1610 2043 1790 2098 vivum
1817 2059 1938 2098 cor-

360 2138 465 2192 pus
503 2125 620 2194 ejus
656 2135 712 2181 et
760 2127 813 2181 in
849 2128 929 2183 eis
962 2129 1054 2198 qui
1091 2145 1185 2185 vos
1231 2133 1571 2201 susceperint
1610 2135 1933 2204 agnoscetis.

363 2217 841 2274 Seeundum'illud
878 2229 1089 2286 autem,
1131 2222 1272 2290 quod
1296 2222 1513 2278 Galila‘a
1549 2224 1938 2296 interpretatur

365 2307 653 2370 revelatio.
692 2326 800 2365 non
842 2309 959 2379 jam
1007 2312 1061 2366 in
1115 2310 1288 2367 forma
1336 2312 1477 2368 servi
1530 2314 1936 2386 intelligendum

359 2407 464 2463 est,
497 2401 594 2455 sed
623 2402 677 2456 in
707 2402 799 2456 illa
835 2419 940 2473 qua
969 2403 1193 2474 {equalis
1219 2403 1488 2471 estPatri,
1520 2407 1662 2476 quod
1688 2408 1938 2477 promisit

363 2490 503 2559 apud
529 2488 792 2547 Joannem
829 2492 1178 2548 dilectoribus
1223 2494 1356 2561 suis,
1404 2510 1527 2550 cum
1573 2496 1820 2552 diceret:
1866 2496 1935 2551 Et

360 2596 453 2650 ego
472 2580 689 2652 diligant
719 2599 870 2649 eum,
911 2592 960 2636 ct
993 2581 1263 2638 ostendam
1292 2585 1544 2655 meipsum
1581 2583 1678 2639 illi.
1712 2583 1806 2641 Illa
1834 2586 1939 2641 erit

364 2673 623 2729 revelatio
658 2681 909 2744 tanquam
941 2691 1068 2731 vera
1100 2674 1342 2743 Galilaea,
1376 2692 1494 2731 cum
1527 2677 1722 2733 similes
1755 2677 1804 2732 ei
1834 2679 1937 2733 eri-

360 2781 498 2829 mus,
532 2764 619 2818 ubi
650 2783 767 2820 eum
809 2767 1091 2824 videbimus
1131 2769 1285 2823 sicuti
1325 2780 1419 2824 est.
1463 2768 1582 2839 ipsa
1628 2769 1738 2824 erit
1773 2770 1935 2825 etiam

358 2856 570 2911 beatior
600 2858 1005 2929 transmigratio
1039 2872 1101 2914 ex
1143 2860 1245 2929 isto
1278 2858 1475 2916 saeculo
1512 2860 1565 2914 in
1588 2854 1747 2914 illam
1780 2862 1937 2914 teter-

360 2946 606 3011 nitatem,
646 2947 691 3002 si
731 2946 848 3015 ejus
880 2959 1148 3020 pnecrpta
1187 2951 1265 3015 sic
1312 2949 1721 3021 amplectamur,
1770 2960 1830 3006 ut
1868 2952 1935 3007 ad

358 3038 606 3092 dextram
636 3039 752 3110 ejus
779 3043 1049 3113 segregari
1078 3058 1401 3098 mereamur.
1431 3042 1583 3098 'l‘unc
1607 3043 1749 3099 enim
1784 3044 1936 3099 ibunt

358 3128 564 3183 sinistri
606 3130 658 3183 in
697 3132 1123 3189 combustionem
1167 3118 1427 3189 aeternam
1445 3174 1460 3199 ,
1494 3132 1621 3202 justi
1654 3128 1837 3189 autem
1880 3135 1933 3190 in

358 3218 527 3272 vitam
559 3227 837 3275 arternam.
902 3232 916 3241 '

991 3328 1304 3369 CONCOBDIA.

428 3416 486 3470 in
516 3420 880 3489 assumptione
920 3424 1252 3479 ascensionis
1280 3424 1513 3492 Domini,
1547 3427 1769 3482 istarum
1800 3427 1935 3482 dua-

360 3522 483 3563 rum
521 3508 581 3562 tit
609 3511 897 3565 concordia
930 3512 1244 3569 lectionum.

478 3637 801 3695 DOMlNlCA
838 3639 1011 3697 POST
1047 3643 1524 3702 ASCENSIONEM
1564 3646 1818 3703 DOMINI.

569 3744 828 3786 ειηετοιλ
868 3747 1031 3787 "illi
1070 3749 1229 3790 ΒΕΑΤΙ
1271 3752 1449 3801 PETRI,
1489 3752 1608 3792 CAP.
1652 3754 1727 3793 η’.

440 3859 457 3890 σ
493 3841 679 3897 Estote
706 3844 997 3913 prudentes
1019 3853 1075 3901 et
1100 3847 1319 3919 vigilate
1340 3850 1396 3904 in
1422 3851 1777 3907 orationibus.
1801 3851 1939 3909 Ante

364 3949 384 3979 ι
432 3931 613 3986 omnia
636 3942 818 3988 autem
842 3945 1081 3993 mutuam
1109 3938 1162 3993 in
1190 3940 1592 4011 vobismetipsis
1616 3943 1935 4001 charitatem

366 4037 385 4069 t
434 4021 745 4075 continuam
777 4024 1055 4089 habentes,
1069 4028 1198 4096 quia
1229 4029 1471 4084 charitas
1499 4031 1676 4101 operit
1697 4032 1941 4090 multitu-

364 4128 385 4158 ι
434 4108 612 4164 dinem
638 4121 1003 4183 peccatorum.
1038 4116 1340 4189 l105pitales
1365 4120 1619 4188 invicem,
1650 4112 1775 4180 sine
1791 4140 1937 4181 mur-

365 4219 383 4250 ι
431 4203 752 4258 moratione.
783 4203 1162 4279 Unusquisque
1187 4210 1329 4266 sicut
1359 4213 1568 4282 accepit
1596 4217 1846 4285 gratiam,
1881 4218 1935 4272 in

364 4314 385 4345 ι
433 4296 752 4354 alterutrum
798 4302 1237 4360 administrantes
1283 4306 1448 4372 illam.
1479 4310 1621 4365 sicut
1656 4312 1783 4366 boni
1829 4313 1936 4368 dis-

364 4405 384 4436 ι
430 4395 750 4456 pensatores
802 4391 1149 4449 multiformis
1177 4396 1365 4468 gratia:
1387 4397 1503 4453 Dei.
1537 4398 1594 4454 Si
1616 4401 1737 4470 quis
1764 4402 1937 4473 loqui-

364 4499 383 4531 ι
432 4489 538 4548 tur,
575 4482 731 4551 quasi
768 4498 1044 4541 sermones
1072 4486 1165 4543 Dei
1182 4527 1203 4561 ,_
1232 4489 1278 4544 si
1312 4490 1435 4561 quis
1472 4493 1761 4562 ministrat,
1811 4506 1930 4551 tan-

2050 598 2229 637 ramus
2268 583 2321 637 in
2347 600 2495 650 voce,
2526 601 2647 640 cum
2678 586 2973 642 intentione
2996 590 3203 646 sincera
3234 594 3401 650 Deum
3429 597 3621 653 debeat

2048 687 2151 725 non
2179 688 2343 728 sonus
2370 674 2538 741 vocis,
2567 677 2660 731 sed
2687 677 2879 733 animm
2908 694 3100 736 sensus
3130 688 3309 739 orare.
3489 667 3501 677 ⁸

2116 782 2246 839 Ante
2276 786 2452 839 omnia
2481 794 2654 840 autem
2682 800 2919 843 mutuam
2949 792 3003 844 in
3029 792 3410 866 nobismetipsis
3439 799 3617 854 chart-

2045 884 2201 928 tatem
2238 875 2537 929 continuam
2570 877 2832 932 habentes.
2884 880 3029 936 Bene
3063 884 3240 951 addit,
3275 888 3609 953 continuam,

2042 979 2148 1032 qua
2182 979 2394 1034 semper
2421 965 2642 1036 diligere
2677 968 2953 1025 valeamus
2974 1014 2988 1037 ,
3021 988 3233 1043 semper
3267 984 3444 1032 autem
3484 979 3618 1050 vigi~

2043 1054 2156 1109 lare
2198 1055 2253 1109 in
2291 1056 2644 1121 orationibus.
2688 1059 2974 1131 fragilitate
3009 1065 3189 1120 carnis
3226 1067 3494 1135 obstante,
3524 1087 3618 1125 nc-

2041 1145 2279 1214 quimus.
2322 1145 2550 1219 Semper
2588 1149 2695 1217 his,
2729 1167 2865 1220 quas
2899 1152 3193 1227 subjuugit,
3222 1158 3509 1216 virtutibus
3535 1162 3619 1216 in-

2041 1234 2234 1290 sistere
2284 1237 2505 1293 minime
2549 1240 2845 1297 valeamus.
2899 1244 3024 1301 ideo
3072 1248 3423 1317 hospitalitati
3453 1291 3467 1315 ,
3523 1251 3617 1307 do-

2040 1325 2252 1391 ctrinm,
2293 1327 2751 1407 administrationi
2802 1336 3121 1407 gratiarum,
3164 1340 3244 1392 vel
3281 1322 3617 1399 communio-

2041 1430 2169 1469 num
2204 1415 2287 1469 vel
2322 1417 2646 1486 spiritalium
2681 1421 2734 1475 in
2763 1424 3057 1491 proximos,
3086 1422 3402 1500 «veterisque
3433 1431 3617 1500 hujus-

2041 1506 2207 1571 modi,
2241 1508 2365 1576 quia
2401 1508 2517 1563 haec
2556 1510 2832 1577 nimirum,
2864 1523 2918 1567 et
2956 1529 3053 1583 per
3091 1516 3325 1571 ollicium
3373 1522 3616 1590 corporis

2037 1606 2093 1655 et
2127 1607 2368 1669 tempora
2405 1611 2704 1672 opportuna
2734 1605 2850 1659 tieri
2880 1622 3102 1663 necesse
3147 1617 3249 1664 est.
3288 1610 3404 1680 ipsa
3436 1620 3616 1666 autem

2037 1692 2299 1757 Charitas,
2341 1679 2494 1765 Cujus
2543 1694 2820 1764 instinctu.
2864 1698 2980 1754 haec
3022 1700 3168 1756 foras
3213 1679 3466 1773 aguntur,
3496 1718 3618 1773 qua:

2040 1784 2287 1840 interiori
2336 1786 2541 1840 homini
2582 1789 2862 1858 praesidet,
2919 1806 3134 1862 semper
3183 1792 3380 1849 ibidem
3428 1795 3617 1849 haberi

2039 1882 2250 1945 potest,
2295 1877 2549 1946 quamvis
2588 1879 2641 1933 iu
2678 1880 2952 1950 publicum
2997 1897 3105 1937 non
3152 1898 3367 1953 semper
3403 1885 3617 1939 ostendi

2039 1974 2237 2036 potest.

2109 2069 2248 2147 Quia
2275 2081 2505 2159 charitas
2528 2083 2690 2152 operit
2714 2083 3102 2139 multitudinem
3121 2096 3475 2155 peccatorum,
3502 2096 3610 2142 etc.

2036 2171 2095 2226 lu
2118 2185 2185 2226 eo
2211 2170 2465 2238 maxime,
2479 2187 2601 2227 cum
2627 2174 2898 2229 veraciter
2922 2175 3031 2229 Deo
3057 2176 3257 2231 dicitur
3279 2194 3290 2229 :
3318 2176 3388 2232 Et
3415 2177 3617 2232 dimitte

2038 2262 2185 2317 nobis
2215 2262 2389 2316 debita
2425 2271 2636 2328 nostra,
2689 2265 2823 2319 sicut
2870 2275 2917 2320 et
2950 2282 3043 2320 nos
3077 2266 3388 2321 dimittimus
3420 2267 3621 2321 debito-

2038 2353 2181 2407 ribus
2215 2354 2426 2408 nostris.
2466 2352 2536 2408 Et
2573 2354 2839 2425 siquidem
2882 2366 3078 2412 cuncta
3119 2373 3282 2427 opera
3322 2358 3462 2414 bona
3493 2374 3616 2429 qua:
3700 2416 3707 2421 ,

2036 2442 2299 2510 facimus,
2334 2443 2522 2515 culpas
2557 2460 2692 2514 quas
2729 2445 2955 2503 fecimus
2998 2448 3209 2511 diluere,
3245 2458 3301 2505 et
3337 2449 3620 2520 cooperire

2035 2543 2244 2592 certum
2282 2543 2386 2591 est.
2434 2534 2541 2592 Sed
2578 2537 2684 2594 hoc
2723 2538 2846 2594 ideo
2888 2540 3196 2610 specialiter
3235 2541 3304 2597 de
3348 2541 3617 2597 charitate

2035 2625 2252 2692 dicitur,
2294 2640 2393 2696 per
2433 2642 2595 2697 quam
2618 2630 2882 2697 proximis
2923 2631 3144 2697 nostris,
3182 2645 3246 2686 ea
3295 2645 3416 2702 quze
3461 2632 3618 2687 nobis

2034 2714 2253 2779 debent,
2283 2715 2568 2781 donamus,
2598 2717 2725 2786 quia
2755 2718 3117 2788 justissimum
3144 2728 3227 2775 est
3253 2722 3395 2790 apud
3423 2721 3613 2785 Deum,

2036 2814 2096 2859 ut
2127 2802 2283 2872 juxta
2330 2820 2642 2883 mensuram
2693 2807 2911 2876 pietatis
2960 2825 3067 2877 qua
3114 2809 3285 2864 mensi
3334 2810 3616 2875 fuerimus,

2036 2893 2352 2950 remetietur
2390 2895 2567 2951 nobis.
2638 2894 2791 2951 Sicut
2843 2907 3065 2952 econtra
3105 2899 3419 2954 terribiliter
3455 2901 3620 2955 duros

2035 2984 2215 3043 cordis
2238 2985 2323 3039 vir
2357 2985 2575 3056 sapiens
2604 2986 2801 3056 arguit,
2829 2987 3017 3043 dicens
3041 3005 3053 3040 :
3084 2987 3257 3043 Homo
3279 2989 3477 3044 homini
3507 3006 3620 3044 ser-

2035 3087 2118 3132 vat
2140 3078 2297 3141 iram,
2319 3086 2367 3132 et
2390 3095 2424 3132 a
2446 3076 2555 3138 Deo
2582 3079 2771 3149 quterit
2793 3078 3066 3134 medelam.
3097 3079 3208 3135 Nec
3233 3081 3614 3147 dubitandum,

2036 3169 2179 3240 quod
2227 3170 2281 3224 in
2324 3183 2391 3225 eo
2431 3184 2666 3239 quoque,
2704 3172 2796 3241 qui
2842 3180 2941 3240 per
2987 3173 3309 3229 eharitatem
3357 3175 3619 3244 quidquid

1988 3254 2006 3275 ⁴
2039 3261 2180 3317 valet
2202 3276 2329 3331 erga
2355 3262 2745 3318 correctionem
2776 3263 3009 3332 proximi
3052 3263 3413 3329 admonendo,
3442 3265 3621 3320 incre-

2037 3353 2232 3422 pando,
2288 3351 2603 3422 castigando
2655 3359 2930 3421 operatur,
2982 3352 3221 3408 Charitas
3273 3353 3387 3423 ipsa
3440 3354 3620 3423 operit

2038 3441 2437 3498 multitudinem
2470 3449 2838 3512 peccatorum.
3352 3524 3357 3529 Ι

2108 3552 2167 3609 Si
2195 3554 2312 3625 quis
2349 3553 2601 3625 loquitur,
2632 3555 2783 3625 quasi
2819 3571 3082 3609 sermones
3108 3553 3224 3608 Dei.
3282 3554 3500 3610 Timens
3539 3557 3620 3610 vi-

2036 3644 2246 3706 delicet,
2288 3658 2354 3699 ne
2389 3652 2584 3713 praeter
2611 3644 2940 3700 voluntatem
2967 3644 3087 3711 Dei,
3126 3645 3209 3699 vel
3239 3652 3435 3715 praeter
3472 3646 3619 3714 quod

2037 3737 2092 3791 in
2127 3736 2332 3792 sanctis
2366 3732 2972 3806 Scripturis’cvidenter
3001 3736 3329 3806 praecipitur,
3361 3734 3447 3790 vel
3473 3735 3622 3790 dicat

2036 3826 2268 3897 aliquid,
2304 3827 2390 3882 vel
2427 3827 2686 3898 imperet,
2724 3835 2778 3883 et
2814 3826 3120 3882 inveniatur
3155 3833 3412 3896 tanquam
3448 3825 3623 3883 falsus,

2038 3917 2193 3972 testis
2227 3917 2343 3985 Dei,
2386 3926 2480 3973 aut
2524 3918 2838 3990 sacrilegus,
2890 3916 2975 3973 vel
3023 3917 3371 3973 introdueens
3414 3916 3621 3987 aliquid

2035 4006 2343 4062 alienum'a
2374 4007 2617 4063 doctrina
2647 4008 2881 4073 Domini,
2910 4008 2996 4063 vel
3031 4016 3180 4064 certe
3207 4007 3625 4075 subrelinquens

2035 4104 2091 4154 et
2115 4098 2435 4169 praeteriens
2471 4097 2674 4168 aliquid
2712 4111 2902 4151 eorum
2936 4111 3056 4166 quae
3083 4098 3190 4151 Deo
3227 4095 3425 4166 placita
3468 4103 3625 4159 sunt,

2035 4203 2158 4244 cum
2198 4191 2314 4260 ipse
2360 4188 2802 4244 manifestissime
2850 4187 3300 4258 praedicatoribus
3344 4184 3615 4251 veritatis,

2035 4278 2103 4333 de
2134 4278 2217 4333 his
2240 4293 2377 4348 quos
2405 4278 2472 4332 ad
2497 4277 2664 4333 vitam
2714 4277 3023 4331 imbuerant
3064 4275 3343 4347 praecipiat
3392 4274 3610 4330 dicens:

2036 4373 2286 4427 Docentes
2307 4389 2393 4426 eos
2419 4368 2625 4427 servare
2640 4372 2815 4427 omnia
2839 4387 3162 4443 quaecunque
3190 4370 3440 4424 mandavi
3471 4369 3620 4426 vobis

2035 4463 2251 4536 (Matth.
2303 4463 2551 4536 ultimo);
2600 4464 2801 4520 etenim
2853 4480 2974 4535 qua:
3024 4465 3138 4535 ipse
3188 4463 3465 4519 mandavit
3508 4479 3617 4521 non

364 4591 383 4624 ι
431 4589 594 4643 quam
639 4589 707 4628 ex
743 4574 945 4631 virtute
981 4592 1142 4647 quam
1179 4551 1523 4638 administrat
1564 4585 1726 4650 Deus,
1747 4551 1835 4642 ἰιι
1877 4589 1932 4643 in
1956 4551 2012 4610 Β
2038 4555 2162 4650 ἷ¹¹ί³’
2191 4563 2249 4650 εδ
2278 4554 2394 4610 δέω
2428 4570 2534 4650 n0."
2564 4570 2633 4611 ex
2656 4564 2833 4650 Paf‘e’
2990 4555 3173 4611 omnia
3210 4554 3326 4612 suis
3351 4554 3618 4611 auditori-

364 4682 382 4715 ο
428 4664 680 4720 omnibus
720 4664 1105 4724 ltonoriticetur
1132 4669 1273 4727 Deus
1308 4688 1407 4742 per
1439 4672 1625 4732 Iesum
1659 4677 1934 4734 Christum

358 4778 379 4808 ι
433 4757 717 4811 Dominum
744 4766 1008 4815 nostrutn.
1057 4781 1077 4814 ι
1831 4756 1842 4766 ’

433 4846 613 4902 Estote
639 4847 919 4917 prudentes
950 4859 996 4905 et
1030 4851 1235 4922 vigilate
1267 4855 1323 4909 in
1358 4859 1702 4915 orationibus.
1737 4862 1803 4916 Et
1831 4862 1936 4917 Do-

352 4939 540 4996 minus
575 4938 632 4994 in
656 4939 948 5012 Evangelio
975 4957 1075 4999 nos
1102 4944 1293 5000 incerti
1330 4945 1455 5002 linis
1491 4948 1687 5005 intuitu
1721 4966 1937 5025 semper

351 5046 519 5085 orare
549 5045 615 5086 ac
646 5030 873 5101 vigilare
900 5035 1187 5106 praecepit;
1217 5036 1294 5091 ait
1320 5053 1577 5108 namque,
1611 5040 1837 5112 loquens
1868 5046 1935 5101 de

353 5121 447 5177 die
468 5121 658 5190 iudicii
694 5137 709 5176 :
748 5121 971 5193 Vigilate
1006 5126 1181 5191 itaque
1218 5129 1362 5183 omni
1401 5138 1656 5202 tempore,
1702 5147 1933 5203 orantes,

356 5221 417 5266 ut
457 5212 606 5283 digni
646 5213 942 5268 habeamini
969 5215 1148 5287 fugere
1194 5217 1297 5273 ista
1336 5222 1532 5285 omnia,
1577 5240 1695 5294 qua:
1753 5226 1936 5294 futura

353 5311 502 5368 sunt,
550 5313 597 5358 et
644 5312 785 5358 stare
827 5314 948 5360 ante
986 5305 1157 5375 ﬁlium
1196 5308 1442 5366 hominis.
1469 5312 1617 5369 Bene
1657 5324 1838 5371 autem
1881 5318 1934 5372 in

353 5397 700 5454 orationibus
738 5397 962 5468 vigilare
1010 5398 1287 5468 iubemur,
1336 5413 1397 5458 ut
1446 5420 1569 5462 cum
1617 5415 1826 5464 stamus
1867 5411 1935 5466 ad

354 5489 667 5545 orationem
691 5529 706 5554 ,
754 5490 1011 5561 cogitatio
1055 5492 1232 5548 onmis
1282 5495 1515 5550 carnalis
1561 5505 1619 5552 et
1662 5499 1936 5556 szecularis

358 5579 638 5645 abscedat,
662 5595 730 5634 ne
752 5581 1042 5650 quidquam
1075 5589 1202 5639 tunc
1227 5583 1441 5640 animus
1462 5596 1659 5654 prmter
1685 5587 1737 5644 id
1761 5588 1934 5644 solum

355 5671 566 5742 cogitet
613 5671 756 5739 quod
805 5682 1076 5742 precatur.
1147 5674 1391 5746 Subripit
1432 5678 1577 5733 enim
1627 5677 1935 5749 frequenter

357 5761 557 5827 hostis,
599 5770 654 5817 et
696 5761 965 5821 subtiliter
1017 5762 1205 5819 fallens
1245 5780 1433 5837 preces
1485 5777 1713 5834 nostras,
1764 5785 1793 5824 a
1824 5769 1934 5827 Deo

2028 4645 2143 4700 ’bus
2171 4645 2239 4699 ad
2272 4645 2597 4701 servandum
2634 4646 2848 4702 tradere
2869 4644 3043 4716 jubet.

2113 4751 2175 4807 Si
2195 4752 2310 4821 quis
2340 4753 2627 4820 ministrat,
2664 4762 2914 4826 tanquam
2941 4772 3006 4809 ea:
3036 4757 3222 4809 virtute
3253 4771 3411 4827 quam
3440 4754 3617 4809 admi¢

2043 4840 2230 4894 nistrat
2257 4840 2420 4896 Deus.
2460 4839 2634 4897 Tanto
2663 4841 2920 4897 humilius
2949 4841 3222 4913 impendat
3246 4842 3475 4913 quisque
3494 4855 3618 4911 pro-

2041 4933 2187 4988 ximo
2220 4934 2418 4988 bonum
2447 4945 2608 5005 omne
2643 4933 2787 5003 quod
2830 4940 3025 5002 potest,
3072 4939 3274 5001 quanto
3315 4931 3619 4987 certissime

2042 5023 2213 5088 novit,
2243 5023 2369 5093 quia
2406 5038 2437 5077 a
2464 5022 2754 5093 semetipso
2784 5037 2891 5077 non
2920 5031 3097 5092 potest
3123 5021 3322 5077 habere
3342 5023 3483 5091 quod
3509 5022 3615 5077 im-

2041 5113 2258 5184 pendat.

2116 5223 2181 5278 Ut
2214 5225 2268 5278 in
2299 5225 2537 5279 ontnibus
2567 5224 2943 5294 honoriﬁcetur
2964 5224 3105 5281 Dens
3142 5243 3236 5297 per
3262 5224 3438 5280 Iesum
3464 5223 3617 5280 Chri-

2041 5326 2197 5391 stum.
2244 5315 2405 5370 Juxta
2453 5315 2622 5385 ipsius
2665 5316 2793 5372 Jesu
2835 5317 3034 5373 Christi
3082 5330 3427 5388 praeceptum,
3472 5316 3615 5386 quod

2041 5410 2119 5464 ait
2144 5429 2155 5463 :
2198 5408 2415 5463 Videant
2447 5420 2614 5465 vestra
2643 5428 2801 5480 opera
2830 5397 2985 5477 bona,
3011 5423 3059 5466 et
3079 5412 3369 5482 gloriﬁcent
3401 5407 3615 5462 Patrem

2040 5509 2262 5554 vestrum
2292 5500 2383 5571 qui
2422 5510 2497 5555 est
2537 5501 2591 5555 in
2630 5501 2770 5556 cadis
2810 5501 3025 5573 (Matth.
3062 5502 3156 5569 vt).
3218 5499 3614 5555 llonorilicatur

2038 5606 2168 5662 ergo
2191 5593 2332 5648 Deus
2374 5593 2429 5647 in
2466 5596 2677 5650 actibus
2721 5595 2939 5660 nostris,
2972 5588 3093 5651 cum
3125 5608 3284 5648 omne
3310 5593 3451 5663 quod
3479 5593 3616 5648 bene

2038 5700 2101 5739 ac
2150 5686 2444 5741 secundum
2490 5686 2819 5741 voluntatem
2876 5685 2993 5755 ejus
3042 5686 3295 5746 facimus,
3353 5700 3460 5740 non
3515 5687 3616 5742 hoc

2039 5775 2239 5831 nostris
2291 5776 2521 5843 meritis,
2552 5778 2646 5831 sed
2670 5776 2787 5846 ejus
2814 5778 3001 5846 gratia:
3032 5776 3336 5834 tribuimus.
3378 5779 3614 5837 Econtra
