3954 6200
339 329 451 397 διε,

1604 324 1951 385 SMARAGDI
1988 328 2277 384 ABBATlS

3478 337 3587 397 310

338 453 529 502 autem
571 442 710 498 mala
755 457 874 513 qua:
920 441 1186 513 gerimus,
1237 451 1438 497 nostra:
1473 440 1648 496 solum
1688 440 1903 495 malitiae
1932 443 1976 500 A
2005 440 2296 508 praedicare
2329 439 2472 508 quozl
2512 439 2709 505 nostis,
2748 439 2890 510 quod
2929 447 2987 495 ut
3025 441 3188 496 modo
3229 458 3353 501 non.
3378 442 3587 518 facitis,

344 535 431 593 vel
464 535 673 592 inertia:
697 533 782 589 vel
808 533 1123 604 ignorantia:
1146 533 1485 605 deputamus.

483 634 493 643 ”
686 638 1021 679 ενΑιησειιυιι
1058 640 1292 690 ιοΑΝΝιε,
1332 641 1450 679 CAP.
1484 640 1573 679 XV.

415 736 437 768 ι
480 716 612 771 Cum
650 723 830 769 autem
863 714 1074 792 venerit
1106 714 1428 785 paracletus,
1464 730 1624 785 quem
1652 728 1753 785 ego
1788 714 1912 767 mit-

349 828 371 861 ε
414 817 523 863 tam
549 807 700 862 vobis
741 806 950 862 aPatre
985 806 1232 876 spiritdm
1280 808 1544 873 veritatis,
1582 806 1673 877 qui
1706 808 1911 863 aPatre

345 918 364 949 ι
408 896 671 968 procedit,
709 896 802 951 ille
846 896 1214 951 testimonium
1251 896 1659 968 perhibebit'de
1699 912 1805 950 me.
1845 896 1912 950 Et

346 1009 365 1040 ε
411 1005 509 1044 vos
546 988 915 1043 testimonium
955 987 1329 1058 perhibebitis,
1370 988 1494 1058 quia
1523 989 1592 1044 ab
1618 988 1771 1042 initio
1800 1002 1913 1051 me-

347 1100 366 1131 ι
411 1096 535 1145 cum
567 1081 717 1135 estis.
766 1079 892 1135 Haec
928 1078 1138 1135 loeutus
1174 1095 1291 1135 sum
1327 1080 1503 1146 vobis,
1533 1087 1594 1134 ut
1620 1096 1727 1135 non
1757 1094 1914 1134 scan—

344 1189 365 1221 ι
411 1170 735 1226 dalizemini.
800 1169 1020 1239 Absque
1067 1170 1356 1241 synagogis
1403 1168 1603 1225 facient
1640 1185 1767 1235 vos,
1818 1169 1912 1223 sed

343 1277 365 1311 ι
409 1259 558 1315 venit
584 1259 737 1325 hora,
767 1267 829 1313 ut
855 1260 1032 1315 oumis
1060 1259 1153 1331 qui
1193 1260 1461 1315 interficit“
1480 1275 1592 1327 vos,
1620 1261 1915 1316 arbitretur

348 1372 367 1405 ι
411 1354 728 1422 obsequium
750 1368 811 1408 se
833 1361 1092 1422 praestare
1115 1353 1246 1408 Deo.
1279 1352 1348 1407 Et
1373 1342 1488 1408 huic
1512 1351 1714 1413 facient
1736 1350 1910 1415 vobis,

348 1461 369 1494 ι
412 1443 539 1513 quia
582 1459 689 1498 non
734 1451 1000 1497 noverunt
1031 1441 1249 1498 Patrem
1292 1459 1466 1512 neque
1506 1459 1610 1499 me.
1664 1443 1770 1499 Sed
1800 1444 1912 1500 haec

347 1554 366 1586 ι
412 1535 623 1590 locutus
670 1549 792 1588 sum
837 1533 1009 1597 vobis,
1050 1542 1110 1587 ut
1149 1548 1269 1587 cum
1309 1535 1518 1588 venerit
1547 1535 1679 1589 hora
1725 1522 1934 1590 eorum

349 1641 369 1674 ι
415 1623 865 1688 reminiscamini,
893 1625 1018 1692 quia
1049 1628 1149 1693 ego
1178 1623 1289 1678 dixi
1320 1624 1490 1679 vobis.
1539 1645 1557 1676 l

412 1712 545 1768 Cum
575 1722 748 1767 autem
782 1715 977 1767 venerit
1002 1712 1231 1784 Spiritus
1272 1716 1596 1786 paracletus,
1633 1734 1783 1788 quem
1820 1733 1911 1788 ego

2011 529 2147 585 illius
2164 530 2399 599 Spiritus
2424 530 2697 602 plenitudo
2725 529 2960 585 nondum
2988 532 3139 587 adest
3166 534 3341 591 vobis.

2092 618 2221 673 Iltcc
2264 618 2465 673 locutus
2508 636 2625 673 sum
2667 621 2840 686 vobis,
2865 630 2921 674 ut
2963 639 3066 676 non
3105 623 3542 684 scandalizemini
3565 645 3587 686 ε

2009 713 2200 783 absque
2227 714 2504 783 synagogis
2536 713 2729 784 facient
2768 731 2873 769 vos.
2931 715 3157 769 Curavit
3191 733 3426 789 namque
3464 722 3591 790 pius

2011 806 2268 876 magister
2312 805 2493 860 futura
2541 805 2820 876 discipulis
2867 820 3159 874 pravorum
3210 809 3348 864 bella
3393 815 3588 880 praedi-

2010 912 2154 962 cere,
2183 912 2290 966 quo
2322 898 2501 952 minus
2529 898 2644 952 haec
2667 912 2763 952 eos
2791 897 3060 953 venientia
3098 906 3318 969 possent
3347 903 3587 958 turbare.

2012 985 2199 1041 Solent
2233 988 2378 1041 enim
2416 987 2586 1041 levius
2620 986 2750 1042 ferri
2792 987 3017 1042 adversa
3055 1005 3177 1057 qua:
3208 991 3589 1058 prmsciuntur,

2011 1096 2173 1149 quam
2213 1094 2332 1149 qua:
2369 1079 2548 1134 subito
2581 1096 2652 1148 ex
2689 1079 2974 1149 desperato
3014 1082 3419 1150 superveniunt,
3451 1084 3595 1140 sicut

2012 1171 2065 1224 in
2114 1169 2359 1224 satculari
2404 1170 2707 1223 litteratura
2756 1168 2953 1239 legitur
2993 1186 3008 1225 :
3060 1187 3078 1219 ι
3117 1168 3273 1240 Saepe
3320 1173 3595 1241 repentini

2011 1276 2170 1316 casus
2221 1260 2649 1330 perturbationis
2698 1259 3024 1317 fortissimos
3066 1275 3307 1331 quosque
3354 1262 3410 1317 in
3448 1263 3596 1331 bello

2013 1349 2212 1405 milites
2240 1348 2467 1417 fatigare
2493 1348 2688 1404 solent.
2715 1369 2734 1401 ι
3492 1342 3493 1345 “

2085 1437 2190 1493 Sed
2232 1440 2362 1493 venit
2399 1439 2552 1503 hora,
2589 1447 2646 1491 ut
2686 1438 2855 1492 omnis
2893 1439 2984 1509 qui
3022 1439 3270 1508 interﬁcit
3309 1458 3415 1505 vos,
3450 1441 3599 1495 arbi-

2011 1537 2178 1580 tretur
2207 1527 2507 1597 obsequium
2539 1543 2594 1581 se
2612 1536 2864 1597 prtrstare
2887 1527 3016 1582 Deo.
3048 1527 3468 1584 Arbitrabantur
3499 1533 3599 1585 ob-

2014 1616 2259 1685 sequium
2299 1631 2357 1671 se
2394 1624 2656 1685 prmstare
2688 1618 2802 1671 Deo
2829 1614 3026 1682 Judaei,
3061 1618 3116 1673 in
3156 1635 3223 1674 eo
3265 1621 3408 1690 quod
3436 1622 3597 1676 mini-

2013 1713 2156 1760 stros
2177 1704 2311 1759 Novi
2334 1706 2665 1761 Testamenti
2690 1706 2828 1762 odiis
2865 1707 3286 1777 insequebantur
3312 1720 3368 1765 et
3392 1722 3599 1768 morte.

339 1804 544 1857 mittam
572 1803 712 1857 vobis
744 1821 777 1858 a
805 1800 966 1863 Patre
1004 1779 1139 1868 meo,
1185 1779 1439 1874 Spiritum
1466 1779 1715 1872 veritatis,
1752 1779 1911 1879 qui'a
1941 1779 1987 1836 Β
2015 1795 2122 1850 Sed
2189 1795 2330 1879 Sic!“
2395 1795 2503 1851 illis
2557 1798 2925 1852 ιεδῐίωοηῖυῐῐὶ
2983 1800 3233 1869 Perhith
3279 1800 3602 1871 Αμοειοιυδ..

340 1892 503 1948 Patre
522 1894 773 1964 procedit.
821 1894 897 1948 Ex
928 1893 1113 1948 multis
1151 1895 1326 1949 sancti
1352 1894 1627 1964 Evangelii
1660 1894 1793 1950 locis
1831 1895 1913 1950 in-

334 1984 604 2049 venimus,
633 1984 760 2054 quia
787 1982 1039 2055 discipuli
1080 1994 1207 2040 aute
1244 1986 1533 2040 adventum
1577 1987 1749 2050 sancti
1786 1986 1912 2057 Spi-

336 2076 475 2131 ritus
502 2076 680 2151 minus
714 2091 941 2147 capaces
971 2087 1129 2132 erant
1166 2079 1233 2133 ad
1270 2078 1671 2148 intelligendum
1717 2094 1911 2134 arcana

337 2168 531 2223 divina:
574 2169 946 2235 sublimitatis,
974 2169 1152 2225 minus
1189 2168 1357 2225 fortes
1407 2169 1474 2224 ad
1507 2170 1781 2225 toleranda
1820 2171 1913 2224 ad-

335 2273 495 2313 versa
530 2258 777 2314 humana:
813 2259 1119 2329 pravitatis,
1144 2260 1239 2313 sed
1271 2259 1352 2314 eis
1374 2259 1691 2315 adveniente
1705 2260 1913 2329 Spiritu

333 2365 460 2405 cum
511 2357 798 2420 augmento
848 2352 1042 2407 divina:
1094 2352 1390 2423 agnitionis
1434 2352 1559 2406 data
1609 2360 1696 2407 est
1747 2353 1911 2407 etiam

334 2439 642 2494 constantia
694 2440 942 2495 vincendi
995 2441 1243 2495 humanae
1294 2440 1688 2510 persecutionis
1734 2449 1914 2495 tenta-

340 2539 542 2584 meuta.
605 2529 755 2585 Unde
794 2546 887 2586 eos
914 2530 1149 2601 Spiritus
1188 2531 1359 2586 sancti
1399 2531 1629 2586 adventu
1669 2532 1917 2602 promisit

340 2621 677 2677 roborandos
702 2637 840 2689 esse,
876 2621 959 2676 vel
1000 2622 1067 2677 ad
1097 2621 1348 2677 ﬁduciam
1379 2623 1801 2693 pra-dicationis,
1831 2623 1915 2678 vel

338 2710 407 2765 ad
453 2699 809 2766 constantiam
856 2712 1161 2782 passionis,
1209 2711 1350 2766 sicut
1404 2713 1458 2766 in
1508 2712 1623 2782 ipso
1673 2712 1915 2783 principe

334 2800 702 2872 apostolorum
739 2801 941 2857 factum
980 2816 1102 2857 esse
1143 2802 1512 2872 cognovimus,
1547 2803 1638 2871 qui
1668 2803 1820 2873 prius
1846 2803 1914 2858 ad

337 2893 498 2948 unius
560 2893 769 2949 ancilla:
825 2909 1011 2957 vocem
1058 2893 1330 2949 Christum
1398 2894 1576 2949 timuit
1644 2892 1913 2958 conﬁteri,

336 2996 495 3050 quem
524 2991 711 3052 postea
747 2983 922 3052 palam
959 2991 1015 3038 et
1041 2984 1293 3038 omnibus
1326 2983 1538 3037 caeteris
1581 2984 1917 3038 constantius

334 3078 523 3124 sancto
544 3057 752 3139 Spiritu
790 3072 1079 3126 roboratus
1115 3070 1299 3126 multis
1323 3069 1629 3125 Iudaeorum
1672 3070 1909 3125 millibus

333 3159 668 3228 prredicavit,
695 3161 771 3214 ita
805 3170 866 3214 ut
901 3160 970 3213 ad
993 3159 1110 3228 ejus
1137 3160 1573 3230 praedicationem
1608 3160 1713 3213 tria
1741 3159 1907 3213 millia

336 3249 577 3304 virorum
616 3250 844 3320 legimus
883 3252 1200 3317 credidisse,
1239 3260 1295 3307 et
1330 3252 1633 3321 baptizatos
1676 3267 1817 3319 esse,
1847 3262 1910 3308 tet

335 3353 443 3391 non
481 3347 604 3408 post
657 3339 881 3394 multum
942 3343 1199 3411 temporis
1243 3344 1409 3399 etiam
1458 3345 1694 3415 quinque
1741 3345 1905 3399 millia

334 3428 648 3484 credidisse.
686 3429 838 3497 Quod
869 3446 998 3487 vero
1022 3433 1133 3487 ait:
1161 3424 1265 3500 Qui
1305 3452 1337 3489 a
1363 3434 1523 3490 Patre
1561 3436 1814 3505 procedit,
1852 3444 1907 3492 et
1952 3470 1955 3471 ν

334 3518 517 3573 statim
552 3517 847 3587 subiunxit,
877 3538 1030 3592 quem
1068 3540 1162 3595 ego
1190 3524 1415 3588 mittam,
1460 3524 1727 3596 significat
1760 3525 1905 3580 enim

331 3610 477 3678 quod
526 3611 806 3681 aequaliter
852 3613 991 3669 idem
1034 3616 1271 3686 Spiritus
1314 3624 1532 3672 sanctus
1581 3633 1609 3670 a
1646 3616 1809 3673 Patre
1853 3627 1909 3674 et

321 3697 734 3768 Filioprocedit,
772 3711 830 3757 et
856 3705 1135 3772 aequaliter
1175 3703 1380 3763 al’atrc
1417 3705 1610 3761 etFilio
1639 3708 1903 3774 mittitur;

334 3789 430 3843 sed
476 3790 1142 3859 propter‘distinctionem
1184 3810 1537 3863 personarum
1582 3798 1670 3851 hic
1711 3798 1907 3854 dicitur

338 3893 368 3930 a
407 3876 567 3931 Patre
609 3877 903 3946 procedere
928 3921 943 3947 ,
983 3889 1091 3937 eta
1122 3878 1257 3938 Filio
1300 3884 1438 3938 mitti
1464 3870 1581 3950 ,‘et
1624 3886 1678 3940 in
1716 3887 1907 3943 eadem

333 3963 682 4022 distinctione
709 3983 1060 4037 personarum
1084 3987 1244 4026 unam
1274 3987 1395 4029 esse
1423 3976 1812 4043 operationem,
1842 3994 1907 4033 ac

336 4052 665 4119 voluntatem
710 4072 862 4112 suam
907 4075 1029 4113 cum
1071 4057 1251 4116 Patris
1284 4062 1555 4120 voluntate
1606 4066 1903 4121 denuntiet.

335 4142 494 4200 Venit
537 4147 700 4202 etiam
746 4158 802 4205 et
849 4166 946 4205 sua
993 4161 1201 4221 sponte,
1240 4154 1332 4223 qui
1382 4155 1604 4226 aequalis
1644 4165 1731 4211 est
1760 4154 1904 4211 Patri

333 4243 389 4289 ct
409 4234 581 4303 Filio,
637 4255 745 4309 quo
791 4251 1150 4312 cognoscatur
1198 4260 1360 4300 unam
1414 4261 1535 4303 esse
1578 4246 1905 4303 voluntatem

331 4335 493 4397 atque
528 4333 894 4399 Operationem
931 4343 1137 4390 sanctae
1168 4335 1469 4395 Trinitatis.

408 4417 531 4483 Ille,
557 4421 748 4492 inquit,
790 4426 1145 4479 testimonium
1186 4428 1469 4496 per/libebit
1504 4429 1569 4483 de
1607 4447 1708 4496 me,
1741 4441 1790 4485 et
1820 4449 1905 4486 vos

335 4511 690 4569 testimonium
720 4516 1071 4585 perlribebitis.
1107 4516 1244 4583 Quia
1273 4534 1393 4588 quae
1420 4522 1611 4590 spiritu
1639 4522 1785 4578 intus
1812 4525 1906 4579 do-

331 4608 489 4654 cente
522 4613 896 4671 perceperunt,
927 4605 1044 4661 haec
1074 4608 1287 4676 abjecto
1322 4609 1514 4664 timore
1541 4613 1908 4679 praestiterunt

234 4690 241 4699 ‘
333 4686 465 4755 foris
490 4689 758 4759 loquendo
782 4702 838 4749 et
856 4695 978 4751 aliis
1007 4696 1381 4753 ministrando.
1412 4697 1527 4768 Ipse
1547 4704 1904 4770 namqueSpi-

333 4785 470 4839 ritus
514 4787 677 4842 corda
722 4803 932 4854 eorum,
976 4797 1033 4844 et
1078 4790 1146 4844 ad
1184 4790 1465 4844 scientiam
1509 4792 1751 4847 veritatis
1786 4793 1903 4846 illu-

330 4875 546 4944 stravit,
568 4886 624 4933 et
650 4877 717 4934 ad
745 4879 983 4937 docenda
1013 4896 1133 4951 qua:
1158 4880 1380 4936 nossent
1405 4880 1638 4936 culmine
1658 4882 1903 4938 veritatis

332 4963 529 5021 erexit.
1420 4968 1431 4978 “

400 5053 535 5110 Cum
577 5067 753 5112 autem
793 5062 988 5116 venerit
1014 5059 1323 5117 Paracletus
1346 5102 1361 5128 ,
1418 5062 1507 5117 ille
1549 5063 1899 5119 testimonium

329 5149 614 5221 perhibebit
641 5152 706 5206 de
736 5169 836 5207 me.
864 5152 1143 5224 Tanquam
1165 5154 1409 5210 diceret:
1433 5152 1570 5209 Odio
1596 5154 1901 5209 habuerunt

327 5248 384 5296 et
413 5240 726 5296 occiderunt
762 5242 1028 5310 videntes,
1076 5244 1169 5299 sed
1214 5244 1321 5299 tale
1361 5244 1429 5299 de
1474 5259 1561 5300 me
1587 5243 1901 5299 Paracletus

331 5333 696 5388 testimonium
729 5334 1049 5405 perhibebit,
1080 5344 1141 5390 ut
1179 5351 1272 5391 eos
1292 5334 1454 5392 faciat
1485 5336 1539 5391 in
1567 5351 1655 5392 me
1678 5336 1897 5392 credere

328 5440 435 5482 non
467 5428 732 5484 videntes.

401 5515 470 5570 Et
506 5536 624 5584 vos,
660 5519 853 5592 inquit,
900 5523 1249 5577 testimonium
1286 5524 1636 5593 per/tibebitts,
1669 5525 1791 5595 quia
1832 5524 1895 5576 ab
1926 5522 1937 5527 ’

329 5608 479 5663 initio
504 5629 702 5667 mecum
733 5617 874 5670 estis.
928 5616 1488 5686 PerhibebitSpiritus
1518 5627 1755 5681 sanctus,
1784 5632 1899 5686 per-

331 5695 583 5755 hibebiiis
614 5713 668 5758 et
690 5720 804 5771 vos,
831 5705 951 5774 quia
976 5705 1041 5759 ab
1066 5703 1216 5760 initio
1247 5721 1454 5762 mecum
1486 5703 1642 5767 estis;
1672 5706 1897 5773 potestis

1935 3116 1979 3177 C

2011 1878 2408 1943 :emulatidnem
2432 1887 2527 1943 Dei
2555 1887 2778 1955 habent,
2814 1890 2908 1945 sed
2943 1907 3048 1945 non
3085 1893 3382 1947 secundum
3412 1894 3591 1949 scien-

2015 1977 2165 2032 tiam.
2203 1976 2550 2032 Arbitrantur
2578 1993 2707 2050 ergo
2746 1979 2877 2051 legis
2901 1982 3245 2037 armulatores
3271 1984 3591 2054 obsequium

2014 2083 2072 2124 sc
2105 2075 2363 2138 prtestare
2395 2069 2523 2136 Deo,
2567 2071 2693 2125 dum
2728 2073 3064 2147 prazconibus
3089 2075 3278 2144 gratiae
3322 2090 3483 2130 neces
3513 2077 3594 2130 in-

2012 2160 2221 2227 ferunt,
2259 2162 2353 2218 sed
2389 2161 2611 2218 frustra.
2653 2163 2851 2234 Legem
2885 2181 3006 2235 quae
3039 2181 3135 2235 per
3165 2165 3423 2221 famulum
3465 2169 3592 2221 data

2011 2261 2094 2307 est
2122 2252 2434 2320 defendunt,
2475 2255 2567 2324 qui
2610 2255 2843 2326 gratiam
2872 2272 3032 2326 quam
3081 2254 3247 2327 ipseF
3253 2257 3374 2311 ilius
3409 2257 3589 2317 offert.

2013 2343 2257 2414 accipere
2279 2351 2529 2408 renuunt,
2547 2344 2818 2400 incassum
2843 2345 2954 2400 Deo
2968 2360 3026 2399 se
3039 2344 3186 2400 Patri
3210 2345 3421 2415 placere
3446 2348 3595 2402 testi-

2013 2444 2185 2501 mant,
2229 2435 2321 2506 qui
2349 2436 2444 2491 Dei
2475 2435 2645 2490 ﬁlium
2695 2445 3063 2503 contemnere,
3110 2438 3218 2492 imo
3258 2438 3423 2492 etiam
3469 2455 3593 2508 pcr-

2013 2526 2165 2595 scqui
2203 2542 2267 2580 ac
2300 2525 2672 2597 blasphemare
2708 2527 2973 2583 laborant.
3004 2520 3117 2582 Duo
3155 2529 3289 2582 dixit
3328 2528 3434 2583 illis
3470 2547 3592 2584 esse

2012 2624 2237 2671 ventura
2273 2632 2304 2670 a
2329 2614 2560 2682 Iudaeis,
2603 2617 2655 2671 id
2692 2626 2796 2682 εει,
2839 2626 2899 2683 ut
2931 2633 3025 2673 eos
3062 2626 3214 2672 extra
3263 2634 3589 2689 synagoga!"

2013 2707 2276 2774 facerent,
2306 2718 2362 2764 et
2394 2717 2454 2763 ut
2483 2724 2577 2765 eos
2612 2710 3003 2777 interﬁcerent,
3034 2726 3152 2779 qua:
3185 2712 3346 2765 etiam
3383 2711 3449 2764 ad
3493 2728 3590 2764 eu-

2014 2798 2218 2853 mulum
2247 2799 2610 2854 damnationis
2652 2800 2795 2855 illius
2828 2800 3007 2871 populi
3038 2800 3395 2871 pertinebant,
3432 2807 3488 2853 et
3521 2799 3589 2855 ad

2013 2889 2243 2945 salutem
2268 2890 2504 2961 gentium
2532 2889 2813 2961 profutura
2839 2874 3096 2956 fuissent,
3140 2891 3282 2944 sicut
3305 2889 3587 2948 Paulus.in

2013 2977 2238 3035 Actibus
2266 2980 2631 3050 apostolorum
2673 2980 2777 3035 illis
2818 2979 3019 3034 Judaeis
3060 2981 3238 3035 dixit:
3276 2981 3413 3047 Quia
3445 2982 3587 3033 indi-

2013 3084 2141 3138 gnos
2164 3085 2249 3123 vos
2272 3069 2422 3123 uerbo
2447 3068 2542 3123 Dei
2571 3069 2785 3138 fecistis,
2811 3085 2924 3124 ecce
2946 3070 3295 3123 convertimur
3322 3069 3391 3123 ad
3414 3081 3589 3139 gentes

2012 3155 2149 3228 (Act.
2182 3159 2324 3230 xui).
2360 3159 2452 3213 Sic
2478 3159 2621 3214 enim
2651 3160 2911 3230 praecepit
2951 3160 3108 3216 nobis
3134 3160 3428 3213 Dominus:
3453 3158 3591 3212 Ecce

2007 3250 2127 3303 dedi
2162 3260 2211 3304 te
2239 3250 2295 3304 in
2326 3249 2494 3305 lucem
2528 3252 2783 3321 gentium,
2814 3262 2869 3304 ut
2899 3252 2971 3305 sis
3006 3249 3151 3304 salus
3187 3267 3302 3304 mea
3335 3265 3494 3320 usque
3518 3248 3590 3301 ad

2006 3350 2293 3395 extremum
2325 3350 2479 3396 terrte
2500 3340 2635 3413 (Isa.
2669 3341 2839 3413 xux).
2885 3341 3160 3411 Sequitur.

2076 3428 2143 3483 Et
2169 3430 2279 3483 Ita’c
2302 3431 2517 3500 facient,
2543 3432 2666 3503 quia
2694 3449 2795 3485 non
2842 3441 3089 3485 noverunt
3116 3447 3195 3484 me
3222 3472 3236 3495 ,
3289 3444 3450 3501 neque
3478 3429 3587 3483 Pa-

2007 3532 2136 3576 trem
2163 3539 2354 3577 meum.
2382 3522 2517 3590 Quia
2545 3523 2689 3578 enim
2729 3523 2894 3578 Filius
2921 3524 2973 3578 in
3001 3523 3181 3586 Patre,
3222 3531 3277 3578 et
3299 3522 3459 3576 Pater
3505 3532 3599 3577 est

2007 3612 2059 3665 in
2087 3611 2242 3677 Filio,
2274 3618 2330 3666 et
2347 3613 2440 3681 qui
2463 3612 2610 3667 vialet
2637 3612 2864 3679 Filium,
2908 3613 3053 3675 videt
3083 3622 3137 3667 et
3167 3611 3402 3675 Patrem,
3438 3620 3595 3681 patet

2006 3702 2267 3773 profecto,
2283 3705 2412 3774 quia
2440 3704 2748 3774 quicunque
2767 3704 2888 3760 Filii
2911 3706 3286 3761 credulitatem
3316 3706 3591 3760 obstinate

2008 3793 2281 3862 rejiciunt,
2312 3811 2411 3851 nec
2434 3795 2652 3851 Patrem
2676 3812 2837 3852 nosse
2866 3797 3182 3868 probantur.

2079 3883 2184 3939 Sed
2212 3884 2323 3939 Ita'c
2361 3884 2564 3939 locutus
2591 3902 2708 3939 sum
2740 3887 2880 3941 vobis
2910 3927 2925 3954 ,
2974 3897 3029 3941 ut
3059 3905 3177 3941 cum
3206 3889 3397 3943 venerit
3452 3890 3591 3943 hora

2005 3990 2207 4040 eorum,
2241 3975 2668 4043 reminiscamini,
2691 3985 2797 4032 etc.
2833 3977 3023 4047 Magna
3077 3977 3376 4033 consolatio
3403 3987 3488 4034 est
3512 3980 3593 4033 di-

2006 4063 2353 4133 scipulorum,
2385 4076 2444 4119 ut
2488 4067 2901 4122 reminiscercut
2949 4076 3073 4123 ante
3123 4069 3379 4137 prmdicta
3405 4085 3528 4124 esse
3555 4088 3586 4123 a

2008 4155 2267 4225 magistro
2292 4171 2412 4225 qua:
2449 4159 2661 4238 passuri
2685 4168 2886 4224 essent,
2915 4168 2978 4214 ut
3003 4159 3251 4215 eumdem
3283 4176 3339 4215 se
3384 4163 3593 4217 scirent

2009 4250 2208 4306 habere
2234 4248 2554 4319 adjutorem,
2587 4260 2641 4306 et
2677 4261 3157 4317 remuneratorcm,
3181 4268 3281 4322 pro
3302 4253 3457 4322 cujus
3496 4271 3590 4309 no-

2008 4342 2153 4399 mine
2177 4343 2302 4398 talia
2331 4359 2584 4414 passuros
2610 4360 2675 4423 se
2693 4361 2833 4412 esse,
2855 4328 3173 4416 praedictum
3203 4356 3287 4401 est
3313 4348 3435 4402 illis.

2082 4431 2213 4488 Hac
2249 4438 2313 4488 ab
2336 4434 2484 4488 initio
2521 4434 2661 4490 vobis
2693 4452 2795 4491 non
2817 4437 2951 4502 dixi,
2974 4438 3096 4508 quia
3133 4438 3394 4492 vobiscum
3417 4454 3583 4491 erant.

2009 4520 2140 4588 Quae
2176 4529 2304 4577 sunt
2328 4538 2448 4593 qum
2470 4523 2538 4577 ab
2567 4524 2722 4580 initio
2753 4525 2857 4580 illis
2886 4542 2992 4582 non
3021 4514 3158 4580 dixit
3178 4528 3339 4581 etiam
3391 4526 3584 4595 (κτενί.

2010 4613 2114 4668 ritu
2144 4624 2353 4683 sancto,
2377 4630 2537 4685 quem
2573 4616 2836 4672 missurus
2860 4625 2978 4673 erat
3016 4618 3120 4672 illis
3160 4635 3188 4672 a
3211 4619 3399 4683 Patre,
3437 4624 3494 4671 et
3520 4620 3587 4672 (ie

2006 4706 2371 4763 consolatione
2396 4717 2452 4762 et
2477 4708 2886 4773 confirmatione
2909 4704 3399 4779 ejusnlemSpiritns
3423 4748 3439 4773 ,
3476 4724 3585 4777 quo

2004 4797 2316 4852 consolandi
2343 4806 2396 4853 et
2434 4799 2722 4853 roborandi
2772 4798 3046 4854 fuissent?
3078 4797 3147 4854 Ut
3175 4798 3355 4852 omnia
3397 4801 3582 4853 mundi

2005 4885 2248 4948 adversa,
2283 4885 2365 4941 vel
2395 4885 2700 4942 Judmorum
2746 4887 2996 4944 scandala
3037 4898 3092 4941 et
3139 4888 3541 4958 persecutiones
3565 4927 3582 4951 .

2001 4975 2172 5055 libero
2228 4977 2409 5032 animo
2467 4978 2764 5034 formidare
2803 4996 2910 5036 non
2952 4979 3278 5034 debuissent.
3338 4979 3465 5034 llmc
3514 4982 3584 5035 ab

2001 5066 2157 5122 initio
2187 5083 2292 5122 non
2318 5067 2450 5133 dixi,
2482 5068 2611 5137 quia
2637 5070 2916 5125 vobiscum
2950 5084 3120 5134 eram,
3145 5069 3271 5139 quia
3300 5085 3417 5124 mea
3443 5084 3588 5139 pra:-

2000 5156 2177 5210 sentia
2208 5156 2589 5212 consolabatur
2617 5173 2732 5213 vos.

2630 5265 2948 5306 CONCORDIA.

2048 5340 2296 5411 ,lstarum
2319 5341 2549 5397 duarum
2578 5341 2633 5397 in
2658 5342 2941 5399 ebaritatis
2969 5341 3150 5398 ofﬁcio
3202 5343 3261 5397 ﬁt
3288 5340 3583 5398 concordia

2000 5430 2308 5487 lectionum.

2342 5521 2410 5576 IN
2451 5521 2533 5577 SA
2542 5521 2763 5577 BBATO
2798 5522 3217 5579 PENTECOST.

2190 5628 2380 5668 LECTIO
2418 5630 2629 5668 ACTUUM
2667 5630 3077 5681 APOSTOLORUJI,
3119 5631 3233 5669 CAP.
3273 5631 3386 5668 XIX.

2078 5727 2093 5757 ι
2132 5688 2350 5762 Factum
2374 5718 2453 5763 est
2481 5724 2598 5765 cum
2627 5708 2813 5779 Apollo
2845 5720 2987 5767 esset
3012 5711 3271 5773 Corinthi,
3303 5720 3360 5763 ut
3382 5708 3581 5766 Paulus
