3954 6200
284 387 386 450 51⁸1

1101 381 1617 442 COLLECTIONES
1655 383 1721 439 ΙΝ
1762 380 2137 443 EPISTULAS
2176 388 2264 445 ΕΤ
2301 391 2709 449 EVANGELIA.

3424 407 3526 462 518

291 519 312 552 ι
338 494 642 569 peragratis
655 491 1025 563 superioribus
1045 492 1308 562 partibus,
1323 494 1534 549 veniret
1552 493 1846 564 Ephesum,
1880 497 1923 553 Α
1955 501 2059 547 tur.
2116 495 2182 551 Ut
2213 500 2302 567 qui
2328 500 2641 559 illccebrosa
2683 509 3030 575 persuasione
3062 527 3178 576 sua,
3204 520 3416 585 generis
3437 522 3530 574 hu—

289 609 312 643 I
343 596 397 644 et
430 582 982 661 inveniret‘quosdam
1009 582 1331 653 discipulos,
1364 583 1605 652 dixitque
1632 583 1698 638 ad
1729 600 1854 639 eos:

289 700 311 735 σ
343 677 925 750 SiSpiritumsanctum
940 675 1228 745 accepistis
1252 676 1569 730 credentes?
1596 675 1751 730 Atilii
1772 677 1853 731 di-

288 789 309 824 I
342 776 574 825 xerunt:
613 765 721 822 Sed
744 780 917 836 neque
943 765 1228 835 siSpiritus
1267 773 1485 821 sanctus
1526 774 1610 821 est
1660 768 1860 822 audivi-

287 882 307 915 ι
334 877 473 917 nius.
497 858 592 914 Ille
617 873 747 914 vero
768 856 882 913 ait:
912 855 970 911 In
997 872 1104 926 quo
1123 872 1252 927 ergo
1280 857 1535 928 baptizati
1564 859 1729 914 estis?
1755 858 1859 926 Qui

285 970 306 1004 α
341 950 645 1006 dixemnt:
684 947 744 1003 In
796 945 1019 1002 Joannis
1079 947 1419 1018 baptismate.
1490 948 1632 1027 Dixjt
1675 956 1859 1005 autem

289 1060 306 1094 ι
337 1040 576 1095 Paulus:
604 1037 841 1096 Joannes
882 1037 1179 1106 baptizavit
1222 1036 1489 1107 baptismo
1533 1040 1862 1109 pmnitentice

285 1152 304 1184 ι
333 1131 626 1202 populum,
667 1129 889 1184 dicens:
930 1128 985 1182 in
1019 1142 1143 1183 eum
1199 1129 1292 1199 qui
1321 1138 1580 1185 venturus
1620 1139 1702 1185 est
1742 1139 1862 1201 post

285 1242 303 1274 ι
338 1223 513 1292 ipsum
545 1228 605 1274 ut
626 1220 927 1285 crederent,
954 1220 1058 1274 hoc
1082 1228 1166 1274 est
1190 1219 1245 1273 in
1274 1218 1479 1275 Iesum.
1521 1220 1615 1275 llis
1644 1221 1859 1286 auditis,

285 1332 304 1363 ι
334 1311 591 1382 baptizati
636 1318 763 1365 sunt
808 1309 861 1363 in
890 1309 1106 1365 nomine
1144 1309 1354 1364 Domini
1402 1308 1568 1376 Jesu,
1621 1319 1678 1365 et
1733 1326 1855 1366 cum

285 1397 685 1469 «imposuisset
728 1396 833 1451 illis
877 1412 1068 1452 manus
1111 1396 1335 1462 Paulus,
1366 1399 1513 1453 venit
1567 1413 1727 1469 super
1769 1414 1863 1455 eos

285 1512 299 1539 ι
320 1490 560 1559 Spiritus
580 1495 821 1559 sanctus,
852 1494 907 1542 et
951 1486 1309 1557 loquebantur
1336 1486 1535 1559 linguis
1558 1496 1612 1544 et
1640 1491 1866 1559 prophe-

285 1603 301 1633 ι
335 1583 543 1636 labant.
585 1579 760 1634 Erant
805 1586 986 1634 autem
1034 1595 1224 1635 omnes
1259 1581 1361 1635 viri
1392 1581 1507 1637 fere
1560 1582 1860 1637 duodecim.

284 1692 299 1723 ι
329 1673 701 1742 introgressus
726 1678 906 1725 autem
947 1685 1293 1742 synagogam,
1310 1688 1432 1727 cum
1454 1672 1653 1727 ﬁducia
1680 1674 1866 1744 loque-

283 1783 299 1813 ι
331 1763 514 1828 batur,
546 1776 642 1831 per
687 1769 798 1816 tres
847 1776 1081 1826 menses,
1105 1761 1405 1831 diputans,
1437 1772 1492 1818 et
1516 1764 1753 1820 suadens
1798 1765 1865 1820 de

281 1876 297 1904 ι
332 1868 505 1922 regno
528 1852 644 1907 Dei.
686 1872 705 1904 δ
1359 1839 1365 1845 ’

342 1943 576 1997 Factum
598 1953 694 2007 est,
729 1959 847 1997 cum
872 1942 1057 2012 Apollo
1083 1952 1212 1998 esset
1243 1943 1515 2009 Corinthi,
1568 1955 1622 2000 ut
1655 1943 1859 2002 Paulus

275 2033 566 2103 peragratis
589 2031 945 2102 superioribus
989 2032 1249 2100 partibus,
1275 2035 1466 2088 veniret
1495 2034 1782 2104 Ephesum,
1810 2045 1858 2089 et

276 2124 527 2177 inveniret
547 2122 804 2193 quosdam
824 2120 1130 2192 discipulos,
1153 2122 1388 2194 dixitque
1410 2124 1479 2177 ad
1510 2141 1595 2178 eos
1613 2138 1632 2177 :
1656 2111 1716 2178 Si
1748 2123 1864 2196 Spi-

276 2216 434 2267 ritum
459 2223 702 2266 sanctum
746 2213 1016 2282 accepistis
1046 2213 1350 2267 credentes?
1376 2214 1442 2267 At
1480 2214 1561 2268 illi
1593 2216 1860 2281 dixerunt,

276 2314 381 2360 etc.
412 2302 518 2373 (Εἰς
535 2300 722 2371 Beda.)
740 2300 872 2356 Cum
889 2301 1141 2357 Ecclesiae
1163 2302 1346 2373 regula
1369 2304 1458 2368 sit,
1475 2303 1659 2359 ﬁdeles
1686 2305 1738 2358 in
1767 2322 1863 2359 no-

278 2397 425 2451 mine
451 2404 653 2450 sancta:
683 2393 967 2449 Trinitatis
989 2394 1276 2465 baptizari,
1306 2396 1568 2465 quaeritur
1596 2397 1863 2467 quomodo

278 2484 563 2556 Lucaspcr
580 2494 746 2540 totum
776 2485 939 2539 libelli
958 2485 1331 2556 hujustextum
1357 2503 1463 2541 non
1491 2486 1668 2553 aliter,
1693 2502 1855 2557 quam

280 2578 331 2631 in
372 2577 593 2631 nomine
617 2574 746 2631 Jesu
768 2574 969 2630 Christi
999 2616 1014 2641 ,
1068 2575 1394 2645 baptismum
1448 2575 1566 2631 dari
1615 2586 1858 2632 testetur.

279 2670 431 2738 Quod
454 2670 530 2727 ita
556 2670 745 2725 beatus
767 2668 1085 2723 Ambrosius
1110 2667 1290 2733 solvit,
1312 2668 1440 2738 quia
1480 2683 1576 2738 per
1597 2668 1860 2723 unitatem

283 2761 801 2831 nominisimpletum
818 2760 1129 2831 mysterium
1151 2761 1242 2824 sit,
1263 2761 1354 2829 qui
1372 2762 1485 2815 sive
1497 2759 1774 2815 Christum
1791 2760 1866 2815 di-

282 2861 468 2917 cas,et
492 2853 659 2907 Deum
682 2850 919 2913 Patrem,
936 2864 1044 2919 quo
1064 2857 1260 2905 unctus
1285 2857 1370 2904 est
1396 2848 1588 2915 Filius,
1614 2860 1670 2904 et
1690 2848 1863 2919 ipsum

281 2940 372 3011 qui
406 2949 602 2996 unctus
623 2940 817 2995 Filium
840 2947 895 2996 et
919 2938 1179 3010 Spiritum
1211 2955 1318 3009 quo
1340 2948 1535 2995 unctus
1559 2950 1643 2995 est
1667 2981 1682 3005 ,
1731 2940 1866 2995 desi-

1960 586 2125 649 mani,
2153 587 2243 654 qui
2276 588 2327 642 in
2351 591 2646 660 primordio
2670 598 2751 650 sui
2796 600 3118 668 spiraculum
3144 604 3265 660 vita:
3310 626 3531 681 accepe-

1962 687 2065 742 rat,
2095 676 2367 733 habitator
2390 693 2527 747 erat,
2567 683 2682 753 ejus
2709 688 2906 745 virtute
2963 701 3016 748 et
3048 699 3413 756 sacratissimo
3438 676 3531 758 ἐἰ-

1958 783 2064 863 gno
2085 784 2183 863 per
2212 770 2572 863 ministerium
2619 781 2955 837 sacerdotum
2975 788 3124 843 exire
3144 801 3383 862 cogatur.
3428 796 3530 863 Qui

1957 868 2016 912 et
2042 858 2097 912 in
2121 857 2412 930 discipulos
2432 879 2558 920 suos
2577 866 2896 939 insulilasse,
2912 884 2965 929 et
2979 878 3200 947 spiritus
3212 857 3533 943 immundos

1963 947 2275 1017 increpasse
2300 950 2511 1021 legitur.
2547 953 2697 1012 Unde
2737 968 2792 1014 et
2823 966 3162 1022 exorcizatur
3201 970 3341 1028 idem
3382 977 3535 1032 mali-

1963 1054 2100 1134 gnus
2128 1041 2368 1134 spiritus,
2401 1054 2460 1099 ut
2487 1057 2643 1102 exeat
2669 1059 2724 1105 et
2748 1057 2962 1111 recedat
2999 1060 3068 1115 ab
3107 1062 3195 1116 illo
3228 1065 3491 1134 plasmate
3517 1112 3532 1133 ,

1960 1133 2104 1230 quod
2153 1132 2467 1230 jamdudum
2494 1154 2591 1210 per
2620 1156 2899 1212 peccatum
2927 1152 3085 1219 primi
3110 1132 3344 1214 hominis
3365 1164 3536 1230 possi-

1962 1223 2139 1278 debat.
2166 1226 2231 1280 Et
2253 1229 2378 1296 quia
2416 1247 2519 1286 non
2548 1243 2654 1301 est,
2692 1236 2845 1306 juxta
2871 1240 3185 1309 Apostolum
3212 1288 3225 1311 ,
3269 1223 3534 1306 coniventia

1962 1311 2159 1412 Christi
2187 1327 2234 1371 et
2262 1318 2451 1387 Belial,
2477 1340 2568 1377 nec
2587 1328 2808 1383 societas
2830 1329 2936 1385 luci
2957 1334 3026 1386 ad
3058 1337 3296 1392 tenebras
3314 1381 3329 1404 ,
3383 1358 3535 1412 egre-

1958 1404 2181 1497 diantur
2210 1411 2443 1467 tenebrae
2486 1421 2540 1468 et
2584 1415 2674 1470 lux
2703 1433 2830 1473 vera
2882 1420 3129 1479 Christus
3184 1404 3533 1497 ingrediatur.

1964 1494 2307 1553 Exoreismus
2353 1512 2615 1570 pratterea
2664 1516 2748 1561 est
2779 1524 2959 1566 sermo
3007 1494 3384 1584 inerepationis
3425 1524 3539 1578 sive

1963 1585 2370 1652 conjurationis.
2399 1590 2551 1648 Unde
2571 1597 2698 1650 etin
2725 1597 2950 1655 Actibus
2988 1606 3351 1673 apostolorum
3382 1626 3539 1666 exor-

1964 1675 2116 1731 cista:
2141 1676 2308 1734 fuisse
2333 1680 2583 1752 leguntur
2603 1686 2739 1758 (Act.
2774 1693 2923 1763 six),
2966 1707 3021 1751 et
3065 1712 3251 1756 sancta
3299 1704 3538 1762 Ecclesia

1967 1765 2109 1820 inter
2149 1769 2349 1836 gradus
2397 1774 2789 1835 ecclesiasticos
2817 1787 3394 1849 exorcistarumetiam
3440 1798 3541 1851 mi-

1891 1856 1938 1914 B
1967 1858 2249 1954 nisterium
2295 1863 2475 1919 habet.
2511 1866 2823 1950 Sciendum~
2848 1890 3079 1946 namque
3127 1891 3229 1947 est,
3260 1885 3384 1954 quia
3415 1902 3538 1943 cum

1962 1949 2289 2045 exercitatio
2316 1953 2407 2019 sit,
2438 1955 2525 2009 ille
2546 1960 2730 2026 procul
2764 1963 2923 2019 dubio
2948 1949 3304 2039 exorcizatur,
3347 1977 3438 2045 qui
3485 1988 3541 2032 et

1961 2039 2270 2110 baptismati
2324 2055 2379 2099 et
2406 2047 2565 2101 saluti
2597 2048 2849 2120 ﬁdelium,
2876 2064 2930 2109 et
2960 2060 3211 2116 omnibus
3242 2039 3536 2122 virtutibus

1961 2134 2268 2190 contrarius
2325 2144 2425 2191 est.
2472 2134 2569 2194 lllo
2618 2143 2760 2197 enim
2803 2147 3141 2216 exorcizato,
3198 2153 3309 2209 sive
3356 2158 3538 2227 expul-

1962 2240 2046 2289 so,
2077 2225 2245 2279 divini
2276 2227 2426 2282 verbi
2456 2230 2858 2289 condimentum
2889 2239 3235 2297 credentibus
3265 2225 3442 2300 datur:
3474 2247 3541 2302 Et

1962 2316 2182 2382 idcirco,
2213 2318 2269 2372 hi
2298 2318 2389 2387 qui
2422 2319 2730 2390 baptizandi
2764 2335 2908 2394 sunt,
2935 2329 3101 2385 salem
3129 2332 3180 2386 in
3204 2347 3541 2393 sacramento

1963 2408 2252 2477 accipiunt,
2276 2416 2335 2463 ut
2364 2411 2481 2483 ejus
2510 2422 2667 2482 guStu
2704 2417 3103 2475 condimentum
3130 2425 3403 2494 sapientim
3424 2443 3544 2498 per-

1963 2498 2184 2568 cipiant,
2222 2516 2395 2571 neque
2421 2518 2451 2556 a
2489 2519 2683 2574 sapore
2710 2505 2911 2564 Christi
2938 2511 3225 2582 desipiant,
3255 2525 3309 2572 et
3329 2518 3436 2574 sint
3456 2522 3541 2575 iu—

1963 2593 2095 2647 sulsi
2120 2603 2175 2648 et
2199 2593 2349 2650 fatui.
2383 2596 2510 2652 Post
2531 2601 2988 2658 exorcizationem
3013 2613 3066 2659 et
3113 2607 3541 2675 exsulllationem

1963 2685 2188 2755 symboli
2237 2688 2479 2757 sequitur
2531 2691 2769 2745 traditio.
2816 2693 2968 2761 Quod
3015 2698 3316 2769 symbolum
3356 2700 3547 2758 Grzece
3606 2764 3613 2769 ,

1963 2777 2234 2846 σύμϐοἳον,
2269 2776 2456 2832 Latine
2487 2779 2742 2834 indicium
2797 2783 2879 2837 vel
2918 2783 3129 2853 signum
3156 2827 3170 2852 ,
3219 2789 3303 2843 vel
3333 2790 3544 2846 collatio

1966 2865 2366 2935 interpretatur.
2406 2866 2664 2922 Indicium
2687 2910 2701 2934 ,
2726 2857 2871 2939 'quia
2904 2887 3002 2941 per
3031 2875 3083 2929 id
3123 2876 3391 2931 iudicatur
3419 2880 3542 2935 lidei

1954 2957 2266 3026 integritas.
2316 2957 2557 3031 Signum,
2600 2961 2748 3030 quod
2770 2978 2837 3019 eo
2873 2965 3011 3020 bene
3037 2976 3248 3024 retento
3292 2980 3349 3026 et
3386 2973 3544 3027 intel-

281 3030 481 3129 gnasti.
518 3029 792 3129 Scriptum
808 3036 903 3129 εει
931 3030 1075 3129 egi")
1101 3048 1114 3129 ξ
1142 3028 1327 3085 Iesum
1355 3048 1387 3085 a
1415 3029 1708 3129 Νιίξανειξ,
1737 3047 1867 3102 ιιιιο-
1967 3047 2126 3115 lecto,
2159 3048 2344 3106 ﬁdeles
2382 3028 2454 3107 5b
2490 3028 2794 3111 inﬁdelibus
2838 3054 3238 3114 discernuntur.
3279 3059 3544 3129 Collatio,

279 3125 434 3221 modo
463 3125 757 3221 unfitueum
799 3118 939 3221 ρεαδ
970 3121 1171 3221 Spiritu
1224 3132 1423 3221 δαηεξο-
1475 3120 1602 3221 δξνθ
1650 3122 1865 3221 inirem
1891 3200 1931 3221 η
1967 3140 2091 3210 quia
2114 3141 2169 3196 in
2192 3156 2257 3197 eo
2282 3144 2507 3214 apostoli
2529 3161 2743 3202 omnem
2779 3147 3144 3221 integritatem
3173 3118 3541 3210 contulerunt:

279 3217 451 3280 dicas,
477 3224 533 3271 et
552 3214 747 3270 Filium
775 3214 910 3283 ejus,
935 3214 1264 3307 etSpiritum
1285 3216 1398 3269 oris
1422 3215 1630 3284 pariter
1657 3214 1862 3307 indica-
1888 3200 1933 3262 C
1965 3200 2118 3299 ῥυοα
2149 3200 2333 3287 auum;
2356 3250 2548 3292 omnes

280 3309 371 3370 sli.
398 3308 445 3362 Si
477 3317 653 3406 tamen
706 3308 759 3363 id
795 3308 960 3406 ﬁliam
1014 3306 1178 3406 ξονάο
1229 3307 1691 3406 οοῐηΡΓθῖιειιάθδ-’τ
1742 3305 1860 3406 fi"?
1961 3324 2182 3390 nebant,
2213 3341 2307 3381 ore
2329 3327 2559 3384 confessi
2585 3305 2731 3396 sunt,
2759 3338 2816 3387 et
2840 3332 3033 3404 singuli
3059 3336 3307 3406 proprias
3332 3346 3547 3405 senten-

280 3399 541 3470 Spiritum
564 3398 737 3464 dicas,
765 3407 820 3453 et
840 3398 1010 3452 Deum
1023 3397 1264 3465 Patrem,
1283 3414 1313 3452 a
1336 3413 1442 3469 quo
1467 3398 1714 3468 procedit
1741 3397 1862 3467 Spi-

280 3491 435 3555 ritus,
463 3497 521 3543 et
545 3488 759 3553 Filium,
789 3489 915 3558 quia
938 3487 1061 3544 Filii
1111 3503 1324 3560 quoque
1351 3495 1405 3544 et
1448 3488 1684 3560 Spiritus
1725 3504 1864 3543 nun-

272 3577 511 3648 ‘cupasti,
541 3587 602 3632 ut
628 3577 820 3633 rationi
859 3577 1140 3648 copuletur
1187 3578 1502 3633 auctoritas.
1548 3577 1609 3632 ln
1656 3576 1861 3647 Spiritu

282 3682 493 3738 quoque
522 3678 668 3722 recte
694 3668 956 3738 baptizari
989 3665 1148 3738 posse
1198 3667 1477 3737 Scriptura
1504 3668 1733 3731 indicat,
1788 3667 1863 3721 di-

283 3769 437 3815 cente
467 3759 734 3815 Domino:
775 3757 878 3813 Vos
907 3768 1081 3813 autem
1127 3757 1521 3829 baptizubimini
1565 3758 1621 3810 in
1660 3758 1861 3827 Spiritu

283 3862 485 3916 sancto,
509 3860 572 3906 ut
594 3850 884 3923 Apostolus
911 3850 988 3904 ait
1012 3869 1025 3904 :
1050 3848 1242 3903 Omnes
1276 3850 1413 3902 enim
1439 3848 1493 3902 in
1520 3848 1628 3919 ipso
1650 3863 1863 3916 corpore

282 3942 335 3994 in
368 3959 475 3996 uno
496 3939 697 4012 Spiritu
734 3940 981 4011 baptizati
1011 3955 1214 3994 sumus.
1241 3937 1415 3993 Aliter
1443 3937 1710 4007 prcecipue
1739 3950 1866 3991 con-

286 4034 426 4104 gruit
447 4048 545 4088 nos
576 4033 628 4087 in
658 4031 874 4087 nomine
908 4029 1122 4084 Domini
1155 4028 1279 4085 Jesu
1320 4028 1521 4085 Christi
1550 4026 1815 4097 baptizari
1842 4066 1856 4090 ,

284 4126 427 4193 quia,
451 4124 592 4179 sicut
616 4122 907 4192 Apostolus
920 4121 1034 4175 ait:
1065 4117 1371 4190 Quicunque
1401 4118 1651 4188 baptizati
1679 4133 1862 4171 sumus

284 4216 339 4268 in
357 4213 565 4269 Christo
586 4213 737 4278 Jesu,
760 4214 814 4266 in
838 4220 1002 4265 morte
1040 4211 1204 4281 ipsius
1252 4209 1502 4279 baptizati
1524 4223 1721 4269 sumus,
1753 4215 1857 4261 etc.

288 4304 462 4375 (nam.
491 4305 588 4375 Vl).

353 4396 666 4466 Quicunque
693 4396 836 4451 enim
858 4394 926 4449 ad
957 4392 1228 4465 apostolos
1248 4392 1532 4446 credentes
1559 4389 1862 4460 baptizandi

287 4486 659 4552 adveniebant,
691 4487 1098 4542 instruebantur
1124 4494 1178 4540 et
1218 4485 1555 4541 docebantur
1594 4485 1662 4540 ab
1684 4484 1784 4548 eis,
1807 4492 1864 4537 et

287 4578 531 4631 instructi
558 4587 612 4631 et
642 4578 784 4632 docti
832 4577 898 4631 de
925 4582 1266 4630 sacramento
1310 4573 1666 4645 baptismatis,
1697 4582 1752 4627 et
1795 4572 1861 4627 de
1888 4554 1938 4613 D

285 4669 499 4723 caeteris
542 4669 741 4740 regulis
765 4667 887 4723 ﬁdei
924 4667 1261 4738 accipiebant
1305 4673 1708 4722 sacrosanctum
1737 4681 1858 4735 my-

287 4768 330 4813 s:
340 4759 510 4812 crium
532 4758 888 4831 baptismatis.

367 4871 789 4927 Catecbumenus
840 4880 1040 4937 autem,
1068 4870 1292 4924 audiens
1315 4871 1428 4924 sive
1465 4869 1761 4923 instructus
1789 4869 1862 4921 iu-

294 4971 634 5031 lcrprctatur.
662 4961 844 5017 Genus
870 4961 1012 5015 enim
1043 4962 1339 5015 humanum
1363 4958 1535 5022 audit,
1564 4967 1619 5013 et
1649 4958 1862 5039 instrui-

293 5062 403 5114 tur,
433 5062 713 5122 antequam
758 5051 826 5105 ad
874 5051 1198 5122 baptismum
1226 5050 1424 5104 veniat.
1476 5049 1540 5103 Et
1575 5050 1715 5118 quod
1767 5065 1863 5119 per

295 5140 472 5196 Mosen
487 5144 755 5212 quondam
780 5141 1025 5195 audierat
1048 5159 1059 5193 :
1077 5139 1236 5205 Audi,
1253 5138 1445 5204 Israel,
1463 5138 1711 5193 Dominus
1726 5139 1871 5193 Deus

293 5242 434 5297 tuus,
456 5233 592 5288 Deus
613 5251 750 5288 unus
771 5243 845 5287 est
862 5232 1038 5305 (Deut.
1063 5231 1140 5303 VI)
1167 5270 1183 5297 ,
1231 5239 1287 5285 et
1315 5246 1410 5300 per
1464 5230 1633 5301 legem
1661 5238 1715 5285 et
1742 5246 1865 5300 pro-

296 5325 483 5400 phetas
505 5323 894 5391 instruebatur,
920 5322 991 5378 ad
1015 5322 1177 5378 unius
1203 5321 1317 5376 veri
1340 5319 1436 5375 Dei
1459 5320 1682 5385 cultum,
1706 5321 1865 5376 modo

296 5425 395 5478 per
412 5410 756 5466 sacerdotum
775 5408 1166 5472 ministerium,
1188 5405 1491 5461 utaudiens
1509 5403 1799 5467 clliciatur,
1820 5411 1877 5456 et

296 5501 488 5557 instrui
512 5503 709 5571 valeat,
737 5501 1007 5558 utrelieto
1025 5500 1159 5563 ritu,
1184 5514 1294 5570 quo
1316 5507 1581 5557 creatura:
1598 5495 1879 5551 deservie-

296 5594 409 5660 bat,
424 5597 522 5652 soli
535 5596 766 5653 creatori
784 5596 895 5653 Deo
911 5594 1207 5651 deserviat.
1228 5592 1283 5647 lu
1300 5606 1538 5663 quorum
1556 5588 1721 5644 etiam
1742 5587 1880 5641 facie

297 5702 328 5740 a
349 5689 623 5744 sacerdote
640 5704 736 5760 per
764 5686 1198 5744 exsulllatiouem
1225 5688 1439 5756 signum
1478 5683 1659 5738 erucis
1686 5680 1874 5743 ﬁebat,

301 5781 695 5854 utctdiabolus
725 5782 1031 5851 iuraretur,
1062 5792 1118 5838 ct
1158 5779 1377 5839 Christo
1403 5781 1483 5836 via
1538 5793 1885 5850 pra-pararc-

1142 5892 1151 5897 .
1176 5889 1245 5899 οη-
1268 5897 1285 5903 ﬂ
1317 5895 1411 5903 ..α-κη,
1454 5898 1465 5901 Α,

1962 3416 2066 3470 tias
2085 3416 2447 3484 conferentes,
2482 3420 2799 3490 symbolum,
2836 3422 2888 3478 id
2926 3431 3028 3487 est,
3047 3425 3215 3480 totius
3236 3426 3356 3482 ﬁdei
3383 3428 3547 3484 colla-

1964 3507 2167 3563 tionem
2205 3509 2506 3563 ediderunt.
2543 3509 2845 3567 Discessuri
2870 3513 3014 3570 enim
3038 3514 3106 3569 ab
3131 3515 3388 3583 invicem,
3420 3533 3546 3573 nor-

1962 3613 2106 3652 mam
2135 3596 2329 3655 futura:
2348 3599 2744 3669 praedicationis
2782 3600 2841 3655 in
2880 3603 3151 3657 communi
3195 3612 3499 3661 statuerunt
3528 3647 3543 3669 ,

1962 3704 2029 3744 ne
2057 3688 2297 3744 localiter
2312 3691 2381 3746 ab
2405 3691 2639 3746 invicem
2661 3692 3000 3750 discedentes
3011 3693 3281 3750 diversum
3305 3696 3543 3766 aliquod.

1963 3782 2048 3837 vel
2073 3783 2350 3839 dissonum
2393 3783 2773 3854 praedicarent.
2810 3787 3263 3844 Decentissimum
3312 3807 3546 3861 namque

1961 3882 2017 3930 et
2040 3875 2169 3932 utile
2200 3884 2339 3941 erat,
2356 3882 2419 3930 ut
2438 3875 2635 3947 quibus
2668 3885 2787 3932 erat
2814 3878 2994 3933 anima
3020 3896 3148 3946 una,
3177 3889 3232 3937 et
3255 3898 3353 3938 cor
3378 3900 3546 3938 unum

1963 3964 2016 4017 in
2049 3963 2293 4029 Domino,
2321 3971 2378 4019 et
2402 3979 2537 4034 quos
2558 3963 2978 4036 sanctiSpiritus
2992 3968 3202 4026 alllatus
3231 3974 3538 4043 vegetabat,

1962 4052 2017 4106 et
2045 4052 2170 4108 ﬁdei
2215 4054 2379 4108 etiam
2409 4054 2567 4110 unius
2595 4054 2864 4112 confessio
2897 4069 3204 4117 exornaret.
3235 4062 3346 4117 Nec
3372 4065 3538 4128 enim,

1962 4142 2244 4208 dirimi,in
2281 4142 2460 4212 aliquo
2496 4144 2577 4199 vel
2624 4152 2907 4215 poterant,
2946 4148 3032 4203 vel
3087 4150 3393 4218 debebant,
3448 4154 3540 4224 qui

1963 4233 2120 4286 unius
2149 4233 2271 4288 ﬁdei
2300 4232 2514 4288 vinculo
2570 4235 2943 4291 nectebantur.
3000 4237 3159 4294 Fides
3182 4257 3303 4310 qua:
3353 4244 3408 4296 in
3439 4245 3543 4300 hoc

1962 4320 2204 4391 symbolo
2236 4321 2565 4389 continetur,
2589 4322 2662 4377 ita
2703 4325 2772 4380 ab
2814 4325 2899 4381 his
2940 4327 3032 4396 qui
3078 4328 3385 4398 baptizandi
3419 4344 3544 4389 sunt

1964 4410 2188 4481 intelligi
2222 4411 2402 4476 debet,
2426 4418 2485 4465 ut
2513 4413 2739 4468 credant
2776 4415 2832 4469 in
2862 4414 3029 4470 Deum
3049 4415 3259 4473 Patrem
3292 4422 3539 4492 omnipo-

1964 4511 2163 4557 tentem
2188 4504 2737 4559 creatoremomnium
2763 4505 3052 4561 visibilium
3085 4515 3139 4563 el.
3168 4510 3535 4577 invisibilium,

1964 4593 2057 4662 qui
2089 4592 2253 4653 solus,
2278 4593 2369 4662 qui
2398 4608 2504 4648 non
2530 4602 2615 4649 est
2652 4595 2718 4649 de
2740 4595 2867 4652 alio.
2903 4595 3028 4652 Ideo
3061 4599 3205 4655 solus
3241 4603 3544 4671 appellatur

1968 4683 2266 4754 ingenitus,
2307 4690 2361 4737 et
2397 4683 2451 4737 in
2495 4682 2677 4739 Iesum
2704 4683 2977 4742 Christum
3035 4688 3199 4744 ﬁlium
3244 4690 3388 4759 ejus,
3449 4709 3543 4764 per

1966 4790 2125 4844 quem
2152 4776 2332 4829 omnia
2363 4774 2499 4829 facta
2527 4784 2683 4841 sunt,
2727 4792 2915 4832 verum
2964 4779 3133 4836 Deum
3168 4782 3538 4854 unigenitum,

1967 4880 2259 4935 verumque
2277 4861 2611 4931 DeiFilium,
2668 4884 2775 4923 non
2818 4867 3017 4925 factum
3070 4872 3413 4944 adoptivum,
3447 4878 3540 4932 sed

1967 4956 2228 5028 genitum,
2252 4965 2308 5011 et
2331 4957 2490 5011 unius
2537 4974 2659 5015 cum
2679 4955 2843 5014 Patre
2870 4960 3219 5030 substantiae,
3253 4973 3415 5035 atque
3462 4967 3540 5022 ita

1956 5064 2062 5118 per
2082 5047 2263 5102 omnia
2284 5048 2546 5118 :equalcm
2570 5049 2684 5104 Deo
2711 5050 2879 5116 Patri,
2911 5061 2968 5106 ut
2992 5067 3093 5107 nec
3120 5061 3359 5125 tempore
3377 5097 3392 5122 ,
3438 5073 3540 5113 nec

1965 5135 2154 5206 gradu,
2184 5151 2285 5191 nec
2314 5145 2582 5206 potestate
2607 5152 2729 5192 esse
2750 5138 2923 5207 possit
2956 5138 3194 5205 inferior,
3227 5149 3542 5215 tantumque

1963 5240 2083 5281 esse
2112 5224 2259 5279 illum
2284 5226 2374 5294 qui
2406 5234 2491 5281 est
2520 5226 2731 5297 genitus
2762 5237 2997 5298 quantus
3049 5238 3135 5285 est
3179 5230 3266 5286 ille
3307 5233 3399 5303 qui
3447 5248 3539 5302 ge-

1964 5318 2103 5383 nuit,
2131 5316 2353 5373 credant
2377 5332 2500 5372 eum
2533 5317 2697 5372 etiam
2722 5326 2907 5374 natum
2934 5320 3002 5387 de
3020 5321 3225 5393 Spiritu
3251 5332 3458 5388 sancto,
3483 5331 3541 5376 et

1963 5406 2133 5461 Maria
2162 5422 2376 5479 semper
2398 5407 2626 5482 virgine,
2651 5408 2707 5465 id
2728 5418 2830 5477 est,
2857 5419 2919 5467 ut
2963 5413 3155 5481 spiritu
3181 5423 3367 5470 sancto
3412 5428 3535 5469 eoo-

1963 5505 2212 5568 perante,
2240 5513 2427 5556 verum
2457 5502 2561 5557 sibi
2596 5519 2793 5580 corpus
2814 5520 2881 5563 cx
2909 5504 3145 5575 virgine,
3177 5505 3315 5558 idem
3348 5504 3446 5559 Dei
3467 5502 3549 5558 Fi-

1963 5590 2066 5644 lius
2088 5594 2462 5663 assumpserit,
2489 5604 2548 5650 ut
2578 5598 2668 5667 qui
2697 5607 2816 5654 erat
2840 5600 2893 5654 in
2920 5596 3200 5655 divinitate
3231 5594 3327 5653 Dei
3363 5592 3543 5651 Patris

1964 5682 2123 5747 ﬁlius,
2150 5684 2263 5755 ipse
2303 5682 2477 5742 lactus
2508 5689 2578 5741 sit
2627 5689 2680 5742 in
2712 5691 3041 5744 humanitate
3086 5689 3319 5747 hominis
3347 5697 3538 5746 matris

1963 5776 2121 5861 ﬁlius.
2139 5776 2371 5846 Credam
2398 5779 2561 5835 etiam
2583 5795 2706 5837 cum
2720 5782 3056 5838 descendisse
3082 5782 3268 5841 ultimo
3295 5792 3540 5861 tempore
