3954 6200
364 347 524 406 519.

1677 337 2026 396 summum
2063 338 2351 428 Aesaris

3545 344 3653 403 520

398 480 502 535 pro
528 443 896 534 redemptione
921 457 1104 513 mundi
1132 471 1165 511 a
1186 454 1363 521 Patre,
1395 455 1487 525 qui
1506 466 1782 522 nunquam
1817 451 1979 506 desiit
2004 450 2055 510 A
2080 454 2380 508 contradico
2426 452 2560 529 (lsa.
2596 454 2671 524 ι).
2726 457 3043 515 Itetrorsum
3073 470 3180 511 non
3226 454 3374 522 abii,
3425 464 3486 515 ut
3533 472 3657 526 qua:

393 568 519 610 esse
554 569 676 609 cum
701 559 873 624 patre,
905 557 961 605 et
985 548 1259 604 hominem
1305 562 1493 603 verum
1520 546 1740 610 factum,
1768 554 1826 599 ut
1880 546 1978 598 ltu-

393 658 616 697 manum
646 657 814 714 genus
839 641 1001 695 homo
1044 639 1341 704 liberaret,
1368 646 1444 697 ,et
1488 637 1604 708 ipse
1632 636 1725 707 qui
1772 636 1977 704 absque

393 732 571 797 initio,
595 730 953 785 a‘ternitatem
986 744 1111 784 cum
1132 727 1293 784 Patre
1315 736 1371 783 et
1401 727 1606 798 Spiritu
1637 736 1828 783 sancto
1852 743 1977 799 pos-

394 821 553 887 sidet,
587 821 641 875 in
682 820 790 875 fine
839 819 1179 887 saeculorum,
1209 818 1509 889 perfectum
1543 827 1750 875 natura:
1774 829 1977 875 nostra:

397 908 671 964 hominem
689 910 1006 978 susceperit,
1032 918 1087 965 et
1109 910 1336 965 verbum
1357 924 1486 965 caro
1498 908 1698 964 factum
1712 910 1802 974 sit,
1818 925 1974 966 assu-

392 996 589 1052 mendo
610 999 1029 1066 humanitatem,
1079 1014 1187 1054 non
1216 998 1573 1069 permutando
1600 999 1970 1065 divinitatem;

398 1089 636 1159 credant.
650 1090 817 1144 etiam
861 1104 986 1144 eum
1009 1089 1297 1160 pertulisse
1316 1090 1622 1160 passionem
1652 1097 1708 1145 et
1724 1087 1972 1155 mortem,

393 1192 500 1232 non
530 1180 728 1234 virtute
753 1179 1075 1244 divinitatis,
1104 1180 1202 1236 sed
1233 1180 1289 1235 in
1334 1180 1648 1248 inﬁmitate
1673 1182 1977 1237 humanita—

392 1267 484 1332 tis,
522 1254 794 1324 mortuum
833 1285 963 1325 vera
991 1270 1171 1326 carnis
1195 1277 1390 1337 morte,
1434 1272 1799 1337 resurrexisse
1847 1287 1975 1327 vera

392 1358 577 1413 carnis
599 1359 1021 1428 resurrectione,
1050 1370 1107 1416 et
1125 1362 1519 1418 resurrectione
1554 1378 1653 1419 sua
1689 1377 1842 1434 spem
1880 1379 1976 1417 no-

392 1447 479 1501 bis
507 1451 923 1507 resurrectionis
952 1449 1266 1508 contulisse.
1319 1453 1400 1507 Ita
1428 1453 1709 1519 duntaxat,
1731 1462 1807 1508 ut-
1835 1453 1978 1509 sicut

391 1535 481 1591 ille
504 1539 660 1592 tertia
684 1539 771 1594 die
826 1542 1127 1596 resurrexit
1157 1543 1313 1597 vivus
1336 1558 1368 1597 a
1393 1544 1644 1611 mortuis,
1673 1545 1746 1600 ita
1780 1553 1837 1600 et
1875 1560 1974 1601 nos

391 1643 446 1680 tn
475 1628 580 1684 fine
601 1631 923 1687 saeculorum
948 1647 1317 1704 resurgamus,
1347 1636 1402 1689 in
1428 1636 1618 1691 eadem
1636 1677 1650 1702 ,
1694 1652 1801 1706 qua
1832 1653 1974 1692 nunc

390 1721 623 1778 vivimus
650 1738 832 1779 carne.
853 1744 860 1749 ·
883 1724 1119 1780 Credant
1145 1725 1329 1792 etiam,
1359 1743 1481 1782 eum
1518 1729 1573 1784 in
1612 1730 1803 1784 eodem
1854 1744 1972 1785 cor-

2078 541 2396 609 spiritalitcr
2419 543 2669 599 dicuntur
2695 544 3012 614 spiritaliter
3038 543 3316 600 audientes
3335 544 3401 602 ad
3429 544 3652 614 spirita-

2078 632 2207 687 lium
2238 650 2462 703 operum
2491 636 2849 692 emolumenta
2870 638 3202 707 perveniant.
3240 637 3376 704 Quia
3397 653 3526 708 ergo
3568 639 3644 696 di-

2076 726 2274 780 vinitas
2296 727 2567 783 hominem
2596 743 2897 794 assumens,
2925 730 3193 799 quoddam
3226 744 3293 785 ex
3316 732 3655 809 connexione

2076 817 2306 871 duarum
2327 818 2775 884 substantiarum,
2790 819 2844 873 in
2867 835 2971 873 una
2986 814 3460 888 DeiFiliipersona
3489 821 3647 893 colly-

2076 906 2214 960 rium
2241 904 2387 972 fecit,
2412 908 2553 963 unde
2572 921 2744 979 genus
2766 909 3061 964 humanum
3089 910 3231 979 quod
3251 925 3452 989 meum
3480 926 3511 965 a
3536 913 3655 979 pri-

2076 995 2179 1050 mis
2198 997 2512 1065 parentibus
2558 1007 2743 1053 natum
2770 1007 2911 1066 erat,
2937 998 3302 1077 illuminaret,
3338 1016 3444 1055 non
3475 1003 3544 1055 ab
3593 1018 3656 1056 re

2073 1094 2234 1156 sputo
2270 1101 2429 1142 aures
2456 1095 2748 1157 tanguntur
2779 1099 2835 1144 et
2878 1104 3058 1155 nares,
3088 1097 3149 1144 ut
3164 1091 3256 1160 qui
3283 1106 3523 1161 expuetts
3552 1092 3656 1146 lin-

2074 1191 2234 1245 gnam
2255 1177 2389 1231 muti
2411 1178 2681 1249 tetigerat,
2705 1187 2762 1234 et
2781 1187 2939 1249 sputo
2956 1179 3128 1234 lutum
3154 1178 3375 1247 fecerat,
3388 1190 3442 1234 et
3467 1182 3657 1237 oculos

2073 1265 2202 1321 caeci
2223 1266 2337 1320 nati
2358 1279 2665 1335 aperuerat,
2693 1284 2838 1323 nunc
2872 1284 2970 1339 per
3006 1268 3367 1326 ministerium
3404 1272 3656 1327 sacerdo-

2073 1362 2205 1419 tum,
2233 1362 2289 1411 et
2315 1355 2560 1412 auditum
2598 1357 2915 1426 spiritalem,
2944 1359 3029 1414 his
3050 1360 3144 1430 qui
3166 1360 3477 1429 baptizandi
3519 1348 3655 1417 sunt

2075 1445 2293 1508 tribuat,
2309 1454 2364 1501 et
2379 1453 2524 1502 recte
2546 1446 2819 1517 loquendi,
2835 1447 2887 1503 id
2900 1457 3003 1516 est,
3020 1448 3179 1505 fidem
3195 1465 3379 1505 veram
3398 1449 3659 1507 confitcn-

2058 1536 2128 1592 ‘di
2153 1535 2463 1592 facultatem
2495 1539 2752 1607 przebeat,
2785 1547 2839 1595 et
2864 1554 3022 1595 nares
3044 1532 3259 1611 quibus
3284 1541 3481 1597 bonum
3499 1540 3656 1596 Chri-

2074 1628 2141 1681 sti
2171 1627 2391 1682 odorem
2418 1628 2635 1697 capiant
2679 1628 2906 1699 aperiat.
2954 1630 3150 1686 Pectus
3188 1630 3336 1687 enim
3378 1633 3520 1688 illius
3561 1636 3658 1704 qui

2075 1715 2380 1786 baptizatur
2401 1717 2657 1773 refertum
2669 1734 2884 1789 semper
2909 1734 3029 1775 esse
3051 1719 3235 1787 debet,
3251 1729 3308 1776 et
3338 1721 3502 1776 divini
3524 1724 3660 1778 odo-

390 1831 544 1884 νοω,
575 1811 717 1884 quod
748 1812 814 1871 dc
840 1812 1049 1884 virgine
1084 1791 1377 1884 assumpsi;
1398 1857 1413 1881 ,
1441 1824 1496 1872 ει
1522 1818 1828 1888 passionem
1858 1835 1976 1875 sus-
2003 1791 2051 1850 Β
2080 1806 2155 1861 ris
2183 1815 2404 1864 nectare
2431 1816 2487 1862 et
2515 1808 2742 1878 spiritali
2767 1800 3019 1865 unctione
3042 1808 3356 1865 delibutum.
3393 1809 3549 1867 Unde
3600 1823 3659 1868 et

390 1905 574 1971 tinuit,
605 1914 661 1961 et
703 1904 1023 1973 resurrexit,
1049 1908 1362 1965 ascendisse
1393 1909 1448 1965 in
1476 1911 1694 1978 emtum,
1724 1922 1779 1968 et
1805 1912 1859 1967 in
1885 1928 1979 1968 co-

388 1997 536 2063 dem,
561 2006 617 2052 et
641 2013 787 2053 nunc
811 2013 931 2053 esse
974 2007 1030 2054 et
1054 2000 1123 2054 ad
1145 1997 1410 2068 judicium
1438 2011 1722 2057 venturum
1751 2018 1894 2069 esse,
1923 2014 1976 2061 et

389 2087 728 2143 resuscitatis
751 2087 1022 2154 omnibus,
1045 2082 1181 2143 dare
1201 2089 1321 2144 aliis
1345 2106 1443 2160 pro
1468 2093 1705 2161 peccatis
1728 2095 1977 2165 supplicii

389 2178 578 2232 aeterni
595 2178 943 2243 sententiam,
959 2177 1102 2245 aliis,
1125 2194 1224 2248 pro
1245 2178 1471 2248 justitize
1505 2183 1736 2249 meritis,
1758 2194 1975 2241 αξιοι-μω

394 2265 743 2322 beatitudinis
791 2268 1093 2338 prmmium.
1148 2267 1386 2324 Credant
1411 2280 1465 2325 et
1493 2271 1545 2325 in
1561 2272 1826 2342 Spiritum
1851 2289 1974 2329 san-

388 2360 559 2421 etum,
589 2353 759 2408 Deum
781 2370 994 2421 verum,
1027 2370 1094 2411 ex
1106 2355 1266 2413 Patre
1278 2352 1522 2429 Filioque
1555 2362 1935 2429 procedentem
1955 2404 1972 2431 ,

388 2445 650 2516 aequalem
702 2461 801 2516 per
826 2446 1006 2501 omnia
1030 2445 1177 2503 Patri
1200 2445 1439 2526 etFilio,
1466 2450 1743 2506 voluntate
1764 2492 1779 2517 ,
1823 2464 1974 2523 pote-

389 2546 554 2601 state,
577 2536 899 2604 mternitate,
922 2530 1259 2603 substantia,
1292 2553 1395 2594 nec
1427 2556 1548 2595 esse
1577 2541 1632 2594 in
1664 2541 1765 2597 liae
1784 2553 1972 2600 sancta

391 2624 657 2681 Trinitate
687 2626 824 2682 ullos
848 2629 1063 2699 gradus,
1095 2630 1290 2701 quibus
1317 2631 1512 2702 aliquis
1531 2634 1804 2704 superior,
1838 2635 1975 2692 infe-

332 2748 339 2754 -
388 2715 568 2771 riorve
590 2715 697 2771 dici
724 2718 915 2788 possit.
938 2717 1352 2775 Credantetiam
1393 2731 1636 2778 sanctam
1676 2723 1973 2782 Ecclesium

388 2806 733 2875 catholicam,
757 2810 811 2865 id
832 2817 939 2876 est,
965 2812 1346 2880 universalem,
1389 2829 1495 2869 non
1518 2814 1572 2870 in
1599 2827 1845 2873 sanctam
1872 2819 1973 2876 Ec-

390 2898 630 2966 clesiam,
657 2909 716 2954 ut
744 2901 1028 2958 credentes
1045 2903 1100 2958 in
1123 2903 1463 2972 Trinitatem,
1480 2908 1708 2964 credant
1731 2908 1972 2977 ejusdem

390 2994 592 3045 sanctte
621 2988 904 3048 Trinitatis
933 2993 1131 3049 donum
1155 3009 1295 3063 esse,
1324 3006 1567 3054 sanctam
1586 2999 1911 3067 Ecclesiam,
1940 3017 1971 3056 a

388 3079 544 3149 cujus
570 3084 949 3138 communione
981 3084 1343 3152 discedentes,
1369 3088 1699 3145 schismatici
1724 3098 1780 3145 et
1807 3091 1971 3145 haere-

389 3169 480 3223 tici
511 3174 790 3235 vocantur,
822 3180 1113 3229 ct‘aztcrna
1150 3176 1500 3234 damnatione
1544 3181 1861 3250 puniuntur.
1909 3183 1969 3237 In

387 3257 504 3324 ejus
549 3274 679 3315 vero
723 3263 1100 3321 communione
1136 3277 1549 3337 permanentes,
1616 3280 1673 3340 et
1725 3276 1968 3330 membra

386 3349 588 3405 Christi
632 3364 772 3417 esse,
795 3361 852 3408 et
885 3353 1253 3410 remissionem
1281 3362 1625 3428 peccatorum
1654 3361 1967 3432 percipere,

389 3444 456 3498 ad
478 3444 643 3498 vitam
679 3454 936 3501 aeternam
959 3449 1251 3518 pertinere.
1287 3452 1423 3518 Quia
1457 3468 1586 3525 ergo
1607 3454 1813 3524 parvuli
1844 3473 1968 3512 nec-

388 3537 515 3590 dum
545 3536 755 3593 ratione
778 3547 1011 3605 utentes,
1040 3540 1155 3596 haec
1203 3541 1427 3598 minimc
1473 3559 1667 3616 capere
1711 3556 1966 3616 possunt,

388 3635 607 3696 oportet
632 3637 829 3683 utcutn
852 3630 918 3684 ad
950 3631 1336 3703 intelligibilcm
1360 3642 1570 3692 aetatem
1603 3632 1967 3708 pervenerint,

390 3718 684 3791 doceantur
703 3725 758 3772 et
792 3718 917 3774 fidei
973 3724 1347 3787 sacramentis,
1370 3733 1424 3779 et
1473 3726 1826 3783 confessionis
1860 3745 1970 3785 suae

392 3805 688 3874 mysteriis,
704 3813 758 3860 et
768 3809 1033 3864 veraciter
1044 3811 1286 3877 credant,
1312 3821 1366 3867 et
1381 3814 1622 3887 diligenti
1637 3834 1767 3873 cura
1789 3830 1969 3877 custo-

390 3894 543 3953 diant
570 3896 963 3955 confessionem
988 3917 1161 3956 suam.
1187 3903 1350 3958 Plane
1373 3900 1627 3976 disitnus,
1644 3911 1771 3981 quia
1787 3927 1971 3982 quam-

389 3987 473 4042 vis
499 3986 575 4042 illi
609 3989 835 4045 necdum
862 3992 1005 4062 loqui
1036 3996 1247 4064 possint
1278 4012 1379 4066 pro
1412 3998 1518 4054 illis
1547 4009 1603 4056 ct
1643 4003 1971 4061 confitentur

387 4087 445 4166 et
472 4078 782 4149 loquuntur,
811 4084 903 4154 qui
950 4100 1045 4141 eos
1070 4085 1137 4143 de
1192 4086 1412 4145 lavacro
1441 4088 1604 4147 fontis
1647 4095 1964 4166 suscipiunt.

392 4165 500 4222 Nec
530 4169 799 4227 immerito
850 4173 1071 4246 dignum
1105 4185 1208 4243 est,
1235 4187 1293 4233 ut
1327 4181 1420 4249 qui
1455 4180 1683 4238 aliorum
1729 4187 1969 4256 peccatis

386 4259 607 4316 obnoxii
638 4271 784 4330 sunt,
812 4264 1041 4321 aliorum
1071 4269 1253 4325 etiam.
1292 4271 1651 4342 confessione,
1682 4291 1779 4346 per
1806 4278 1967 4334 mini-

391 4348 614 4404 sterium
643 4351 981 4423 baptismatis
1015 4359 1390 4419 remissionem
1420 4364 1760 4438 originalium
1784 4371 1965 4441 perci-

388 4438 543 4506 piant
564 4451 929 4508 peccatorum.

463 4531 777 4604 Tanguntur
801 4537 983 4609 itaque
1014 4542 1081 4597 de
1111 4552 1268 4613 sputo
1298 4562 1457 4605 nares
1502 4559 1558 4605 et
1594 4566 1774 4620 aures,
1803 4563 1859 4611 et
1885 4556 1965 4617 di-

392 4618 537 4671 citur
583 4620 760 4676 effeta.
805 4624 996 4693 Nares,
1014 4637 1073 4683 ut
1094 4630 1366 4715 Christum
1392 4637 1447 4691 in
1472 4638 1639 4698 odore
1665 4618 1964 4716 unguento-

397 4722 516 4761 rum
539 4721 836 4799 sequantur
876 4724 931 4770 ct
956 4716 1174 4772 dicant:
1217 4721 1387 4778 Tro/te
1423 4742 1505 4783 me
1530 4739 1646 4797 post
1682 4741 1751 4799 te,
1783 4750 1963 4790 curre-

394 4811 511 4849 mus
562 4794 739 4867 (Cant.
773 4799 832 4869 l),
864 4810 920 4856 et
946 4820 1068 4859 cum
1100 4805 1357 4877 Apostolo
1379 4794 1754 4885 confiteantur,
1778 4823 1963 4880 dicen-

549 4885 745 4985 σὴν-ἱεξὶ
792 4890 956 4985 bonus
1006 4894 1139 4949 odor
1183 4914 1364 4955 sumus
1396 4902 1506 4958 Deo
1561 4906 1645 4979 (11
1673 4908 1889 4985 Cor.tt),
1912 4925 1968 4971 ct

395 4969 539 5027 illius
567 4976 809 5032 membra
831 4980 1150 5048 efﬁciantur,
1176 4985 1261 5040 cui
1291 4987 1487 5046 dicitur
1515 5011 1527 5046 :
1562 4969 1630 5048 Et
1655 4997 1785 5051 odor
1812 4969 1968 5056 vesti;

396 5073 686 5119 mentorum
713 5083 927 5123 suorum
968 5088 1126 5142 super
1160 5077 1336 5131 omnia
1361 5092 1621 5139 aromata.
1654 5082 1971 5160 Tanguntut‘

396 5163 451 5209 et
472 5170 630 5211 aures
660 5165 719 5212 ttt
764 5160 1045 5218 audientes
1069 5165 1233 5221 verba
1263 5168 1380 5236 Dei,
1410 5179 1468 5226 et
1496 5172 1760 5233 facientes
1794 5194 1857 5233 ea
1897 5182 1969 5236 si-

397 5244 551 5343 miles
586 5247 716 5343 sint,
742 5254 1033 5308 secundum
1068 5254 1434 5328 Evangelinm,
1463 5264 1572 5319 viro
1599 5269 1840 5338 sapienti,
1879 5276 1969 5343 qui

395 5334 674 5406 trdiﬁcavit
724 5337 934 5392 domum
961 5357 1108 5395 suam
1138 5361 1300 5415 supra
1334 5357 1533 5418 petram
1560 5334 1773 5423 (Matth.
1827 5334 1923 5427 vti)
1947 5399 1964 5425 ,

393 5437 449 5483 et
475 5426 700 5497 spiritali
728 5429 911 5484 auditu
952 5446 1165 5504 semper
1215 5434 1472 5506 spiritalia
1514 5443 1819 5500 auscultent
1846 5488 1860 5512 ,
1906 5426 1985 5502 ut.

394 5539 517 5577 cum
559 5521 725 5578 David
780 5523 959 5579 dicere
1011 5528 1259 5595 possint:
1292 5531 1515 5589 Audiam
1563 5537 1689 5602 quid
1721 5539 1966 5612 loquatur

395 5615 451 5665 in
488 5629 568 5666 me
598 5613 850 5670 Dominus
880 5614 1017 5671 Deus
1042 5615 1213 5688 (Psal.
1243 5624 1482 5694 Lxxxtv).
1511 5625 1577 5680 Et
1622 5645 1742 5683 cum
1784 5632 1917 5688 Isaia
1947 5651 1959 5686 :

398 5702 650 5761 Dominus
687 5707 827 5762 Deus
855 5711 1057 5781 aperuit
1110 5712 1236 5766 milii
1266 5730 1477 5783 aurem,
1527 5735 1617 5788 ego
1648 5731 1818 5775 autent
1862 5740 1961 5779 non

2075 1899 2238 1953 etiam
2267 1899 2351 1954 bis
2380 1899 2474 1968 qui
2495 1899 2802 1968 baptizandi
2834 1907 2977 1962 sunt,
3002 1907 3190 1971 pectus
3210 1901 3277 1955 de
3295 1901 3438 1977 oleo,
3462 1912 3514 1956 et
3537 1919 3657 1959 sca-

2074 1988 2212 2060 pulae
2239 1997 2548 2059 tanguntur,
2576 1989 2803 2044 ut‘illins
2826 1985 2931 2045 elei
2957 1991 3131 2044 sancti
3155 1991 3660 2062 videlicetSpirizus

2075 2078 2329 2135 unctione
2356 2080 2494 2135 Iiniti
2521 2121 2537 2145 ,
2583 2081 2650 2136 de
2679 2097 2787 2150 quo
2836 2081 3127 2153 Apostolus
3151 2083 3264 2138 ait:
3300 2081 3445 2138 Sicut
3478 2086 3658 2139 unctio

2072 2168 2185 2237 eius
2231 2169 2379 2224 docet
2414 2187 2501 2225 vos
2539 2171 2605 2224 de
2635 2171 2876 2226 omnibus
2935 2170 2987 2245 (I
3014 2170 3178 2227 Joan.
3210 2172 3272 2245 ιι)
3310 2181 3437 2230 ante
3480 2182 3537 2228 et
3572 2191 3660 2229 re—

2075 2271 2159 2315 tro
2189 2260 2402 2325 muniti,
2440 2261 2494 2316 id
2541 2268 2646 2327 est,
2675 2270 2864 2316 contra
2905 2263 3086 2317 omnia
3107 2277 3362 2333 proSpera
3408 2262 3525 2318 sive
3568 2267 3660 2319 ad-

2072 2365 2226 2405 versa
2250 2351 2360 2405 sint
2388 2351 2785 2423 circumspecti,
2800 2361 2853 2407 et
2877 2353 3177 2409 caelestium
3198 2354 3514 2410 animalium
3533 2355 3656 2410 imi-

2073 2442 2275 2498 tatione
2308 2451 2431 2519 ante
2454 2450 2512 2499 et
2540 2453 2686 2500 retro
2715 2444 2859 2515 pleni
2881 2446 2988 2501 sint
3016 2446 3207 2512 oculis,
3237 2447 3290 2501 il
3313 2459 3418 2513 est,
3449 2450 3499 2503 in
3519 2465 3658 2519 pra:-

2072 2532 2292 2588 teritum
2345 2518 2402 2588 et
2427 2532 2664 2589 futurum
2692 2535 3073 2606 respicientes,
3119 2536 3309 2591 salutis
3336 2553 3448 2592 sua:
3481 2518 3661 2594 custo-

2072 2625 2213 2679 diam
2237 2641 2343 2679 non
2378 2626 2647 2680 amittant.
2677 2626 2938 2697 Tangitur
2965 2628 3045 2702 eis
3079 2637 3267 2699 pectus
3299 2638 3356 2681 ut
3378 2644 3497 2682 cum
3547 2628 3658 2682 Da-

2073 2715 2163 2789 vid
2199 2716 2379 2772 dicere
2416 2717 2627 2786 possint
2667 2736 2681 2772 :
2717 2716 2785 2771 Et
2821 2717 3183 2772 misericordia
3221 2717 3335 2789 ejus
3370 2718 3653 2787 prtevcniet

2073 2786 2152 2861 me
2180 2804 2351 2878 (Psal.
2386 2807 2565 2880 ωἰιι).
2594 2808 2913 2881 Tanguntur
2954 2807 3207 2878 scapuitc,
3235 2786 3293 2861 ut
3314 2786 3436 2862 cum
3462 2808 3654 2861 eodem

2072 2901 2255 2958 dicant
2282 2919 2295 2954 :
2326 2902 2396 2957 Et
2424 2901 2785 2956 misericordia
2810 2901 2925 2972 ejus
2950 2899 3290 2973 subsequetur
3316 2916 3397 2955 me
3417 2941 3433 2967 ,
3479 2900 3534 2956 id
3567 2910 3659 2956 est

2073 2993 2366 3059 anteriora,
2392 3000 2452 3047 ut
2474 2992 2610 3049 bene
2631 2991 2817 3057 velint,
2841 2991 3138 3061 posteriora
3164 3031 3180 3057 ,
3225 3006 3295 3045 nc
3336 2990 3536 3045 frustra
3562 3007 3657 3046 vc-

2071 3083 2191 3139 liut.
2219 3083 2280 3138 ln
2304 3084 2487 3139 cordis
2512 3083 2728 3138 nomine
2756 3096 2898 3151 saepe
2930 3097 3084 3137 mens
3110 3082 3423 3149 designatur
3448 3123 3463 3148 ,
3510 3081 3658 3137 sicut

2071 3184 2157 3230 est
2204 3174 2335 3230 illud
2381 3191 2394 3228 :
2438 3172 2507 3227 In
2546 3182 2653 3228 toto
2701 3172 2857 3227 corde
2918 3189 3031 3227 meo
3074 3171 3326 3242 exquisivi
3370 3180 3419 3225 te
3476 3170 3651 3241 (Psal.

2069 3267 2281 3337 dxvm).
2315 3265 2383 3319 Et
2410 3265 2465 3319 in
2499 3263 2603 3319 olei
2632 3263 2848 3319 nomine
2875 3263 3209 3336 intelligitur,
3242 3262 3435 3317 unctio
3472 3266 3653 3317 sancti

2067 3354 2443 3425 spiritus,sive
2466 3368 2629 3424 Opera
2655 3353 2872 3408 luminis
2897 3361 2953 3407 et
2992 3352 3396 3408 misericordiae.
3447 3352 3647 3408 Cordis

2070 3449 2221 3503 locus
2243 3446 2498 3502 unctione
2530 3445 2783 3515 utrinque
2813 3445 3073 3510 munitur,
3096 3444 3150 3500 id
3171 3453 3285 3509 est,
3316 3443 3559 3499 anterius
3597 3454 3656 3497 et

2069 3538 2359 3610 posterius,
2387 3544 2448 3592 ut
2473 3534 2710 3607 undique
2731 3550 2884 3591 mens
2905 3533 3219 3601 Christiani,
3246 3543 3301 3588 et
3325 3533 3654 3604 pinguedine

2069 3629 2243 3687 sancti
2261 3624 2515 3701 Spiritus,
2538 3638 2594 3684 et
2619 3628 2872 3698 operibus
2907 3626 3126 3682 luminis
3149 3634 3311 3697 atque
3346 3627 3656 3682 misericor-

2068 3722 2172 3776 dia:
2191 3722 2471 3776 exuberet.
2510 3718 2718 3787 Quibus
2765 3718 2905 3776 bene
2933 3718 3232 3783 exuberat,
3288 3718 3334 3772 si
3383 3717 3654 3773 abrenun-

2069 3813 2253 3869 tiando
2283 3811 2496 3868 diabolo
2524 3818 2582 3866 ct
2598 3809 2855 3880 operibus
2886 3807 3023 3877 ejus,
3057 3808 3477 3864 dominationem
3509 3807 3658 3863 illius

2067 3915 2407 3976 aspernatur,
2448 3915 2504 3960 et
2530 3903 2721 3975 jugum
2750 3901 2894 3973 quod
2928 3917 2987 3958 sc
3025 3902 3329 3973 premebat,
3366 3901 3509 3957 illius
3545 3901 3653 3989 olei

2067 3994 2322 4050 unctione
2347 3993 2610 4056 fatescat,
2662 4000 2718 4047 et
2745 3991 3033 4062 impleatur
3070 3991 3198 4046 illud
3233 3992 3651 4061 propheticum:

2068 4085 2454 4156 Computrescet
2473 4085 2663 4155 jugum
2694 4100 2727 4137 α
2768 4082 2903 4153 facie
2931 4082 3031 4138 olei
3058 4082 3195 4155 (lsa.
3247 4084 3326 4153 ιι).
3360 4081 3653 4138 Abrcnun-

2067 4178 2205 4233 tiare
2234 4176 2436 4233 ctenim
2468 4176 2595 4246 poni
2629 4174 2768 4232 solet
2788 4189 2901 4247 pro~
2932 4190 2998 4231 eo
3022 4176 3165 4245 quod
3190 4182 3304 4240 est,
3360 4189 3652 4244 spernere,

2066 4269 2285 4339 ejicere,
2315 4269 2709 4334 contradicere,
2735 4267 2850 4323 sive
2880 4267 3023 4322 aliud
3050 4268 3199 4338 quid,
3222 4268 3364 4338 quod
3393 4269 3495 4324 hoc
3519 4283 3649 4324 vcr-

2065 4362 2136 4418 bo
2164 4361 2218 4416 in
2243 4360 2348 4416 hoc
2374 4374 2536 4415 sensu
2580 4358 2811 4431 exprimi
2849 4366 3047 4430 potest.
3085 4358 3257 4427 Quam
3297 4361 3651 4416 abrenuntia-
3745 4378 3758 4399 ι

1988 4468 2043 4529 D
2069 4453 2267 4508 tionem
2292 4459 2437 4507 recte
2452 4450 2719 4507 confessio
2741 4459 2940 4507 sancte
2960 4450 3244 4509 Trinitatis
3264 4455 3545 4524 sequitur:
3577 4453 3649 4510 Ut

2063 4543 2154 4597 ubi
2165 4542 2448 4598 abundarit
2469 4551 2761 4613 peccatum,
2780 4543 3164 4613 superabundet
3181 4546 3353 4615 gratia
3368 4544 3547 4616 (Rom.
3567 4547 3645 4618 v).

2067 4632 2283 4692 Satanae
2306 4634 2450 4690 enim
2489 4634 2581 4704 qui
2623 4641 2681 4688 et
2711 4633 2956 4690 diabolus
2980 4646 3320 4707 nuncupatur
3343 4653 3375 4693 a
3397 4638 3650 4696 fidelibus

2067 4725 2499 4790 abrenuntiatur,
2526 4732 2588 4779 ut
2616 4724 2844 4781 Domino
2874 4725 3132 4781 salvatori
3174 4726 3396 4784 liberius
3439 4730 3649 4804 servia-

2067 4823 2175 4887 tur,
2197 4817 2322 4886 quia
2342 4814 2496 4885 juxta
2530 4816 2769 4886 ejusdem
2804 4819 3014 4875 Domini
3070 4835 3294 4876 vocem:
3335 4820 3505 4876 Nemo
3548 4840 3648 4892 po-

2067 4915 2163 4962 test
2190 4907 2392 4961 duobus
2443 4907 2668 4962 dominis
2695 4909 2884 4963 servire
2908 4908 3122 4980 (Matth.
3154 4910 3253 4980 vt).
3282 4910 3648 4967 Abrenuntia-

2068 5008 2158 5053 tur
2176 4998 2341 5053 etiam
2368 4998 2620 5069 operibus
2648 4998 2788 5070 ejus,
2817 4999 2943 5070 quia
2970 5014 3135 5070 opera
3185 4999 3324 5056 illius
3364 5004 3644 5058 contraria

2067 5095 2196 5143 sunt
2220 5084 2517 5143 Salvatoris
2534 5089 2807 5158 operibus,
2836 5105 2937 5145 nec
2962 5090 3140 5146 minus
3167 5091 3219 5145 in
3259 5099 3400 5146 terra
3431 5095 3647 5163 pompis

2071 5177 2190 5247 ejus
2216 5178 2644 5243 abrenuntiatur,
2686 5195 2805 5250 qua:
2832 5180 3018 5250 utique
3061 5196 3222 5251 opera
3249 5190 3374 5236 sunt
3402 5180 3643 5250 Salantn,

2067 5270 2164 5327 sed
2197 5286 2263 5327 eo
2303 5271 2458 5342 quasi
2484 5271 2717 5329 discerni
2772 5272 3022 5327 videntur
3050 5289 3081 5327 a
3130 5276 3341 5330 creteris
3385 5276 3645 5347 operibus

2069 5360 2206 5432 ejus,
2224 5361 2349 5431 quia
2368 5362 2422 5416 in
2444 5362 2523 5417 eis
2544 5362 2812 5432 superbia,
2831 5361 2985 5432 cujus
3009 5374 3197 5420 auctor
3223 5365 3309 5420 ille
3332 5375 3437 5431 est,
3454 5377 3645 5439 etquae

2067 5466 2191 5506 cum
2213 5452 2425 5523 dejecit,
2453 5453 2846 5522 quodannnodo
2882 5455 3209 5526 designatur.
3240 5455 3452 5528 Pompa:
3477 5459 3646 5530 igitur

2067 5542 2183 5611 ejus
2203 5551 2346 5609 sunt,
2371 5545 2613 5608 ambitio,
2644 5547 2967 5616 arrogantia,
2998 5545 3133 5602 vana
3152 5548 3339 5619 gloria,
3370 5560 3425 5607 ct
3443 5561 3644 5609 caetera

2070 5633 2453 5704 hujuscemodi.
2486 5649 2606 5704 qua:
2630 5635 2776 5691 fonte
2807 5638 3070 5708 superbiae
3093 5640 3382 5709 procedere
3407 5657 3641 5711 noscun—

2071 5733 2175 5782 tur.
2200 5725 2341 5782 Fous
2361 5743 2572 5799 quoque
2594 5731 2845 5807 baptismi
2867 5733 3271 5792 similitudinem
3302 5738 3437 5807 gerit
3461 5739 3636 5811 sepul-
