  <div class='ocr_page' id='page_1' title='image "/cluster/home/n/w/nwhite01/storage/ocr_20150623/102/hvd.32044052820032/166.png"; bbox 0 0 3954 6200; ppageno 0'>
   <div class='ocr_carea' id='block_1_1' title="bbox 290 288 3569 393">
    <p class='ocr_par' dir='ltr' id='par_1_1' title="bbox 290 288 3569 393">
     <span class='ocr_line' id='line_1_1' title="bbox 290 288 3569 393; baseline 0.013 -42"><span class='ocrx_word' id='word_1_1' title='bbox 290 308 385 362; x_wconf 69' lang='lat'><strong>32.</strong></span> <span class='ocrx_word' id='word_1_2' title='bbox 1102 288 1619 367; x_wconf 56' lang='lat' dir='ltr'><strong>cocleario-ms</strong></span> <span class='ocrx_word' id='word_1_3' title='bbox 1659 312 1725 367; x_wconf 81' lang='lat' dir='ltr'><strong>IN</strong></span> <span class='ocrx_word' id='word_1_4' title='bbox 1769 313 2147 372; x_wconf 78' lang='lat' dir='ltr'><strong>EPISTOLAS</strong></span> <span class='ocrx_word' id='word_1_5' title='bbox 2189 318 2275 373; x_wconf 74' lang='grc' dir='ltr'><strong>[ετ</strong></span> <span class='ocrx_word' id='word_1_6' title='bbox 2318 319 2732 377; x_wconf 75' lang='lat' dir='ltr'><strong>EV’ANGEHA.</strong></span> <span class='ocrx_word' id='word_1_7' title='bbox 3439 309 3569 393; x_wconf 22' lang='lat'><strong>522“</strong></span> 
     </span>
    </p>
   </div>
   <div class='ocr_carea' id='block_1_2' title="bbox 283 415 3536 505">
    <p class='ocr_par' dir='ltr' id='par_1_2' title="bbox 283 415 3536 505">
     <span class='ocr_line' id='line_1_2' title="bbox 283 415 3536 505; baseline 0.01 -32"><span class='ocrx_word' id='word_1_8' title='bbox 283 419 359 473; x_wconf 85' lang='lat' dir='ltr'><strong>eri</strong></span> <span class='ocrx_word' id='word_1_9' title='bbox 408 415 632 481; x_wconf 91' lang='lat' dir='ltr'><strong>Christi,</strong></span> <span class='ocrx_word' id='word_1_10' title='bbox 659 415 802 486; x_wconf 91' lang='lat' dir='ltr'><strong>quod</strong></span> <span class='ocrx_word' id='word_1_11' title='bbox 842 432 1039 471; x_wconf 90' lang='lat' dir='ltr'><strong>novum</strong></span> <span class='ocrx_word' id='word_1_12' title='bbox 1090 417 1255 473; x_wconf 89' lang='lat' dir='ltr'><strong>fuisse</strong></span> <span class='ocrx_word' id='word_1_13' title='bbox 1303 421 1527 491; x_wconf 78' lang='lat' dir='ltr'><strong>legitur,</strong></span> <span class='ocrx_word' id='word_1_14' title='bbox 1579 424 1704 493; x_wconf 91' lang='lat' dir='ltr'><strong>quia</strong></span> <span class='ocrx_word' id='word_1_15' title='bbox 1743 426 1856 494; x_wconf 84' lang='lat' dir='ltr'><strong>qui—</strong></span> <span class='ocrx_word' id='word_1_16' title='bbox 1882 427 1932 486; x_wconf 75' lang='grc' dir='ltr'>Α</span> <span class='ocrx_word' id='word_1_17' title='bbox 1957 436 2190 494; x_wconf 89' lang='lat' dir='ltr'><strong>quatuor</strong></span> <span class='ocrx_word' id='word_1_18' title='bbox 2212 432 2394 485; x_wconf 90' lang='lat' dir='ltr'><strong>mundi</strong></span> <span class='ocrx_word' id='word_1_19' title='bbox 2426 436 2899 503; x_wconf 69' lang='lat' dir='ltr'><strong>partes,orient:m</strong></span> <span class='ocrx_word' id='word_1_20' title='bbox 2924 439 3174 497; x_wconf 73' lang='lat' dir='ltr'><strong>videlicet</strong></span> <span class='ocrx_word' id='word_1_21' title='bbox 3199 451 3254 499; x_wconf 92' lang='lat' dir='ltr'><strong>et</strong></span> <span class='ocrx_word' id='word_1_22' title='bbox 3283 449 3536 505; x_wconf 86' lang='lat' dir='ltr'><strong>occiden-</strong></span> 
     </span>
    </p>
   </div>
   <div class='ocr_carea' id='block_1_3' title="bbox 283 505 3548 595">
    <p class='ocr_par' dir='ltr' id='par_1_3' title="bbox 283 505 3548 595">
     <span class='ocr_line' id='line_1_3' title="bbox 283 505 3548 595; baseline 0.01 -32"><span class='ocrx_word' id='word_1_23' title='bbox 283 521 491 577; x_wconf 87' lang='lat' dir='ltr'><strong>cunque</strong></span> <span class='ocrx_word' id='word_1_24' title='bbox 512 506 564 560; x_wconf 92' lang='lat' dir='ltr'><strong>in</strong></span> <span class='ocrx_word' id='word_1_25' title='bbox 592 520 657 561; x_wconf 91' lang='lat' dir='ltr'><strong>eo</strong></span> <span class='ocrx_word' id='word_1_26' title='bbox 676 505 1047 576; x_wconf 80' lang='lat' dir='ltr'><strong>&#39;consepclitur</strong></span> <span class='ocrx_word' id='word_1_27' title='bbox 1075 508 1313 573; x_wconf 90' lang='lat' dir='ltr'><strong>Christo,</strong></span> <span class='ocrx_word' id='word_1_28' title='bbox 1339 520 1393 566; x_wconf 92' lang='lat' dir='ltr'><strong>et</strong></span> <span class='ocrx_word' id='word_1_29' title='bbox 1418 514 1466 567; x_wconf 91' lang='lat' dir='ltr'><strong>ei</strong></span> <span class='ocrx_word' id='word_1_30' title='bbox 1492 525 1866 586; x_wconf 89' lang='lat' dir='ltr'><strong>conresurget,</strong></span> <span class='ocrx_word' id='word_1_31' title='bbox 1971 522 2099 579; x_wconf 90' lang='lat' dir='ltr'><strong>tem,</strong></span> <span class='ocrx_word' id='word_1_32' title='bbox 2127 521 2544 587; x_wconf 78' lang='lat' dir='ltr'><strong>septentrionem</strong></span> <span class='ocrx_word' id='word_1_33' title='bbox 2566 533 2620 579; x_wconf 89' lang='lat' dir='ltr'><strong>et</strong></span> <span class='ocrx_word' id='word_1_34' title='bbox 2649 527 2949 592; x_wconf 80' lang='lat' dir='ltr'><strong>meridiem,</strong></span> <span class='ocrx_word' id='word_1_35' title='bbox 2985 530 3229 587; x_wconf 83' lang='lat' dir='ltr'><strong>derivata</strong></span> <span class='ocrx_word' id='word_1_36' title='bbox 3256 544 3357 589; x_wconf 91' lang='lat' dir='ltr'><strong>est.</strong></span> <span class='ocrx_word' id='word_1_37' title='bbox 3394 516 3548 595; x_wconf 77' lang='lat' dir='ltr'><strong>liuuc</strong></span> 
     </span>
    </p>
   </div>
   <div class='ocr_carea' id='block_1_4' title="bbox 281 597 3547 691">
    <p class='ocr_par' dir='ltr' id='par_1_4' title="bbox 281 597 3547 691">
     <span class='ocr_line' id='line_1_4' title="bbox 281 597 3547 691; baseline 0.007 -38"><span class='ocrx_word' id='word_1_38' title='bbox 281 597 576 691; x_wconf 78' lang='lat' dir='ltr'><strong>secundum</strong></span> <span class='ocrx_word' id='word_1_39' title='bbox 592 597 842 691; x_wconf 80' lang='lat' dir='ltr'><strong>eumdem</strong></span> <span class='ocrx_word' id='word_1_40' title='bbox 867 598 1202 691; x_wconf 45' lang='lat' dir='ltr'><strong>apostolum,</strong></span> <span class='ocrx_word' id='word_1_41' title='bbox 1228 604 1282 658; x_wconf 92' lang='lat' dir='ltr'><strong>in</strong></span> <span class='ocrx_word' id='word_1_42' title='bbox 1331 605 1569 660; x_wconf 81' lang='lat' dir='ltr'><strong>novitate</strong></span> <span class='ocrx_word' id='word_1_43' title='bbox 1599 606 1723 659; x_wconf 76' lang='lat' dir='ltr'><strong>vitm</strong></span> <span class='ocrx_word' id='word_1_44' title='bbox 1751 622 1867 660; x_wconf 61' lang='lat' dir='ltr'><strong>am:-</strong></span> <span class='ocrx_word' id='word_1_45' title='bbox 1967 604 2400 676; x_wconf 84' lang='lat' dir='ltr'><strong>enimSpiritum,</strong></span> <span class='ocrx_word' id='word_1_46' title='bbox 2429 613 2519 680; x_wconf 89' lang='lat' dir='ltr'><strong>qui</strong></span> <span class='ocrx_word' id='word_1_47' title='bbox 2556 628 2586 667; x_wconf 90' lang='lat' dir='ltr'><strong>a</strong></span> <span class='ocrx_word' id='word_1_48' title='bbox 2628 611 2792 670; x_wconf 80' lang='lat' dir='ltr'><strong>Patre</strong></span> <span class='ocrx_word' id='word_1_49' title='bbox 2814 614 3059 689; x_wconf 83' lang='lat' dir='ltr'><strong>Filioque</strong></span> <span class='ocrx_word' id='word_1_50' title='bbox 3101 626 3366 691; x_wconf 85' lang='lat' dir='ltr'><strong>procedit,</strong></span> <span class='ocrx_word' id='word_1_51' title='bbox 3405 628 3547 685; x_wconf 77' lang='lat' dir='ltr'><strong>idem</strong></span> 
     </span>
    </p>
   </div>
   <div class='ocr_carea' id='block_1_5' title="bbox 281 685 3549 778">
    <p class='ocr_par' dir='ltr' id='par_1_5' title="bbox 281 685 3549 778">
     <span class='ocr_line' id='line_1_5' title="bbox 281 685 3549 778; baseline 0.01 -35"><span class='ocrx_word' id='word_1_52' title='bbox 281 688 466 743; x_wconf 83' lang='lat' dir='ltr'><strong>balare</strong></span> <span class='ocrx_word' id='word_1_53' title='bbox 487 685 667 752; x_wconf 85' lang='lat' dir='ltr'><strong>debet,</strong></span> <span class='ocrx_word' id='word_1_54' title='bbox 697 685 852 755; x_wconf 88' lang='lat' dir='ltr'><strong>cujus</strong></span> <span class='ocrx_word' id='word_1_55' title='bbox 882 686 1049 744; x_wconf 88' lang='lat' dir='ltr'><strong>fontis</strong></span> <span class='ocrx_word' id='word_1_56' title='bbox 1097 705 1187 745; x_wconf 81' lang='lat' dir='ltr'><strong>sex</strong></span> <span class='ocrx_word' id='word_1_57' title='bbox 1217 694 1416 764; x_wconf 85' lang='lat' dir='ltr'><strong>gradus</strong></span> <span class='ocrx_word' id='word_1_58' title='bbox 1441 703 1565 748; x_wconf 89' lang='lat' dir='ltr'><strong>sunt</strong></span> <span class='ocrx_word' id='word_1_59' title='bbox 1596 734 1611 759; x_wconf 89' lang='lat'><strong>,</strong></span> <span class='ocrx_word' id='word_1_60' title='bbox 1656 704 1768 750; x_wconf 89' lang='lat' dir='ltr'><strong>tres</strong></span> <span class='ocrx_word' id='word_1_61' title='bbox 1811 696 1863 749; x_wconf 93' lang='lat' dir='ltr'><strong>in</strong></span> <span class='ocrx_word' id='word_1_62' title='bbox 1966 695 2524 772; x_wconf 82' lang='lat' dir='ltr'><strong>Dommusapostolis,</strong></span> <span class='ocrx_word' id='word_1_63' title='bbox 2548 714 2603 761; x_wconf 90' lang='lat' dir='ltr'><strong>et</strong></span> <span class='ocrx_word' id='word_1_64' title='bbox 2628 723 2725 778; x_wconf 88' lang='lat' dir='ltr'><strong>per</strong></span> <span class='ocrx_word' id='word_1_65' title='bbox 2744 685 3117 778; x_wconf 71' lang='lat' dir='ltr'><strong>apostolorum</strong></span> <span class='ocrx_word' id='word_1_66' title='bbox 3136 685 3402 773; x_wconf 83' lang='lat' dir='ltr'><strong>eteorum</strong></span> <span class='ocrx_word' id='word_1_67' title='bbox 3426 736 3549 776; x_wconf 89' lang='lat' dir='ltr'><strong>suc-</strong></span> 
     </span>
    </p>
   </div>
   <div class='ocr_carea' id='block_1_6' title="bbox 281 784 3547 875">
    <p class='ocr_par' dir='ltr' id='par_1_6' title="bbox 281 784 3547 875">
     <span class='ocr_line' id='line_1_6' title="bbox 281 784 3547 875; baseline 0.008 -38"><span class='ocrx_word' id='word_1_68' title='bbox 281 784 563 848; x_wconf 84' lang='lat' dir='ltr'><strong>descensu,</strong></span> <span class='ocrx_word' id='word_1_69' title='bbox 593 792 703 839; x_wconf 90' lang='lat' dir='ltr'><strong>tres</strong></span> <span class='ocrx_word' id='word_1_70' title='bbox 728 793 951 850; x_wconf 87' lang='lat' dir='ltr'><strong>noctes,</strong></span> <span class='ocrx_word' id='word_1_71' title='bbox 980 793 1034 840; x_wconf 86' lang='lat' dir='ltr'><strong>et</strong></span> <span class='ocrx_word' id='word_1_72' title='bbox 1062 794 1174 841; x_wconf 90' lang='lat' dir='ltr'><strong>tres</strong></span> <span class='ocrx_word' id='word_1_73' title='bbox 1203 786 1256 840; x_wconf 91' lang='lat' dir='ltr'><strong>in</strong></span> <span class='ocrx_word' id='word_1_74' title='bbox 1288 801 1511 841; x_wconf 90' lang='lat' dir='ltr'><strong>ascensu</strong></span> <span class='ocrx_word' id='word_1_75' title='bbox 1535 827 1550 851; x_wconf 94' lang='lat'><strong>,</strong></span> <span class='ocrx_word' id='word_1_76' title='bbox 1590 796 1699 842; x_wconf 90' lang='lat' dir='ltr'><strong>tres</strong></span> <span class='ocrx_word' id='word_1_77' title='bbox 1746 787 1864 842; x_wconf 90' lang='lat' dir='ltr'><strong>dies</strong></span> <span class='ocrx_word' id='word_1_78' title='bbox 1965 797 2239 843; x_wconf 88' lang='lat' dir='ltr'><strong>cessorum</strong></span> <span class='ocrx_word' id='word_1_79' title='bbox 2296 793 2656 851; x_wconf 87' lang='lat' dir='ltr'><strong>ministerium</strong></span> <span class='ocrx_word' id='word_1_80' title='bbox 2688 807 2888 854; x_wconf 72' lang='lat' dir='ltr'><strong>sanctm</strong></span> <span class='ocrx_word' id='word_1_81' title='bbox 2921 817 3032 858; x_wconf 70' lang='lat' dir='ltr'><strong>sua:</strong></span> <span class='ocrx_word' id='word_1_82' title='bbox 3056 805 3245 859; x_wconf 87' lang='lat' dir='ltr'><strong>tribuit</strong></span> <span class='ocrx_word' id='word_1_83' title='bbox 3269 807 3547 875; x_wconf 70' lang='lat' dir='ltr'><strong>Ecclesim,</strong></span> 
     </span>
    </p>
   </div>
   <div class='ocr_carea' id='block_1_7' title="bbox 278 874 1860 948">
    <p class='ocr_par' dir='ltr' id='par_1_7' title="bbox 278 874 1860 948">
     <span class='ocr_line' id='line_1_7' title="bbox 278 874 1860 948; baseline 0.004 -21"><span class='ocrx_word' id='word_1_84' title='bbox 278 874 581 945; x_wconf 90' lang='lat' dir='ltr'><strong>signiﬁcare</strong></span> <span class='ocrx_word' id='word_1_85' title='bbox 618 876 889 931; x_wconf 88' lang='lat' dir='ltr'><strong>videntur.</strong></span> <span class='ocrx_word' id='word_1_86' title='bbox 942 876 1150 932; x_wconf 82' lang='lat' dir='ltr'><strong>Idcirco</strong></span> <span class='ocrx_word' id='word_1_87' title='bbox 1182 886 1358 932; x_wconf 90' lang='lat' dir='ltr'><strong>autem</strong></span> <span class='ocrx_word' id='word_1_88' title='bbox 1410 878 1711 948; x_wconf 89' lang='lat' dir='ltr'><strong>baptismus</strong></span> <span class='ocrx_word' id='word_1_89' title='bbox 1754 895 1860 935; x_wconf 92' lang='lat' dir='ltr'><strong>non</strong></span> 
     </span>
    </p>
   </div>
   <div class='ocr_carea' id='block_1_8' title="bbox 277 966 1860 1039">
    <p class='ocr_par' dir='ltr' id='par_1_8' title="bbox 277 966 1860 1039">
     <span class='ocr_line' id='line_1_8' title="bbox 277 966 1860 1039; baseline 0.004 -21"><span class='ocrx_word' id='word_1_90' title='bbox 277 966 523 1029; x_wconf 83' lang='lat' dir='ltr'><strong>iteratur,</strong></span> <span class='ocrx_word' id='word_1_91' title='bbox 553 966 678 1035; x_wconf 88' lang='lat' dir='ltr'><strong>quia</strong></span> <span class='ocrx_word' id='word_1_92' title='bbox 701 975 757 1020; x_wconf 89' lang='lat' dir='ltr'><strong>et</strong></span> <span class='ocrx_word' id='word_1_93' title='bbox 804 966 1052 1022; x_wconf 86' lang='lat' dir='ltr'><strong>Christus</strong></span> <span class='ocrx_word' id='word_1_94' title='bbox 1088 982 1194 1024; x_wconf 91' lang='lat' dir='ltr'><strong>non</strong></span> <span class='ocrx_word' id='word_1_95' title='bbox 1223 967 1453 1038; x_wconf 83' lang='lat' dir='ltr'><strong>amplius</strong></span> <span class='ocrx_word' id='word_1_96' title='bbox 1481 985 1643 1039; x_wconf 91' lang='lat' dir='ltr'><strong>quam</strong></span> <span class='ocrx_word' id='word_1_97' title='bbox 1692 970 1860 1024; x_wconf 89' lang='lat' dir='ltr'><strong>semel</strong></span> 
     </span>
    </p>
   </div>
   <div class='ocr_carea' id='block_1_9' title="bbox 277 1053 1856 1130">
    <p class='ocr_par' dir='ltr' id='par_1_9' title="bbox 277 1053 1856 1130">
     <span class='ocr_line' id='line_1_9' title="bbox 277 1053 1856 1130; baseline 0.003 -22"><span class='ocrx_word' id='word_1_98' title='bbox 277 1055 525 1109; x_wconf 88' lang='lat' dir='ltr'><strong>moritur.</strong></span> <span class='ocrx_word' id='word_1_99' title='bbox 552 1053 779 1110; x_wconf 86' lang='lat' dir='ltr'><strong>Peccata</strong></span> <span class='ocrx_word' id='word_1_100' title='bbox 816 1056 984 1120; x_wconf 91' lang='lat' dir='ltr'><strong>enim,</strong></span> <span class='ocrx_word' id='word_1_101' title='bbox 1005 1073 1125 1128; x_wconf 75' lang='lat' dir='ltr'><strong>qua:</strong></span> <span class='ocrx_word' id='word_1_102' title='bbox 1155 1066 1279 1129; x_wconf 89' lang='lat' dir='ltr'><strong>post</strong></span> <span class='ocrx_word' id='word_1_103' title='bbox 1323 1059 1650 1130; x_wconf 84' lang='lat' dir='ltr'><strong>baptismum</strong></span> <span class='ocrx_word' id='word_1_104' title='bbox 1706 1074 1856 1113; x_wconf 90' lang='lat' dir='ltr'><strong>com-</strong></span> 
     </span>
    </p>
   </div>
   <div class='ocr_carea' id='block_1_10' title="bbox 275 1145 1857 1221">
    <p class='ocr_par' dir='ltr' id='par_1_10' title="bbox 275 1145 1857 1221">
     <span class='ocr_line' id='line_1_10' title="bbox 275 1145 1857 1221; baseline 0.004 -22"><span class='ocrx_word' id='word_1_105' title='bbox 275 1145 582 1210; x_wconf 86' lang='lat' dir='ltr'><strong>mittuntur,</strong></span> <span class='ocrx_word' id='word_1_106' title='bbox 608 1146 939 1216; x_wconf 64' lang='lat' dir='ltr'><strong>paenitentia:</strong></span> <span class='ocrx_word' id='word_1_107' title='bbox 963 1148 1240 1220; x_wconf 85' lang='lat' dir='ltr'><strong>lacrymis,</strong></span> <span class='ocrx_word' id='word_1_108' title='bbox 1270 1149 1653 1221; x_wconf 87' lang='lat' dir='ltr'><strong>eleemosynis,</strong></span> <span class='ocrx_word' id='word_1_109' title='bbox 1679 1159 1735 1205; x_wconf 94' lang='lat' dir='ltr'><strong>et</strong></span> <span class='ocrx_word' id='word_1_110' title='bbox 1754 1166 1857 1205; x_wconf 71' lang='lat' dir='ltr'><strong>cte-</strong></span> 
     </span>
    </p>
   </div>
   <div class='ocr_carea' id='block_1_11' title="bbox 275 1236 1859 1309">
    <p class='ocr_par' dir='ltr' id='par_1_11' title="bbox 275 1236 1859 1309">
     <span class='ocr_line' id='line_1_11' title="bbox 275 1236 1859 1309; baseline 0.004 -22"><span class='ocrx_word' id='word_1_111' title='bbox 275 1237 402 1290; x_wconf 89' lang='lat' dir='ltr'><strong>teris</strong></span> <span class='ocrx_word' id='word_1_112' title='bbox 430 1236 697 1291; x_wconf 89' lang='lat' dir='ltr'><strong>bonorum</strong></span> <span class='ocrx_word' id='word_1_113' title='bbox 742 1252 966 1308; x_wconf 91' lang='lat' dir='ltr'><strong>operum</strong></span> <span class='ocrx_word' id='word_1_114' title='bbox 995 1239 1443 1298; x_wconf 79' lang='lat' dir='ltr'><strong>exhibitionibus.</strong></span> <span class='ocrx_word' id='word_1_115' title='bbox 1508 1256 1615 1294; x_wconf 92' lang='lat' dir='ltr'><strong>non</strong></span> <span class='ocrx_word' id='word_1_116' title='bbox 1658 1239 1859 1309; x_wconf 80' lang='lat' dir='ltr'><strong>baptis-</strong></span> 
     </span>
    </p>
   </div>
   <div class='ocr_carea' id='block_1_12' title="bbox 274 1314 1853 1400">
    <p class='ocr_par' dir='ltr' id='par_1_12' title="bbox 274 1314 1853 1400">
     <span class='ocr_line' id='line_1_12' title="bbox 274 1314 1853 1400; baseline 0.004 -23"><span class='ocrx_word' id='word_1_117' title='bbox 274 1326 431 1381; x_wconf 82' lang='lat' dir='ltr'><strong>matis</strong></span> <span class='ocrx_word' id='word_1_118' title='bbox 457 1326 744 1381; x_wconf 81' lang='lat' dir='ltr'><strong>iteratione</strong></span> <span class='ocrx_word' id='word_1_119' title='bbox 782 1325 1047 1381; x_wconf 86' lang='lat' dir='ltr'><strong>delentur.</strong></span> <span class='ocrx_word' id='word_1_120' title='bbox 1094 1329 1378 1385; x_wconf 88' lang='lat' dir='ltr'><strong>Dominico</strong></span> <span class='ocrx_word' id='word_1_121' title='bbox 1404 1330 1609 1383; x_wconf 86' lang='lat' dir='ltr'><strong>interea</strong></span> <span class='ocrx_word' id='word_1_122' title='bbox 1640 1314 1853 1400; x_wconf 75' lang='lat' dir='ltr'><strong>corpori</strong></span> 
     </span>
    </p>
   </div>
   <div class='ocr_carea' id='block_1_13' title="bbox 270 1415 1853 1484">
    <p class='ocr_par' dir='ltr' id='par_1_13' title="bbox 270 1415 1853 1484">
     <span class='ocr_line' id='line_1_13' title="bbox 270 1415 1853 1484; baseline 0.002 -16"><span class='ocrx_word' id='word_1_123' title='bbox 270 1415 597 1484; x_wconf 83' lang='lat' dir='ltr'><strong>sepeliendo,</strong></span> <span class='ocrx_word' id='word_1_124' title='bbox 641 1415 990 1471; x_wconf 86' lang='lat' dir='ltr'><strong>mundissima</strong></span> <span class='ocrx_word' id='word_1_125' title='bbox 1019 1416 1352 1482; x_wconf 87' lang='lat' dir='ltr'><strong>linteamina,</strong></span> <span class='ocrx_word' id='word_1_126' title='bbox 1377 1426 1434 1471; x_wconf 90' lang='lat' dir='ltr'><strong>et</strong></span> <span class='ocrx_word' id='word_1_127' title='bbox 1465 1427 1709 1471; x_wconf 86' lang='lat' dir='ltr'><strong>aromata</strong></span> <span class='ocrx_word' id='word_1_128' title='bbox 1759 1418 1853 1471; x_wconf 82' lang='lat' dir='ltr'><strong>ad-</strong></span> 
     </span>
    </p>
   </div>
   <div class='ocr_carea' id='block_1_14' title="bbox 271 1505 1851 1578">
    <p class='ocr_par' dir='ltr' id='par_1_14' title="bbox 271 1505 1851 1578">
     <span class='ocr_line' id='line_1_14' title="bbox 271 1505 1851 1578; baseline 0.002 -20"><span class='ocrx_word' id='word_1_129' title='bbox 271 1506 554 1571; x_wconf 84' lang='lat' dir='ltr'><strong>bibentur,</strong></span> <span class='ocrx_word' id='word_1_130' title='bbox 580 1507 702 1575; x_wconf 87' lang='lat' dir='ltr'><strong>quia</strong></span> <span class='ocrx_word' id='word_1_131' title='bbox 731 1514 786 1561; x_wconf 90' lang='lat' dir='ltr'><strong>et</strong></span> <span class='ocrx_word' id='word_1_132' title='bbox 813 1507 859 1561; x_wconf 91' lang='lat' dir='ltr'><strong>is</strong></span> <span class='ocrx_word' id='word_1_133' title='bbox 883 1507 975 1578; x_wconf 87' lang='lat' dir='ltr'><strong>qui</strong></span> <span class='ocrx_word' id='word_1_134' title='bbox 997 1505 1214 1563; x_wconf 87' lang='lat' dir='ltr'><strong>Christo</strong></span> <span class='ocrx_word' id='word_1_135' title='bbox 1248 1508 1463 1578; x_wconf 88' lang='lat' dir='ltr'><strong>sepeliri</strong></span> <span class='ocrx_word' id='word_1_136' title='bbox 1489 1508 1777 1570; x_wconf 89' lang='lat' dir='ltr'><strong>desiderat,</strong></span> <span class='ocrx_word' id='word_1_137' title='bbox 1804 1507 1851 1561; x_wconf 92' lang='lat' dir='ltr'><strong>si</strong></span> 
     </span>
    </p>
   </div>
   <div class='ocr_carea' id='block_1_15' title="bbox 264 1596 1851 1673">
    <p class='ocr_par' dir='ltr' id='par_1_15' title="bbox 264 1596 1851 1673">
     <span class='ocr_line' id='line_1_15' title="bbox 264 1596 1851 1673; baseline 0.002 -22"><span class='ocrx_word' id='word_1_138' title='bbox 264 1596 370 1666; x_wconf 88' lang='lat' dir='ltr'><strong>jam</strong></span> <span class='ocrx_word' id='word_1_139' title='bbox 406 1607 541 1663; x_wconf 64' lang='lat' dir='ltr'><strong>aetas</strong></span> <span class='ocrx_word' id='word_1_140' title='bbox 573 1599 871 1670; x_wconf 85' lang='lat' dir='ltr'><strong>permittit,</strong></span> <span class='ocrx_word' id='word_1_141' title='bbox 902 1600 1159 1673; x_wconf 29' lang='lat' dir='ltr'><strong>quamvis]</strong></span> <span class='ocrx_word' id='word_1_142' title='bbox 1177 1610 1418 1656; x_wconf 91' lang='lat' dir='ltr'><strong>mortuus</strong></span> <span class='ocrx_word' id='word_1_143' title='bbox 1467 1601 1537 1655; x_wconf 90' lang='lat' dir='ltr'><strong>sit</strong></span> <span class='ocrx_word' id='word_1_144' title='bbox 1561 1617 1658 1671; x_wconf 90' lang='lat' dir='ltr'><strong>per</strong></span> <span class='ocrx_word' id='word_1_145' title='bbox 1693 1600 1851 1671; x_wconf 90' lang='lat' dir='ltr'><strong>origi-</strong></span> 
     </span>
    </p>
   </div>
   <div class='ocr_carea' id='block_1_16' title="bbox 267 1689 1850 1761">
    <p class='ocr_par' dir='ltr' id='par_1_16' title="bbox 267 1689 1850 1761">
     <span class='ocr_line' id='line_1_16' title="bbox 267 1689 1850 1761; baseline 0.001 -18"><span class='ocrx_word' id='word_1_146' title='bbox 267 1689 388 1743; x_wconf 86' lang='lat' dir='ltr'><strong>nale</strong></span> <span class='ocrx_word' id='word_1_147' title='bbox 414 1698 721 1759; x_wconf 88' lang='lat' dir='ltr'><strong>peccatum,</strong></span> <span class='ocrx_word' id='word_1_148' title='bbox 746 1690 889 1761; x_wconf 87' lang='lat' dir='ltr'><strong>quod</strong></span> <span class='ocrx_word' id='word_1_149' title='bbox 924 1691 1107 1757; x_wconf 38' lang='lat' dir='ltr'><strong>adhuc,</strong></span> <span class='ocrx_word' id='word_1_150' title='bbox 1132 1698 1333 1761; x_wconf 87' lang='lat' dir='ltr'><strong>portat,</strong></span> <span class='ocrx_word' id='word_1_151' title='bbox 1363 1691 1524 1746; x_wconf 90' lang='lat' dir='ltr'><strong>debet</strong></span> <span class='ocrx_word' id='word_1_152' title='bbox 1546 1699 1725 1746; x_wconf 90' lang='lat' dir='ltr'><strong>tamen</strong></span> <span class='ocrx_word' id='word_1_153' title='bbox 1753 1692 1850 1744; x_wconf 92' lang='lat' dir='ltr'><strong>bo-</strong></span> 
     </span>
    </p>
   </div>
   <div class='ocr_carea' id='block_1_17' title="bbox 1961 874 3547 969">
    <p class='ocr_par' dir='ltr' id='par_1_17' title="bbox 1961 874 3547 969">
     <span class='ocr_line' id='line_1_17' title="bbox 1961 874 3547 969; baseline 0.02 -41"><span class='ocrx_word' id='word_1_154' title='bbox 1961 874 2113 969; x_wconf 80' lang='lat' dir='ltr'><strong>cujus</strong></span> <span class='ocrx_word' id='word_1_155' title='bbox 2142 878 2299 944; x_wconf 92' lang='lat' dir='ltr'><strong>dona,</strong></span> <span class='ocrx_word' id='word_1_156' title='bbox 2325 896 2632 954; x_wconf 89' lang='lat' dir='ltr'><strong>quanquam</strong></span> <span class='ocrx_word' id='word_1_157' title='bbox 2659 903 2724 942; x_wconf 83' lang='lat' dir='ltr'><strong>ex</strong></span> <span class='ocrx_word' id='word_1_158' title='bbox 2744 890 3148 962; x_wconf 88' lang='lat' dir='ltr'><strong>uniusSpiritus</strong></span> <span class='ocrx_word' id='word_1_159' title='bbox 3184 896 3328 955; x_wconf 79' lang='lat' dir='ltr'><strong>fonte</strong></span> <span class='ocrx_word' id='word_1_160' title='bbox 3355 874 3547 969; x_wconf 52' lang='lat' dir='ltr'><strong>proce§</strong></span> 
     </span>
    </p>
   </div>
   <div class='ocr_carea' id='block_1_18' title="bbox 1960 964 3539 1060">
    <p class='ocr_par' dir='ltr' id='par_1_18' title="bbox 1960 964 3539 1060">
     <span class='ocr_line' id='line_1_18' title="bbox 1960 964 3539 1060; baseline 0.018 -41"><span class='ocrx_word' id='word_1_161' title='bbox 1960 964 2386 1060; x_wconf 79' lang='lat' dir='ltr'><strong>dant,vidcntur</strong></span> <span class='ocrx_word' id='word_1_162' title='bbox 2409 974 2808 1043; x_wconf 87' lang='lat' dir='ltr'><strong>quodammodo</strong></span> <span class='ocrx_word' id='word_1_163' title='bbox 2852 982 3111 1050; x_wconf 87' lang='lat' dir='ltr'><strong>quasdam</strong></span> <span class='ocrx_word' id='word_1_164' title='bbox 3164 964 3373 1043; x_wconf 37' lang='lat' dir='ltr'><strong>habere.</strong></span> <span class='ocrx_word' id='word_1_165' title='bbox 3414 1007 3539 1060; x_wconf 87' lang='lat' dir='ltr'><strong>pro-</strong></span> 
     </span>
    </p>
   </div>
   <div class='ocr_carea' id='block_1_19' title="bbox 1957 1055 3537 1150">
    <p class='ocr_par' dir='ltr' id='par_1_19' title="bbox 1957 1055 3537 1150">
     <span class='ocr_line' id='line_1_19' title="bbox 1957 1055 3537 1150; baseline 0.018 -42"><span class='ocrx_word' id='word_1_166' title='bbox 1957 1055 2233 1150; x_wconf 82' lang='lat' dir='ltr'><strong>prietates.</strong></span> <span class='ocrx_word' id='word_1_167' title='bbox 2260 1060 2421 1118; x_wconf 82' lang='lat' dir='ltr'><strong>Aliud</strong></span> <span class='ocrx_word' id='word_1_168' title='bbox 2454 1073 2539 1120; x_wconf 91' lang='lat' dir='ltr'><strong>est</strong></span> <span class='ocrx_word' id='word_1_169' title='bbox 2559 1068 2704 1122; x_wconf 90' lang='lat' dir='ltr'><strong>enim</strong></span> <span class='ocrx_word' id='word_1_170' title='bbox 2731 1085 2942 1140; x_wconf 91' lang='lat' dir='ltr'><strong>sapere,</strong></span> <span class='ocrx_word' id='word_1_171' title='bbox 2962 1073 3141 1150; x_wconf 45' lang='lat' dir='ltr'><strong>-aliud</strong></span> <span class='ocrx_word' id='word_1_172' title='bbox 3200 1055 3498 1150; x_wconf 80' lang='lat' dir='ltr'><strong>intelligere</strong></span> <span class='ocrx_word' id='word_1_173' title='bbox 3526 1125 3537 1144; x_wconf 85' lang='lat'><strong><em>.</em></strong></span> 
     </span>
    </p>
   </div>
   <div class='ocr_carea' id='block_1_20' title="bbox 1956 1138 3543 1244">
    <p class='ocr_par' dir='ltr' id='par_1_20' title="bbox 1956 1138 3543 1244">
     <span class='ocr_line' id='line_1_20' title="bbox 1956 1138 3543 1244; baseline 0.019 -45"><span class='ocrx_word' id='word_1_174' title='bbox 1956 1147 2086 1244; x_wconf 78' lang='lat' dir='ltr'><strong>quia</strong></span> <span class='ocrx_word' id='word_1_175' title='bbox 2106 1150 2259 1205; x_wconf 91' lang='lat' dir='ltr'><strong>multi</strong></span> <span class='ocrx_word' id='word_1_176' title='bbox 2273 1154 2489 1223; x_wconf 79' lang='lat' dir='ltr'><strong>quidem</strong></span> <span class='ocrx_word' id='word_1_177' title='bbox 2509 1166 2714 1215; x_wconf 67' lang='lat' dir='ltr'><strong>aeterna</strong></span> <span class='ocrx_word' id='word_1_178' title='bbox 2736 1138 2988 1232; x_wconf 59' lang='lat' dir='ltr'><strong>sapiunt:</strong></span> <span class='ocrx_word' id='word_1_179' title='bbox 2987 1168 3078 1221; x_wconf 88' lang='lat' dir='ltr'><strong>sed</strong></span> <span class='ocrx_word' id='word_1_180' title='bbox 3103 1168 3219 1223; x_wconf 65' lang='lat' dir='ltr'><strong>haec</strong></span> <span class='ocrx_word' id='word_1_181' title='bbox 3241 1138 3543 1244; x_wconf 74' lang='lat' dir='ltr'><strong>intelligere</strong></span> 
     </span>
    </p>
   </div>
   <div class='ocr_carea' id='block_1_21' title="bbox 1955 1236 3539 1329">
    <p class='ocr_par' dir='ltr' id='par_1_21' title="bbox 1955 1236 3539 1329">
     <span class='ocr_line' id='line_1_21' title="bbox 1955 1236 3539 1329; baseline 0.019 -40"><span class='ocrx_word' id='word_1_182' title='bbox 1955 1236 2187 1329; x_wconf 75' lang='lat' dir='ltr'><strong>minime</strong></span> <span class='ocrx_word' id='word_1_183' title='bbox 2204 1255 2448 1312; x_wconf 90' lang='lat' dir='ltr'><strong>possunt.</strong></span> <span class='ocrx_word' id='word_1_184' title='bbox 2476 1245 2754 1317; x_wconf 84' lang='lat' dir='ltr'><strong>Sapientia</strong></span> <span class='ocrx_word' id='word_1_185' title='bbox 2780 1267 2910 1326; x_wconf 85' lang='lat' dir='ltr'><strong>ergo</strong></span> <span class='ocrx_word' id='word_1_186' title='bbox 2938 1265 3174 1313; x_wconf 88' lang='lat' dir='ltr'><strong>mentem</strong></span> <span class='ocrx_word' id='word_1_187' title='bbox 3197 1275 3359 1329; x_wconf 89' lang='lat' dir='ltr'><strong>quam</strong></span> <span class='ocrx_word' id='word_1_188' title='bbox 3396 1236 3539 1318; x_wconf 71' lang='lat' dir='ltr'><strong>insc-</strong></span> 
     </span>
    </p>
   </div>
   <div class='ocr_carea' id='block_1_22' title="bbox 1954 1320 3540 1417">
    <p class='ocr_par' dir='ltr' id='par_1_22' title="bbox 1954 1320 3540 1417">
     <span class='ocr_line' id='line_1_22' title="bbox 1954 1320 3540 1417; baseline 0.02 -41"><span class='ocrx_word' id='word_1_189' title='bbox 1954 1320 2118 1417; x_wconf 84' lang='lat' dir='ltr'><strong>derit,</strong></span> <span class='ocrx_word' id='word_1_190' title='bbox 2156 1327 2223 1382; x_wconf 92' lang='lat' dir='ltr'><strong>de</strong></span> <span class='ocrx_word' id='word_1_191' title='bbox 2243 1338 2569 1388; x_wconf 76' lang='lat' dir='ltr'><strong>:eternorum</strong></span> <span class='ocrx_word' id='word_1_192' title='bbox 2605 1352 2699 1406; x_wconf 86' lang='lat' dir='ltr'><strong>spe</strong></span> <span class='ocrx_word' id='word_1_193' title='bbox 2724 1347 2779 1393; x_wconf 95' lang='lat' dir='ltr'><strong>et</strong></span> <span class='ocrx_word' id='word_1_194' title='bbox 2812 1320 3136 1400; x_wconf 79' lang='lat' dir='ltr'><strong>certitudine</strong></span> <span class='ocrx_word' id='word_1_195' title='bbox 3161 1320 3350 1417; x_wconf 69' lang='lat' dir='ltr'><strong>replet.</strong></span> <span class='ocrx_word' id='word_1_196' title='bbox 3383 1351 3540 1407; x_wconf 85' lang='lat' dir='ltr'><strong>Intel-</strong></span> 
     </span>
    </p>
   </div>
   <div class='ocr_carea' id='block_1_23' title="bbox 1952 1412 3538 1511">
    <p class='ocr_par' dir='ltr' id='par_1_23' title="bbox 1952 1412 3538 1511">
     <span class='ocr_line' id='line_1_23' title="bbox 1952 1412 3538 1511; baseline 0.021 -45"><span class='ocrx_word' id='word_1_197' title='bbox 1952 1412 2123 1511; x_wconf 70' lang='lat' dir='ltr'><strong>lectus</strong></span> <span class='ocrx_word' id='word_1_198' title='bbox 2147 1434 2213 1472; x_wconf 72' lang='lat' dir='ltr'><strong>eo</strong></span> <span class='ocrx_word' id='word_1_199' title='bbox 2252 1423 2394 1490; x_wconf 88' lang='lat' dir='ltr'><strong>quod</strong></span> <span class='ocrx_word' id='word_1_200' title='bbox 2438 1435 2647 1482; x_wconf 88' lang='lat' dir='ltr'><strong>secreta</strong></span> <span class='ocrx_word' id='word_1_201' title='bbox 2671 1440 2938 1499; x_wconf 89' lang='lat' dir='ltr'><strong>penetrat,</strong></span> <span class='ocrx_word' id='word_1_202' title='bbox 2970 1451 3067 1490; x_wconf 92' lang='lat' dir='ltr'><strong>cor</strong></span> <span class='ocrx_word' id='word_1_203' title='bbox 3107 1412 3251 1506; x_wconf 76' lang='lat' dir='ltr'><strong>quod</strong></span> <span class='ocrx_word' id='word_1_204' title='bbox 3279 1443 3538 1511; x_wconf 81' lang='lat' dir='ltr'><strong>tetigerit,</strong></span> 
     </span>
    </p>
   </div>
   <div class='ocr_carea' id='block_1_24' title="bbox 1952 1506 3537 1597">
    <p class='ocr_par' dir='ltr' id='par_1_24' title="bbox 1952 1506 3537 1597">
     <span class='ocr_line' id='line_1_24' title="bbox 1952 1506 3537 1597; baseline 0.02 -38"><span class='ocrx_word' id='word_1_205' title='bbox 1952 1506 2243 1593; x_wconf 89' lang='lat' dir='ltr'><strong>reﬁciendo</strong></span> <span class='ocrx_word' id='word_1_206' title='bbox 2294 1513 2410 1581; x_wconf 86' lang='lat' dir='ltr'><strong>ejus</strong></span> <span class='ocrx_word' id='word_1_207' title='bbox 2446 1519 2696 1574; x_wconf 88' lang='lat' dir='ltr'><strong>tenebras</strong></span> <span class='ocrx_word' id='word_1_208' title='bbox 2746 1521 2998 1579; x_wconf 89' lang='lat' dir='ltr'><strong>illustrat.</strong></span> <span class='ocrx_word' id='word_1_209' title='bbox 3033 1506 3537 1597; x_wconf 28' lang='lat' dir='ltr'><strong>Consiliu&#39;midum</strong></span> 
     </span>
    </p>
   </div>
   <div class='ocr_carea' id='block_1_25' title="bbox 1950 1603 3539 1682">
    <p class='ocr_par' dir='ltr' id='par_1_25' title="bbox 1950 1603 3539 1682">
     <span class='ocr_line' id='line_1_25' title="bbox 1950 1603 3539 1682; baseline 0.016 -32"><span class='ocrx_word' id='word_1_210' title='bbox 1950 1610 2071 1652; x_wconf 88' lang='lat' dir='ltr'><strong>esse</strong></span> <span class='ocrx_word' id='word_1_211' title='bbox 2107 1603 2413 1672; x_wconf 87' lang='lat' dir='ltr'><strong>quempiam</strong></span> <span class='ocrx_word' id='word_1_212' title='bbox 2459 1608 2789 1678; x_wconf 63' lang='lat' dir='ltr'><strong>praecipitem</strong></span> <span class='ocrx_word' id='word_1_213' title='bbox 2838 1614 3127 1682; x_wconf 90' lang='lat' dir='ltr'><strong>prohibet,</strong></span> <span class='ocrx_word' id='word_1_214' title='bbox 3176 1619 3386 1675; x_wconf 89' lang='lat' dir='ltr'><strong>ratione</strong></span> <span class='ocrx_word' id='word_1_215' title='bbox 3422 1623 3539 1675; x_wconf 87' lang='lat' dir='ltr'><strong>ani-</strong></span> 
     </span>
    </p>
   </div>
   <div class='ocr_carea' id='block_1_26' title="bbox 1951 1689 3534 1775">
    <p class='ocr_par' dir='ltr' id='par_1_26' title="bbox 1951 1689 3534 1775">
     <span class='ocr_line' id='line_1_26' title="bbox 1951 1689 3534 1775; baseline 0.016 -37"><span class='ocrx_word' id='word_1_216' title='bbox 1951 1700 2097 1741; x_wconf 90' lang='lat' dir='ltr'><strong>mum</strong></span> <span class='ocrx_word' id='word_1_217' title='bbox 2122 1689 2312 1759; x_wconf 88' lang='lat' dir='ltr'><strong>replet.</strong></span> <span class='ocrx_word' id='word_1_218' title='bbox 2340 1692 2619 1752; x_wconf 85' lang='lat' dir='ltr'><strong>Fortitudo</strong></span> <span class='ocrx_word' id='word_1_219' title='bbox 2645 1712 2775 1753; x_wconf 88' lang='lat' dir='ltr'><strong>vero</strong></span> <span class='ocrx_word' id='word_1_220' title='bbox 2798 1714 2922 1756; x_wconf 90' lang='lat' dir='ltr'><strong>cum</strong></span> <span class='ocrx_word' id='word_1_221' title='bbox 2946 1704 3171 1760; x_wconf 87' lang='lat' dir='ltr'><strong>adversa</strong></span> <span class='ocrx_word' id='word_1_222' title='bbox 3188 1722 3295 1761; x_wconf 92' lang='lat' dir='ltr'><strong>non</strong></span> <span class='ocrx_word' id='word_1_223' title='bbox 3321 1711 3534 1775; x_wconf 88' lang='lat' dir='ltr'><strong>metuit,</strong></span> 
     </span>
    </p>
   </div>
   <div class='ocr_carea' id='block_1_27' title="bbox 267 1762 3532 1862">
    <p class='ocr_par' dir='ltr' id='par_1_27' title="bbox 267 1762 3532 1862">
     <span class='ocr_line' id='line_1_27' title="bbox 267 1762 3532 1862; baseline 0.006 -29"><span class='ocrx_word' id='word_1_224' title='bbox 267 1795 458 1833; x_wconf 90' lang='lat' dir='ltr'><strong>norum</strong></span> <span class='ocrx_word' id='word_1_225' title='bbox 476 1796 699 1850; x_wconf 90' lang='lat' dir='ltr'><strong>operum</strong></span> <span class='ocrx_word' id='word_1_226' title='bbox 728 1780 1058 1837; x_wconf 77' lang='lat' dir='ltr'><strong>exhibitione</strong></span> <span class='ocrx_word' id='word_1_227' title='bbox 1080 1780 1323 1852; x_wconf 83' lang='lat' dir='ltr'><strong>ﬂagrare,</strong></span> <span class='ocrx_word' id='word_1_228' title='bbox 1362 1784 1416 1836; x_wconf 76' lang='lat' dir='ltr'><strong>&#39;et</strong></span> <span class='ocrx_word' id='word_1_229' title='bbox 1456 1782 1674 1837; x_wconf 89' lang='lat' dir='ltr'><strong>mundis</strong></span> <span class='ocrx_word' id='word_1_230' title='bbox 1696 1781 1844 1836; x_wconf 88' lang='lat' dir='ltr'><strong>indui</strong></span> <span class='ocrx_word' id='word_1_231' title='bbox 1873 1762 1922 1822; x_wconf 81' lang='grc' dir='ltr'><strong>Β</strong></span> <span class='ocrx_word' id='word_1_232' title='bbox 1951 1777 2237 1845; x_wconf 84' lang='lat' dir='ltr'><strong>trepidanti</strong></span> <span class='ocrx_word' id='word_1_233' title='bbox 2271 1785 2434 1838; x_wconf 85' lang='lat' dir='ltr'><strong>menti</strong></span> <span class='ocrx_word' id='word_1_234' title='bbox 2460 1787 2838 1844; x_wconf 89' lang='lat' dir='ltr'><strong>conﬁdentiam</strong></span> <span class='ocrx_word' id='word_1_235' title='bbox 2890 1793 3111 1862; x_wconf 57' lang='lat' dir='ltr'><strong>praebet.</strong></span> <span class='ocrx_word' id='word_1_236' title='bbox 3145 1793 3382 1853; x_wconf 90' lang='lat' dir='ltr'><strong>Scientia</strong></span> 
     </span>
    </p>
   </div>
   <div class='ocr_carea' id='block_1_28' title="bbox 264 1870 1840 1941">
    <p class='ocr_par' dir='ltr' id='par_1_28' title="bbox 264 1870 1840 1941">
     <span class='ocr_line' id='line_1_28' title="bbox 264 1870 1840 1941; baseline 0.001 -19"><span class='ocrx_word' id='word_1_237' title='bbox 264 1870 523 1925; x_wconf 82' lang='lat' dir='ltr'><strong>vestibus.</strong></span> <span class='ocrx_word' id='word_1_238' title='bbox 560 1871 634 1924; x_wconf 91' lang='lat' dir='ltr'><strong>De</strong></span> <span class='ocrx_word' id='word_1_239' title='bbox 656 1870 853 1941; x_wconf 88' lang='lat' dir='ltr'><strong>quibus</strong></span> <span class='ocrx_word' id='word_1_240' title='bbox 876 1871 1135 1940; x_wconf 87' lang='lat' dir='ltr'><strong>propheta</strong></span> <span class='ocrx_word' id='word_1_241' title='bbox 1187 1872 1498 1926; x_wconf 81' lang='lat' dir='ltr'><strong>sacerdotes</strong></span> <span class='ocrx_word' id='word_1_242' title='bbox 1522 1871 1669 1925; x_wconf 91' lang='lat' dir='ltr'><strong>indui</strong></span> <span class='ocrx_word' id='word_1_243' title='bbox 1699 1880 1840 1937; x_wconf 90' lang='lat' dir='ltr'><strong>orat,</strong></span> 
     </span>
    </p>
   </div>
   <div class='ocr_carea' id='block_1_29' title="bbox 263 1958 1836 2037">
    <p class='ocr_par' dir='ltr' id='par_1_29' title="bbox 263 1958 1836 2037">
     <span class='ocr_line' id='line_1_29' title="bbox 263 1958 1836 2037; baseline 0.001 -24"><span class='ocrx_word' id='word_1_244' title='bbox 263 1975 383 2037; x_wconf 79' lang='lat' dir='ltr'><strong>cum</strong></span> <span class='ocrx_word' id='word_1_245' title='bbox 415 1959 584 2014; x_wconf 85' lang='lat' dir='ltr'><strong>dicit:</strong></span> <span class='ocrx_word' id='word_1_246' title='bbox 620 1958 930 2015; x_wconf 77' lang='lat' dir='ltr'><strong>Sacerdotes</strong></span> <span class='ocrx_word' id='word_1_247' title='bbox 987 1961 1065 2016; x_wconf 88' lang='lat' dir='ltr'><strong>tui</strong></span> <span class='ocrx_word' id='word_1_248' title='bbox 1091 1961 1383 2015; x_wconf 75' lang='lat' dir='ltr'><strong>induantur</strong></span> <span class='ocrx_word' id='word_1_249' title='bbox 1418 1962 1631 2032; x_wconf 83' lang='lat' dir='ltr'><strong>justitia</strong></span> <span class='ocrx_word' id='word_1_250' title='bbox 1662 1960 1836 2032; x_wconf 77' lang='lat' dir='ltr'><strong>(Psal.</strong></span> 
     </span>
    </p>
   </div>
   <div class='ocr_carea' id='block_1_30' title="bbox 262 2049 1843 2122">
    <p class='ocr_par' dir='ltr' id='par_1_30' title="bbox 262 2049 1843 2122">
     <span class='ocr_line' id='line_1_30' title="bbox 262 2049 1843 2122; baseline 0.002 -18"><span class='ocrx_word' id='word_1_251' title='bbox 262 2050 471 2122; x_wconf 71' lang='lat' dir='ltr'><strong>cum).</strong></span> <span class='ocrx_word' id='word_1_252' title='bbox 500 2049 634 2116; x_wconf 89' lang='lat' dir='ltr'><strong>Quia</strong></span> <span class='ocrx_word' id='word_1_253' title='bbox 659 2066 788 2122; x_wconf 86' lang='lat' dir='ltr'><strong>ergo</strong></span> <span class='ocrx_word' id='word_1_254' title='bbox 811 2051 990 2106; x_wconf 88' lang='lat' dir='ltr'><strong>omnia</strong></span> <span class='ocrx_word' id='word_1_255' title='bbox 1017 2051 1070 2106; x_wconf 92' lang='lat' dir='ltr'><strong>in</strong></span> <span class='ocrx_word' id='word_1_256' title='bbox 1098 2051 1349 2121; x_wconf 84' lang='lat' dir='ltr'><strong>baptismi</strong></span> <span class='ocrx_word' id='word_1_257' title='bbox 1375 2052 1582 2107; x_wconf 88' lang='lat' dir='ltr'><strong>ratione</strong></span> <span class='ocrx_word' id='word_1_258' title='bbox 1600 2053 1843 2108; x_wconf 88' lang='lat' dir='ltr'><strong>redolent</strong></span> 
     </span>
    </p>
   </div>
   <div class='ocr_carea' id='block_1_31' title="bbox 263 2142 1842 2216">
    <p class='ocr_par' dir='ltr' id='par_1_31' title="bbox 263 2142 1842 2216">
     <span class='ocr_line' id='line_1_31' title="bbox 263 2142 1842 2216; baseline 0.003 -21"><span class='ocrx_word' id='word_1_259' title='bbox 263 2142 539 2214; x_wconf 76' lang='lat' dir='ltr'><strong>mysteriis</strong></span> <span class='ocrx_word' id='word_1_260' title='bbox 592 2150 648 2196; x_wconf 92' lang='lat' dir='ltr'><strong>et</strong></span> <span class='ocrx_word' id='word_1_261' title='bbox 686 2142 986 2199; x_wconf 78' lang='lat' dir='ltr'><strong>exuberant</strong></span> <span class='ocrx_word' id='word_1_262' title='bbox 1047 2144 1431 2210; x_wconf 89' lang='lat' dir='ltr'><strong>sacramentis,</strong></span> <span class='ocrx_word' id='word_1_263' title='bbox 1481 2153 1842 2216; x_wconf 88' lang='lat' dir='ltr'><strong>opportunum</strong></span> 
     </span>
    </p>
   </div>
   <div class='ocr_carea' id='block_1_32' title="bbox 261 2234 1840 2309">
    <p class='ocr_par' dir='ltr' id='par_1_32' title="bbox 261 2234 1840 2309">
     <span class='ocr_line' id='line_1_32' title="bbox 261 2234 1840 2309; baseline 0.004 -23"><span class='ocrx_word' id='word_1_264' title='bbox 261 2242 396 2295; x_wconf 88' lang='lat' dir='ltr'><strong>erat,</strong></span> <span class='ocrx_word' id='word_1_265' title='bbox 411 2243 473 2288; x_wconf 92' lang='lat' dir='ltr'><strong>ut</strong></span> <span class='ocrx_word' id='word_1_266' title='bbox 489 2249 660 2290; x_wconf 90' lang='lat' dir='ltr'><strong>novus</strong></span> <span class='ocrx_word' id='word_1_267' title='bbox 681 2234 842 2309; x_wconf 75' lang='lat' dir='ltr'><strong>homo</strong></span> <span class='ocrx_word' id='word_1_268' title='bbox 855 2251 989 2291; x_wconf 87' lang='lat' dir='ltr'><strong>nova</strong></span> <span class='ocrx_word' id='word_1_269' title='bbox 1003 2236 1274 2309; x_wconf 82' lang='lat' dir='ltr'><strong>acciperet</strong></span> <span class='ocrx_word' id='word_1_270' title='bbox 1286 2238 1627 2304; x_wconf 81' lang='lat' dir='ltr'><strong>vestimenta,</strong></span> <span class='ocrx_word' id='word_1_271' title='bbox 1649 2246 1704 2292; x_wconf 90' lang='lat' dir='ltr'><strong>et</strong></span> <span class='ocrx_word' id='word_1_272' title='bbox 1716 2253 1840 2307; x_wconf 90' lang='lat' dir='ltr'><strong>pur-</strong></span> 
     </span>
    </p>
   </div>
   <div class='ocr_carea' id='block_1_33' title="bbox 260 2326 1839 2402">
    <p class='ocr_par' dir='ltr' id='par_1_33' title="bbox 260 2326 1839 2402">
     <span class='ocr_line' id='line_1_33' title="bbox 260 2326 1839 2402; baseline 0.003 -24"><span class='ocrx_word' id='word_1_273' title='bbox 260 2333 417 2394; x_wconf 80' lang='lat' dir='ltr'><strong>gatus</strong></span> <span class='ocrx_word' id='word_1_274' title='bbox 454 2326 654 2380; x_wconf 82' lang='lat' dir='ltr'><strong>veteris</strong></span> <span class='ocrx_word' id='word_1_275' title='bbox 696 2341 850 2402; x_wconf 69' lang='lat' dir='ltr'><strong>tlqu</strong></span> <span class='ocrx_word' id='word_1_276' title='bbox 883 2326 1207 2391; x_wconf 78' lang='lat' dir='ltr'><strong>colluvione,</strong></span> <span class='ocrx_word' id='word_1_277' title='bbox 1233 2327 1583 2383; x_wconf 80' lang='lat' dir='ltr'><strong>randidarum</strong></span> <span class='ocrx_word' id='word_1_278' title='bbox 1610 2327 1839 2383; x_wconf 88' lang='lat' dir='ltr'><strong>vestium</strong></span> 
     </span>
    </p>
   </div>
   <div class='ocr_carea' id='block_1_34' title="bbox 261 2417 1841 2489">
    <p class='ocr_par' dir='ltr' id='par_1_34' title="bbox 261 2417 1841 2489">
     <span class='ocr_line' id='line_1_34' title="bbox 261 2417 1841 2489; baseline 0.004 -21"><span class='ocrx_word' id='word_1_279' title='bbox 261 2417 580 2472; x_wconf 87' lang='lat' dir='ltr'><strong>indueretur</strong></span> <span class='ocrx_word' id='word_1_280' title='bbox 605 2418 798 2473; x_wconf 89' lang='lat' dir='ltr'><strong>nitore.</strong></span> <span class='ocrx_word' id='word_1_281' title='bbox 832 2417 1005 2475; x_wconf 78' lang='lat' dir='ltr'><strong>Moses</strong></span> <span class='ocrx_word' id='word_1_282' title='bbox 1026 2419 1169 2475; x_wconf 87' lang='lat' dir='ltr'><strong>enim</strong></span> <span class='ocrx_word' id='word_1_283' title='bbox 1217 2419 1399 2475; x_wconf 82' lang='lat' dir='ltr'><strong>Aaron</strong></span> <span class='ocrx_word' id='word_1_284' title='bbox 1440 2427 1495 2473; x_wconf 92' lang='lat' dir='ltr'><strong>et</strong></span> <span class='ocrx_word' id='word_1_285' title='bbox 1534 2417 1672 2474; x_wconf 92' lang='lat' dir='ltr'><strong>ﬁlios</strong></span> <span class='ocrx_word' id='word_1_286' title='bbox 1722 2418 1841 2489; x_wconf 86' lang='lat' dir='ltr'><strong>ejus</strong></span> 
     </span>
    </p>
   </div>
   <div class='ocr_carea' id='block_1_35' title="bbox 258 2509 1835 2581">
    <p class='ocr_par' dir='ltr' id='par_1_35' title="bbox 258 2509 1835 2581">
     <span class='ocr_line' id='line_1_35' title="bbox 258 2509 1835 2581; baseline 0.003 -20"><span class='ocrx_word' id='word_1_287' title='bbox 258 2509 410 2577; x_wconf 89' lang='lat' dir='ltr'><strong>prius</strong></span> <span class='ocrx_word' id='word_1_288' title='bbox 434 2523 571 2579; x_wconf 88' lang='lat' dir='ltr'><strong>aqua</strong></span> <span class='ocrx_word' id='word_1_289' title='bbox 597 2509 815 2575; x_wconf 89' lang='lat' dir='ltr'><strong>lavavit,</strong></span> <span class='ocrx_word' id='word_1_290' title='bbox 838 2519 890 2565; x_wconf 92' lang='lat' dir='ltr'><strong>et</strong></span> <span class='ocrx_word' id='word_1_291' title='bbox 919 2518 1039 2581; x_wconf 89' lang='lat' dir='ltr'><strong>post</strong></span> <span class='ocrx_word' id='word_1_292' title='bbox 1075 2510 1234 2565; x_wconf 82' lang='lat' dir='ltr'><strong>lineis</strong></span> <span class='ocrx_word' id='word_1_293' title='bbox 1276 2510 1449 2565; x_wconf 90' lang='lat' dir='ltr'><strong>induit</strong></span> <span class='ocrx_word' id='word_1_294' title='bbox 1480 2512 1835 2566; x_wconf 90' lang='lat' dir='ltr'><strong>vestimentis.</strong></span> 
     </span>
    </p>
   </div>
   <div class='ocr_carea' id='block_1_36' title="bbox 259 2599 1837 2673">
    <p class='ocr_par' dir='ltr' id='par_1_36' title="bbox 259 2599 1837 2673">
     <span class='ocr_line' id='line_1_36' title="bbox 259 2599 1837 2673; baseline 0.003 -22"><span class='ocrx_word' id='word_1_295' title='bbox 259 2599 397 2666; x_wconf 81' lang='lat' dir='ltr'><strong>Quia</strong></span> <span class='ocrx_word' id='word_1_296' title='bbox 426 2608 611 2654; x_wconf 88' lang='lat' dir='ltr'><strong>noster</strong></span> <span class='ocrx_word' id='word_1_297' title='bbox 638 2615 798 2655; x_wconf 86' lang='lat' dir='ltr'><strong>verus</strong></span> <span class='ocrx_word' id='word_1_298' title='bbox 837 2600 1012 2656; x_wconf 71' lang='lat' dir='ltr'><strong>Moses</strong></span> <span class='ocrx_word' id='word_1_299' title='bbox 1051 2601 1144 2671; x_wconf 90' lang='lat' dir='ltr'><strong>qui</strong></span> <span class='ocrx_word' id='word_1_300' title='bbox 1184 2601 1439 2671; x_wconf 85' lang='lat' dir='ltr'><strong>populum</strong></span> <span class='ocrx_word' id='word_1_301' title='bbox 1483 2603 1549 2655; x_wconf 88' lang='lat' dir='ltr'><strong>de</strong></span> <span class='ocrx_word' id='word_1_302' title='bbox 1588 2600 1837 2673; x_wconf 66' lang='lat' dir='ltr'><strong>Egyptia</strong></span> 
     </span>
    </p>
   </div>
   <div class='ocr_carea' id='block_1_37' title="bbox 260 2690 1836 2764">
    <p class='ocr_par' dir='ltr' id='par_1_37' title="bbox 260 2690 1836 2764">
     <span class='ocr_line' id='line_1_37' title="bbox 260 2690 1836 2764; baseline 0.003 -21"><span class='ocrx_word' id='word_1_303' title='bbox 260 2691 538 2755; x_wconf 87' lang='lat' dir='ltr'><strong>servitute,</strong></span> <span class='ocrx_word' id='word_1_304' title='bbox 569 2690 635 2746; x_wconf 85' lang='lat' dir='ltr'><strong>de</strong></span> <span class='ocrx_word' id='word_1_305' title='bbox 662 2692 976 2761; x_wconf 76' lang='lat' dir='ltr'><strong>gentilitatis</strong></span> <span class='ocrx_word' id='word_1_306' title='bbox 1002 2693 1250 2749; x_wconf 87' lang='lat' dir='ltr'><strong>videlicet</strong></span> <span class='ocrx_word' id='word_1_307' title='bbox 1276 2708 1462 2749; x_wconf 89' lang='lat' dir='ltr'><strong>errore</strong></span> <span class='ocrx_word' id='word_1_308' title='bbox 1504 2693 1719 2756; x_wconf 88' lang='lat' dir='ltr'><strong>liberat,</strong></span> <span class='ocrx_word' id='word_1_309' title='bbox 1744 2695 1836 2764; x_wconf 91' lang='lat' dir='ltr'><strong>qui</strong></span> 
     </span>
    </p>
   </div>
   <div class='ocr_carea' id='block_1_38' title="bbox 257 2784 1838 2851">
    <p class='ocr_par' dir='ltr' id='par_1_38' title="bbox 257 2784 1838 2851">
     <span class='ocr_line' id='line_1_38' title="bbox 257 2784 1838 2851; baseline 0.004 -16"><span class='ocrx_word' id='word_1_310' title='bbox 257 2792 336 2837; x_wconf 77' lang='lat' dir='ltr'><strong>est</strong></span> <span class='ocrx_word' id='word_1_311' title='bbox 360 2784 627 2838; x_wconf 88' lang='lat' dir='ltr'><strong>mediator</strong></span> <span class='ocrx_word' id='word_1_312' title='bbox 639 2784 733 2838; x_wconf 89' lang='lat' dir='ltr'><strong>Dei</strong></span> <span class='ocrx_word' id='word_1_313' title='bbox 763 2792 818 2839; x_wconf 89' lang='lat' dir='ltr'><strong>et</strong></span> <span class='ocrx_word' id='word_1_314' title='bbox 835 2785 1134 2851; x_wconf 84' lang='lat' dir='ltr'><strong>hominum,</strong></span> <span class='ocrx_word' id='word_1_315' title='bbox 1158 2786 1240 2841; x_wconf 93' lang='lat' dir='ltr'><strong>sui</strong></span> <span class='ocrx_word' id='word_1_316' title='bbox 1266 2801 1365 2841; x_wconf 91' lang='lat' dir='ltr'><strong>nos</strong></span> <span class='ocrx_word' id='word_1_317' title='bbox 1392 2786 1838 2841; x_wconf 78' lang='lat' dir='ltr'><strong>incnarrabilisa—</strong></span> 
     </span>
    </p>
   </div>
   <div class='ocr_carea' id='block_1_39' title="bbox 259 2874 1873 2951">
    <p class='ocr_par' dir='ltr' id='par_1_39' title="bbox 259 2874 1873 2951">
     <span class='ocr_line' id='line_1_39' title="bbox 259 2874 1873 2951; baseline 0.004 -26"><span class='ocrx_word' id='word_1_318' title='bbox 259 2889 473 2951; x_wconf 68' lang='lat' dir='ltr'><strong>(ramea</strong></span> <span class='ocrx_word' id='word_1_319' title='bbox 482 2874 518 2928; x_wconf 90' lang='lat' dir='ltr'><strong>ti</strong></span> <span class='ocrx_word' id='word_1_320' title='bbox 534 2875 675 2929; x_wconf 90' lang='lat' dir='ltr'><strong>unda</strong></span> <span class='ocrx_word' id='word_1_321' title='bbox 689 2875 957 2945; x_wconf 89' lang='lat' dir='ltr'><strong>puriﬁcat,</strong></span> <span class='ocrx_word' id='word_1_322' title='bbox 970 2884 1024 2930; x_wconf 88' lang='lat' dir='ltr'><strong>et</strong></span> <span class='ocrx_word' id='word_1_323' title='bbox 1038 2877 1299 2947; x_wconf 75' lang='lat' dir='ltr'><strong>bonorum</strong></span> <span class='ocrx_word' id='word_1_324' title='bbox 1322 2892 1542 2947; x_wconf 83' lang='lat' dir='ltr'><strong>operum</strong></span> <span class='ocrx_word' id='word_1_325' title='bbox 1559 2877 1682 2932; x_wconf 90' lang='lat' dir='ltr'><strong>indu</strong></span> <span class='ocrx_word' id='word_1_326' title='bbox 1691 2893 1838 2934; x_wconf 87' lang='lat' dir='ltr'><strong>men-</strong></span> <span class='ocrx_word' id='word_1_327' title='bbox 1864 2886 1873 2899; x_wconf 80' lang='lat'><strong>‘</strong></span> 
     </span>
    </p>
   </div>
   <div class='ocr_carea' id='block_1_40' title="bbox 259 2964 1837 3038">
    <p class='ocr_par' dir='ltr' id='par_1_40' title="bbox 259 2964 1837 3038">
     <span class='ocr_line' id='line_1_40' title="bbox 259 2964 1837 3038; baseline 0.004 -20"><span class='ocrx_word' id='word_1_328' title='bbox 259 2967 323 3021; x_wconf 83' lang='lat' dir='ltr'><strong>tis</strong></span> <span class='ocrx_word' id='word_1_329' title='bbox 351 2972 604 3020; x_wconf 71' lang='lat' dir='ltr'><strong>exornat.</strong></span> <span class='ocrx_word' id='word_1_330' title='bbox 640 2964 1035 3035; x_wconf 79' lang='lat' dir='ltr'><strong>Baptizatorum</strong></span> <span class='ocrx_word' id='word_1_331' title='bbox 1074 2966 1261 3037; x_wconf 88' lang='lat' dir='ltr'><strong>itaque</strong></span> <span class='ocrx_word' id='word_1_332' title='bbox 1316 2967 1493 3038; x_wconf 90' lang='lat' dir='ltr'><strong>capita</strong></span> <span class='ocrx_word' id='word_1_333' title='bbox 1541 2968 1837 3024; x_wconf 87' lang='lat' dir='ltr'><strong>chrismate</strong></span> 
     </span>
    </p>
   </div>
   <div class='ocr_carea' id='block_1_41' title="bbox 258 3055 1833 3128">
    <p class='ocr_par' dir='ltr' id='par_1_41' title="bbox 258 3055 1833 3128">
     <span class='ocr_line' id='line_1_41' title="bbox 258 3055 1833 3128; baseline 0.004 -20"><span class='ocrx_word' id='word_1_334' title='bbox 258 3056 537 3118; x_wconf 83' lang='lat' dir='ltr'><strong>liniuntur,</strong></span> <span class='ocrx_word' id='word_1_335' title='bbox 560 3064 618 3109; x_wconf 92' lang='lat' dir='ltr'><strong>ut</strong></span> <span class='ocrx_word' id='word_1_336' title='bbox 642 3055 697 3110; x_wconf 91' lang='lat' dir='ltr'><strong>in</strong></span> <span class='ocrx_word' id='word_1_337' title='bbox 728 3071 891 3128; x_wconf 85' lang='lat' dir='ltr'><strong>regno</strong></span> <span class='ocrx_word' id='word_1_338' title='bbox 920 3066 976 3112; x_wconf 90' lang='lat' dir='ltr'><strong>et</strong></span> <span class='ocrx_word' id='word_1_339' title='bbox 993 3058 1295 3113; x_wconf 85' lang='lat' dir='ltr'><strong>sacerdotio</strong></span> <span class='ocrx_word' id='word_1_340' title='bbox 1327 3057 1581 3113; x_wconf 72' lang='lat' dir='ltr'><strong>Ecclesia:</strong></span> <span class='ocrx_word' id='word_1_341' title='bbox 1610 3058 1833 3114; x_wconf 90' lang='lat' dir='ltr'><strong>delibuti</strong></span> 
     </span>
    </p>
   </div>
   <div class='ocr_carea' id='block_1_42' title="bbox 256 3148 1835 3223">
    <p class='ocr_par' dir='ltr' id='par_1_42' title="bbox 256 3148 1835 3223">
     <span class='ocr_line' id='line_1_42' title="bbox 256 3148 1835 3223; baseline 0.004 -20"><span class='ocrx_word' id='word_1_342' title='bbox 256 3160 301 3204; x_wconf 76' lang='lat' dir='ltr'><strong>el</strong></span> <span class='ocrx_word' id='word_1_343' title='bbox 324 3148 622 3205; x_wconf 87' lang='lat' dir='ltr'><strong>Christiani</strong></span> <span class='ocrx_word' id='word_1_344' title='bbox 652 3151 882 3206; x_wconf 89' lang='lat' dir='ltr'><strong>nominis</strong></span> <span class='ocrx_word' id='word_1_345' title='bbox 905 3151 1308 3223; x_wconf 59' lang='lat' dir='ltr'><strong>puerogativnm</strong></span> <span class='ocrx_word' id='word_1_346' title='bbox 1330 3152 1618 3222; x_wconf 89' lang='lat' dir='ltr'><strong>accipiant,</strong></span> <span class='ocrx_word' id='word_1_347' title='bbox 1639 3161 1694 3208; x_wconf 91' lang='lat' dir='ltr'><strong>et</strong></span> <span class='ocrx_word' id='word_1_348' title='bbox 1716 3151 1835 3222; x_wconf 83' lang='lat' dir='ltr'><strong>ejus</strong></span> 
     </span>
    </p>
   </div>
   <div class='ocr_carea' id='block_1_43' title="bbox 257 3243 1830 3312">
    <p class='ocr_par' dir='ltr' id='par_1_43' title="bbox 257 3243 1830 3312">
     <span class='ocr_line' id='line_1_43' title="bbox 257 3243 1830 3312; baseline 0.002 -17"><span class='ocrx_word' id='word_1_349' title='bbox 257 3244 519 3307; x_wconf 84' lang='lat' dir='ltr'><strong>membra,</strong></span> <span class='ocrx_word' id='word_1_350' title='bbox 546 3243 636 3312; x_wconf 88' lang='lat' dir='ltr'><strong>qui</strong></span> <span class='ocrx_word' id='word_1_351' title='bbox 674 3258 768 3298; x_wconf 87' lang='lat' dir='ltr'><strong>eos</strong></span> <span class='ocrx_word' id='word_1_352' title='bbox 793 3243 1040 3307; x_wconf 81' lang='lat' dir='ltr'><strong>redemit,</strong></span> <span class='ocrx_word' id='word_1_353' title='bbox 1062 3249 1118 3297; x_wconf 94' lang='lat' dir='ltr'><strong>et</strong></span> <span class='ocrx_word' id='word_1_354' title='bbox 1141 3258 1327 3298; x_wconf 91' lang='lat' dir='ltr'><strong>eorum</strong></span> <span class='ocrx_word' id='word_1_355' title='bbox 1368 3251 1532 3312; x_wconf 90' lang='lat' dir='ltr'><strong>caput</strong></span> <span class='ocrx_word' id='word_1_356' title='bbox 1561 3252 1667 3308; x_wconf 90' lang='lat' dir='ltr'><strong>est,</strong></span> <span class='ocrx_word' id='word_1_357' title='bbox 1694 3243 1830 3298; x_wconf 87' lang='lat' dir='ltr'><strong>elliei</strong></span> 
     </span>
    </p>
   </div>
   <div class='ocr_carea' id='block_1_44' title="bbox 255 3320 1831 3403">
    <p class='ocr_par' dir='ltr' id='par_1_44' title="bbox 255 3320 1831 3403">
     <span class='ocr_line' id='line_1_44' title="bbox 255 3320 1831 3403; baseline 0.003 -21"><span class='ocrx_word' id='word_1_358' title='bbox 255 3332 487 3387; x_wconf 85' lang='lat' dir='ltr'><strong>valeant.</strong></span> <span class='ocrx_word' id='word_1_359' title='bbox 502 3320 693 3401; x_wconf 81' lang='lat' dir='ltr'><strong>Capita</strong></span> <span class='ocrx_word' id='word_1_360' title='bbox 708 3331 887 3401; x_wconf 84' lang='lat' dir='ltr'><strong>itaque</strong></span> <span class='ocrx_word' id='word_1_361' title='bbox 903 3346 1089 3386; x_wconf 90' lang='lat' dir='ltr'><strong>eorum</strong></span> <span class='ocrx_word' id='word_1_362' title='bbox 1105 3332 1195 3401; x_wconf 89' lang='lat' dir='ltr'><strong>qui</strong></span> <span class='ocrx_word' id='word_1_363' title='bbox 1216 3340 1674 3402; x_wconf 77' lang='lat' dir='ltr'><strong>regeneranturex</strong></span> <span class='ocrx_word' id='word_1_364' title='bbox 1691 3347 1831 3403; x_wconf 85' lang='lat' dir='ltr'><strong>aqua</strong></span> 
     </span>
    </p>
   </div>
   <div class='ocr_carea' id='block_1_45' title="bbox 255 3422 1833 3495">
    <p class='ocr_par' dir='ltr' id='par_1_45' title="bbox 255 3422 1833 3495">
     <span class='ocr_line' id='line_1_45' title="bbox 255 3422 1833 3495; baseline 0.001 -17"><span class='ocrx_word' id='word_1_365' title='bbox 255 3434 301 3479; x_wconf 86' lang='lat' dir='ltr'><strong>et</strong></span> <span class='ocrx_word' id='word_1_366' title='bbox 328 3425 524 3495; x_wconf 87' lang='lat' dir='ltr'><strong>spiritu</strong></span> <span class='ocrx_word' id='word_1_367' title='bbox 558 3432 745 3479; x_wconf 83' lang='lat' dir='ltr'><strong>sancto</strong></span> <span class='ocrx_word' id='word_1_368' title='bbox 774 3422 1001 3494; x_wconf 85' lang='lat' dir='ltr'><strong>mystico</strong></span> <span class='ocrx_word' id='word_1_369' title='bbox 1027 3422 1291 3478; x_wconf 86' lang='lat' dir='ltr'><strong>velamine</strong></span> <span class='ocrx_word' id='word_1_370' title='bbox 1321 3431 1574 3493; x_wconf 85' lang='lat' dir='ltr'><strong>teguntur</strong></span> <span class='ocrx_word' id='word_1_371' title='bbox 1597 3464 1613 3488; x_wconf 91' lang='lat'><strong>,</strong></span> <span class='ocrx_word' id='word_1_372' title='bbox 1649 3432 1706 3479; x_wconf 89' lang='lat' dir='ltr'><strong>ut</strong></span> <span class='ocrx_word' id='word_1_373' title='bbox 1752 3424 1833 3479; x_wconf 89' lang='lat' dir='ltr'><strong>cis</strong></span> 
     </span>
    </p>
   </div>
   <div class='ocr_carea' id='block_1_46' title="bbox 256 3510 1833 3586">
    <p class='ocr_par' dir='ltr' id='par_1_46' title="bbox 256 3510 1833 3586">
     <span class='ocr_line' id='line_1_46' title="bbox 256 3510 1833 3586; baseline -0.002 -17"><span class='ocrx_word' id='word_1_374' title='bbox 256 3530 346 3586; x_wconf 80' lang='lat' dir='ltr'><strong>per</strong></span> <span class='ocrx_word' id='word_1_375' title='bbox 386 3515 607 3569; x_wconf 71' lang='lat' dir='ltr'><strong>Petrum</strong></span> <span class='ocrx_word' id='word_1_376' title='bbox 638 3514 885 3569; x_wconf 86' lang='lat' dir='ltr'><strong>dicatur:</strong></span> <span class='ocrx_word' id='word_1_377' title='bbox 928 3510 1028 3566; x_wconf 80' lang='lat' dir='ltr'><strong>Vos</strong></span> <span class='ocrx_word' id='word_1_378' title='bbox 1055 3512 1178 3566; x_wconf 84' lang='lat' dir='ltr'><strong>estis</strong></span> <span class='ocrx_word' id='word_1_379' title='bbox 1210 3529 1371 3584; x_wconf 80' lang='lat' dir='ltr'><strong>genus</strong></span> <span class='ocrx_word' id='word_1_380' title='bbox 1396 3513 1632 3577; x_wconf 87' lang='lat' dir='ltr'><strong>electum,</strong></span> <span class='ocrx_word' id='word_1_381' title='bbox 1662 3512 1833 3583; x_wconf 77' lang='lat' dir='ltr'><strong>regale</strong></span> 
     </span>
    </p>
   </div>
   <div class='ocr_carea' id='block_1_47' title="bbox 255 3602 1831 3676">
    <p class='ocr_par' dir='ltr' id='par_1_47' title="bbox 255 3602 1831 3676">
     <span class='ocr_line' id='line_1_47' title="bbox 255 3602 1831 3676; baseline 0 -19"><span class='ocrx_word' id='word_1_382' title='bbox 255 3608 639 3671; x_wconf 64' lang='lat' dir='ltr'><strong>sacerdotium,</strong></span> <span class='ocrx_word' id='word_1_383' title='bbox 687 3622 812 3676; x_wconf 76' lang='lat' dir='ltr'><strong>gens</strong></span> <span class='ocrx_word' id='word_1_384' title='bbox 861 3614 1074 3670; x_wconf 73' lang='lat' dir='ltr'><strong>sancta,</strong></span> <span class='ocrx_word' id='word_1_385' title='bbox 1117 3603 1338 3675; x_wconf 81' lang='lat' dir='ltr'><strong>populus</strong></span> <span class='ocrx_word' id='word_1_386' title='bbox 1392 3604 1746 3674; x_wconf 74' lang='lat' dir='ltr'><strong>acquisitionis</strong></span> <span class='ocrx_word' id='word_1_387' title='bbox 1777 3602 1831 3674; x_wconf 89' lang='grc' dir='ltr'><strong>(Ι</strong></span> 
     </span>
    </p>
   </div>
   <div class='ocr_carea' id='block_1_48' title="bbox 262 3692 1830 3763">
    <p class='ocr_par' dir='ltr' id='par_1_48' title="bbox 262 3692 1830 3763">
     <span class='ocr_line' id='line_1_48' title="bbox 262 3692 1830 3763; baseline -0.001 -16"><span class='ocrx_word' id='word_1_388' title='bbox 262 3693 396 3750; x_wconf 80' lang='lat' dir='ltr'><strong>Petr.</strong></span> <span class='ocrx_word' id='word_1_389' title='bbox 421 3693 506 3763; x_wconf 83' lang='grc' dir='ltr'><strong>ιι),</strong></span> <span class='ocrx_word' id='word_1_390' title='bbox 539 3702 596 3750; x_wconf 91' lang='lat' dir='ltr'><strong>et</strong></span> <span class='ocrx_word' id='word_1_391' title='bbox 623 3694 727 3749; x_wconf 88' lang='lat' dir='ltr'><strong>hoc</strong></span> <span class='ocrx_word' id='word_1_392' title='bbox 765 3692 1027 3748; x_wconf 87' lang='lat' dir='ltr'><strong>velamine</strong></span> <span class='ocrx_word' id='word_1_393' title='bbox 1055 3700 1110 3749; x_wconf 92' lang='lat' dir='ltr'><strong>et</strong></span> <span class='ocrx_word' id='word_1_394' title='bbox 1135 3692 1380 3748; x_wconf 87' lang='lat' dir='ltr'><strong>diadema</strong></span> <span class='ocrx_word' id='word_1_395' title='bbox 1410 3693 1638 3763; x_wconf 82' lang='lat' dir='ltr'><strong>regium,</strong></span> <span class='ocrx_word' id='word_1_396' title='bbox 1668 3699 1721 3747; x_wconf 89' lang='lat' dir='ltr'><strong>et</strong></span> <span class='ocrx_word' id='word_1_397' title='bbox 1744 3707 1830 3747; x_wconf 89' lang='lat' dir='ltr'><strong>sa-</strong></span> 
     </span>
    </p>
   </div>
   <div class='ocr_carea' id='block_1_49' title="bbox 258 3782 1829 3856">
    <p class='ocr_par' dir='ltr' id='par_1_49' title="bbox 258 3782 1829 3856">
     <span class='ocr_line' id='line_1_49' title="bbox 258 3782 1829 3856; baseline -0.004 -14"><span class='ocrx_word' id='word_1_398' title='bbox 258 3787 543 3842; x_wconf 77' lang='lat' dir='ltr'><strong>cerdotalis</strong></span> <span class='ocrx_word' id='word_1_399' title='bbox 572 3785 761 3856; x_wconf 88' lang='lat' dir='ltr'><strong>capitis</strong></span> <span class='ocrx_word' id='word_1_400' title='bbox 804 3783 1162 3839; x_wconf 87' lang='lat' dir='ltr'><strong>velamentum</strong></span> <span class='ocrx_word' id='word_1_401' title='bbox 1214 3782 1577 3854; x_wconf 86' lang='lat' dir='ltr'><strong>signiﬁcetur;</strong></span> <span class='ocrx_word' id='word_1_402' title='bbox 1620 3790 1674 3836; x_wconf 91' lang='lat' dir='ltr'><strong>et</strong></span> <span class='ocrx_word' id='word_1_403' title='bbox 1704 3782 1829 3853; x_wconf 89' lang='lat' dir='ltr'><strong>quia</strong></span> 
     </span>
    </p>
   </div>
   <div class='ocr_carea' id='block_1_50' title="bbox 256 3873 1827 3955">
    <p class='ocr_par' dir='ltr' id='par_1_50' title="bbox 256 3873 1827 3955">
     <span class='ocr_line' id='line_1_50' title="bbox 256 3873 1827 3955; baseline -0.003 -23"><span class='ocrx_word' id='word_1_404' title='bbox 256 3894 346 3947; x_wconf 85' lang='lat' dir='ltr'><strong>per</strong></span> <span class='ocrx_word' id='word_1_405' title='bbox 367 3885 530 3947; x_wconf 78' lang='lat' dir='ltr'><strong>caput</strong></span> <span class='ocrx_word' id='word_1_406' title='bbox 582 3890 734 3930; x_wconf 78' lang='lat' dir='ltr'><strong>mens</strong></span> <span class='ocrx_word' id='word_1_407' title='bbox 758 3873 1072 3945; x_wconf 86' lang='lat' dir='ltr'><strong>plerumque</strong></span> <span class='ocrx_word' id='word_1_408' title='bbox 1103 3875 1154 3929; x_wconf 92' lang='lat' dir='ltr'><strong>in</strong></span> <span class='ocrx_word' id='word_1_409' title='bbox 1185 3888 1339 3929; x_wconf 87' lang='lat' dir='ltr'><strong>sacro</strong></span> <span class='ocrx_word' id='word_1_410' title='bbox 1391 3873 1602 3944; x_wconf 87' lang='lat' dir='ltr'><strong>eloquio</strong></span> <span class='ocrx_word' id='word_1_411' title='bbox 1658 3874 1827 3955; x_wconf 80' lang='lat' dir='ltr'><strong>accipi</strong></span> 
     </span>
    </p>
   </div>
   <div class='ocr_carea' id='block_1_51' title="bbox 257 3963 1828 4037">
    <p class='ocr_par' dir='ltr' id='par_1_51' title="bbox 257 3963 1828 4037">
     <span class='ocr_line' id='line_1_51' title="bbox 257 3963 1828 4037; baseline 0 -16"><span class='ocrx_word' id='word_1_412' title='bbox 257 3966 405 4031; x_wconf 89' lang='lat' dir='ltr'><strong>solet,</strong></span> <span class='ocrx_word' id='word_1_413' title='bbox 436 3967 593 4035; x_wconf 70' lang='lat' dir='ltr'><strong>juxta</strong></span> <span class='ocrx_word' id='word_1_414' title='bbox 643 3965 809 4021; x_wconf 89' lang='lat' dir='ltr'><strong>illud:</strong></span> <span class='ocrx_word' id='word_1_415' title='bbox 840 3963 1097 4037; x_wconf 81' lang='lat' dir='ltr'><strong>Respicite</strong></span> <span class='ocrx_word' id='word_1_416' title='bbox 1151 3977 1198 4021; x_wconf 90' lang='lat' dir='ltr'><strong>et</strong></span> <span class='ocrx_word' id='word_1_417' title='bbox 1246 3965 1409 4021; x_wconf 82' lang='lat' dir='ltr'><strong>levate</strong></span> <span class='ocrx_word' id='word_1_418' title='bbox 1459 3967 1632 4037; x_wconf 83' lang='lat' dir='ltr'><strong>capita</strong></span> <span class='ocrx_word' id='word_1_419' title='bbox 1660 3977 1828 4021; x_wconf 78' lang='lat' dir='ltr'><strong>vestra</strong></span> 
     </span>
    </p>
   </div>
   <div class='ocr_carea' id='block_1_52' title="bbox 259 4056 1826 4128">
    <p class='ocr_par' dir='ltr' id='par_1_52' title="bbox 259 4056 1826 4128">
     <span class='ocr_line' id='line_1_52' title="bbox 259 4056 1826 4128; baseline 0.001 -18"><span class='ocrx_word' id='word_1_420' title='bbox 259 4056 401 4128; x_wconf 79' lang='lat' dir='ltr'><strong>(Luc.</strong></span> <span class='ocrx_word' id='word_1_421' title='bbox 426 4058 570 4128; x_wconf 70' lang='lat' dir='ltr'><strong>xxx),</strong></span> <span class='ocrx_word' id='word_1_422' title='bbox 595 4071 745 4110; x_wconf 87' lang='lat' dir='ltr'><strong>mens</strong></span> <span class='ocrx_word' id='word_1_423' title='bbox 772 4066 1080 4111; x_wconf 86' lang='lat' dir='ltr'><strong>renatorum</strong></span> <span class='ocrx_word' id='word_1_424' title='bbox 1104 4063 1159 4111; x_wconf 91' lang='lat' dir='ltr'><strong>et</strong></span> <span class='ocrx_word' id='word_1_425' title='bbox 1179 4056 1338 4127; x_wconf 76' lang='lat' dir='ltr'><strong>regia:</strong></span> <span class='ocrx_word' id='word_1_426' title='bbox 1363 4056 1639 4127; x_wconf 86' lang='lat' dir='ltr'><strong>dignitatis</strong></span> <span class='ocrx_word' id='word_1_427' title='bbox 1664 4073 1826 4112; x_wconf 82' lang='lat' dir='ltr'><strong>orna-</strong></span> 
     </span>
    </p>
   </div>
   <div class='ocr_carea' id='block_1_53' title="bbox 258 4145 1829 4216">
    <p class='ocr_par' dir='ltr' id='par_1_53' title="bbox 258 4145 1829 4216">
     <span class='ocr_line' id='line_1_53' title="bbox 258 4145 1829 4216; baseline 0.001 -16"><span class='ocrx_word' id='word_1_428' title='bbox 258 4155 456 4213; x_wconf 83' lang='lat' dir='ltr'><strong>menta,</strong></span> <span class='ocrx_word' id='word_1_429' title='bbox 482 4155 539 4202; x_wconf 92' lang='lat' dir='ltr'><strong>et</strong></span> <span class='ocrx_word' id='word_1_430' title='bbox 568 4145 914 4202; x_wconf 90' lang='lat' dir='ltr'><strong>sacerdotalis</strong></span> <span class='ocrx_word' id='word_1_431' title='bbox 942 4146 1161 4202; x_wconf 84' lang='lat' dir='ltr'><strong>verticis</strong></span> <span class='ocrx_word' id='word_1_432' title='bbox 1192 4146 1389 4201; x_wconf 80' lang='lat' dir='ltr'><strong>habeat</strong></span> <span class='ocrx_word' id='word_1_433' title='bbox 1418 4153 1743 4216; x_wconf 82' lang='lat' dir='ltr'><strong>tegumenta.</strong></span> <span class='ocrx_word' id='word_1_434' title='bbox 1770 4156 1829 4202; x_wconf 93' lang='lat' dir='ltr'><strong>ut</strong></span> 
     </span>
    </p>
   </div>
   <div class='ocr_carea' id='block_1_54' title="bbox 256 4237 1829 4302">
    <p class='ocr_par' dir='ltr' id='par_1_54' title="bbox 256 4237 1829 4302">
     <span class='ocr_line' id='line_1_54' title="bbox 256 4237 1829 4302; baseline -0.001 -10"><span class='ocrx_word' id='word_1_435' title='bbox 256 4248 308 4293; x_wconf 83' lang='lat' dir='ltr'><strong>et</strong></span> <span class='ocrx_word' id='word_1_436' title='bbox 339 4248 526 4294; x_wconf 87' lang='lat' dir='ltr'><strong>contra</strong></span> <span class='ocrx_word' id='word_1_437' title='bbox 558 4239 687 4293; x_wconf 87' lang='lat' dir='ltr'><strong>vitia</strong></span> <span class='ocrx_word' id='word_1_438' title='bbox 711 4237 1028 4294; x_wconf 89' lang='lat' dir='ltr'><strong>sacerdotali</strong></span> <span class='ocrx_word' id='word_1_439' title='bbox 1051 4237 1315 4293; x_wconf 88' lang='lat' dir='ltr'><strong>velamine</strong></span> <span class='ocrx_word' id='word_1_440' title='bbox 1338 4238 1629 4302; x_wconf 89' lang='lat' dir='ltr'><strong>muniatur,</strong></span> <span class='ocrx_word' id='word_1_441' title='bbox 1647 4247 1698 4292; x_wconf 76' lang='lat' dir='ltr'><strong>et</strong></span> <span class='ocrx_word' id='word_1_442' title='bbox 1728 4240 1829 4292; x_wconf 86' lang='lat' dir='ltr'><strong>vir-</strong></span> 
     </span>
    </p>
   </div>
   <div class='ocr_carea' id='block_1_55' title="bbox 259 4327 1827 4407">
    <p class='ocr_par' dir='ltr' id='par_1_55' title="bbox 259 4327 1827 4407">
     <span class='ocr_line' id='line_1_55' title="bbox 259 4327 1827 4407; baseline 0.001 -26"><span class='ocrx_word' id='word_1_443' title='bbox 259 4329 675 4399; x_wconf 78' lang='lat' dir='ltr'><strong>tutumgcmmis</strong></span> <span class='ocrx_word' id='word_1_444' title='bbox 695 4327 1009 4397; x_wconf 83' lang='lat' dir='ltr'><strong>spiritaliter</strong></span> <span class='ocrx_word' id='word_1_445' title='bbox 1036 4337 1351 4393; x_wconf 75' lang='lat' dir='ltr'><strong>exornetur,</strong></span> <span class='ocrx_word' id='word_1_446' title='bbox 1374 4336 1427 4382; x_wconf 93' lang='lat' dir='ltr'><strong>et</strong></span> <span class='ocrx_word' id='word_1_447' title='bbox 1468 4328 1721 4407; x_wconf 74' lang='lat' dir='ltr'><strong>unctione</strong></span> <span class='ocrx_word' id='word_1_448' title='bbox 1743 4345 1827 4384; x_wconf 82' lang='lat' dir='ltr'><strong>sa-</strong></span> 
     </span>
    </p>
   </div>
   <div class='ocr_carea' id='block_1_56' title="bbox 257 4417 1826 4489">
    <p class='ocr_par' dir='ltr' id='par_1_56' title="bbox 257 4417 1826 4489">
     <span class='ocr_line' id='line_1_56' title="bbox 257 4417 1826 4489; baseline 0.001 -17"><span class='ocrx_word' id='word_1_449' title='bbox 257 4420 520 4473; x_wconf 85' lang='lat' dir='ltr'><strong>crosancti</strong></span> <span class='ocrx_word' id='word_1_450' title='bbox 549 4418 858 4475; x_wconf 86' lang='lat' dir='ltr'><strong>chrismatis</strong></span> <span class='ocrx_word' id='word_1_451' title='bbox 882 4417 1122 4478; x_wconf 87' lang='lat' dir='ltr'><strong>liniatur,</strong></span> <span class='ocrx_word' id='word_1_452' title='bbox 1149 4417 1345 4489; x_wconf 87' lang='lat' dir='ltr'><strong>quibus</strong></span> <span class='ocrx_word' id='word_1_453' title='bbox 1382 4417 1543 4471; x_wconf 90' lang='lat' dir='ltr'><strong>etiam</strong></span> <span class='ocrx_word' id='word_1_454' title='bbox 1585 4418 1826 4488; x_wconf 81' lang='lat' dir='ltr'><strong>septifor-</strong></span> 
     </span>
    </p>
   </div>
   <div class='ocr_carea' id='block_1_57' title="bbox 257 4505 1829 4578">
    <p class='ocr_par' dir='ltr' id='par_1_57' title="bbox 257 4505 1829 4578">
     <span class='ocr_line' id='line_1_57' title="bbox 257 4505 1829 4578; baseline 0.001 -18"><span class='ocrx_word' id='word_1_455' title='bbox 257 4509 360 4561; x_wconf 88' lang='lat' dir='ltr'><strong>mis</strong></span> <span class='ocrx_word' id='word_1_456' title='bbox 396 4508 574 4577; x_wconf 74' lang='lat' dir='ltr'><strong>gratia:</strong></span> <span class='ocrx_word' id='word_1_457' title='bbox 591 4505 828 4578; x_wconf 82' lang='lat' dir='ltr'><strong>Spiritus</strong></span> <span class='ocrx_word' id='word_1_458' title='bbox 880 4521 977 4576; x_wconf 87' lang='lat' dir='ltr'><strong>per</strong></span> <span class='ocrx_word' id='word_1_459' title='bbox 1004 4507 1313 4563; x_wconf 88' lang='lat' dir='ltr'><strong>chrismatis</strong></span> <span class='ocrx_word' id='word_1_460' title='bbox 1346 4509 1653 4563; x_wconf 89' lang='lat' dir='ltr'><strong>unctionem</strong></span> <span class='ocrx_word' id='word_1_461' title='bbox 1701 4524 1829 4563; x_wconf 82' lang='lat' dir='ltr'><strong>con-</strong></span> 
     </span>
    </p>
   </div>
   <div class='ocr_carea' id='block_1_58' title="bbox 257 4597 1829 4668">
    <p class='ocr_par' dir='ltr' id='par_1_58' title="bbox 257 4597 1829 4668">
     <span class='ocr_line' id='line_1_58' title="bbox 257 4597 1829 4668; baseline 0.001 -17"><span class='ocrx_word' id='word_1_462' title='bbox 257 4598 484 4661; x_wconf 78' lang='lat' dir='ltr'><strong>ceditur,</strong></span> <span class='ocrx_word' id='word_1_463' title='bbox 512 4608 697 4653; x_wconf 87' lang='lat' dir='ltr'><strong>utnon</strong></span> <span class='ocrx_word' id='word_1_464' title='bbox 719 4599 891 4653; x_wconf 88' lang='lat' dir='ltr'><strong>solum</strong></span> <span class='ocrx_word' id='word_1_465' title='bbox 923 4598 1093 4654; x_wconf 88' lang='lat' dir='ltr'><strong>sancti</strong></span> <span class='ocrx_word' id='word_1_466' title='bbox 1124 4597 1378 4668; x_wconf 88' lang='lat' dir='ltr'><strong>Spiritus,</strong></span> <span class='ocrx_word' id='word_1_467' title='bbox 1410 4599 1501 4667; x_wconf 91' lang='lat' dir='ltr'><strong>qui</strong></span> <span class='ocrx_word' id='word_1_468' title='bbox 1541 4599 1702 4654; x_wconf 90' lang='lat' dir='ltr'><strong>unius</strong></span> <span class='ocrx_word' id='word_1_469' title='bbox 1746 4608 1829 4653; x_wconf 91' lang='lat' dir='ltr'><strong>est</strong></span> 
     </span>
    </p>
   </div>
   <div class='ocr_carea' id='block_1_59' title="bbox 256 4687 1830 4751">
    <p class='ocr_par' dir='ltr' id='par_1_59' title="bbox 256 4687 1830 4751">
     <span class='ocr_line' id='line_1_59' title="bbox 256 4687 1830 4751; baseline -0.001 -7"><span class='ocrx_word' id='word_1_470' title='bbox 256 4704 383 4744; x_wconf 83' lang='lat' dir='ltr'><strong>cum</strong></span> <span class='ocrx_word' id='word_1_471' title='bbox 406 4687 557 4744; x_wconf 75' lang='lat' dir='ltr'><strong>Patre</strong></span> <span class='ocrx_word' id='word_1_472' title='bbox 573 4687 770 4745; x_wconf 82' lang='lat' dir='ltr'><strong>etFilio</strong></span> <span class='ocrx_word' id='word_1_473' title='bbox 793 4688 1122 4751; x_wconf 75' lang='lat' dir='ltr'><strong>substantim,</strong></span> <span class='ocrx_word' id='word_1_474' title='bbox 1140 4691 1232 4743; x_wconf 86' lang='lat' dir='ltr'><strong>sed</strong></span> <span class='ocrx_word' id='word_1_475' title='bbox 1259 4690 1423 4744; x_wconf 89' lang='lat' dir='ltr'><strong>totius</strong></span> <span class='ocrx_word' id='word_1_476' title='bbox 1442 4700 1641 4745; x_wconf 67' lang='lat' dir='ltr'><strong>sancta:</strong></span> <span class='ocrx_word' id='word_1_477' title='bbox 1655 4690 1830 4743; x_wconf 86' lang='lat' dir='ltr'><strong>Triui-</strong></span> 
     </span>
    </p>
   </div>
   <div class='ocr_carea' id='block_1_60' title="bbox 255 4778 1832 4850">
    <p class='ocr_par' dir='ltr' id='par_1_60' title="bbox 255 4778 1832 4850">
     <span class='ocr_line' id='line_1_60' title="bbox 255 4778 1832 4850; baseline 0.001 -19"><span class='ocrx_word' id='word_1_478' title='bbox 255 4778 387 4833; x_wconf 88' lang='lat' dir='ltr'><strong>tatis</strong></span> <span class='ocrx_word' id='word_1_479' title='bbox 411 4779 762 4834; x_wconf 85' lang='lat' dir='ltr'><strong>habitaculum</strong></span> <span class='ocrx_word' id='word_1_480' title='bbox 794 4779 929 4833; x_wconf 89' lang='lat' dir='ltr'><strong>ellici</strong></span> <span class='ocrx_word' id='word_1_481' title='bbox 975 4786 1300 4833; x_wconf 87' lang='lat' dir='ltr'><strong>mereantur.</strong></span> <span class='ocrx_word' id='word_1_482' title='bbox 1332 4778 1565 4849; x_wconf 87' lang='lat' dir='ltr'><strong>Spiritus</strong></span> <span class='ocrx_word' id='word_1_483' title='bbox 1588 4779 1832 4850; x_wconf 84' lang='lat' dir='ltr'><strong>paracle—</strong></span> 
     </span>
    </p>
   </div>
   <div class='ocr_carea' id='block_1_61' title="bbox 258 4868 1829 4940">
    <p class='ocr_par' dir='ltr' id='par_1_61' title="bbox 258 4868 1829 4940">
     <span class='ocr_line' id='line_1_61' title="bbox 258 4868 1829 4940; baseline 0 -17"><span class='ocrx_word' id='word_1_484' title='bbox 258 4878 347 4924; x_wconf 86' lang='lat' dir='ltr'><strong>tus</strong></span> <span class='ocrx_word' id='word_1_485' title='bbox 373 4868 693 4940; x_wconf 82' lang='lat' dir='ltr'><strong>septiformis</strong></span> <span class='ocrx_word' id='word_1_486' title='bbox 727 4869 888 4924; x_wconf 89' lang='lat' dir='ltr'><strong>etiam</strong></span> <span class='ocrx_word' id='word_1_487' title='bbox 916 4869 1103 4939; x_wconf 68' lang='lat' dir='ltr'><strong>gratiae</strong></span> <span class='ocrx_word' id='word_1_488' title='bbox 1132 4869 1328 4924; x_wconf 88' lang='lat' dir='ltr'><strong>dicitur</strong></span> <span class='ocrx_word' id='word_1_489' title='bbox 1349 4910 1364 4933; x_wconf 92' lang='lat'><strong>,</strong></span> <span class='ocrx_word' id='word_1_490' title='bbox 1419 4878 1636 4939; x_wconf 87' lang='lat' dir='ltr'><strong>propter</strong></span> <span class='ocrx_word' id='word_1_491' title='bbox 1660 4879 1829 4939; x_wconf 79' lang='lat' dir='ltr'><strong>septe-</strong></span> 
     </span>
    </p>
   </div>
   <div class='ocr_carea' id='block_1_62' title="bbox 254 4957 1828 5029">
    <p class='ocr_par' dir='ltr' id='par_1_62' title="bbox 254 4957 1828 5029">
     <span class='ocr_line' id='line_1_62' title="bbox 254 4957 1828 5029; baseline 0.002 -18"><span class='ocrx_word' id='word_1_492' title='bbox 254 4958 396 5013; x_wconf 86' lang='lat' dir='ltr'><strong>narii</strong></span> <span class='ocrx_word' id='word_1_493' title='bbox 431 4960 634 5015; x_wconf 90' lang='lat' dir='ltr'><strong>numeri</strong></span> <span class='ocrx_word' id='word_1_494' title='bbox 673 4960 1011 5029; x_wconf 87' lang='lat' dir='ltr'><strong>mysterium,</strong></span> <span class='ocrx_word' id='word_1_495' title='bbox 1058 4957 1113 5012; x_wconf 87' lang='lat' dir='ltr'><strong>in</strong></span> <span class='ocrx_word' id='word_1_496' title='bbox 1160 4974 1266 5028; x_wconf 87' lang='lat' dir='ltr'><strong>quo</strong></span> <span class='ocrx_word' id='word_1_497' title='bbox 1299 4974 1508 5013; x_wconf 89' lang='lat' dir='ltr'><strong>summa</strong></span> <span class='ocrx_word' id='word_1_498' title='bbox 1569 4961 1828 5029; x_wconf 75' lang='lat' dir='ltr'><strong>perfectio</strong></span> 
     </span>
    </p>
   </div>
   <div class='ocr_carea' id='block_1_63' title="bbox 261 5049 1825 5122">
    <p class='ocr_par' dir='ltr' id='par_1_63' title="bbox 261 5049 1825 5122">
     <span class='ocr_line' id='line_1_63' title="bbox 261 5049 1825 5122; baseline 0 -18"><span class='ocrx_word' id='word_1_499' title='bbox 261 5049 585 5122; x_wconf 70' lang='lat' dir='ltr'><strong>intelligitur.</strong></span> <span class='ocrx_word' id='word_1_500' title='bbox 614 5050 713 5104; x_wconf 85' lang='lat' dir='ltr'><strong>Est</strong></span> <span class='ocrx_word' id='word_1_501' title='bbox 739 5050 880 5104; x_wconf 88' lang='lat' dir='ltr'><strong>enim</strong></span> <span class='ocrx_word' id='word_1_502' title='bbox 903 5050 1229 5120; x_wconf 83' lang='lat' dir='ltr'><strong>compositus</strong></span> <span class='ocrx_word' id='word_1_503' title='bbox 1251 5065 1317 5104; x_wconf 87' lang='lat' dir='ltr'><strong>ex</strong></span> <span class='ocrx_word' id='word_1_504' title='bbox 1345 5057 1457 5104; x_wconf 91' lang='lat' dir='ltr'><strong>toto</strong></span> <span class='ocrx_word' id='word_1_505' title='bbox 1477 5051 1655 5119; x_wconf 89' lang='lat' dir='ltr'><strong>primo</strong></span> <span class='ocrx_word' id='word_1_506' title='bbox 1686 5051 1825 5120; x_wconf 90' lang='lat' dir='ltr'><strong>pari,</strong></span> 
     </span>
    </p>
   </div>
   <div class='ocr_carea' id='block_1_64' title="bbox 261 5142 1825 5214">
    <p class='ocr_par' dir='ltr' id='par_1_64' title="bbox 261 5142 1825 5214">
     <span class='ocr_line' id='line_1_64' title="bbox 261 5142 1825 5214; baseline 0 -18"><span class='ocrx_word' id='word_1_507' title='bbox 261 5150 317 5196; x_wconf 88' lang='lat' dir='ltr'><strong>et</strong></span> <span class='ocrx_word' id='word_1_508' title='bbox 342 5156 403 5201; x_wconf 70' lang='lat' dir='ltr'><strong>ex</strong></span> <span class='ocrx_word' id='word_1_509' title='bbox 432 5151 540 5198; x_wconf 85' lang='lat' dir='ltr'><strong>toto</strong></span> <span class='ocrx_word' id='word_1_510' title='bbox 573 5142 749 5214; x_wconf 85' lang='lat' dir='ltr'><strong>primo</strong></span> <span class='ocrx_word' id='word_1_511' title='bbox 775 5142 965 5211; x_wconf 85' lang='lat' dir='ltr'><strong>impari</strong></span> <span class='ocrx_word' id='word_1_512' title='bbox 994 5160 1007 5196; x_wconf 90' lang='lat'><strong>:</strong></span> <span class='ocrx_word' id='word_1_513' title='bbox 1038 5156 1102 5196; x_wconf 79' lang='lat' dir='ltr'><strong>ex</strong></span> <span class='ocrx_word' id='word_1_514' title='bbox 1131 5150 1243 5197; x_wconf 91' lang='lat' dir='ltr'><strong>toto</strong></span> <span class='ocrx_word' id='word_1_515' title='bbox 1270 5142 1446 5211; x_wconf 90' lang='lat' dir='ltr'><strong>primo</strong></span> <span class='ocrx_word' id='word_1_516' title='bbox 1467 5143 1714 5212; x_wconf 88' lang='lat' dir='ltr'><strong>pari,qui</strong></span> <span class='ocrx_word' id='word_1_517' title='bbox 1741 5143 1825 5196; x_wconf 83' lang='lat' dir='ltr'><strong>di-</strong></span> 
     </span>
    </p>
   </div>
   <div class='ocr_carea' id='block_1_65' title="bbox 263 5231 1827 5304">
    <p class='ocr_par' dir='ltr' id='par_1_65' title="bbox 263 5231 1827 5304">
     <span class='ocr_line' id='line_1_65' title="bbox 263 5231 1827 5304; baseline 0.003 -19"><span class='ocrx_word' id='word_1_518' title='bbox 263 5231 369 5287; x_wconf 85' lang='lat' dir='ltr'><strong>vidi</strong></span> <span class='ocrx_word' id='word_1_519' title='bbox 400 5242 592 5302; x_wconf 82' lang='lat' dir='ltr'><strong>potest,</strong></span> <span class='ocrx_word' id='word_1_520' title='bbox 618 5241 674 5288; x_wconf 85' lang='lat' dir='ltr'><strong>et</strong></span> <span class='ocrx_word' id='word_1_521' title='bbox 698 5248 763 5287; x_wconf 80' lang='lat' dir='ltr'><strong>ex</strong></span> <span class='ocrx_word' id='word_1_522' title='bbox 792 5241 907 5287; x_wconf 88' lang='lat' dir='ltr'><strong>toto</strong></span> <span class='ocrx_word' id='word_1_523' title='bbox 950 5233 1127 5304; x_wconf 86' lang='lat' dir='ltr'><strong>primo</strong></span> <span class='ocrx_word' id='word_1_524' title='bbox 1156 5233 1368 5304; x_wconf 88' lang='lat' dir='ltr'><strong>impari,</strong></span> <span class='ocrx_word' id='word_1_525' title='bbox 1398 5233 1490 5303; x_wconf 90' lang='lat' dir='ltr'><strong>qui</strong></span> <span class='ocrx_word' id='word_1_526' title='bbox 1519 5233 1684 5287; x_wconf 82' lang='lat' dir='ltr'><strong>dividi</strong></span> <span class='ocrx_word' id='word_1_527' title='bbox 1721 5251 1827 5289; x_wconf 89' lang='lat' dir='ltr'><strong>non</strong></span> 
     </span>
    </p>
   </div>
   <div class='ocr_carea' id='block_1_66' title="bbox 262 5324 1832 5398">
    <p class='ocr_par' dir='ltr' id='par_1_66' title="bbox 262 5324 1832 5398">
     <span class='ocr_line' id='line_1_66' title="bbox 262 5324 1832 5398; baseline 0.003 -20"><span class='ocrx_word' id='word_1_528' title='bbox 262 5332 449 5393; x_wconf 84' lang='lat' dir='ltr'><strong>potest.</strong></span> <span class='ocrx_word' id='word_1_529' title='bbox 475 5324 647 5382; x_wconf 82' lang='lat' dir='ltr'><strong>liabet</strong></span> <span class='ocrx_word' id='word_1_530' title='bbox 673 5325 819 5379; x_wconf 91' lang='lat' dir='ltr'><strong>enim</strong></span> <span class='ocrx_word' id='word_1_531' title='bbox 845 5326 897 5380; x_wconf 92' lang='lat' dir='ltr'><strong>in</strong></span> <span class='ocrx_word' id='word_1_532' title='bbox 923 5326 1156 5381; x_wconf 86' lang='lat' dir='ltr'><strong>ternario</strong></span> <span class='ocrx_word' id='word_1_533' title='bbox 1182 5327 1497 5398; x_wconf 79' lang='lat' dir='ltr'><strong>mysterium</strong></span> <span class='ocrx_word' id='word_1_534' title='bbox 1529 5325 1832 5394; x_wconf 83' lang='lat' dir='ltr'><strong>Trinitatis,</strong></span> 
     </span>
    </p>
   </div>
   <div class='ocr_carea' id='block_1_67' title="bbox 265 5414 1831 5490">
    <p class='ocr_par' dir='ltr' id='par_1_67' title="bbox 265 5414 1831 5490">
     <span class='ocr_line' id='line_1_67' title="bbox 265 5414 1831 5490; baseline 0.004 -22"><span class='ocrx_word' id='word_1_535' title='bbox 265 5415 319 5468; x_wconf 89' lang='lat' dir='ltr'><strong>in</strong></span> <span class='ocrx_word' id='word_1_536' title='bbox 340 5419 682 5486; x_wconf 87' lang='lat' dir='ltr'><strong>quaternario</strong></span> <span class='ocrx_word' id='word_1_537' title='bbox 701 5417 992 5487; x_wconf 81' lang='lat' dir='ltr'><strong>Evangelii.</strong></span> <span class='ocrx_word' id='word_1_538' title='bbox 1010 5414 1136 5472; x_wconf 87' lang='lat' dir='ltr'><strong>Sive</strong></span> <span class='ocrx_word' id='word_1_539' title='bbox 1156 5418 1299 5472; x_wconf 88' lang='lat' dir='ltr'><strong>enim</strong></span> <span class='ocrx_word' id='word_1_540' title='bbox 1324 5427 1434 5473; x_wconf 90' lang='lat' dir='ltr'><strong>tres</strong></span> <span class='ocrx_word' id='word_1_541' title='bbox 1456 5434 1555 5488; x_wconf 91' lang='lat' dir='ltr'><strong>per</strong></span> <span class='ocrx_word' id='word_1_542' title='bbox 1575 5429 1831 5490; x_wconf 86' lang='lat' dir='ltr'><strong>quatuor,</strong></span> 
     </span>
    </p>
   </div>
   <div class='ocr_carea' id='block_1_68' title="bbox 214 5508 1831 5581">
    <p class='ocr_par' dir='ltr' id='par_1_68' title="bbox 214 5508 1831 5581">
     <span class='ocr_line' id='line_1_68' title="bbox 214 5508 1831 5581; baseline 0.003 -19"><span class='ocrx_word' id='word_1_543' title='bbox 214 5568 229 5579; x_wconf 49' lang='grc' dir='ltr'><strong><em>ο</em></strong></span> <span class='ocrx_word' id='word_1_544' title='bbox 267 5508 375 5564; x_wconf 83' lang='lat' dir='ltr'><strong>sive</strong></span> <span class='ocrx_word' id='word_1_545' title='bbox 395 5520 622 5581; x_wconf 86' lang='lat' dir='ltr'><strong>quatuor</strong></span> <span class='ocrx_word' id='word_1_546' title='bbox 646 5525 747 5580; x_wconf 88' lang='lat' dir='ltr'><strong>per</strong></span> <span class='ocrx_word' id='word_1_547' title='bbox 771 5518 879 5567; x_wconf 85' lang='lat' dir='ltr'><strong>tres</strong></span> <span class='ocrx_word' id='word_1_548' title='bbox 900 5510 1337 5581; x_wconf 85' lang='lat' dir='ltr'><strong>multiplicemur,</strong></span> <span class='ocrx_word' id='word_1_549' title='bbox 1357 5511 1422 5565; x_wconf 90' lang='lat' dir='ltr'><strong>ad</strong></span> <span class='ocrx_word' id='word_1_550' title='bbox 1444 5510 1831 5567; x_wconf 83' lang='lat' dir='ltr'><strong>duodenarium</strong></span> 
     </span>
    </p>
   </div>
   <div class='ocr_carea' id='block_1_69' title="bbox 270 5586 1830 5670">
    <p class='ocr_par' dir='ltr' id='par_1_69' title="bbox 270 5586 1830 5670">
     <span class='ocr_line' id='line_1_69' title="bbox 270 5586 1830 5670; baseline 0.006 -21"><span class='ocrx_word' id='word_1_551' title='bbox 270 5612 542 5655; x_wconf 88' lang='lat' dir='ltr'><strong>numerum</strong></span> <span class='ocrx_word' id='word_1_552' title='bbox 573 5601 833 5669; x_wconf 83' lang='lat' dir='ltr'><strong>surgitur,</strong></span> <span class='ocrx_word' id='word_1_553' title='bbox 867 5600 991 5669; x_wconf 85' lang='lat' dir='ltr'><strong>quia</strong></span> <span class='ocrx_word' id='word_1_554' title='bbox 1021 5600 1337 5670; x_wconf 86' lang='lat' dir='ltr'><strong>mysterium</strong></span> <span class='ocrx_word' id='word_1_555' title='bbox 1365 5586 1567 5657; x_wconf 62' lang='lat' dir='ltr'><strong>sanctae</strong></span> <span class='ocrx_word' id='word_1_556' title='bbox 1591 5601 1830 5658; x_wconf 81' lang='lat' dir='ltr'><strong>Trinita-</strong></span> 
     </span>
    </p>
   </div>
   <div class='ocr_carea' id='block_1_70' title="bbox 274 5688 1832 5771">
    <p class='ocr_par' dir='ltr' id='par_1_70' title="bbox 274 5688 1832 5771">
     <span class='ocr_line' id='line_1_70' title="bbox 274 5688 1832 5771; baseline 0.003 -26"><span class='ocrx_word' id='word_1_557' title='bbox 274 5688 340 5745; x_wconf 80' lang='lat' dir='ltr'><strong>tis</strong></span> <span class='ocrx_word' id='word_1_558' title='bbox 360 5698 413 5747; x_wconf 88' lang='lat' dir='ltr'><strong>et</strong></span> <span class='ocrx_word' id='word_1_559' title='bbox 462 5694 712 5771; x_wconf 73' lang='lat' dir='ltr'><strong>doctrina</strong></span> <span class='ocrx_word' id='word_1_560' title='bbox 732 5692 1001 5765; x_wconf 86' lang='lat' dir='ltr'><strong>Evangelii</strong></span> <span class='ocrx_word' id='word_1_561' title='bbox 1030 5709 1124 5763; x_wconf 79' lang='lat' dir='ltr'><strong>per</strong></span> <span class='ocrx_word' id='word_1_562' title='bbox 1154 5692 1433 5749; x_wconf 84' lang='lat' dir='ltr'><strong>duodecim</strong></span> <span class='ocrx_word' id='word_1_563' title='bbox 1488 5697 1755 5765; x_wconf 85' lang='lat' dir='ltr'><strong>apostolos</strong></span> <span class='ocrx_word' id='word_1_564' title='bbox 1780 5701 1832 5750; x_wconf 87' lang='lat' dir='ltr'><strong>in</strong></span> 
     </span>
    </p>
   </div>
   <div class='ocr_carea' id='block_1_71' title="bbox 1860 3111 1904 3172">
    <p class='ocr_par' dir='ltr' id='par_1_71' title="bbox 1860 3111 1904 3172">
     <span class='ocr_line' id='line_1_71' title="bbox 1860 3111 1904 3172; baseline 0 0"><span class='ocrx_word' id='word_1_565' title='bbox 1860 3111 1904 3172; x_wconf 92' lang='lat' dir='ltr'><strong>C</strong></span> 
     </span>
    </p>
   </div>
   <div class='ocr_carea' id='block_1_72' title="bbox 1854 4465 1906 4525">
    <p class='ocr_par' dir='ltr' id='par_1_72' title="bbox 1854 4465 1906 4525">
     <span class='ocr_line' id='line_1_72' title="bbox 1854 4465 1906 4525; baseline 0 0"><span class='ocrx_word' id='word_1_566' title='bbox 1854 4465 1906 4525; x_wconf 93' lang='lat' dir='ltr'><strong>D</strong></span> 
     </span>
    </p>
   </div>
   <div class='ocr_carea' id='block_1_73' title="bbox 1946 1863 3534 1955">
    <p class='ocr_par' dir='ltr' id='par_1_73' title="bbox 1946 1863 3534 1955">
     <span class='ocr_line' id='line_1_73' title="bbox 1946 1863 3534 1955; baseline 0.016 -38"><span class='ocrx_word' id='word_1_567' title='bbox 1946 1863 2309 1935; x_wconf 88' lang='lat' dir='ltr'><strong>ignorantiam</strong></span> <span class='ocrx_word' id='word_1_568' title='bbox 2350 1871 2517 1943; x_wconf 83' lang='lat' dir='ltr'><strong>fugat,</strong></span> <span class='ocrx_word' id='word_1_569' title='bbox 2550 1884 2604 1931; x_wconf 91' lang='lat' dir='ltr'><strong>et</strong></span> <span class='ocrx_word' id='word_1_570' title='bbox 2624 1876 2827 1933; x_wconf 92' lang='lat' dir='ltr'><strong>lumine</strong></span> <span class='ocrx_word' id='word_1_571' title='bbox 2867 1894 2965 1934; x_wconf 91' lang='lat' dir='ltr'><strong>suo</strong></span> <span class='ocrx_word' id='word_1_572' title='bbox 2994 1898 3117 1936; x_wconf 91' lang='lat' dir='ltr'><strong>eum</strong></span> <span class='ocrx_word' id='word_1_573' title='bbox 3147 1900 3308 1953; x_wconf 88' lang='lat' dir='ltr'><strong>quem</strong></span> <span class='ocrx_word' id='word_1_574' title='bbox 3360 1887 3534 1955; x_wconf 84' lang='lat' dir='ltr'><strong>reple-</strong></span> 
     </span>
    </p>
   </div>
   <div class='ocr_carea' id='block_1_74' title="bbox 1942 1956 3532 2042">
    <p class='ocr_par' dir='ltr' id='par_1_74' title="bbox 1942 1956 3532 2042">
     <span class='ocr_line' id='line_1_74' title="bbox 1942 1956 3532 2042; baseline 0.015 -35"><span class='ocrx_word' id='word_1_575' title='bbox 1942 1956 2083 2010; x_wconf 90' lang='lat' dir='ltr'><strong>verit</strong></span> <span class='ocrx_word' id='word_1_576' title='bbox 2132 1957 2380 2015; x_wconf 89' lang='lat' dir='ltr'><strong>illustrat.</strong></span> <span class='ocrx_word' id='word_1_577' title='bbox 2409 1961 2590 2019; x_wconf 80' lang='lat' dir='ltr'><strong>Pietas</strong></span> <span class='ocrx_word' id='word_1_578' title='bbox 2616 2006 2632 2031; x_wconf 92' lang='lat'><strong>,</strong></span> <span class='ocrx_word' id='word_1_579' title='bbox 2680 1967 3065 2024; x_wconf 75' lang='lat' dir='ltr'><strong>misericordia:</strong></span> <span class='ocrx_word' id='word_1_580' title='bbox 3117 1973 3371 2042; x_wconf 90' lang='lat' dir='ltr'><strong>operibus</strong></span> <span class='ocrx_word' id='word_1_581' title='bbox 3406 1991 3532 2030; x_wconf 90' lang='lat' dir='ltr'><strong>eum</strong></span> 
     </span>
    </p>
   </div>
   <div class='ocr_carea' id='block_1_75' title="bbox 1942 2050 3531 2126">
    <p class='ocr_par' dir='ltr' id='par_1_75' title="bbox 1942 2050 3531 2126">
     <span class='ocr_line' id='line_1_75' title="bbox 1942 2050 3531 2126; baseline 0.014 -27"><span class='ocrx_word' id='word_1_582' title='bbox 1942 2063 2105 2117; x_wconf 90' lang='lat' dir='ltr'><strong>quem</strong></span> <span class='ocrx_word' id='word_1_583' title='bbox 2142 2050 2451 2120; x_wconf 85' lang='lat' dir='ltr'><strong>repleverit,</strong></span> <span class='ocrx_word' id='word_1_584' title='bbox 2479 2056 2781 2112; x_wconf 84' lang='lat' dir='ltr'><strong>exuberare</strong></span> <span class='ocrx_word' id='word_1_585' title='bbox 2830 2062 3095 2115; x_wconf 91' lang='lat' dir='ltr'><strong>concedit.</strong></span> <span class='ocrx_word' id='word_1_586' title='bbox 3128 2062 3349 2126; x_wconf 90' lang='lat' dir='ltr'><strong>Timor,</strong></span> <span class='ocrx_word' id='word_1_587' title='bbox 3403 2066 3531 2123; x_wconf 90' lang='lat' dir='ltr'><strong>dum</strong></span> 
     </span>
    </p>
   </div>
   <div class='ocr_carea' id='block_1_76' title="bbox 1940 2140 3519 2221">
    <p class='ocr_par' dir='ltr' id='par_1_76' title="bbox 1940 2140 3519 2221">
     <span class='ocr_line' id='line_1_76' title="bbox 1940 2140 3519 2221; baseline 0.013 -30"><span class='ocrx_word' id='word_1_588' title='bbox 1940 2140 2136 2206; x_wconf 92' lang='lat' dir='ltr'><strong>premit</strong></span> <span class='ocrx_word' id='word_1_589' title='bbox 2155 2150 2389 2211; x_wconf 76' lang='lat' dir='ltr'><strong>mentem</strong></span> <span class='ocrx_word' id='word_1_590' title='bbox 2414 2160 2481 2198; x_wconf 90' lang='lat' dir='ltr'><strong>ne</strong></span> <span class='ocrx_word' id='word_1_591' title='bbox 2508 2145 2574 2201; x_wconf 92' lang='lat' dir='ltr'><strong>de</strong></span> <span class='ocrx_word' id='word_1_592' title='bbox 2618 2150 2971 2218; x_wconf 79' lang='lat' dir='ltr'><strong>praesentibus</strong></span> <span class='ocrx_word' id='word_1_593' title='bbox 3000 2152 3295 2221; x_wconf 86' lang='lat' dir='ltr'><strong>superbiat,</strong></span> <span class='ocrx_word' id='word_1_594' title='bbox 3327 2155 3393 2215; x_wconf 88' lang='lat' dir='ltr'><strong>de</strong></span> <span class='ocrx_word' id='word_1_595' title='bbox 3436 2156 3519 2211; x_wconf 82' lang='lat' dir='ltr'><strong>l‘u-</strong></span> 
     </span>
    </p>
   </div>
   <div class='ocr_carea' id='block_1_77' title="bbox 1944 2229 3525 2314">
    <p class='ocr_par' dir='ltr' id='par_1_77' title="bbox 1944 2229 3525 2314">
     <span class='ocr_line' id='line_1_77' title="bbox 1944 2229 3525 2314; baseline 0.012 -33"><span class='ocrx_word' id='word_1_596' title='bbox 1944 2229 2076 2282; x_wconf 91' lang='lat' dir='ltr'><strong>turis</strong></span> <span class='ocrx_word' id='word_1_597' title='bbox 2094 2229 2239 2284; x_wconf 88' lang='lat' dir='ltr'><strong>illam</strong></span> <span class='ocrx_word' id='word_1_598' title='bbox 2264 2233 2684 2302; x_wconf 79' lang='lat' dir='ltr'><strong>speirefeCtione</strong></span> <span class='ocrx_word' id='word_1_599' title='bbox 2696 2237 2987 2294; x_wconf 85' lang='lat' dir='ltr'><strong>confortat.</strong></span> <span class='ocrx_word' id='word_1_600' title='bbox 3004 2238 3095 2295; x_wconf 88' lang='lat' dir='ltr'><strong>Sic</strong></span> <span class='ocrx_word' id='word_1_601' title='bbox 3119 2243 3264 2297; x_wconf 91' lang='lat' dir='ltr'><strong>enim</strong></span> <span class='ocrx_word' id='word_1_602' title='bbox 3288 2246 3525 2314; x_wconf 88' lang='lat' dir='ltr'><strong>quodam</strong></span> 
     </span>
    </p>
   </div>
   <div class='ocr_carea' id='block_1_78' title="bbox 1938 2320 3523 2397">
    <p class='ocr_par' dir='ltr' id='par_1_78' title="bbox 1938 2320 3523 2397">
     <span class='ocr_line' id='line_1_78' title="bbox 1938 2320 3523 2397; baseline 0.012 -25"><span class='ocrx_word' id='word_1_603' title='bbox 1938 2320 2264 2377; x_wconf 87' lang='lat' dir='ltr'><strong>adminiculo</strong></span> <span class='ocrx_word' id='word_1_604' title='bbox 2290 2324 2373 2379; x_wconf 91' lang='lat' dir='ltr'><strong>sui</strong></span> <span class='ocrx_word' id='word_1_605' title='bbox 2403 2326 2632 2382; x_wconf 89' lang='lat' dir='ltr'><strong>invicem</strong></span> <span class='ocrx_word' id='word_1_606' title='bbox 2664 2330 2765 2384; x_wconf 89' lang='lat' dir='ltr'><strong>sibi</strong></span> <span class='ocrx_word' id='word_1_607' title='bbox 2800 2341 3144 2397; x_wconf 87' lang='lat' dir='ltr'><strong>succurrunt,</strong></span> <span class='ocrx_word' id='word_1_608' title='bbox 3169 2342 3229 2388; x_wconf 93' lang='lat' dir='ltr'><strong>ut</strong></span> <span class='ocrx_word' id='word_1_609' title='bbox 3258 2335 3387 2390; x_wconf 92' lang='lat' dir='ltr'><strong>dum</strong></span> <span class='ocrx_word' id='word_1_610' title='bbox 3414 2338 3523 2391; x_wconf 89' lang='lat' dir='ltr'><strong>alia</strong></span> 
     </span>
    </p>
   </div>
   <div class='ocr_carea' id='block_1_79' title="bbox 1940 2414 3527 2488">
    <p class='ocr_par' dir='ltr' id='par_1_79' title="bbox 1940 2414 3527 2488">
     <span class='ocr_line' id='line_1_79' title="bbox 1940 2414 3527 2488; baseline 0.011 -19"><span class='ocrx_word' id='word_1_611' title='bbox 1940 2414 2057 2471; x_wconf 67' lang='lat' dir='ltr'><strong>aliae</strong></span> <span class='ocrx_word' id='word_1_612' title='bbox 2090 2417 2435 2488; x_wconf 84' lang='lat' dir='ltr'><strong>sull&#39;ragatur,</strong></span> <span class='ocrx_word' id='word_1_613' title='bbox 2476 2423 2600 2478; x_wconf 75' lang='lat' dir='ltr'><strong>vita:</strong></span> <span class='ocrx_word' id='word_1_614' title='bbox 2641 2425 2775 2481; x_wconf 87' lang='lat' dir='ltr'><strong>ordo</strong></span> <span class='ocrx_word' id='word_1_615' title='bbox 2820 2437 2876 2481; x_wconf 89' lang='lat' dir='ltr'><strong>et</strong></span> <span class='ocrx_word' id='word_1_616' title='bbox 2922 2435 3095 2483; x_wconf 88' lang='lat' dir='ltr'><strong>status</strong></span> <span class='ocrx_word' id='word_1_617' title='bbox 3147 2428 3527 2486; x_wconf 89' lang='lat' dir='ltr'><strong>decentissime</strong></span> 
     </span>
    </p>
   </div>
   <div class='ocr_carea' id='block_1_80' title="bbox 1937 2510 3529 2586">
    <p class='ocr_par' dir='ltr' id='par_1_80' title="bbox 1937 2510 3529 2586">
     <span class='ocr_line' id='line_1_80' title="bbox 1937 2510 3529 2586; baseline 0.008 -26"><span class='ocrx_word' id='word_1_618' title='bbox 1937 2517 2308 2576; x_wconf 88' lang='lat' dir='ltr'><strong>componatur.</strong></span> <span class='ocrx_word' id='word_1_619' title='bbox 2351 2510 2524 2567; x_wconf 81' lang='lat' dir='ltr'><strong>Minor</strong></span> <span class='ocrx_word' id='word_1_620' title='bbox 2549 2513 2748 2585; x_wconf 87' lang='lat' dir='ltr'><strong>quippe</strong></span> <span class='ocrx_word' id='word_1_621' title='bbox 2797 2522 2881 2570; x_wconf 86' lang='lat' dir='ltr'><strong>est</strong></span> <span class='ocrx_word' id='word_1_622' title='bbox 2910 2516 3193 2586; x_wconf 79' lang='lat' dir='ltr'><strong>sapientia,</strong></span> <span class='ocrx_word' id='word_1_623' title='bbox 3231 2518 3276 2573; x_wconf 94' lang='lat' dir='ltr'><strong>si</strong></span> <span class='ocrx_word' id='word_1_624' title='bbox 3321 2519 3529 2574; x_wconf 60' lang='lat' dir='ltr'><strong>intelleo</strong></span> 
     </span>
    </p>
   </div>
   <div class='ocr_carea' id='block_1_81' title="bbox 1936 2601 3527 2674">
    <p class='ocr_par' dir='ltr' id='par_1_81' title="bbox 1936 2601 3527 2674">
     <span class='ocr_line' id='line_1_81' title="bbox 1936 2601 3527 2674; baseline 0.011 -27"><span class='ocrx_word' id='word_1_625' title='bbox 1936 2605 2023 2649; x_wconf 90' lang='lat' dir='ltr'><strong>ctu</strong></span> <span class='ocrx_word' id='word_1_626' title='bbox 2051 2606 2255 2653; x_wconf 89' lang='lat' dir='ltr'><strong>careat.</strong></span> <span class='ocrx_word' id='word_1_627' title='bbox 2281 2601 2347 2654; x_wconf 89' lang='lat' dir='ltr'><strong>Et</strong></span> <span class='ocrx_word' id='word_1_628' title='bbox 2369 2601 2524 2657; x_wconf 83' lang='lat' dir='ltr'><strong>valde</strong></span> <span class='ocrx_word' id='word_1_629' title='bbox 2569 2603 2776 2658; x_wconf 88' lang='lat' dir='ltr'><strong>inutilis</strong></span> <span class='ocrx_word' id='word_1_630' title='bbox 2804 2605 3107 2662; x_wconf 87' lang='lat' dir='ltr'><strong>intellectus</strong></span> <span class='ocrx_word' id='word_1_631' title='bbox 3129 2616 3234 2674; x_wconf 89' lang='lat' dir='ltr'><strong>est,</strong></span> <span class='ocrx_word' id='word_1_632' title='bbox 3261 2609 3306 2664; x_wconf 91' lang='lat' dir='ltr'><strong>si</strong></span> <span class='ocrx_word' id='word_1_633' title='bbox 3343 2624 3409 2664; x_wconf 83' lang='lat' dir='ltr'><strong>ex</strong></span> <span class='ocrx_word' id='word_1_634' title='bbox 3440 2625 3527 2665; x_wconf 87' lang='lat' dir='ltr'><strong>sa-</strong></span> 
     </span>
    </p>
   </div>
   <div class='ocr_carea' id='block_1_82' title="bbox 1936 2683 3525 2771">
    <p class='ocr_par' dir='ltr' id='par_1_82' title="bbox 1936 2683 3525 2771">
     <span class='ocr_line' id='line_1_82' title="bbox 1936 2683 3525 2771; baseline 0.009 -30"><span class='ocrx_word' id='word_1_635' title='bbox 1936 2688 2135 2758; x_wconf 89' lang='lat' dir='ltr'><strong>pientia</strong></span> <span class='ocrx_word' id='word_1_636' title='bbox 2167 2708 2271 2745; x_wconf 90' lang='lat' dir='ltr'><strong>non</strong></span> <span class='ocrx_word' id='word_1_637' title='bbox 2294 2693 2572 2748; x_wconf 82' lang='lat' dir='ltr'><strong>subsistat.</strong></span> <span class='ocrx_word' id='word_1_638' title='bbox 2618 2695 2754 2763; x_wconf 88' lang='lat' dir='ltr'><strong>Quia</strong></span> <span class='ocrx_word' id='word_1_639' title='bbox 2781 2711 2905 2752; x_wconf 91' lang='lat' dir='ltr'><strong>cum</strong></span> <span class='ocrx_word' id='word_1_640' title='bbox 2933 2683 3127 2753; x_wconf 87' lang='lat' dir='ltr'><strong>altiora</strong></span> <span class='ocrx_word' id='word_1_641' title='bbox 3168 2700 3285 2755; x_wconf 92' lang='lat' dir='ltr'><strong>sine</strong></span> <span class='ocrx_word' id='word_1_642' title='bbox 3312 2699 3525 2771; x_wconf 90' lang='lat' dir='ltr'><strong>sapien-</strong></span> 
     </span>
    </p>
   </div>
   <div class='ocr_carea' id='block_1_83' title="bbox 1938 2774 3524 2861">
    <p class='ocr_par' dir='ltr' id='par_1_83' title="bbox 1938 2774 3524 2861">
     <span class='ocr_line' id='line_1_83' title="bbox 1938 2774 3524 2861; baseline 0.009 -29"><span class='ocrx_word' id='word_1_643' title='bbox 1938 2779 2025 2832; x_wconf 72' lang='lat' dir='ltr'><strong>tia:</strong></span> <span class='ocrx_word' id='word_1_644' title='bbox 2083 2781 2319 2850; x_wconf 88' lang='lat' dir='ltr'><strong>pondere</strong></span> <span class='ocrx_word' id='word_1_645' title='bbox 2366 2791 2643 2850; x_wconf 89' lang='lat' dir='ltr'><strong>penetrat,</strong></span> <span class='ocrx_word' id='word_1_646' title='bbox 2705 2800 2802 2841; x_wconf 86' lang='lat' dir='ltr'><strong>sua</strong></span> <span class='ocrx_word' id='word_1_647' title='bbox 2855 2774 3003 2841; x_wconf 82' lang='lat' dir='ltr'><strong>illum</strong></span> <span class='ocrx_word' id='word_1_648' title='bbox 3070 2787 3262 2845; x_wconf 88' lang='lat' dir='ltr'><strong>levitas</strong></span> <span class='ocrx_word' id='word_1_649' title='bbox 3308 2791 3524 2861; x_wconf 86' lang='lat' dir='ltr'><strong>gravius</strong></span> 
     </span>
    </p>
   </div>
   <div class='ocr_carea' id='block_1_84' title="bbox 1935 2869 3529 2943">
    <p class='ocr_par' dir='ltr' id='par_1_84' title="bbox 1935 2869 3529 2943">
     <span class='ocr_line' id='line_1_84' title="bbox 1935 2869 3529 2943; baseline 0.008 -21"><span class='ocrx_word' id='word_1_650' title='bbox 1935 2869 2202 2924; x_wconf 84' lang='lat' dir='ltr'><strong>ruiturum</strong></span> <span class='ocrx_word' id='word_1_651' title='bbox 2241 2871 2404 2926; x_wconf 90' lang='lat' dir='ltr'><strong>levat.</strong></span> <span class='ocrx_word' id='word_1_652' title='bbox 2442 2873 2557 2928; x_wconf 79' lang='lat' dir='ltr'><strong>Vile</strong></span> <span class='ocrx_word' id='word_1_653' title='bbox 2587 2882 2670 2929; x_wconf 89' lang='lat' dir='ltr'><strong>est</strong></span> <span class='ocrx_word' id='word_1_654' title='bbox 2696 2876 3003 2943; x_wconf 88' lang='lat' dir='ltr'><strong>consilium,</strong></span> <span class='ocrx_word' id='word_1_655' title='bbox 3031 2878 3118 2934; x_wconf 82' lang='lat' dir='ltr'><strong>cui</strong></span> <span class='ocrx_word' id='word_1_656' title='bbox 3171 2879 3334 2933; x_wconf 86' lang='lat' dir='ltr'><strong>robor</strong></span> <span class='ocrx_word' id='word_1_657' title='bbox 3371 2879 3529 2934; x_wconf 60' lang='lat' dir='ltr'><strong>forti¢r</strong></span> 
     </span>
    </p>
   </div>
   <div class='ocr_carea' id='block_1_85' title="bbox 1936 2956 3526 3033">
    <p class='ocr_par' dir='ltr' id='par_1_85' title="bbox 1936 2956 3526 3033">
     <span class='ocr_line' id='line_1_85' title="bbox 1936 2956 3526 3033; baseline 0.008 -19"><span class='ocrx_word' id='word_1_658' title='bbox 1936 2959 2135 3016; x_wconf 89' lang='lat' dir='ltr'><strong>tudinis</strong></span> <span class='ocrx_word' id='word_1_659' title='bbox 2159 2962 2327 3025; x_wconf 86' lang='lat' dir='ltr'><strong>deest,</strong></span> <span class='ocrx_word' id='word_1_660' title='bbox 2366 2965 2491 3033; x_wconf 89' lang='lat' dir='ltr'><strong>quia</strong></span> <span class='ocrx_word' id='word_1_661' title='bbox 2524 2967 2666 3033; x_wconf 89' lang='lat' dir='ltr'><strong>quod</strong></span> <span class='ocrx_word' id='word_1_662' title='bbox 2720 2968 3002 3023; x_wconf 89' lang='lat' dir='ltr'><strong>tractando</strong></span> <span class='ocrx_word' id='word_1_663' title='bbox 3058 2969 3282 3032; x_wconf 89' lang='lat' dir='ltr'><strong>invenit,</strong></span> <span class='ocrx_word' id='word_1_664' title='bbox 3329 2956 3526 3026; x_wconf 81' lang='lat' dir='ltr'><strong>carens</strong></span> 
     </span>
    </p>
   </div>
   <div class='ocr_carea' id='block_1_86' title="bbox 1934 3049 3526 3130">
    <p class='ocr_par' dir='ltr' id='par_1_86' title="bbox 1934 3049 3526 3130">
     <span class='ocr_line' id='line_1_86' title="bbox 1934 3049 3526 3130; baseline 0.008 -27"><span class='ocrx_word' id='word_1_665' title='bbox 1934 3049 2161 3115; x_wconf 88' lang='lat' dir='ltr'><strong>viribus,</strong></span> <span class='ocrx_word' id='word_1_666' title='bbox 2191 3066 2363 3122; x_wconf 87' lang='lat' dir='ltr'><strong>usque</strong></span> <span class='ocrx_word' id='word_1_667' title='bbox 2385 3054 2452 3108; x_wconf 89' lang='lat' dir='ltr'><strong>ad</strong></span> <span class='ocrx_word' id='word_1_668' title='bbox 2490 3053 2878 3123; x_wconf 81' lang='lat' dir='ltr'><strong>perfectionem</strong></span> <span class='ocrx_word' id='word_1_669' title='bbox 2902 3055 3082 3127; x_wconf 89' lang='lat' dir='ltr'><strong>operis</strong></span> <span class='ocrx_word' id='word_1_670' title='bbox 3118 3074 3222 3114; x_wconf 90' lang='lat' dir='ltr'><strong>non</strong></span> <span class='ocrx_word' id='word_1_671' title='bbox 3251 3060 3526 3130; x_wconf 86' lang='lat' dir='ltr'><strong>perducit,</strong></span> 
     </span>
    </p>
   </div>
   <div class='ocr_carea' id='block_1_87' title="bbox 1934 3136 3524 3221">
    <p class='ocr_par' dir='ltr' id='par_1_87' title="bbox 1934 3136 3524 3221">
     <span class='ocr_line' id='line_1_87' title="bbox 1934 3136 3524 3221; baseline 0.008 -27"><span class='ocrx_word' id='word_1_672' title='bbox 1934 3147 1989 3195; x_wconf 93' lang='lat' dir='ltr'><strong>et</strong></span> <span class='ocrx_word' id='word_1_673' title='bbox 2009 3140 2165 3196; x_wconf 86' lang='lat' dir='ltr'><strong>valde</strong></span> <span class='ocrx_word' id='word_1_674' title='bbox 2199 3140 2457 3199; x_wconf 83' lang='lat' dir='ltr'><strong>fortitudo</strong></span> <span class='ocrx_word' id='word_1_675' title='bbox 2480 3136 2798 3211; x_wconf 74' lang='lat' dir='ltr'><strong>deStruitur,</strong></span> <span class='ocrx_word' id='word_1_676' title='bbox 2833 3147 2936 3202; x_wconf 89' lang='lat' dir='ltr'><strong>nisi</strong></span> <span class='ocrx_word' id='word_1_677' title='bbox 2980 3163 3079 3219; x_wconf 90' lang='lat' dir='ltr'><strong>per</strong></span> <span class='ocrx_word' id='word_1_678' title='bbox 3106 3152 3395 3221; x_wconf 83' lang='lat' dir='ltr'><strong>consilium</strong></span> <span class='ocrx_word' id='word_1_679' title='bbox 3421 3151 3524 3206; x_wconf 79' lang='lat' dir='ltr'><strong>ful—</strong></span> 
     </span>
    </p>
   </div>
   <div class='ocr_carea' id='block_1_88' title="bbox 1932 3224 3523 3310">
    <p class='ocr_par' dir='ltr' id='par_1_88' title="bbox 1932 3224 3523 3310">
     <span class='ocr_line' id='line_1_88' title="bbox 1932 3224 3523 3310; baseline 0.007 -25"><span class='ocrx_word' id='word_1_680' title='bbox 1932 3230 2125 3295; x_wconf 89' lang='lat' dir='ltr'><strong>ciatur,</strong></span> <span class='ocrx_word' id='word_1_681' title='bbox 2151 3232 2276 3302; x_wconf 91' lang='lat' dir='ltr'><strong>quia</strong></span> <span class='ocrx_word' id='word_1_682' title='bbox 2306 3248 2415 3304; x_wconf 92' lang='lat' dir='ltr'><strong>quo</strong></span> <span class='ocrx_word' id='word_1_683' title='bbox 2455 3224 2576 3305; x_wconf 88' lang='lat' dir='ltr'><strong>plus</strong></span> <span class='ocrx_word' id='word_1_684' title='bbox 2613 3250 2671 3291; x_wconf 90' lang='lat' dir='ltr'><strong>se</strong></span> <span class='ocrx_word' id='word_1_685' title='bbox 2719 3250 2878 3306; x_wconf 89' lang='lat' dir='ltr'><strong>posse</strong></span> <span class='ocrx_word' id='word_1_686' title='bbox 2921 3240 3204 3310; x_wconf 89' lang='lat' dir='ltr'><strong>conspicit,</strong></span> <span class='ocrx_word' id='word_1_687' title='bbox 3250 3257 3317 3296; x_wconf 93' lang='lat' dir='ltr'><strong>eo</strong></span> <span class='ocrx_word' id='word_1_688' title='bbox 3348 3243 3523 3298; x_wconf 84' lang='lat' dir='ltr'><strong>virtus</strong></span> 
     </span>
    </p>
   </div>
   <div class='ocr_carea' id='block_1_89' title="bbox 1932 3321 3518 3401">
    <p class='ocr_par' dir='ltr' id='par_1_89' title="bbox 1932 3321 3518 3401">
     <span class='ocr_line' id='line_1_89' title="bbox 1932 3321 3518 3401; baseline 0.008 -26"><span class='ocrx_word' id='word_1_689' title='bbox 1932 3321 2049 3376; x_wconf 91' lang='lat' dir='ltr'><strong>sine</strong></span> <span class='ocrx_word' id='word_1_690' title='bbox 2090 3323 2314 3379; x_wconf 89' lang='lat' dir='ltr'><strong>rationis</strong></span> <span class='ocrx_word' id='word_1_691' title='bbox 2342 3323 2710 3399; x_wconf 80' lang='lat' dir='ltr'><strong>moderamine</strong></span> <span class='ocrx_word' id='word_1_692' title='bbox 2737 3327 2974 3383; x_wconf 90' lang='lat' dir='ltr'><strong>deterius</strong></span> <span class='ocrx_word' id='word_1_693' title='bbox 3011 3329 3063 3384; x_wconf 90' lang='lat' dir='ltr'><strong>in</strong></span> <span class='ocrx_word' id='word_1_694' title='bbox 3093 3346 3334 3401; x_wconf 69' lang='lat' dir='ltr'><strong>prteceps</strong></span> <span class='ocrx_word' id='word_1_695' title='bbox 3390 3334 3518 3387; x_wconf 92' lang='lat' dir='ltr'><strong>ruit.</strong></span> 
     </span>
    </p>
   </div>
   <div class='ocr_carea' id='block_1_90' title="bbox 1930 3409 3566 3488">
    <p class='ocr_par' dir='ltr' id='par_1_90' title="bbox 1930 3409 3566 3488">
     <span class='ocr_line' id='line_1_90' title="bbox 1930 3409 3566 3488; baseline 0.01 -25"><span class='ocrx_word' id='word_1_696' title='bbox 1930 3409 2084 3464; x_wconf 86' lang='lat' dir='ltr'><strong>Nulla</strong></span> <span class='ocrx_word' id='word_1_697' title='bbox 2111 3419 2194 3467; x_wconf 91' lang='lat' dir='ltr'><strong>est</strong></span> <span class='ocrx_word' id='word_1_698' title='bbox 2241 3413 2486 3479; x_wconf 89' lang='lat' dir='ltr'><strong>scicntia,</strong></span> <span class='ocrx_word' id='word_1_699' title='bbox 2527 3415 2571 3470; x_wconf 91' lang='lat' dir='ltr'><strong>si</strong></span> <span class='ocrx_word' id='word_1_700' title='bbox 2601 3416 2888 3471; x_wconf 89' lang='lat' dir='ltr'><strong>utilitatem</strong></span> <span class='ocrx_word' id='word_1_701' title='bbox 2930 3418 3150 3488; x_wconf 89' lang='lat' dir='ltr'><strong>pietatis</strong></span> <span class='ocrx_word' id='word_1_702' title='bbox 3177 3435 3283 3475; x_wconf 91' lang='lat' dir='ltr'><strong>non</strong></span> <span class='ocrx_word' id='word_1_703' title='bbox 3330 3422 3517 3487; x_wconf 88' lang='lat' dir='ltr'><strong>habet,</strong></span> <span class='ocrx_word' id='word_1_704' title='bbox 3559 3423 3566 3431; x_wconf 89' lang='grc'><strong>’</strong></span> 
     </span>
    </p>
   </div>
   <div class='ocr_carea' id='block_1_91' title="bbox 1931 3500 3517 3579">
    <p class='ocr_par' dir='ltr' id='par_1_91' title="bbox 1931 3500 3517 3579">
     <span class='ocr_line' id='line_1_91' title="bbox 1931 3500 3517 3579; baseline 0.007 -26"><span class='ocrx_word' id='word_1_705' title='bbox 1931 3500 2059 3569; x_wconf 90' lang='lat' dir='ltr'><strong>quia</strong></span> <span class='ocrx_word' id='word_1_706' title='bbox 2089 3500 2214 3555; x_wconf 88' lang='lat' dir='ltr'><strong>dum</strong></span> <span class='ocrx_word' id='word_1_707' title='bbox 2245 3501 2384 3557; x_wconf 89' lang='lat' dir='ltr'><strong>bona</strong></span> <span class='ocrx_word' id='word_1_708' title='bbox 2415 3502 2626 3574; x_wconf 91' lang='lat' dir='ltr'><strong>cognita</strong></span> <span class='ocrx_word' id='word_1_709' title='bbox 2653 3507 2873 3574; x_wconf 77' lang='lat' dir='ltr'><strong>exsequi</strong></span> <span class='ocrx_word' id='word_1_710' title='bbox 2911 3506 3151 3577; x_wconf 87' lang='lat' dir='ltr'><strong>negligit,</strong></span> <span class='ocrx_word' id='word_1_711' title='bbox 3183 3523 3304 3564; x_wconf 89' lang='lat' dir='ltr'><strong>sese</strong></span> <span class='ocrx_word' id='word_1_712' title='bbox 3327 3510 3394 3565; x_wconf 90' lang='lat' dir='ltr'><strong>ad</strong></span> <span class='ocrx_word' id='word_1_713' title='bbox 3431 3510 3517 3579; x_wconf 89' lang='lat' dir='ltr'><strong>ju-</strong></span> 
     </span>
    </p>
   </div>
   <div class='ocr_carea' id='block_1_92' title="bbox 1930 3595 3513 3672">
    <p class='ocr_par' dir='ltr' id='par_1_92' title="bbox 1930 3595 3513 3672">
     <span class='ocr_line' id='line_1_92' title="bbox 1930 3595 3513 3672; baseline 0.005 -23"><span class='ocrx_word' id='word_1_714' title='bbox 1930 3595 2130 3650; x_wconf 90' lang='lat' dir='ltr'><strong>dicium</strong></span> <span class='ocrx_word' id='word_1_715' title='bbox 2159 3596 2362 3651; x_wconf 89' lang='lat' dir='ltr'><strong>arctius</strong></span> <span class='ocrx_word' id='word_1_716' title='bbox 2403 3598 2637 3668; x_wconf 90' lang='lat' dir='ltr'><strong>stringit,</strong></span> <span class='ocrx_word' id='word_1_717' title='bbox 2667 3608 2723 3654; x_wconf 89' lang='lat' dir='ltr'><strong>et</strong></span> <span class='ocrx_word' id='word_1_718' title='bbox 2760 3599 2915 3655; x_wconf 88' lang='lat' dir='ltr'><strong>valde</strong></span> <span class='ocrx_word' id='word_1_719' title='bbox 2942 3598 3147 3656; x_wconf 88' lang='lat' dir='ltr'><strong>inutilis</strong></span> <span class='ocrx_word' id='word_1_720' title='bbox 3166 3595 3250 3656; x_wconf 84' lang='lat' dir='ltr'><strong>est</strong></span> <span class='ocrx_word' id='word_1_721' title='bbox 3296 3602 3470 3672; x_wconf 91' lang='lat' dir='ltr'><strong>pietas</strong></span> <span class='ocrx_word' id='word_1_722' title='bbox 3496 3642 3513 3666; x_wconf 94' lang='lat'><strong>,</strong></span> 
     </span>
    </p>
   </div>
   <div class='ocr_carea' id='block_1_93' title="bbox 1930 3676 3522 3760">
    <p class='ocr_par' dir='ltr' id='par_1_93' title="bbox 1930 3676 3522 3760">
     <span class='ocr_line' id='line_1_93' title="bbox 1930 3676 3522 3760; baseline 0.006 -20"><span class='ocrx_word' id='word_1_723' title='bbox 1930 3686 1974 3740; x_wconf 91' lang='lat' dir='ltr'><strong>si</strong></span> <span class='ocrx_word' id='word_1_724' title='bbox 2006 3676 2232 3741; x_wconf 75' lang='lat' dir='ltr'><strong>scientia</strong></span> <span class='ocrx_word' id='word_1_725' title='bbox 2279 3687 2604 3743; x_wconf 90' lang='lat' dir='ltr'><strong>discretione</strong></span> <span class='ocrx_word' id='word_1_726' title='bbox 2640 3697 2810 3754; x_wconf 90' lang='lat' dir='ltr'><strong>caret,</strong></span> <span class='ocrx_word' id='word_1_727' title='bbox 2863 3690 2989 3760; x_wconf 89' lang='lat' dir='ltr'><strong>quia</strong></span> <span class='ocrx_word' id='word_1_728' title='bbox 3023 3690 3150 3747; x_wconf 89' lang='lat' dir='ltr'><strong>dum</strong></span> <span class='ocrx_word' id='word_1_729' title='bbox 3184 3691 3329 3747; x_wconf 91' lang='lat' dir='ltr'><strong>nulla</strong></span> <span class='ocrx_word' id='word_1_730' title='bbox 3378 3693 3522 3749; x_wconf 87' lang='lat' dir='ltr'><strong>hanc</strong></span> 
     </span>
    </p>
   </div>
   <div class='ocr_carea' id='block_1_94' title="bbox 1930 3770 3516 3855">
    <p class='ocr_par' dir='ltr' id='par_1_94' title="bbox 1930 3770 3516 3855">
     <span class='ocr_line' id='line_1_94' title="bbox 1930 3770 3516 3855; baseline 0.004 -21"><span class='ocrx_word' id='word_1_731' title='bbox 1930 3779 2155 3834; x_wconf 87' lang='lat' dir='ltr'><strong>scientia</strong></span> <span class='ocrx_word' id='word_1_732' title='bbox 2188 3778 2474 3846; x_wconf 89' lang='lat' dir='ltr'><strong>illuminat,</strong></span> <span class='ocrx_word' id='word_1_733' title='bbox 2497 3783 2767 3850; x_wconf 90' lang='lat' dir='ltr'><strong>quomodo</strong></span> <span class='ocrx_word' id='word_1_734' title='bbox 2812 3783 3135 3839; x_wconf 89' lang='lat' dir='ltr'><strong>misereatur</strong></span> <span class='ocrx_word' id='word_1_735' title='bbox 3157 3783 3387 3855; x_wconf 91' lang='lat' dir='ltr'><strong>ignorat.</strong></span> <span class='ocrx_word' id='word_1_736' title='bbox 3423 3770 3516 3840; x_wconf 51' lang='lat' dir='ltr'><strong>Ti?-</strong></span> 
     </span>
    </p>
   </div>
   <div class='ocr_carea' id='block_1_95' title="bbox 1930 3871 3510 3941">
    <p class='ocr_par' dir='ltr' id='par_1_95' title="bbox 1930 3871 3510 3941">
     <span class='ocr_line' id='line_1_95' title="bbox 1930 3871 3510 3941; baseline 0.004 -17"><span class='ocrx_word' id='word_1_737' title='bbox 1930 3885 2047 3924; x_wconf 92' lang='lat' dir='ltr'><strong>mor</strong></span> <span class='ocrx_word' id='word_1_738' title='bbox 2067 3885 2282 3941; x_wconf 90' lang='lat' dir='ltr'><strong>quoque</strong></span> <span class='ocrx_word' id='word_1_739' title='bbox 2313 3871 2445 3941; x_wconf 88' lang='lat' dir='ltr'><strong>ipse,</strong></span> <span class='ocrx_word' id='word_1_740' title='bbox 2492 3871 2596 3926; x_wconf 93' lang='lat' dir='ltr'><strong>nisi</strong></span> <span class='ocrx_word' id='word_1_741' title='bbox 2625 3872 2725 3927; x_wconf 88' lang='lat' dir='ltr'><strong>has</strong></span> <span class='ocrx_word' id='word_1_742' title='bbox 2754 3874 2917 3928; x_wconf 89' lang='lat' dir='ltr'><strong>etiam</strong></span> <span class='ocrx_word' id='word_1_743' title='bbox 2946 3874 3173 3929; x_wconf 90' lang='lat' dir='ltr'><strong>virtutes</strong></span> <span class='ocrx_word' id='word_1_744' title='bbox 3221 3876 3470 3930; x_wconf 88' lang='lat' dir='ltr'><strong>habuerit</strong></span> <span class='ocrx_word' id='word_1_745' title='bbox 3495 3918 3510 3940; x_wconf 93' lang='lat'><strong>,</strong></span> 
     </span>
    </p>
   </div>
   <div class='ocr_carea' id='block_1_96' title="bbox 1930 3959 3507 4035">
    <p class='ocr_par' dir='ltr' id='par_1_96' title="bbox 1930 3959 3507 4035">
     <span class='ocr_line' id='line_1_96' title="bbox 1930 3959 3507 4035; baseline 0.004 -21"><span class='ocrx_word' id='word_1_746' title='bbox 1930 3959 1998 4014; x_wconf 87' lang='lat' dir='ltr'><strong>ad</strong></span> <span class='ocrx_word' id='word_1_747' title='bbox 2023 3960 2226 4015; x_wconf 92' lang='lat' dir='ltr'><strong>nullum</strong></span> <span class='ocrx_word' id='word_1_748' title='bbox 2251 3975 2385 4030; x_wconf 90' lang='lat' dir='ltr'><strong>opus</strong></span> <span class='ocrx_word' id='word_1_749' title='bbox 2433 3960 2621 4031; x_wconf 89' lang='lat' dir='ltr'><strong>procul</strong></span> <span class='ocrx_word' id='word_1_750' title='bbox 2659 3961 2821 4018; x_wconf 89' lang='lat' dir='ltr'><strong>dubio</strong></span> <span class='ocrx_word' id='word_1_751' title='bbox 2867 3965 3021 4020; x_wconf 78' lang='lat' dir='ltr'><strong>bona:</strong></span> <span class='ocrx_word' id='word_1_752' title='bbox 3059 3965 3286 4019; x_wconf 88' lang='lat' dir='ltr'><strong>actionis</strong></span> <span class='ocrx_word' id='word_1_753' title='bbox 3313 3966 3507 4035; x_wconf 88' lang='lat' dir='ltr'><strong>surgit,</strong></span> 
     </span>
    </p>
   </div>
   <div class='ocr_carea' id='block_1_97' title="bbox 1927 4053 3515 4128">
    <p class='ocr_par' dir='ltr' id='par_1_97' title="bbox 1927 4053 3515 4128">
     <span class='ocr_line' id='line_1_97' title="bbox 1927 4053 3515 4128; baseline 0.004 -21"><span class='ocrx_word' id='word_1_754' title='bbox 1927 4053 2053 4123; x_wconf 91' lang='lat' dir='ltr'><strong>quia</strong></span> <span class='ocrx_word' id='word_1_755' title='bbox 2083 4053 2211 4109; x_wconf 92' lang='lat' dir='ltr'><strong>dum</strong></span> <span class='ocrx_word' id='word_1_756' title='bbox 2235 4054 2306 4109; x_wconf 89' lang='lat' dir='ltr'><strong>ad</strong></span> <span class='ocrx_word' id='word_1_757' title='bbox 2336 4062 2530 4110; x_wconf 88' lang='lat' dir='ltr'><strong>cuncta</strong></span> <span class='ocrx_word' id='word_1_758' title='bbox 2577 4055 2832 4125; x_wconf 89' lang='lat' dir='ltr'><strong>trepidat,</strong></span> <span class='ocrx_word' id='word_1_759' title='bbox 2876 4057 2990 4128; x_wconf 87' lang='lat' dir='ltr'><strong>ipsa</strong></span> <span class='ocrx_word' id='word_1_760' title='bbox 3029 4058 3110 4113; x_wconf 87' lang='lat' dir='ltr'><strong>sui</strong></span> <span class='ocrx_word' id='word_1_761' title='bbox 3156 4056 3440 4114; x_wconf 83' lang='lat' dir='ltr'><strong>formidine</strong></span> <span class='ocrx_word' id='word_1_762' title='bbox 3483 4074 3515 4113; x_wconf 87' lang='lat' dir='ltr'><strong>a</strong></span> 
     </span>
    </p>
   </div>
   <div class='ocr_carea' id='block_1_98' title="bbox 1926 4142 3515 4216">
    <p class='ocr_par' dir='ltr' id='par_1_98' title="bbox 1926 4142 3515 4216">
     <span class='ocr_line' id='line_1_98' title="bbox 1926 4142 3515 4216; baseline 0.002 -18"><span class='ocrx_word' id='word_1_763' title='bbox 1926 4142 2083 4198; x_wconf 89' lang='lat' dir='ltr'><strong>bonis</strong></span> <span class='ocrx_word' id='word_1_764' title='bbox 2105 4143 2358 4212; x_wconf 89' lang='lat' dir='ltr'><strong>operibus</strong></span> <span class='ocrx_word' id='word_1_765' title='bbox 2380 4151 2601 4213; x_wconf 87' lang='lat' dir='ltr'><strong>torpens</strong></span> <span class='ocrx_word' id='word_1_766' title='bbox 2619 4151 2795 4200; x_wconf 88' lang='lat' dir='ltr'><strong>vacat.</strong></span> <span class='ocrx_word' id='word_1_767' title='bbox 2840 4144 3193 4216; x_wconf 88' lang='lat' dir='ltr'><strong>Summopere</strong></span> <span class='ocrx_word' id='word_1_768' title='bbox 3220 4147 3399 4216; x_wconf 88' lang='lat' dir='ltr'><strong>itaque</strong></span> <span class='ocrx_word' id='word_1_769' title='bbox 3424 4148 3515 4202; x_wconf 85' lang='lat' dir='ltr'><strong>ob-</strong></span> 
     </span>
    </p>
   </div>
   <div class='ocr_carea' id='block_1_99' title="bbox 1927 4234 3506 4306">
    <p class='ocr_par' dir='ltr' id='par_1_99' title="bbox 1927 4234 3506 4306">
     <span class='ocr_line' id='line_1_99' title="bbox 1927 4234 3506 4306; baseline 0 -16"><span class='ocrx_word' id='word_1_770' title='bbox 1927 4236 2250 4290; x_wconf 89' lang='lat' dir='ltr'><strong>servandum</strong></span> <span class='ocrx_word' id='word_1_771' title='bbox 2300 4243 2404 4299; x_wconf 87' lang='lat' dir='ltr'><strong>est,</strong></span> <span class='ocrx_word' id='word_1_772' title='bbox 2431 4243 2487 4289; x_wconf 90' lang='lat' dir='ltr'><strong>et</strong></span> <span class='ocrx_word' id='word_1_773' title='bbox 2516 4234 2685 4303; x_wconf 86' lang='lat' dir='ltr'><strong>ipsius</strong></span> <span class='ocrx_word' id='word_1_774' title='bbox 2710 4238 2882 4291; x_wconf 87' lang='lat' dir='ltr'><strong>sanct&#39;</strong></span> <span class='ocrx_word' id='word_1_775' title='bbox 2916 4234 3156 4306; x_wconf 89' lang='lat' dir='ltr'><strong>Spiritus</strong></span> <span class='ocrx_word' id='word_1_776' title='bbox 3183 4235 3506 4305; x_wconf 89' lang='lat' dir='ltr'><strong>adjutorium</strong></span> 
     </span>
    </p>
   </div>
   <div class='ocr_carea' id='block_1_100' title="bbox 1928 4323 3509 4395">
    <p class='ocr_par' dir='ltr' id='par_1_100' title="bbox 1928 4323 3509 4395">
     <span class='ocr_line' id='line_1_100' title="bbox 1928 4323 3509 4395; baseline 0 -15"><span class='ocrx_word' id='word_1_777' title='bbox 1928 4323 2343 4395; x_wconf 87' lang='lat' dir='ltr'><strong>implorandum,</strong></span> <span class='ocrx_word' id='word_1_778' title='bbox 2367 4339 2434 4378; x_wconf 93' lang='lat' dir='ltr'><strong>ne</strong></span> <span class='ocrx_word' id='word_1_779' title='bbox 2460 4325 2723 4393; x_wconf 89' lang='lat' dir='ltr'><strong>sapientia</strong></span> <span class='ocrx_word' id='word_1_780' title='bbox 2750 4325 2943 4390; x_wconf 86' lang='lat' dir='ltr'><strong>elevet,</strong></span> <span class='ocrx_word' id='word_1_781' title='bbox 2971 4341 3039 4381; x_wconf 90' lang='lat' dir='ltr'><strong>ne</strong></span> <span class='ocrx_word' id='word_1_782' title='bbox 3064 4324 3365 4382; x_wconf 85' lang='lat' dir='ltr'><strong>intellectus</strong></span> <span class='ocrx_word' id='word_1_783' title='bbox 3381 4325 3509 4380; x_wconf 92' lang='lat' dir='ltr'><strong>dum</strong></span> 
     </span>
    </p>
   </div>
   <div class='ocr_carea' id='block_1_101' title="bbox 1930 4412 3510 4481">
    <p class='ocr_par' dir='ltr' id='par_1_101' title="bbox 1930 4412 3510 4481">
     <span class='ocr_line' id='line_1_101' title="bbox 1930 4412 3510 4481; baseline 0.002 -14"><span class='ocrx_word' id='word_1_784' title='bbox 1930 4412 2198 4469; x_wconf 84' lang='lat' dir='ltr'><strong>subtiliter</strong></span> <span class='ocrx_word' id='word_1_785' title='bbox 2221 4415 2411 4477; x_wconf 85' lang='lat' dir='ltr'><strong>currit,</strong></span> <span class='ocrx_word' id='word_1_786' title='bbox 2435 4414 2670 4479; x_wconf 75' lang='lat' dir='ltr'><strong>aberret,</strong></span> <span class='ocrx_word' id='word_1_787' title='bbox 2696 4431 2765 4471; x_wconf 91' lang='lat' dir='ltr'><strong>ne</strong></span> <span class='ocrx_word' id='word_1_788' title='bbox 2810 4416 3093 4470; x_wconf 90' lang='lat' dir='ltr'><strong>consilium</strong></span> <span class='ocrx_word' id='word_1_789' title='bbox 3129 4417 3255 4481; x_wconf 86' lang='lat' dir='ltr'><strong>dum</strong></span> <span class='ocrx_word' id='word_1_790' title='bbox 3293 4431 3354 4471; x_wconf 89' lang='lat' dir='ltr'><strong>se</strong></span> <span class='ocrx_word' id='word_1_791' title='bbox 3372 4416 3510 4471; x_wconf 82' lang='lat' dir='ltr'><strong>mul-</strong></span> 
     </span>
    </p>
   </div>
   <div class='ocr_carea' id='block_1_102' title="bbox 1935 4504 3511 4577">
    <p class='ocr_par' dir='ltr' id='par_1_102' title="bbox 1935 4504 3511 4577">
     <span class='ocr_line' id='line_1_102' title="bbox 1935 4504 3511 4577; baseline 0 -17"><span class='ocrx_word' id='word_1_792' title='bbox 1935 4506 2161 4577; x_wconf 90' lang='lat' dir='ltr'><strong>tiplicat,</strong></span> <span class='ocrx_word' id='word_1_793' title='bbox 2195 4504 2506 4571; x_wconf 84' lang='lat' dir='ltr'><strong>confundat,</strong></span> <span class='ocrx_word' id='word_1_794' title='bbox 2542 4521 2607 4560; x_wconf 89' lang='lat' dir='ltr'><strong>ne</strong></span> <span class='ocrx_word' id='word_1_795' title='bbox 2666 4505 2921 4561; x_wconf 85' lang='lat' dir='ltr'><strong>fortitudo</strong></span> <span class='ocrx_word' id='word_1_796' title='bbox 2943 4507 3067 4577; x_wconf 85' lang='lat' dir='ltr'><strong>dum</strong></span> <span class='ocrx_word' id='word_1_797' title='bbox 3100 4507 3346 4561; x_wconf 88' lang='lat' dir='ltr'><strong>ﬁduciam</strong></span> <span class='ocrx_word' id='word_1_798' title='bbox 3374 4522 3511 4577; x_wconf 79' lang='lat' dir='ltr'><strong>prm-</strong></span> 
     </span>
    </p>
   </div>
   <div class='ocr_carea' id='block_1_103' title="bbox 1936 4597 3509 4669">
    <p class='ocr_par' dir='ltr' id='par_1_103' title="bbox 1936 4597 3509 4669">
     <span class='ocr_line' id='line_1_103' title="bbox 1936 4597 3509 4669; baseline 0 -18"><span class='ocrx_word' id='word_1_799' title='bbox 1936 4597 2021 4652; x_wconf 88' lang='lat' dir='ltr'><strong>bet</strong></span> <span class='ocrx_word' id='word_1_800' title='bbox 2051 4598 2371 4668; x_wconf 72' lang='lat' dir='ltr'><strong>przecipitet,</strong></span> <span class='ocrx_word' id='word_1_801' title='bbox 2408 4614 2479 4651; x_wconf 89' lang='lat' dir='ltr'><strong>ne</strong></span> <span class='ocrx_word' id='word_1_802' title='bbox 2507 4598 2733 4652; x_wconf 85' lang='lat' dir='ltr'><strong>scientia</strong></span> <span class='ocrx_word' id='word_1_803' title='bbox 2765 4597 2890 4653; x_wconf 91' lang='lat' dir='ltr'><strong>dum</strong></span> <span class='ocrx_word' id='word_1_804' title='bbox 2921 4600 3068 4653; x_wconf 85' lang='lat' dir='ltr'><strong>novit</strong></span> <span class='ocrx_word' id='word_1_805' title='bbox 3098 4606 3152 4653; x_wconf 89' lang='lat' dir='ltr'><strong>et</strong></span> <span class='ocrx_word' id='word_1_806' title='bbox 3187 4614 3290 4653; x_wconf 91' lang='lat' dir='ltr'><strong>non</strong></span> <span class='ocrx_word' id='word_1_807' title='bbox 3317 4599 3509 4669; x_wconf 82' lang='lat' dir='ltr'><strong>diligit,</strong></span> 
     </span>
    </p>
   </div>
   <div class='ocr_carea' id='block_1_104' title="bbox 1936 4682 3512 4757">
    <p class='ocr_par' dir='ltr' id='par_1_104' title="bbox 1936 4682 3512 4757">
     <span class='ocr_line' id='line_1_104' title="bbox 1936 4682 3512 4757; baseline 0.002 -17"><span class='ocrx_word' id='word_1_808' title='bbox 1936 4684 2103 4752; x_wconf 88' lang='lat' dir='ltr'><strong>inllet,</strong></span> <span class='ocrx_word' id='word_1_809' title='bbox 2141 4702 2207 4740; x_wconf 92' lang='lat' dir='ltr'><strong>ne</strong></span> <span class='ocrx_word' id='word_1_810' title='bbox 2234 4687 2408 4757; x_wconf 86' lang='lat' dir='ltr'><strong>pictas</strong></span> <span class='ocrx_word' id='word_1_811' title='bbox 2460 4688 2583 4741; x_wconf 83' lang='lat' dir='ltr'><strong>dum</strong></span> <span class='ocrx_word' id='word_1_812' title='bbox 2610 4704 2667 4743; x_wconf 89' lang='lat' dir='ltr'><strong>se</strong></span> <span class='ocrx_word' id='word_1_813' title='bbox 2693 4695 2843 4743; x_wconf 72' lang='lat' dir='ltr'><strong>extra</strong></span> <span class='ocrx_word' id='word_1_814' title='bbox 2871 4690 3248 4743; x_wconf 84' lang='lat' dir='ltr'><strong>rectitudinem</strong></span> <span class='ocrx_word' id='word_1_815' title='bbox 3290 4682 3512 4743; x_wconf 80' lang='lat' dir='ltr'><strong>inclinat</strong></span> 
     </span>
    </p>
   </div>
   <div class='ocr_carea' id='block_1_105' title="bbox 1935 4764 3512 4855">
    <p class='ocr_par' dir='ltr' id='par_1_105' title="bbox 1935 4764 3512 4855">
     <span class='ocr_line' id='line_1_105' title="bbox 1935 4764 3512 4855; baseline 0.003 -27"><span class='ocrx_word' id='word_1_816' title='bbox 1935 4775 2258 4845; x_wconf 88' lang='lat' dir='ltr'><strong>intorqueat,</strong></span> <span class='ocrx_word' id='word_1_817' title='bbox 2290 4792 2356 4831; x_wconf 89' lang='lat' dir='ltr'><strong>ne</strong></span> <span class='ocrx_word' id='word_1_818' title='bbox 2390 4777 2553 4853; x_wconf 80' lang='lat' dir='ltr'><strong>timor</strong></span> <span class='ocrx_word' id='word_1_819' title='bbox 2576 4776 2702 4830; x_wconf 91' lang='lat' dir='ltr'><strong>dum</strong></span> <span class='ocrx_word' id='word_1_820' title='bbox 2726 4776 2846 4846; x_wconf 91' lang='lat' dir='ltr'><strong>plus</strong></span> <span class='ocrx_word' id='word_1_821' title='bbox 2867 4777 3013 4848; x_wconf 91' lang='lat' dir='ltr'><strong>justo</strong></span> <span class='ocrx_word' id='word_1_822' title='bbox 3042 4764 3293 4855; x_wconf 75' lang='lat' dir='ltr'><strong>trepidat,</strong></span> <span class='ocrx_word' id='word_1_823' title='bbox 3320 4778 3371 4831; x_wconf 92' lang='lat' dir='ltr'><strong>in</strong></span> <span class='ocrx_word' id='word_1_824' title='bbox 3418 4777 3512 4832; x_wconf 89' lang='lat' dir='ltr'><strong>de-</strong></span> 
     </span>
    </p>
   </div>
   <div class='ocr_carea' id='block_1_106' title="bbox 1932 4858 3233 4943">
    <p class='ocr_par' dir='ltr' id='par_1_106' title="bbox 1932 4858 3233 4943">
     <span class='ocr_line' id='line_1_106' title="bbox 1932 4858 3233 4943; baseline 0.002 -24"><span class='ocrx_word' id='word_1_825' title='bbox 1932 4868 2251 4936; x_wconf 85' lang='lat' dir='ltr'><strong>sperationis</strong></span> <span class='ocrx_word' id='word_1_826' title='bbox 2283 4866 2491 4943; x_wconf 87' lang='lat' dir='ltr'><strong>foveam</strong></span> <span class='ocrx_word' id='word_1_827' title='bbox 2521 4878 2745 4939; x_wconf 86' lang='lat' dir='ltr'><strong>mergat.</strong></span> <span class='ocrx_word' id='word_1_828' title='bbox 3207 4858 3233 4943; x_wconf 38' lang='grc' dir='ltr'><em>ί</em></span> 
     </span>
    </p>
   </div>
   <div class='ocr_carea' id='block_1_107' title="bbox 2004 4940 3615 5029">
    <p class='ocr_par' dir='ltr' id='par_1_107' title="bbox 2004 4940 3615 5029">
     <span class='ocr_line' id='line_1_107' title="bbox 2004 4940 3615 5029; baseline 0.002 -19"><span class='ocrx_word' id='word_1_829' title='bbox 2004 4956 2073 5010; x_wconf 86' lang='lat' dir='ltr'><strong>Et</strong></span> <span class='ocrx_word' id='word_1_830' title='bbox 2101 4973 2218 5011; x_wconf 80' lang='lat' dir='ltr'><strong>cum</strong></span> <span class='ocrx_word' id='word_1_831' title='bbox 2262 4940 2589 5029; x_wconf 82' lang='lat' dir='ltr'><strong>imposuisset</strong></span> <span class='ocrx_word' id='word_1_832' title='bbox 2615 4956 2721 5012; x_wconf 80' lang='lat' dir='ltr'><strong>illis</strong></span> <span class='ocrx_word' id='word_1_833' title='bbox 2747 4975 2933 5014; x_wconf 81' lang='lat' dir='ltr'><strong>manus</strong></span> <span class='ocrx_word' id='word_1_834' title='bbox 2980 4940 3211 5024; x_wconf 49' lang='lat' dir='ltr'><strong>Paulus,&quot;</strong></span> <span class='ocrx_word' id='word_1_835' title='bbox 3228 4959 3361 5013; x_wconf 85' lang='lat' dir='ltr'><strong>venit</strong></span> <span class='ocrx_word' id='word_1_836' title='bbox 3382 4958 3507 5029; x_wconf 81' lang='lat' dir='ltr'><strong>Spi-</strong></span> <span class='ocrx_word' id='word_1_837' title='bbox 3607 5020 3615 5028; x_wconf 50' lang='grc'><em>,</em></span> 
     </span>
    </p>
   </div>
   <div class='ocr_carea' id='block_1_108' title="bbox 1931 5036 3513 5121">
    <p class='ocr_par' dir='ltr' id='par_1_108' title="bbox 1931 5036 3513 5121">
     <span class='ocr_line' id='line_1_108' title="bbox 1931 5036 3513 5121; baseline 0 -20"><span class='ocrx_word' id='word_1_838' title='bbox 1931 5048 2062 5102; x_wconf 81' lang='lat' dir='ltr'><strong>ritus</strong></span> <span class='ocrx_word' id='word_1_839' title='bbox 2081 5058 2294 5103; x_wconf 73' lang='lat' dir='ltr'><strong>sanctus</strong></span> <span class='ocrx_word' id='word_1_840' title='bbox 2320 5042 2611 5119; x_wconf 17' lang='lat' dir='ltr'><strong>super‘eos,</strong></span> <span class='ocrx_word' id='word_1_841' title='bbox 2639 5058 2689 5102; x_wconf 87' lang='lat' dir='ltr'><strong>et</strong></span> <span class='ocrx_word' id='word_1_842' title='bbox 2710 5049 3055 5121; x_wconf 80' lang='lat' dir='ltr'><strong>loquebantur</strong></span> <span class='ocrx_word' id='word_1_843' title='bbox 3085 5036 3295 5119; x_wconf 54' lang='lat' dir='ltr'><strong>linguis,</strong></span> <span class='ocrx_word' id='word_1_844' title='bbox 3323 5058 3370 5102; x_wconf 86' lang='lat' dir='ltr'><strong>et</strong></span> <span class='ocrx_word' id='word_1_845' title='bbox 3391 5065 3513 5119; x_wconf 80' lang='lat' dir='ltr'><strong>pro-</strong></span> 
     </span>
    </p>
   </div>
   <div class='ocr_carea' id='block_1_109' title="bbox 1930 5124 3511 5213">
    <p class='ocr_par' dir='ltr' id='par_1_109' title="bbox 1930 5124 3511 5213">
     <span class='ocr_line' id='line_1_109' title="bbox 1930 5124 3511 5213; baseline -0.001 -19"><span class='ocrx_word' id='word_1_846' title='bbox 1930 5140 2228 5213; x_wconf 83' lang='lat' dir='ltr'><strong>phetabant.</strong></span> <span class='ocrx_word' id='word_1_847' title='bbox 2259 5141 2427 5195; x_wconf 83' lang='lat' dir='ltr'><strong>Erant</strong></span> <span class='ocrx_word' id='word_1_848' title='bbox 2447 5126 2624 5195; x_wconf 78' lang='lat' dir='ltr'><strong>omnes</strong></span> <span class='ocrx_word' id='word_1_849' title='bbox 2646 5141 2742 5195; x_wconf 84' lang='lat' dir='ltr'><strong>viri</strong></span> <span class='ocrx_word' id='word_1_850' title='bbox 2776 5140 2884 5210; x_wconf 74' lang='lat' dir='ltr'><strong>fere</strong></span> <span class='ocrx_word' id='word_1_851' title='bbox 2900 5124 3201 5206; x_wconf 50' lang='lat' dir='ltr'><strong>duodecim,</strong></span> <span class='ocrx_word' id='word_1_852' title='bbox 3217 5148 3319 5196; x_wconf 84' lang='lat' dir='ltr'><strong>etc.</strong></span> <span class='ocrx_word' id='word_1_853' title='bbox 3354 5141 3511 5207; x_wconf 72' lang='lat' dir='ltr'><strong>Qum-</strong></span> 
     </span>
    </p>
   </div>
   <div class='ocr_carea' id='block_1_110' title="bbox 1930 5231 3506 5309">
    <p class='ocr_par' dir='ltr' id='par_1_110' title="bbox 1930 5231 3506 5309">
     <span class='ocr_line' id='line_1_110' title="bbox 1930 5231 3506 5309; baseline -0.003 -22"><span class='ocrx_word' id='word_1_854' title='bbox 1930 5232 2037 5287; x_wconf 92' lang='lat' dir='ltr'><strong>stio</strong></span> <span class='ocrx_word' id='word_1_855' title='bbox 2063 5233 2253 5287; x_wconf 86' lang='lat' dir='ltr'><strong>crebra</strong></span> <span class='ocrx_word' id='word_1_856' title='bbox 2276 5232 2608 5309; x_wconf 82' lang='lat' dir='ltr'><strong>ventilatur,</strong></span> <span class='ocrx_word' id='word_1_857' title='bbox 2662 5233 2707 5288; x_wconf 92' lang='lat' dir='ltr'><strong>si</strong></span> <span class='ocrx_word' id='word_1_858' title='bbox 2736 5231 2809 5287; x_wconf 93' lang='lat' dir='ltr'><strong>illi</strong></span> <span class='ocrx_word' id='word_1_859' title='bbox 2861 5233 2952 5301; x_wconf 86' lang='lat' dir='ltr'><strong>qui</strong></span> <span class='ocrx_word' id='word_1_860' title='bbox 3009 5246 3106 5303; x_wconf 87' lang='lat' dir='ltr'><strong>per</strong></span> <span class='ocrx_word' id='word_1_861' title='bbox 3150 5231 3506 5303; x_wconf 87' lang='lat' dir='ltr'><strong>ignorantiam</strong></span> 
     </span>
    </p>
   </div>
   <div class='ocr_carea' id='block_1_111' title="bbox 1886 5319 3503 5395">
    <p class='ocr_par' dir='ltr' id='par_1_111' title="bbox 1886 5319 3503 5395">
     <span class='ocr_line' id='line_1_111' title="bbox 1886 5319 3503 5395; baseline -0.003 -19"><span class='ocrx_word' id='word_1_862' title='bbox 1886 5366 1887 5369; x_wconf 54' lang='grc' dir='ltr'><strong>η</strong></span> <span class='ocrx_word' id='word_1_863' title='bbox 1932 5322 2068 5378; x_wconf 83' lang='lat' dir='ltr'><strong>forte</strong></span> <span class='ocrx_word' id='word_1_864' title='bbox 2095 5338 2201 5378; x_wconf 89' lang='lat' dir='ltr'><strong>non</strong></span> <span class='ocrx_word' id='word_1_865' title='bbox 2248 5322 2639 5392; x_wconf 83' lang='lat' dir='ltr'><strong>baptizati,sed</strong></span> <span class='ocrx_word' id='word_1_866' title='bbox 2670 5330 2850 5378; x_wconf 89' lang='lat' dir='ltr'><strong>tamen</strong></span> <span class='ocrx_word' id='word_1_867' title='bbox 2876 5330 3034 5377; x_wconf 73' lang='lat' dir='ltr'><strong>recta:</strong></span> <span class='ocrx_word' id='word_1_868' title='bbox 3063 5322 3183 5395; x_wconf 84' lang='lat' dir='ltr'><strong>ﬁdei</strong></span> <span class='ocrx_word' id='word_1_869' title='bbox 3236 5319 3503 5388; x_wconf 83' lang='lat' dir='ltr'><strong>aliquibus</strong></span> 
     </span>
    </p>
   </div>
   <div class='ocr_carea' id='block_1_112' title="bbox 1932 5409 3506 5485">
    <p class='ocr_par' dir='ltr' id='par_1_112' title="bbox 1932 5409 3506 5485">
     <span class='ocr_line' id='line_1_112' title="bbox 1932 5409 3506 5485; baseline -0.004 -16"><span class='ocrx_word' id='word_1_870' title='bbox 1932 5414 2188 5484; x_wconf 81' lang='lat' dir='ltr'><strong>baptizati</strong></span> <span class='ocrx_word' id='word_1_871' title='bbox 2229 5424 2376 5479; x_wconf 90' lang='lat' dir='ltr'><strong>sunt,</strong></span> <span class='ocrx_word' id='word_1_872' title='bbox 2407 5414 2602 5469; x_wconf 86' lang='lat' dir='ltr'><strong>iterum</strong></span> <span class='ocrx_word' id='word_1_873' title='bbox 2630 5414 2894 5485; x_wconf 86' lang='lat' dir='ltr'><strong>baptizari</strong></span> <span class='ocrx_word' id='word_1_874' title='bbox 2929 5414 3177 5477; x_wconf 88' lang='lat' dir='ltr'><strong>debeant,</strong></span> <span class='ocrx_word' id='word_1_875' title='bbox 3201 5425 3359 5480; x_wconf 87' lang='lat' dir='ltr'><strong>quam</strong></span> <span class='ocrx_word' id='word_1_876' title='bbox 3403 5409 3506 5462; x_wconf 89' lang='lat' dir='ltr'><strong>hoc</strong></span> 
     </span>
    </p>
   </div>
   <div class='ocr_carea' id='block_1_113' title="bbox 1934 5499 3500 5573">
    <p class='ocr_par' dir='ltr' id='par_1_113' title="bbox 1934 5499 3500 5573">
     <span class='ocr_line' id='line_1_113' title="bbox 1934 5499 3500 5573; baseline -0.008 -15"><span class='ocrx_word' id='word_1_877' title='bbox 1934 5504 2168 5573; x_wconf 90' lang='lat' dir='ltr'><strong>capitulo</strong></span> <span class='ocrx_word' id='word_1_878' title='bbox 2217 5503 2513 5573; x_wconf 78' lang='lat' dir='ltr'><strong>expositam</strong></span> <span class='ocrx_word' id='word_1_879' title='bbox 2564 5518 2719 5567; x_wconf 90' lang='lat' dir='ltr'><strong>reor;</strong></span> <span class='ocrx_word' id='word_1_880' title='bbox 2750 5503 2878 5571; x_wconf 88' lang='lat' dir='ltr'><strong>quid</strong></span> <span class='ocrx_word' id='word_1_881' title='bbox 2904 5502 3046 5556; x_wconf 88' lang='lat' dir='ltr'><strong>enim</strong></span> <span class='ocrx_word' id='word_1_882' title='bbox 3075 5499 3272 5561; x_wconf 71' lang='lat' dir='ltr'><strong>differt,</strong></span> <span class='ocrx_word' id='word_1_883' title='bbox 3318 5502 3500 5547; x_wconf 89' lang='lat' dir='ltr'><strong>utrum</strong></span> 
     </span>
    </p>
   </div>
   <div class='ocr_carea' id='block_1_114' title="bbox 1934 5589 3502 5669">
    <p class='ocr_par' dir='ltr' id='par_1_114' title="bbox 1934 5589 3502 5669">
     <span class='ocr_line' id='line_1_114' title="bbox 1934 5589 3502 5669; baseline -0.01 -12"><span class='ocrx_word' id='word_1_884' title='bbox 1934 5613 2061 5657; x_wconf 87' lang='lat' dir='ltr'><strong>tunc</strong></span> <span class='ocrx_word' id='word_1_885' title='bbox 2086 5609 2211 5655; x_wconf 88' lang='lat' dir='ltr'><strong>ante</strong></span> <span class='ocrx_word' id='word_1_886' title='bbox 2265 5601 2474 5655; x_wconf 89' lang='lat' dir='ltr'><strong>initium</strong></span> <span class='ocrx_word' id='word_1_887' title='bbox 2509 5599 2764 5669; x_wconf 88' lang='lat' dir='ltr'><strong>baptismi</strong></span> <span class='ocrx_word' id='word_1_888' title='bbox 2804 5597 3003 5653; x_wconf 88' lang='lat' dir='ltr'><strong>Christi</strong></span> <span class='ocrx_word' id='word_1_889' title='bbox 3032 5635 3047 5657; x_wconf 90' lang='lat'><strong>,</strong></span> <span class='ocrx_word' id='word_1_890' title='bbox 3096 5607 3164 5647; x_wconf 89' lang='lat' dir='ltr'><strong>an</strong></span> <span class='ocrx_word' id='word_1_891' title='bbox 3200 5603 3341 5644; x_wconf 90' lang='lat' dir='ltr'><strong>nunc</strong></span> <span class='ocrx_word' id='word_1_892' title='bbox 3386 5589 3502 5643; x_wconf 86' lang='lat' dir='ltr'><strong>sine</strong></span> 
     </span>
    </p>
   </div>
   <div class='ocr_carea' id='block_1_115' title="bbox 1934 5681 3503 5762">
    <p class='ocr_par' dir='ltr' id='par_1_115' title="bbox 1934 5681 3503 5762">
     <span class='ocr_line' id='line_1_115' title="bbox 1934 5681 3503 5762; baseline -0.01 -12"><span class='ocrx_word' id='word_1_893' title='bbox 1934 5694 2273 5750; x_wconf 87' lang='lat' dir='ltr'><strong>successione</strong></span> <span class='ocrx_word' id='word_1_894' title='bbox 2299 5692 2538 5762; x_wconf 86' lang='lat' dir='ltr'><strong>ejusdem</strong></span> <span class='ocrx_word' id='word_1_895' title='bbox 2569 5692 2795 5761; x_wconf 80' lang='lat' dir='ltr'><strong>quisque</strong></span> <span class='ocrx_word' id='word_1_896' title='bbox 2839 5688 3154 5757; x_wconf 79' lang='lat' dir='ltr'><strong>haptizetur,</strong></span> <span class='ocrx_word' id='word_1_897' title='bbox 3183 5695 3301 5736; x_wconf 89' lang='lat' dir='ltr'><strong>eum</strong></span> <span class='ocrx_word' id='word_1_898' title='bbox 3338 5681 3503 5737; x_wconf 89' lang='lat' dir='ltr'><strong>etiam</strong></span> 
     </span>
    </p>
   </div>
  </div>
