3954 6200
431 244 537 301 523

1721 220 2073 279 δΜΑῐιᾹΕῡὶ
2114 217 2402 273 ΛΒΒΑΤΙΞ

3591 217 3697 277 δυ

432 358 545 426 ipse
569 353 803 407 Joannes
831 362 924 404 cos
956 361 1093 418 quos
1122 345 1176 398 in
1231 342 1335 398 fide.
1369 351 1423 397 et
1456 342 1507 396 in
1537 341 1752 396 nomine
1804 336 2006 393 Christi
2035 338 2083 395 Λ
2113 337 2238 389 tatis
2263 335 2467 397 oculos,
2504 333 2699 403 quibus
2741 331 3073 388 solummodo
3087 332 3326 404 Spiritus
3367 344 3589 392 sanctus
3613 340 3699 396 vi-

433 445 559 499 licet
578 441 792 497 venturi
821 439 1210 509 baptizaverat,
1243 434 1435 505 iterum
1464 428 1817 501 ba'ptizandos
1850 443 1973 483 esse
1998 458 2012 480 ν

432 532 804 605 praedicaverit
826 531 1050 584 dicens:
1088 527 1202 598 Ego
1256 526 1459 597 baptizo
1488 541 1575 578 vos
1619 541 1778 595 aqua,
1800 521 1889 577 ille
1918 522 2012 577 ba-

430 625 644 695 ptizabit
668 640 754 677 ros
781 622 835 675 in
857 618 1060 689 Spiritu
1087 626 1285 671 sancto.

506 712 700 766 Verum
748 708 951 779 judicia
987 706 1201 761 Domini
1229 706 1453 777 abyssus
1479 703 1666 760 multa.
1704 705 1843 760 Ecce
1887 704 2014 759 Asia

434 817 604 870 nuper
625 798 989 870 apostolorum
1038 810 1137 851 nec
1168 796 1477 850 visitatione
1506 796 1666 867 digna
1696 836 1711 859 ,
1762 810 1907 850 nunc
1959 803 2017 849 et

432 890 723 962 apostolico
772 890 984 944 sacrato
1013 902 1239 941 numero
1261 895 1315 941 et
1339 883 1636 957 prophetali
1664 893 1746 940 est
1792 898 2015 939 munere

432 983 738 1047 sublimata,
760 989 814 1035 et
835 979 1127 1034 notandum
1146 979 1287 1049 quod
1306 978 1541 1048 Spiritus
1553 986 1771 1032 sanctus
1793 974 1946 1032 ethic
1963 976 2015 1030 in

432 1072 713 1127 duodecim
746 1070 1039 1140 discipulos
1059 1079 1113 1124 et
1150 1084 1311 1140 supra
1342 1070 1395 1123 in
1423 1078 1642 1124 centum
1698 1075 1752 1123 et
1780 1068 1969 1139 viginti
1997 1109 2012 1133 ,

430 1163 521 1231 qui
552 1170 634 1215 est
656 1160 1015 1214 duodenarius
1036 1174 1292 1213 numerus
1317 1158 1497 1214 decies
1537 1160 1729 1214 ductus
1751 1160 2015 1213 adventus

434 1252 516 1305 sui
543 1244 701 1320 signa
722 1250 1130 1314 monstraverit,
1166 1249 1294 1304 illud
1346 1249 1398 1302 in
1425 1244 1781 1314 Hierusalem,
1812 1249 1914 1303 hoc
1963 1249 2014 1301 in

433 1343 662 1412 Epheso,
693 1358 812 1411 qure
836 1349 919 1395 est
939 1341 1130 1394 civitas
1152 1339 1466 1394 Graecorum
1491 1379 1506 1402 ,
1549 1342 1711 1394 credo
1739 1348 1798 1393 ut
1835 1348 2017 1393 osten-

432 1432 585 1485 deret
618 1446 697 1495 se,
722 1431 835 1485 sive
860 1432 926 1485 de
957 1428 1155 1483 Iudaeis
1194 1444 1289 1483 seu
1337 1426 1586 1498 gentibus
1618 1429 1802 1483 credat
1861 1428 2014 1498 quis,

432 1536 529 1575 eos
557 1521 943 1581 tantummodo,
977 1519 1067 1589 qui
1108 1518 1303 1573 unitati
1341 1518 1595 1573 Ecclesize
1641 1518 1920 1574 catholica:
1943 1529 2018 1573 at-

433 1627 539 1681 que
571 1611 874 1681 apostolicae
901 1609 1321 1674 communicent,
1352 1608 1592 1679 implere.

786 1711 1122 1751 EV'ANGEHUI
1152 1711 1385 1762 JOANNIS,
1412 1714 1529 1753 CAP.
1563 1714 1671 1752 XIV.

512 1812 529 1843 σ
566 1794 623 1847 Si
649 1792 873 1863 diligitis
919 1808 1023 1855 me,
1071 1793 1322 1847 mandata
1373 1807 1493 1846 mea
1537 1799 1771 1845 servate.
1810 1789 1878 1843 Et
1918 1804 2017 1860 ego

439 1899 457 1930 ι
499 1883 699 1952 rogabo
724 1879 957 1945 Patrem,
990 1890 1045 1936 et
1086 1882 1253 1935 alium
1284 1880 1625 1937 Paracletum
1668 1881 1819 1935 dabit
1844 1881 2015 1945 vobis,

439 1991 456 2019 ε
494 1979 551 2024 ιιι
596 1978 813 2025 maneat
856 1971 1134 2025 vobiscum
1177 1971 1231 2025 in
1261 1980 1541 2035 :etemum,
1586 1971 1834 2041 spiritum
1871 1972 2021 2026 veri~

438 2083 456 2113 ι
495 2063 642 2126 tatis,
674 2077 833 2133 quem
870 2063 1101 2117 mundus
1129 2080 1233 2117 non
1262 2069 1440 2133 potest
1463 2062 1733 2132 accipere,
1762 2062 1889 2132 quia
1912 2078 2019 2117 non

441 2174 460 2205 ι
496 2153 630 2207 vidit
673 2168 828 2217 eum,
866 2166 965 2208 nec
1007 2154 1112 2207 scit
1142 2170 1286 2209 eum.
1323 2152 1432 2209 Vos
1474 2160 1654 2208 autem
1684 2144 2020 2224 cognoscetis

439 2263 456 2294 ι
495 2259 640 2307 eum,
669 2243 795 2312 quia
822 2243 962 2314 apud
991 2259 1089 2298 vos
1115 2243 1372 2305 manebit,
1404 2252 1460 2298 et
1480 2244 1533 2296 in
1560 2243 1717 2297 vobis
1742 2243 1867 2297 erit.
1899 2243 2018 2297 Non

439 2353 456 2384 ι
498 2333 795 2403 relinquam
826 2348 921 2387 vos
963 2334 1253 2403 orphanos,
1303 2333 1517 2388 veniam
1562 2333 1629 2388 ad
1662 2349 1782 2387 vos.
1830 2332 2019 2389 Adhuc

439 2444 457 2473 ι
498 2423 790 2489 modicum,
811 2431 865 2479 et
890 2424 1120 2478 mundus
1142 2423 1254 2494 jam
1281 2439 1490 2477 menon
1511 2422 1676 2477 videt.
1710 2422 1817 2477 Vos
1840 2430 2020 2477 autem

443 2533 459 2564 ι
500 2514 693 2569 videtis
730 2530 837 2579 me,
870 2514 996 2585 quia
1026 2530 1125 2585 ego
1173 2515 1312 2578 vivo,
1349 2524 1401 2569 et
1433 2530 1527 2569 vos
1568 2514 1782 2569 vivezis.
1832 2514 1891 2568 In
1933 2515 2021 2568 illo

440 2623 457 2654 ι
494 2606 582 2661 die
621 2622 714 2661 vos
741 2607 1102 2677 cognoscetis,
1136 2606 1261 2677 quia
1292 2620 1391 2676 ego
1420 2606 1472 2659 in
1499 2604 1656 2659 Patre
1700 2620 1819 2659 meo
1844 2614 1899 2660 et
1924 2621 2020 2660 vos

442 2713 459 2746 ‹
496 2696 547 2749 in
578 2711 679 2759 me,
709 2706 765 2752 et
787 2711 886 2767 ego
917 2697 971 2751 in
999 2696 1168 2751 vobis.
1201 2694 1302 2762 Qui
1342 2695 1503 2749 habet
1530 2694 1784 2750 mandata
1818 2709 1937 2749 mea
1965 2708 2020 2750 et

442 2802 460 2833 ι
497 2780 677 2839 servat
698 2801 783 2849 ea,
816 2785 905 2840 ille
940 2795 1043 2846 est,
1073 2785 1166 2855 qui
1208 2785 1381 2853 diligit
1410 2799 1515 2839 me.
1557 2781 1660 2850 Qui
1688 2768 1869 2839 autem
1896 2785 2016 2840 dili-

439 2894 458 2926 ι
492 2877 568 2947 git
599 2892 703 2941 me,
737 2878 989 2948 diligetur
1017 2894 1046 2931 a
1066 2873 1224 2930 Patre
1253 2891 1391 2930 meo.
1421 2875 1485 2929 Et
1512 2891 1611 2944 ego
1647 2875 1868 2945 diligam
1895 2891 2017 2930 cum

440 2984 458 3014 ι
497 2975 552 3019 et
580 2965 939 3021 manifestabo
959 2966 1006 3020 ei
1034 2981 1120 3019 me
1146 2965 1370 3035 ipsum.)

2120 427 2231 480 deri
2263 434 2463 497 potest,
2483 436 2538 479 et
2568 425 2695 479 sciri
2719 434 2773 479 et
2801 426 3019 480 sciendo
3046 425 3289 497 intelligi.

2200 516 2300 571 Vos
2328 526 2501 569 autem
2529 517 2845 586 cognpscetis
2868 532 3007 580 eum,
3036 518 3162 587 quia
3192 512 3332 587 apud
3358 533 3447 571 vos
3471 520 3703 575 manebit

2119 619 2166 661 et
2193 609 2248 661 in
2269 608 2410 661 vobis
2431 608 2550 662 erit.
2597 607 2713 661 Erit
2752 614 2811 660 ut
2838 619 3053 661 maneat
3091 607 3145 661 in
3187 616 3471 663 aeternum.
3518 608 3703 666 Domi-

2119 717 2247 756 num
2276 708 2510 770 namque
2545 699 2868 755 salvatorem
2893 708 2948 753 et
2972 699 3217 755 infideles
3236 709 3363 756 ante
3391 701 3703 772 passionem

2119 792 2171 845 in
2203 806 2367 845 carne
2388 791 2659 856 viderunt,
2692 792 2786 845 sed
2815 790 2941 860 quia
2954 789 3123 847 Filius
3138 791 3233 846 Dei
3259 802 3421 856 esset,
3450 795 3578 864 quia
3606 794 3708 851 Pa.

2120 882 2353 937 raeletus
2382 897 2413 936 a
2453 881 2683 937 Domino
2723 881 2924 935 missus
2952 881 3008 934 in
3034 881 3315 947 mundum,
3346 897 3455 938 non
3489 885 3594 940 nisi
3636 888 3703 941 ti-

2118 973 2264 1027 deles
2289 971 2431 1027 scire
2454 980 2763 1042 potuerunt.
2808 966 3069 1041 Spiritum
3108 981 3292 1027 autem
3334 985 3580 1030 sanctum
3605 992 3703 1032 ne-

2117 1081 2224 1134 que
2260 1063 2430 1120 oculis
2473 1065 2658 1119 videre
2697 1062 2961 1130 inﬁdeles,
3010 1080 3185 1135 neque
3227 1067 3409 1123 animo
3452 1069 3708 1125 valebant

2118 1168 2467 1227 cognoscere,
2497 1154 2620 1223 quia
2661 1168 2767 1208 non
2797 1154 3018 1210 indutus
3059 1156 3395 1213 humanitate
3422 1158 3706 1231 discipulis

2119 1248 2385 1318 apparuit,
2420 1249 2514 1303 sed
2545 1248 2615 1301 ita
2638 1246 2704 1301 ad
2735 1262 2829 1302 eos
2855 1248 3065 1315 venire,
3107 1249 3181 1304 ita
3211 1249 3351 1321 apud
3389 1266 3486 1307 eos
3512 1252 3708 1308 maluit

2118 1353 2357 1400 manere,
2388 1346 2449 1392 ut
2474 1337 2527 1391 in
2557 1337 2795 1408 ipsorum
2820 1338 3075 1394 cordibus
3102 1341 3465 1411 gratissimam
3490 1344 3593 1397 sibi
3625 1360 3709 1400 se-

2119 1429 2240 1482 dem
2263 1437 2624 1483 consecraret.
2660 1427 2773 1483 Hoc
2792 1439 2876 1484 est
2901 1429 3045 1484 enim
3071 1431 3217 1500 quod
3243 1431 3356 1486 ait:
3398 1430 3499 1487 Vos
3528 1444 3708 1490 autem

2118 1518 2439 1589 cognoscetis
2466 1535 2607 1584 eum,
2635 1520 2760 1589 quia
2804 1519 2947 1590 apud
2979 1536 3066 1574 vos
3116 1521 3370 1587 manebit,
3398 1532 3446 1576 et
3476 1522 3533 1576 in
3559 1524 3709 1589 vobis

2117 1611 2235 1664 erit.
2266 1609 2368 1678 Qui
2395 1615 2577 1663 autem
2621 1608 2964 1665 invisibiliter
2988 1609 3044 1664 in
3089 1611 3191 1665 hac
3216 1611 3322 1664 vita
3362 1620 3546 1668 manet
3580 1629 3710 1669 cum

2047 1711 2094 1770 Β
2120 1698 2329 1761 electis,
2360 1679 2642 1753 visibiliter
2669 1697 2860 1779 utique
2882 1698 2961 1753 eis
2988 1697 3220 1768 gratiam
3240 1711 3351 1753 suae
3380 1700 3712 1772 cognitionis

2117 1793 2356 1847 Biiti'rci.

2194 1881 2317 1935 Non
2350 1879 2638 1953 relinquant
2664 1898 2753 1935 ros
2793 1881 3075 1951 orplmnos,
3127 1881 3327 1935 veniam
3361 1880 3431 1934 ad
3468 1897 3576 1937 vos.
3621 1880 3717 1938 Vi-

2118 1972 2343 2029 debatur
2372 1971 2700 2037 infidelibus,
2730 1971 2856 2042 quia
2884 1972 3123 2026 moriens
3145 1970 3200 2025 in
3227 1983 3405 2035 cruce,
3436 1979 3496 2025 ut
3522 1968 3716 2027 Domi-

2118 2078 2221 2117 nus
2254 2059 2546 2132 discipulos
2593 2061 2920 2131 relinqueret
2964 2061 3255 2130 orphanos,
3302 2060 3396 2114 sed
3438 2074 3547 2115 non
3583 2060 3717 2115 reli-

2118 2153 2235 2224 quit
2281 2153 2576 2222 orphanos,
2632 2152 2828 2223 quibus
2868 2160 2925 2206 et
2960 2151 3188 2222 praebuit
3231 2152 3467 2220 seipsum
3525 2152 3715 2208 vivum

2118 2253 2239 2315 post
2260 2245 2565 2315 passionem
2592 2258 2745 2299 suam
2777 2243 2829 2298 in
2875 2243 3062 2298 multis
3090 2244 3426 2314 argumentis
3465 2257 3566 2314 per
3592 2243 3717 2299 dies

2119 2335 2497 2406 quadraginta,
2522 2341 2579 2388 et
2620 2342 2743 2404 post
2779 2333 2895 2389 dies
2929 2332 3118 2389 decem
3159 2333 3547 2403 assumptionis
3574 2348 3712 2399 sum,

2103 2425 2341 2493 Spiritus
2376 2424 2548 2480 sancti
2582 2424 2685 2478 illis
2713 2426 2779 2480 de
2820 2420 2957 2479 coelo
2996 2423 3294 2479 chrismata
3336 2422 3573 2487 donavit,
3616 2423 3714 2477 ubi

2119 2515 2295 2583 ipsum
2328 2512 2603 2570 Christum
2630 2515 2695 2568 ad
2727 2530 2820 2569 eos
2845 2514 3079 2575 venisse,
3114 2513 3295 2569 nullus
3339 2513 3584 2585 ambigit,
3616 2516 3714 2585 qui

2120 2602 2535 2674 inseparabilem
2574 2611 2775 2659 sancta:
2796 2600 3079 2671 Trinitatis
3119 2611 3368 2658 naturam
3406 2603 3610 2660 virtute
3656 2613 3718 2659 et

2118 2699 2430 2769 operatione
2457 2712 2576 2752 esse
2597 2698 2866 2767 cognovit.

2189 2788 2374 2843 Adhuc
2418 2787 2699 2853 modicum,
2744 2796 2793 2841 et
2833 2786 3059 2841 mundus
3089 2802 3173 2841 me
3206 2787 3326 2856 jam
3352 2801 3457 2840 non
3488 2784 3709 2842 videbit.

2121 2875 2390 2932 Modicum
2430 2884 2547 2932 erat
2574 2891 2746 2946 usque
2790 2875 2854 2930 ad
2900 2883 3111 2945 tempus
3146 2874 3373 2945 expleta:
3413 2874 3710 2946 passionis,

2119 2982 2185 3021 ex
2244 2982 2351 3037 quo
2403 2966 2554 3021 illum
2608 2964 2826 3037 reprobi
2879 2967 3066 3021 videre
3124 2981 3232 3021 non
3271 2965 3553 3031 valebant;
3606 2965 3713 3022 soli

505 3053 564 3109 Si
609 3054 826 3125 diligitis
857 3073 958 3121 me,
1001 3054 1250 3108 mandata
1298 3071 1412 3107 mea
1458 3065 1676 3108 servate.
1723 3054 1863 3123 Quid
1909 3064 2013 3121 est,
2045 3046 2088 3108 C
2119 3056 2321 3111 etenim
2344 3053 2493 3123 justi,
2533 3055 2631 3125 qui
2668 3063 2845 3111 morte
2892 3055 3034 3110 illius
3058 3063 3214 3110 erant
3250 3055 3717 3132 contristati,gau-

434 3147 577 3215 quod
603 3147 752 3211 dicit,
800 3146 941 3216 quod
988 3145 1335 3217 diligentibus
1370 3145 1539 3198 Deum
1584 3152 1638 3198 et
1678 3145 2018 3201 servantibus

436 3238 683 3291 mandata
711 3236 1093 3308 ejus,Spiritus
1119 3236 1421 3306 paracletus
1451 3236 1692 3301 daretur,
1716 3236 1843 3291 dum
1876 3237 2017 3292 Deus

437 3326 604 3397 diligi,
637 3331 691 3379 et
722 3331 970 3379 mandata
993 3323 1109 3394 ejus
1138 3325 1338 3379 servari
1378 3339 1485 3377 non
1514 3334 1761 3394 possunt,
1792 3326 1893 3380 nisi
1920 3342 2019 3396 per

425 3415 686 3486 Spiritum
726 3416 1014 3470 sanctum?
1048 3413 1177 3484 quid
1215 3413 1490 3477 estaliud,
1533 3414 1657 3479 nisi,
1703 3422 1761 3469 ut
1801 3415 1891 3484 qui
1922 3430 2019 3484 per

424 3508 682 3578 Spiritum
724 3516 967 3562 sanctum
1007 3504 1181 3577 diligit
1212 3505 1397 3567 Deum,
1443 3514 1685 3560 meretur
1724 3505 2014 3577 diligendo,

440 3606 500 3650 ut
534 3597 651 3668 plus
679 3598 890 3658 habeat,
922 3604 977 3651 et
1013 3596 1131 3666 plus
1150 3594 1417 3661 habendo,
1453 3596 1573 3666 plus
1600 3596 1828 3668 diligat?
1853 3596 2017 3651 Para-

437 3690 609 3744 cletous
647 3688 952 3744 consolator
987 3689 1392 3756 interpretatur,
1438 3695 1493 3741 et
1530 3688 1753 3757 spiritus
1797 3700 2017 3743 sanctus

438 3788 583 3835 recte
617 3780 927 3833 Paracletus
970 3787 1214 3843 vocatur,
1270 3778 1395 3847 quia
1443 3781 1604 3834 corda
1651 3779 1908 3845 fidelium,
1948 3796 2016 3835 ne

439 3874 579 3928 inter
618 3872 774 3941 hujus
813 3873 991 3927 Sil‘CllIi
1028 3872 1252 3927 adversa
1298 3871 1573 3936 deticiaut,
1622 3871 1856 3927 ctelcstis
1893 3873 2016 3927 vita:

439 3966 717 4021 desideriis
741 3965 1005 4029 sublevat,
1037 3979 1101 4019 ac
1124 3963 1318 4019 reiicit.

510 4056 576 4110 Et
605 4074 696 4127 ego
723 4056 912 4128 rogabo
954 4054 1186 4121 Putrem,
1230 4065 1280 4109 et
1316 4054 1478 4109 alium
1508 4052 1845 4109 Paracletum
1872 4056 2015 4111 dabit

437 4153 594 4205 vobis.
622 4150 919 4205 Ostendens
944 4148 1180 4219 seipsum
1200 4163 1321 4204 esse
1346 4147 1704 4203 Paraclctum.
1734 4147 2017 4203 liabebant

436 4254 613 4299 autem
658 4253 710 4298 et
753 4244 899 4314 prius
939 4242 1298 4310 Paraeletum,
1344 4243 1517 4312 ipsum
1548 4241 1797 4299 videlicet
1834 4243 2015 4298 Domi-

438 4351 563 4388 num
608 4350 787 4389 secum
833 4336 887 4388 in
935 4349 1097 4389 carne
1139 4344 1581 4393 commorantem,
1613 4350 1736 4389 cum
1764 4345 1820 4389 et
1847 4335 2011 4389 mira-

2119 3144 2266 3199 dium
2295 3146 2709 3201 resurrectionis
2733 3144 2849 3213 ejus
2875 3146 3059 3201 videre
3086 3154 3420 3201 meruerunt.

2200 3235 2302 3291 Vos
2326 3248 2500 3291 autem
2524 3238 2710 3292 videtis
2739 3255 2838 3303 me,
2869 3241 2993 3310 quia
3020 3256 3112 3309 ego
3138 3240 3271 3305 vivo,
3299 3247 3349 3293 et
3377 3255 3465 3294 vos
3504 3239 3709 3294 vinetis.

2119 3329 2259 3397 Quid
2287 3337 2392 3395 est,
2414 3331 2541 3399 quia
2562 3346 2661 3401 ego
2691 3331 2836 3396 vivo,
2862 3340 2915 3385 et
2936 3346 3033 3386 vos
3060 3331 3295 3387 vivetis?
3324 3330 3434 3387 Cur
3459 3332 3527 3387 de
3555 3346 3710 3402 pra:-

2119 3420 2257 3475 scnti
2287 3436 2345 3475 se
2387 3421 2524 3474 dixit
2565 3422 2767 3486 vivere,
2800 3421 2919 3475 illos
2946 3430 3123 3475 autem
3167 3422 3233 3476 de
3260 3419 3440 3476 futuro
3479 3436 3601 3476 esse
3628 3422 3716 3476 vi-

2119 3521 2324 3576 cturos,
2352 3511 2456 3566 nisi
2481 3512 2650 3566 vitam
2684 3513 2847 3565 etiam
2887 3512 3069 3566 carnis
3116 3511 3302 3581 utique
3346 3510 3711 3582 resurgentis.

2118 3602 2294 3672 qualis
2326 3598 2383 3657 in~
2428 3602 2542 3671 ipso
2587 3603 2944 3672 praecedebat,
2974 3610 3029 3657 et
3068 3602 3173 3657 illis
3208 3611 3292 3657 cst
3323 3602 3594 3672 pollicitus
3623 3618 3714 3659 se-

2118 3704 2383 3759 cuturam,
2413 3702 2467 3748 et
2502 3693 2626 3763 quia
2670 3693 2839 3763 ipsius
2863 3708 2987 3748 mox
3018 3691 3194 3747 futura
3241 3690 3419 3747 fuerat
3461 3707 3711 3749 resume.

2119 3785 2246 3850 ctio,
2275 3785 2557 3856 praesentis
2583 3786 2763 3855 posuit
2791 3784 3049 3853 temporis
3088 3784 3332 3849 verbum,
3373 3792 3597 3855 propter
3628 3787 3708 3842 si-

2118 3874 2474 3942 gniﬁcandam
2545 3874 2909 3940 celeritatem;
2946 3873 3160 3929 illorum
3203 3882 3407 3940 autem,
3445 3875 3709 3945 quoniam

2120 3964 2171 4016 in
2198 3964 2380 4018 saaculi
2406 3963 2654 4017 diﬂ‘ertur
2680 3964 2862 4028 tinem,
2886 3980 2990 4019 non
3017 3965 3110 4029 ait,
3132 3965 3335 4030 vivitis,
3376 3966 3472 4020 sed
3502 3967 3703 4020 vinetis.

2119 4055 2261 4111 Duas
2303 4071 2432 4127 ergo
2468 4058 2893 4112 resurrectiones
2938 4072 3091 4112 suam
3140 4058 3349 4114 scilicet
3385 4073 3511 4113 tuo:
3560 4056 3708 4113 tutu.

2116 4164 2254 4212 ram,
2293 4158 2347 4203 et
2389 4158 2628 4203 nostram
2674 4148 2728 4202 in
2766 4148 2948 4203 szeculi
2987 4147 3092 4203 fine
3136 4158 3446 4205 secuturam
3488 4150 3708 4206 duobus

2117 4242 2297 4297 verbis
2332 4242 2614 4312 przesentis
2652 4242 2910 4311 temporis
2954 4249 3009 4297 ct
3050 4240 3219 4297 futuri
3257 4241 3533 4314 eleganter
3570 4241 3706 4297 bre-

2117 4337 2359 4406 viterque
2386 4335 2654 4405 promisit.

435 4425 678 4479 culorum
706 4424 984 4479 dulcedine
1025 4431 1081 4477 et
1114 4439 1213 4494 ope
1238 4421 1661 4494 prmdicationis,
1694 4438 1760 4477 ne
1790 4432 2011 4493 propter
2034 4396 2087 4456 D
2182 4433 2252 4487 1η
2278 4433 2368 4487 illo
2397 4432 2483 4487 die
2512 4449 2596 4486 vos
2625 4434 2964 4502 cognoscetis,
2994 4434 3119 4503 quia
3143 4449 3237 4503 ego
3265 4432 3323 4487 in
3357 4428 3521 4487 Patre
3558 4449 3699 4499 meo,

438 4514 726 4569 infidelium
753 4514 1184 4584 persecutionem
1226 4512 1583 4567 scandalizari
1610 4513 1840 4582 possint,
1872 4514 2010 4585 erigi

434 4614 491 4660 et
514 4603 808 4659 coniortari
834 4603 1077 4659 solebant
1104 4622 1115 4657 :
1156 4603 1369 4673 Rogabo
1393 4603 1547 4667 dixit,
1575 4612 1797 4673 propter
1822 4604 2010 4660 huma-

436 4694 677 4754 nitatem,
713 4694 802 4764 qui
832 4693 923 4748 dat
949 4707 1072 4747 cum
1087 4686 1247 4746 Patre
1274 4706 1371 4761 per
1397 4691 1757 4748 divinitatem.

509 4784 573 4838 Ut
614 4795 818 4840 maneat
838 4785 1093 4840 vobiscum
1118 4784 1173 4836 in
1193 4792 1464 4837 wternum.
1495 4782 1552 4837 In
1571 4794 1835 4840 aeternum
1858 4803 2007 4842 nam-

434 4890 539 4946 que
567 4884 747 4929 manet
775 4891 895 4930 cum
937 4873 1158 4939 sanctis,
1189 4887 1326 4942 quos
1365 4881 1419 4928 et
1444 4873 1497 4927 in
1527 4873 1632 4929 hac
1656 4875 1764 4930 vita
1794 4891 2008 4948 semper

435 4966 773 5022 invisibiliter
799 4966 942 5023 intus
972 4966 1224 5031 illustrat,
1263 4971 1318 5019 et
1351 4964 1403 5018 in
1443 4964 1623 5020 futuro
1651 4967 1719 5021 ad
1758 4978 2002 5024 contem-

435 5059 687 5129 plandum
735 5066 991 5128 perpetuo
1043 5057 1278 5128 speciem
1332 5072 1445 5112 sua:
1493 5058 1790 5128 majestatis
1836 5060 2007 5117 intro~

432 5148 600 5203 ducit.

505 5241 760 5312 Spiritum
799 5243 1050 5307 ueritatis,
1098 5256 1249 5312 quem
1290 5240 1375 5294 hic
1420 5241 1646 5296 mundus
1690 5258 1793 5297 non
1838 5255 2003 5315 potest

433 5333 686 5401 accipere,
714 5330 834 5402 quia
864 5349 963 5386 non
1003 5322 1126 5386 vidit
1168 5347 1307 5395 eum,
1339 5348 1429 5385 nec
1454 5332 1549 5385 scit
1578 5349 1715 5386 eum.
1750 5332 2005 5391 Mundtnn

431 5432 609 5477 autem
637 5421 863 5491 appellat
910 5422 1154 5477 homines
1194 5420 1374 5474 tlillllzii
1419 5420 1575 5490 hujus
1617 5424 1788 5480 amori
1828 5427 1999 5481 datos.

435 5512 659 5586 Mundus
686 5528 815 5584 ergo
833 5528 953 5568 eum
978 5513 1222 5582 accipere
1248 5526 1353 5565 non
1393 5522 1587 5582 potest,
1619 5515 1671 5571 id
1710 5525 1816 5582 est,
1847 5534 2003 5572 mun-

436 5601 601 5658 diales
631 5604 890 5670 homines,
921 5604 1044 5674 quia
1089 5617 1194 5657 non
1243 5601 1439 5657 habent
1483 5607 1776 5662 invisibiles
1822 5609 2002 5663 chari-

2110 4532 2160 4577 et
2189 4539 2276 4577 vos
2310 4524 2364 4577 in
2395 4539 2495 4582 me,
2529 4530 2633 4575 etc.
2680 4521 2735 4575 in
2763 4537 2869 4591 quo
2895 4522 3000 4588 die,
3033 4522 3137 4578 nisi
3166 4523 3232 4578 de
3258 4538 3367 4593 quo
3392 4523 3486 4588 ait,
3524 4533 3572 4577 et
3609 4541 3698 4580 vos

2110 4613 2336 4667 vivatis?
2388 4610 2663 4666 Noverunt
2691 4611 2943 4681 apostoli,
2991 4619 3119 4667 tunc
3154 4626 3279 4667 esse
3321 4611 3596 4667 Christum
3641 4614 3698 4668 in

2098 4701 2263 4757 Patre
2302 4716 2401 4772 per
2447 4701 2710 4756 unitatem
2737 4701 3024 4756 individuze
3065 4702 3399 4769 divinitatis;
3429 4713 3700 4758 noverant

2107 4805 2166 4845 se
2187 4806 2309 4846 esse
2336 4792 2390 4846 in
2420 4790 2655 4857 Christo,
2694 4807 2793 4862 per
2818 4793 3215 4863 susceptionem
3253 4791 3376 4849 fidei
3412 4802 3467 4850 et
3504 4809 3696 4850 sacra-

2109 4891 2412 4938 mentorum
2441 4883 2579 4953 ejus.
2619 4882 3176 4941 Noverantveraciter
3195 4885 3397 4951 vivere,
3424 4894 3696 4943 tuncesse

2110 4969 2385 5026 Christum
2417 4972 2469 5025 in
2485 4966 2665 5035 Patre,
2694 4982 2750 5028 et
2788 4974 2841 5028 in
2871 4988 2929 5029 se
2952 4988 3073 5029 esse
3101 4972 3397 5040 Christum,
3437 4988 3537 5046 per
3557 4977 3694 5032 dile-
3762 5020 3774 5029 .

2107 5063 2341 5121 ctionem
2388 5072 2445 5119 et
2487 5064 2889 5120 observantiam
2923 5064 3300 5123 mandatorum
3347 5066 3482 5136 ejus.
3530 5067 3694 5125 Novit

2109 5162 2165 5209 et
2213 5154 2316 5208 hoc
2364 5162 2549 5209 sancta
2602 5154 2695 5209 Dei
2741 5154 3002 5224 Ecclesia,
3055 5157 3151 5215 sed
3198 5157 3355 5229 longe
3398 5159 3591 5216 melius
3634 5174 3694 5218 et

2107 5246 2317 5315 plenius
2356 5247 2411 5301 in
2439 5246 2527 5301 illa
2568 5248 2677 5317 die,
2708 5249 2777 5302 de
2809 5262 2917 5318 qua
2960 5250 3127 5317 dixit,
3170 5261 3219 5307 et
3250 5269 3336 5307 vos
3378 5255 3552 5311 eiectis
3575 5294 3593 5320 ,
3630 5256 3686 5311 in

2106 5353 2210 5407 qua
2244 5338 2512 5393 veraciter
2535 5338 2716 5395 vivere
2741 5338 3028 5410 incipiunt,
3054 5341 3160 5397 hoc
3188 5349 3290 5409 est,
3317 5343 3371 5397 in
3395 5345 3482 5399 die
3511 5359 3687 5399 resur-

2107 5429 2380 5493 rectionis,
2408 5426 2622 5499 quando
2664 5443 2731 5485 eo
2766 5428 3058 5500 perfectius
3083 5439 3277 5488 cuncta
3305 5448 3426 5503 quae
3464 5435 3682 5491 scienda

2102 5535 2228 5579 sunt
2255 5526 2453 5588 sciunt,
2473 5540 2582 5595 quo
2608 5525 2783 5595 ipsum
2809 5525 3050 5583 scientia:
3084 5524 3287 5583 fontem
3314 5530 3545 5586 vicinius
3564 5531 3685 5587 sine

2104 5615 2208 5667 line
2252 5613 2607 5686 eonSpiciunt.
2665 5613 2735 5700 iit
2771 5615 3021 5671 omnibus
3064 5615 3225 5687 huius
3264 5619 3679 5690 promissionem
