3954 6200
283 291 391 347 323

1104 246 1621 345 C01.LECTIONES
1655 292 1720 345 lN
1763 291 2143 351 EPISTCLAS
2186 284 2272 352 ΕΤ
2314 298 2727 357 EVANCELIA.

3443 312 3548 368 326

279 402 627 462 beatitudinis
653 401 1015 471 promitteret,
1064 417 1169 456 non
1212 403 1546 457 solummodo
1585 406 1859 472 apostolis,
1894 412 1939 468 Α
1968 407 2282 479 Quicunque
2303 411 2446 466 enim
2464 414 2666 484 Spiritu
2696 425 2885 472 sancto
2916 419 3197 490 adimpleri
3219 424 3547 483 desiderant.

278 513 400 551 mox
425 493 709 562 subiunxit
742 512 754 545 :

350 585 455 650 Qui
476 585 630 639 habet
657 583 912 637 mandata
941 600 1076 647 mea,
1100 593 1148 636 et
1192 595 1363 638 servat
1388 601 1473 649 ea,
1515 584 1604 639 ille
1640 595 1737 650 est,
1777 588 1867 656 qui

274 678 445 750 diligit
491 694 594 733 me.
643 676 748 743 Qui
796 685 971 730 autem
1020 676 1190 747 diligit
1238 692 1338 739 me,
1382 676 1672 748 diligitura
1706 676 1868 733 Patre

276 791 410 837 meo,
446 782 495 825 et
519 788 612 843 ego
640 769 858 841 diligam
885 786 1022 834 eum,
1070 780 1119 823 et
1144 769 1489 839 manifestabo
1516 771 1565 825 ei
1589 771 1862 842 meipsum.

278 862 376 918 Ubi
404 862 555 917 omni
604 861 905 916 intentione
931 861 1380 915 considerandum
1410 868 1514 925 est,
1542 862 1669 931 quia
1709 861 1865 917 Chri—

274 965 415 1015 stum
441 970 573 1009 vere
598 953 824 1024 diligere
852 960 958 1017 est,
991 966 1096 1006 non
1121 952 1295 1006 solum
1324 952 1494 1021 ipsam
1522 952 1864 1008 dilectionem

274 1031 430 1102 labiis
457 1047 711 1117 ambigue
760 1046 1030 1111 conllteri,
1077 1047 1171 1101 sed
1202 1047 1453 1101 mandata
1493 1046 1717 1112 Christi,
1743 1064 1864 1117 quze

272 1138 532 1192 discendo
552 1139 835 1202 habemus,
864 1138 1136 1207 operando
1162 1151 1399 1191 scrvare.
1443 1136 1547 1203 Qui
1571 1138 1744 1201 habet,
1778 1139 1862 1192 in-

274 1230 409 1298 quit,
450 1230 706 1283 mandata
735 1245 850 1282 mea
886 1238 934 1282 et
978 1239 1147 1283 servat
1179 1246 1260 1295 ea,
1308 1229 1397 1283 ille
1438 1239 1533 1293 est,
1562 1230 1654 1299 qui
1692 1229 1865 1299 diligi!

271 1341 368 1377 me.
408 1324 513 1391 Qui
562 1323 727 1378 habet
760 1323 813 1377 in
864 1324 1150 1387 memoria,
1196 1331 1249 1377 et
1295 1333 1477 1377 servat
1506 1324 1558 1377 in
1586 1323 1738 1387 vita;
1770 1324 1860 1392 qui

273 1416 433 1470 habet
467 1416 520 1468 in
549 1414 913 1478 sermonibus,
942 1423 999 1467 ct
1034 1422 1215 1468 servat
1255 1414 1309 1468 in
1343 1414 1621 1478 moribus;
1649 1415 1739 1483 qui
1770 1416 1862 1467 ha-

270 1511 357 1563 bet
390 1510 682 1572 audiendo,
716 1518 770 1562 ct
814 1517 995 1563 servat
1042 1506 1308 1573 faciendo,
1350 1516 1443 1562 aut
1477 1507 1567 1577 qui
1597 1508 1757 1562 habet
1782 1505 1861 1560 la-

269 1599 493 1665 cicndo,‘
517 1613 571 1655 ct
612 1610 794 1655 servat
831 1600 1245 1670 perseverando,
1279 1599 1393 1669 ipse
1418 1606 1520 1661 est,
1546 1599 1741 1671 inquit,
1766 1600 1859 1669 qui

267 1692 441 1761 diligit
471 1708 579 1744 me.
613 1690 937 1755 Notandum,
968 1691 1092 1760 quia
1123 1705 1245 1743 cum
1278 1689 1558 1759 prtesentis
1599 1689 1855 1758 temporis

1969 501 2149 556 carnis
2168 503 2495 559 domicilium
2519 522 2738 562 necesse
2761 516 2844 563 est
2886 512 3083 581 mentis
3105 516 3555 585 contemplatione

1970 594 2369 648 transcendant.
2414 594 2567 651 Sicut
2610 609 2789 653 autem
2814 602 3168 674 quadraginta
3192 605 3329 671 dies,
3354 609 3551 677 quibus

1968 682 2227 739 Dominus
2249 694 2374 754 post
2398 691 2850 745 resurrectionem
2878 707 3002 747 cum
3029 694 3305 766 discipulis
3325 713 3553 753 conver-

1966 784 2117 829 satus
2164 783 2267 840 est,
2313 792 2434 832 cum
2477 791 2791 850 resurgentc
2831 783 3047 840 Christo
3095 789 3549 859 peregrinationis

1966 864 2127 934 hujus
2154 868 2440 939 designant
2460 871 2775 940 Ecclesiam,
2806 876 2878 930 ita
2905 877 3019 933 dies
3047 880 3547 953 quinquagesimus,

1965 956 2322 1024 quoSpiritns
2351 967 2571 1015 sanctus
2616 963 2901 1033 accipitur,
2943 967 3331 1043 perfectionem
3374 970 3549 1027 beata:

1965 1044 2185 1113 quietis,
2218 1062 2323 1116 qua
2355 1047 2509 1103 labor
2553 1050 2809 1109 Ecclesia:
2852 1057 3164 1127 temporalis
3202 1060 3425 1115 denario
3465 1076 3551 1116 re-

1915 1197 1925 1215 .
1964 1136 2337 1191 munerabitur
2363 1146 2586 1206 aeterno,
2634 1152 2993 1212 congruenter
3024 1149 3297 1217 exprimit.
3334 1148 3466 1203 Nam
3497 1161 3553 1206 ct

1963 1225 2077 1293 ipse
2118 1242 2375 1283 numerus
2423 1233 2902 1305 quadragenarius,
2951 1240 3244 1309 mqualibus
3289 1243 3401 1297 suis
3434 1259 3553 1312 par-

1965 1315 2108 1370 tibus
2136 1327 2499 1387 computatus,
2530 1323 2677 1377 addit
2704 1326 2933 1395 amplius
2958 1327 3133 1397 ipsum
3157 1332 3462 1397 denarium,
3494 1342 3551 1388 et

1962 1403 2092 1459 facit
2139 1408 2547 1479 quinquaginta.
2605 1413 3030 1485 Quadragcnarii
3083 1419 3281 1489 quippe
3334 1413 3548 1477 numeri

1960 1494 2243 1550 dimidium
2299 1510 2383 1553 cst
2429 1502 2640 1571 viginti,
2671 1514 2865 1573 quarta
2916 1522 3044 1576 pars
3093 1509 3299 1575 decem,
3357 1514 3544 1581 quinta

1959 1594 2104 1652 octo,
2156 1597 2344 1643 octava
2398 1592 2655 1661 quinque,
2712 1595 2920 1650 decima
2984 1607 3236 1667 quatuor,
3287 1602 3545 1659 vicesima

1958 1678 2084 1736 duo.
2108 1680 2575 1751 quadragesimum
2602 1700 2786 1739 unum.
2814 1687 3014 1755 Viginti
3036 1698 3238 1755 autem,
3261 1700 3317 1745 et
3338 1693 3547 1758 decem,

268 1781 432 1835 verbo
462 1781 687 1845 diceret,
709 1782 798 1850 qui
818 1791 991 1833 autem
1014 1779 1183 1850 diligit
1207 1796 1307 1844 mc,
1337 1779 1535 1849 adjecit
1556 1779 1620 1835 de
1649 1780 1849 1845 futuro,

1956 1775 2010 1820 et
2057 1777 2180 1822 octo
2209 1777 2263 1821 ct
2309 1771 2562 1840 quinque,
2611 1782 2664 1826 et
2713 1784 2948 1843 quatuor
2992 1788 3047 1832 et
3093 1780 3219 1845 duo,
3267 1790 3322 1835 et
3353 1798 3542 1844 unum,

266 1869 521 1939 diligetur
553 1886 585 1921 a
612 1866 771 1922 Patre
809 1885 943 1934 meo,
972 1878 1019 1922 et
1055 1886 1149 1939 ego
1171 1869 1387 1940 diligam
1414 1887 1552 1935 cum,
1604 1880 1653 1924 et
1682 1873 1855 1925 mani-

265 1960 466 2029 {estabo
498 1961 545 2013 ei
600 1961 874 2029 meipsum.
920 1961 1104 2029 Diligit
1148 1978 1376 2032 namque
1418 1964 1579 2017 etiam
1608 1980 1750 2021 nunc
1774 1966 1854 2019 di-

267 2050 501 2105 lectores
529 2065 657 2105 suos
686 2067 807 2105 cum
835 2048 995 2106 Patre
1020 2049 1205 2116 Filius,
1255 2055 1348 2109 sed
1398 2070 1539 2111 nunc
1577 2056 1748 2128 diligit
1786 2058 1853 2111 ad

266 2142 388 2205 hoc,
438 2151 499 2195 ut
546 2151 692 2197 recte
737 2144 919 2197 vivant
951 2158 1018 2197 ex
1058 2143 1182 2210 ﬁde,
1230 2161 1350 2215 qua:
1380 2163 1477 2217 per
1513 2148 1851 2204 dilectionem

264 2244 542 2303 operatur.
573 2234 724 2311 Tunc
744 2235 811 2289 ad
832 2235 933 2290 hoc
956 2236 1162 2307 diliget,
1185 2247 1244 2291 ut
1264 2240 1580 2308 perveniant
1605 2242 1671 2296 ad
1689 2242 1854 2297 visin-

266 2342 387 2379 nem
417 2327 685 2389 veritatis,
714 2342 877 2397 quam
905 2344 1001 2398 per
1025 2324 1573 2401 lidcmgustaverant.
1606 2334 1722 2390 Non
1754 2351 1849 2390 au—

266 2423 371 2467 tem
419 2414 621 2469 frustra
663 2417 887 2482 addidit,
952 2426 1009 2472 et
1051 2420 1406 2477 manifestabo
1469 2424 1518 2477 ci
1563 2425 1847 2495 meipsum.

265 2502 333 2557 Se
372 2518 505 2557 vero
550 2506 844 2561 secundum
872 2506 1259 2563 humanitatem
1309 2511 1520 2567 cunctis
1551 2512 1605 2565 in
1643 2512 1851 2582 judicio

266 2593 657 2661 manilestabit,
708 2595 836 2651 solis
865 2611 992 2651 vero
1024 2597 1183 2668 justis
1221 2607 1277 2655 et
1303 2602 1509 2656 sanctis
1548 2603 1850 2659 divinitatis

265 2684 513 2754 gloriam,
540 2685 593 2739 in
620 2701 724 2755 qua
753 2686 977 2756 aequalis
1002 2696 1084 2743 est
1118 2683 1265 2743 Patri
1316 2698 1370 2745 et
1396 2693 1620 2761 Spiritui
1659 2705 1850 2751 sancto

266 2777 327 2829 ad
354 2776 741 2832 beatitudinem
771 2786 1026 2834 aeternam
1048 2780 1490 2837 manifestaturus
1512 2785 1639 2839 crit.‘

900 2906 1216 2947 CONCORDIA.

284 2970 288 2977 ’
327 2979 389 3034 In
417 2981 593 3036 sancti
622 2981 857 3050 Spiritus
886 2984 1200 3054 acceptione
1221 2994 1275 3039 et
1301 2984 1443 3043 dono
1468 2987 1691 3043 istarum
1714 2990 1844 3047 dua-

266 3086 384 3131 rum
412 3071 472 3126 lit
491 3073 786 3128 concordia
812 3073 1125 3129 lectionum.

626 3203 951 3260 DOMINICA
979 3203 1488 3263 PENTECOSTES.

511 3308 706 3349 LECTIO
737 3309 947 3349 Αοτυωι
977 3311 1381 3363 Αροετοιοῐιωι,
1403 3314 1521 3353 CAP.
1549 3316 1606 3353 11.

332 3421 353 3453 ε
389 3403 527 3456 Dum
572 3404 967 3473 complerentur
996 3406 1113 3461 dies
1160 3397 1509 3464 Pentecostes
1553 3420 1708 3466 erant
1733 3428 1849 3467 om-

268 3513 284 3544 ι
318 3510 417 3549 nes
438 3494 687 3564 discipuli
717 3495 920 3565 pariter
963 3496 1015 3549 in
1056 3499 1244 3551 eodem
1276 3498 1413 3554 loco.
1465 3501 1532 3555 Et
1560 3500 1736 3557 factus
1760 3512 1847 3558 est

269 3606 284 3636 ι
317 3594 536 3655 repente
566 3586 633 3641 dc
660 3587 799 3641 cmlo
846 3602 1012 3642 sonus
1046 3597 1301 3658 tanquam
1350 3591 1687 3647 advenientis
1733 3595 1846 3665 Spi-

269 3695 285 3725 ι
318 3678 454 3731 ritus
500 3676 852 3741 vehementis,
901 3687 957 3733 ct
1002 3679 1228 3748 replevit
1274 3689 1444 3736 totam
1491 3683 1710 3737 domum
1757 3685 1847 3739 ubi

269 3784 284 3814 I
315 3774 470 3819 erant
496 3767 765 3822 sedentes.
798 3767 864 3821 Et
887 3780 1253 3839 apparuerunt
1287 3771 1395 3826 illis
1424 3773 1721 3843 dispertita
1748 3775 1849 3829 lin-

269 3873 285 3904 ‹
318 3871 435 3925 gua:
478 3866 735 3926 tanquam
768 3857 924 3928 ignis.
975 3856 1233 3930 Seditque
1283 3876 1448 3932 super
1494 3864 1732 3933 singulos
1756 3881 1848 3921 eo-

267 3964 284 3995 ι
317 3961 455 4000 rum.
500 3946 568 4000 Et
608 3946 793 4017 repleti
834 3957 958 4003 sunt
988 3965 1177 4006 omnes
1201 3952 1393 4021 spiritu
1423 3963 1627 4019 sancto,
1659 3964 1713 4010 et
1734 3971 1846 4018 cce-

269 4060 284 4090 ι
319 4052 511 4112 perunt
543 4041 687 4113 loqui
718 4043 882 4098 variis
909 4044 1126 4116 linguis,
1186 4055 1347 4117 prout
1376 4048 1598 4117 spiritus
1626 4060 1846 4105 sanctus

269 4152 284 4180 ι
318 4132 479 4186 dabat
507 4134 685 4202 eloqui
732 4135 857 4189 illis.
896 4136 1063 4190 Erant
1100 4147 1279 4192 autem
1316 4137 1651 4196 Hierusalem
1691 4142 1845 4197 babi-

269 4240 284 4271 ι
315 4231 490 4278 tantes
515 4223 684 4280 Jud:ci
723 4226 823 4281 viri
870 4228 1129 4298 religiosi,
1177 4244 1242 4283 ex
1276 4216 1421 4283 omni
1464 4233 1679 4289 natione
1724 4250 1845 4304 qua:

268 4331 285 4362 ι
314 4313 416 4368 sub
441 4315 577 4369 coelo
603 4323 706 4373 est.
736 4316 901 4372 Facta
926 4326 1107 4373 autem
1132 4320 1235 4375 hac
1256 4335 1408 4385 voce,
1440 4323 1691 4377 convenit
1714 4325 1845 4378 mul-

269 4425 285 4456 ι
327 4407 498 4462 titudo
540 4416 594 4463 et
638 4419 817 4465 mente
867 4411 1089 4467 confusa
1135 4422 1237 4480 cst,
1291 4416 1547 4486 quoniam
1592 4417 1843 4472 audiebat

268 4515 283 4544 ι
322 4497 691 4567 unusquisque
716 4498 894 4567 lingua
923 4515 1020 4554 sua
1059 4500 1178 4556 illos
1208 4502 1506 4573 loquentes.
1542 4504 1844 4574 Stupebant

267 4603 282 4633 ι
315 4594 495 4639 autem
521 4601 713 4642 omnes
736 4595 792 4642 et
813 4589 1151 4645 mirabantur
1176 4591 1418 4648 dicentes
1443 4612 1455 4646 :
1482 4593 1693 4660 Nonne,
1717 4611 1844 4652 ecce

267 4690 284 4721 ι
318 4687 511 4729 onlnes
533 4676 643 4739 isti,
676 4677 768 4746 qui
813 4677 1125 4748 loquuntur,
1151 4680 1356 4737 Galilazi
1386 4684 1550 4737 sunt?
1601 4684 1668 4738 Et
1702 4700 1840 4755 quo-

268 4783 285 4814 ι
322 4766 485 4823 modo
528 4784 628 4825 nos
692 4771 995 4827 audivimus
1043 4775 1415 4845 unusquisque
1463 4777 1700 4848 linguam
1746 4793 1846 4837 no-

268 4874 284 4907 l
322 4867 515 4926 stram,
558 4862 611 4915 in
655 4876 763 4931 qua
791 4864 901 4917 nati
929 4866 1157 4919 sumus?
1185 4864 1369 4920 Parthi
1391 4875 1445 4922 et
1473 4868 1607 4923 Medi
1638 4877 1694 4923 et
1722 4869 1845 4923 Ela-

267 4966 286 4998 ε
320 4949 485 5015 mitzc,
516 4961 570 5007 ct
610 4954 995 5022 qui,habitant
1040 4955 1500 5026 Mesopotamiam,
1527 4957 1766 5014 Judaeam
1794 4969 1848 5016 et

268 5056 287 5087 ι
315 5038 724 5109 Cappadociam,
748 5034 978 5098 Pontum
998 5053 1055 5099 et
1074 5045 1276 5112 Asiam,
1300 5045 1588 5117 Phrygiam
1614 5056 1668 5103 et
1688 5049 1848 5104 Pam-

271 5148 289 5179 ι
327 5132 582 5201 phyliam,
612 5133 909 5206 Egyptum
935 5144 990 5191 et
1017 5143 1200 5206 partes
1228 5136 1411 5208 Libya:
1443 5154 1564 5207 quae
1591 5147 1674 5194 est
1697 5141 1842 5196 circa

274 5222 583 5296 :Cyrenen,
631 5236 686 5282 et
737 5229 958 5284 advenae
1012 5230 1261 5293 Romani,
1313 5229 1481 5285 Juda-i
1532 5247 1746 5301 quoque
1791 5242 1847 5287 et

271 5335 290 5367 ι
327 5321 613 5394 proselyti,
662 5321 852 5378 Cretes
897 5332 955 5379 ct
992 5323 1217 5380 Arabes.
1266 5324 1585 5380 Audivimus
1629 5340 1725 5381 eos
1768 5324 1845 5379 lo-

271 5426 293 5458 ι
327 5422 542 5478 quentes
571 5416 775 5469 nostris
804 5412 998 5483 linguis
1026 5414 1291 5486 magnalia
1318 5415 1433 5471 Dei.
1463 5435 1480 5467 ι

342 5501 471 5559 Dum
518 5505 900 5576 complerentur
948 5506 1058 5560 dies
1108 5503 1434 5560 Pentecostes
1474 5514 1621 5560 erant
1669 5523 1845 5562 omnes

271 5591 503 5665 discipuli
540 5597 740 5667 pariter
782 5597 836 5651 in
879 5596 1057 5651 eodem
1094 5595 1228 5652 loco.
1261 5597 1364 5670 (Ex
1392 5596 1580 5668 Beda.)
1619 5597 1731 5653 Hoc
1764 5607 1849 5653 est

275 5683 337 5740 in
379 5687 659 5744 caenaculo
698 5688 840 5759 quod
879 5688 1126 5758 superius
1181 5688 1487 5743 ascendisse
1535 5698 1843 5747 narrantur.

1867 4452 1920 4511 D

1957 1855 2344 1927 quinquaginta
2388 1858 2610 1915 faciunt.
2644 1862 2810 1931 Cujus
2835 1869 3073 1934 computi
3109 1866 3361 1925 facillime
3391 1882 3540 1939 patet

1956 1944 2150 2015 ﬁgura,
2182 1949 2432 2015 quoniam
2478 1965 2718 2019 priesens
2747 1954 3048 2021 conﬂictus,
3095 1960 3353 2040 gaudium
3392 1963 3544 2017 nobis

1949 2034 2151 2102 inhibui
2221 2040 2375 2106 quasi
2416 2040 2645 2095 latenter
2688 2054 2911 2113 generat
2938 2034 3352 2117 sempiternum,
3399 2042 3544 2124 Αὖο-

1951 2125 2091 2179 stolo
2119 2126 2351 2193 dicente,
2378 2130 2518 2199 quod
2563 2132 2700 2185 enim
2745 2133 2798 2187 in
2835 2137 3077 2203 prwsenti
3123 2150 3539 2196 momentancum

1952 2224 2047 2279 est,
2080 2225 2130 2269 et
2150 2216 2255 2271 leve
2279 2217 2630 2274 tribulationis
2664 2233 3047 2294 nostrtr,supra
3064 2229 3275 2282 modum
3303 2232 3354 2284 in
3377 2233 3540 2287 subli-

1952 2306 2183 2360 mitatem
2225 2318 2478 2363 retentum
2522 2312 2703 2380 gloria:
2745 2314 2948 2383 pondus
2995 2327 3242 2387 operatur
3268 2318 3320 2370 in
3371 2324 3539 2377 nobis.

1952 2394 2092 2451 Vera
2118 2407 2200 2453 est
2227 2408 2405 2455 autem
2435 2412 2619 2456 nostra
2648 2403 2944 2472 bcatitulo,
2977 2418 3034 2462 et
3073 2404 3319 2478 corporis
3341 2420 3393 2465 et
3420 2415 3534 2467 ani-

1952 2502 2052 2542 ma:
2078 2503 2176 2543 nos
2218 2489 2623 2548 immortalitate
2657 2494 2950 2564 gleriantes
2995 2512 3222 2553 summa:
3265 2510 3320 2554 et
3368 2502 3540 2556 beatzc

1952 2578 2234 2635 Trinitatis
2268 2590 2469 2636 mterna
2491 2583 2702 2640 visione
2728 2587 2935 2641 satiari.
2970 2587 3103 2642 Nam
3132 2591 3377 2659 corporis
3412 2608 3544 2662 qua-

1952 2673 2073 2723 tuor
2092 2670 2388 2725 notissimis
2415 2672 2764 2740 qualitatibus
2788 2678 3154 2741 consistimus,
3186 2679 3239 2733 in
3285 2680 3544 2737 interiore

1950 2764 2132 2811 autem
2161 2758 2377 2814 homine
2401 2775 2468 2814 ex
2497 2770 2610 2817 toto
2631 2764 2815 2827 corde,
2841 2773 2948 2820 tota
2972 2768 3168 2830 anima,
3200 2777 3308 2823 tota
3336 2780 3538 2834 mente,

1952 2848 2117 2903 Deum
2146 2850 2368 2921 diligere
2386 2850 2662 2919 iubemur,
2693 2865 2749 2908 et
2774 2856 2874 2910 hoc
2902 2864 2980 2911 est
3022 2856 3276 2926 perfecta:
3307 2861 3429 2914 vita:
3455 2863 3547 2916 de-

1952 2941 2164 2995 narium
2207 2943 2403 2997 divina:
2449 2958 2548 2999 nos
2576 2944 2759 3015 gloria:
2801 2948 3050 3017 przesenti
3099 2949 3307 3005 visione
3344 2952 3537 3006 lactari.

1954 3031 2151 3086 Verum
2178 3034 2499 3095 notandum,
2525 3035 2681 3105 juxta
2711 3037 3017 3103 historiam,
3052 3040 3194 3109 quod
3223 3041 3362 3111 apud
3402 3045 3539 3098 anti-

1950 3140 2087 3193 quos
2124 3124 2241 3179 dics
2282 3124 2650 3192 Pentecostes,
2692 3128 2751 3182 id-
2776 3136 2876 3191 est,
2923 3130 3403 3202 quinquagesimze,
3430 3147 3540 3202 quo

1952 3219 2035 3274 lex
2062 3220 2184 3273 data
2213 3228 2327 3274 erat
2350 3262 2364 3285 ,
2390 3223 2458 3277 ab
2485 3222 2759 3279 occisione
2802 3225 2922 3296 agni
2953 3220 3386 3296 computabatur.
3439 3228 3538 3283 llic

1951 3319 2130 3365 autem
2164 3327 2271 3365 non
2300 3330 2329 3365 a
2357 3312 2569 3367 Domini
2598 3315 2871 3383 passione,
2919 3316 3013 3370 sed
3037 3316 3177 3371 sicut
3222 3312 3410 3372 beatus
3435 3318 3539 3373 Au-

1949 3405 2217 3475 gustinus,
2247 3420 2355 3474 quo
2379 3407 2601 3475 spiritus
2628 3416 2845 3463 sanctus
2882 3408 3081 3463 missus
3106 3417 3210 3473 cst,
3250 3418 3535 3480 computa-

1952 3502 2058 3560 tur,
2087 3495 2179 3564 qui
2219 3496 2507 3552 redeuntes
2554 3498 2690 3568 signi
2721 3500 2922 3553 veteris
2963 3500 3230 3570 exemplo,
3279 3502 3392 3570 ipse
3432 3502 3534 3557 sibi

1950 3582 2392 3637 manilestiSsime
2419 3585 2560 3639 diem
2590 3586 2926 3640 Dominicum
2959 3602 3056 3641 suo
3077 3589 3419 3643 consecravit
3447 3591 3537 3644 ad-

1949 3681 2133 3728 ventu.
2166 3674 2284 3742 Quo
2313 3676 2476 3729 etiam
2523 3677 2780 3745 temporis
2828 3677 3057 3733 articulo
3097 3693 3281 3733 verum
3325 3679 3534 3736 Pascha

1947 3764 2035 3821 die
2047 3765 2324 3822 Dominico
2348 3768 2664 3823 monstravit
2687 3783 2810 3825 esse
2831 3770 3231 3826 celebrandum.
3264 3770 3400 3827 Nam
3431 3772 3536 3827 sic-

1950 3864 2008 3911 ut
2049 3858 2161 3923 hic,
2194 3858 2272 3914 sic
2310 3866 2366 3913 et
2411 3857 2520 3914 illic
2550 3860 2605 3914 in
2632 3860 2773 3930 ignis
2819 3861 3027 3916 Visione
3076 3861 3217 3917 Deus
3261 3862 3534 3932 apparuit,

1948 3947 2158 4003 dicente
2185 3949 2255 4003 in‘
2269 3949 2453 4004 Exodo
2481 3969 2493 4003 :
2526 3949 2689 4005 Totus
2727 3960 2902 4005 autem
2928 3968 3076 4005 mons
3106 3951 3259 4006 Sinai
3288 3952 3528 4022 [nutabat

1946 4057 2006 4094 eo
2026 4042 2165 4112 quod
2190 4041 2534 4095 descendisset
2571 4041 2824 4095 Dominus
2851 4058 3006 4111 super
3031 4057 3148 4095 eum
3173 4043 3227 4095 in
3250 4042 3385 4111 igne.

2018 4129 2087 4184 Et
2122 4131 2293 4201 factus
2335 4142 2411 4185 est
2457 4141 2660 4201 repente
2686 4131 2750 4185 de
2787 4130 2911 4184 cazlo
2942 4148 3099 4185 sonus
3143 4140 3392 4201 tanquam
3436 4131 3535 4185 ad-

1946 4225 2215 4283 venientis,
2246 4231 2350 4278 etc.
2381 4222 2485 4278 Per
2514 4223 2691 4293 ignem
2715 4223 2928 4292 quidem
2959 4223 3240 4287 Dominus,
3263 4232 3322 4276 ut
3342 4224 3531 4277 beatus

1942 4329 2081 4384 papa
2116 4313 2410 4384 Gregorius
2454 4314 2692 4382 exponit,
2737 4314 3005 4382 apparuit,
3053 4313 3147 4368 sed
3191 4328 3289 4382 per
3336 4323 3532 4369 semct-

1947 4404 2118 4474 ipsum
2147 4401 2475 4457 locutionem
2505 4402 2729 4455 interius
2762 4400 2909 4463 fecit,
2931 4409 2986 4454 ct
3006 4416 3177 4472 neque
3202 4402 3339 4472 ignis
3369 4403 3532 4467 Deus,

1946 4509 2120 4564 neque
2154 4493 2241 4548 ille
2280 4493 2489 4548 sonitus
2533 4491 2657 4557 fuit,
2700 4491 2793 4547 sed
2824 4505 2920 4560 per
2957 4491 3080 4552 hoc.
3120 4492 3261 4561 quod
3290 4493 3531 4547 exterius
3600 4526 3611 4534 -

1946 4587 2208 4651 exhibuit,
2258 4585 2527 4656 expressit
2571 4585 2675 4640 hoc
2721 4585 2862 4655 quod
2920 4584 3147 4639 interius
3191 4585 3377 4654 gessit.
3426 4585 3529 4651 Qui

1934 4670 2089 4733 enim
2120 4677 2411 4748 discipulos
2440 4684 2493 4732 et
2520 4675 2633 4732 zelo
2671 4690 2980 4740 succensos,
3008 4682 3062 4730 et
3090 4676 3256 4731 verbo
3291 4676 3531 4730 eruditos

1947 4769 2092 4823 intus
2119 4768 2370 4831 reddidit,
2404 4766 2537 4822 loris
2555 4766 2766 4837 linguas
2794 4766 2982 4836 igneas
3005 4765 3258 4820 ostendit.
3281 4765 3339 4819 In
3369 4766 3529 4836 signi-

1948 4863 2196 4919 ﬁcatione
2228 4864 2392 4933 igitur
2426 4864 2639 4917 admota
2684 4870 2809 4917 sunt
2852 4860 3135 4925 elementa,
3168 4869 3228 4914 ut
3269 4862 3446 4931 ignem
3471 4870 3529 4916 et

1949 4955 2182 5010 sonitum
2228 4956 2489 5009 sentirent
2526 4969 2771 5023 corpora,
2824 4952 2942 5022 igne
2987 4968 3117 5008 vero
3158 4952 3434 5019 invisibili,
3470 4961 3525 5008 et

1948 5061 2079 5101 voce
2102 5045 2217 5100 sine
2250 5047 2427 5101 sonitu
2458 5046 2778 5099 docerentur
2812 5043 2990 5098 ecrda.

2021 5135 2087 5189 Et
2113 5146 2468 5206 apparuerunt
2492 5134 2597 5187 illis
2623 5135 2928 5204 dispertita',
2970 5142 3074 5189 etc.
3119 5132 3354 5204 Spiritus
3379 5136 3524 5189 enim

1946 5234 2166 5282 sanctus
2213 5227 2265 5280 in
2308 5212 2431 5297 igne
2469 5235 2523 5281 et
2585 5226 2782 5298 linguis
2834 5228 3119 5296 apparuit,
3166 5229 3292 5299 quia
3335 5243 3525 5283 omnes

1946 5334 2082 5390 quos
2106 5319 2404 5390 impleverit
2441 5319 2692 5373 ardentes
2735 5320 2939 5388 pariter
2969 5328 3022 5373 et
3052 5320 3332 5390 loquentes
3373 5318 3521 5373 facit.

1946 5412 2212 5466 Ardentes
2236 5411 2421 5480 utique
2456 5398 2520 5465 es
2549 5425 2636 5476 sc,
2668 5419 2723 5465 et
2745 5411 3027 5480 loquentes
3054 5412 3117 5465 de
3157 5425 3234 5464 sc.
3270 5406 3438 5461 Simul
3467 5414 3521 5459 et

1948 5504 2210 5567 indicans,
2239 5503 2364 5572 quia
2406 5512 2589 5557 sancta
2634 5490 2875 5559 Ecclesia
2915 5517 3011 5572 per
3039 5499 3222 5555 mundi
3262 5497 3521 5552 terminos

1948 5595 2167 5649 dilatata
2194 5593 2432 5647 omnium
2461 5595 2696 5665 gentium
2724 5603 2840 5649 erat
2867 5609 2998 5647 voce
3025 5593 3287 5644 locutura.

2022 5672 2269 5755 Seditque
2295 5701 2453 5757 supra
2476 5684 2704 5755 singulos
2734 5699 2930 5739 eorum.
2969 5680 3118 5748 Quod
3158 5679 3360 5735 sedisse
3383 5680 3521 5738 dici-
