3940 6206
326 285 430 339 527

1608 263 1961 324 SMARAGDI
2001 261 2296 320 ABBATIS

3471 251 3577 307 39.8

326 407 435 460 tur,
479 390 639 461 rcgim
680 397 764 444 est
797 384 1081 457 potestatis
1125 381 1399 444 indicium,
1446 377 1527 432 vel
1575 386 1723 433 certe
1772 377 1898 447 quia
1927 380 1974 438 Α
2001 373 2267 429 daismum
2291 371 2489 441 eligere
2516 370 2804 432 malebant,
2842 366 2982 421 sicut
3008 365 3203 420 Achior
3228 364 3281 419 in
3321 363 3462 418 libro
3486 363 3579 419 Ju-

328 486 545 557 requies
573 482 837 537 indicatur
867 478 921 531 in
950 474 1171 531 sanctis.

404 556 471 631 Et
508 580 763 644 creperum
802 567 943 638 loqui
970 565 1090 619 aliis
1138 562 1348 632 linguis.
1384 560 1654 616 Unitatem
1696 556 1906 627 lingua-

332 680 474 727 rum,
502 675 665 732 quam
704 656 956 726 superbia
998 651 1284 723 Babylonis
1312 649 1663 723 disperserat,
1695 644 1909 700 humili-

337 765 418 809 tas
446 740 701 809 Ecclesia:
748 744 1028 815 recolligit.
1062 740 1427 813 Spiritualiter
1463 746 1643 795 autem
1676 736 1911 790 varietas

337 845 654 914 linguarum,
694 839 833 893 dona
861 834 1136 889 variarum
1161 829 1431 902 signiﬁcat
1458 826 1774 899 gratiarum.
1818 823 1914 878 Ve-

337 948 457 987 rum
487 946 594 985 non
625 929 915 997 incongrue
928 923 1163 992 Spiritus
1188 928 1409 975 sanctus
1435 916 1766 986 intelligitur,
1796 914 1915 968 ideo

335 1024 571 1094 primum
600 1019 904 1089 linguarum
945 1014 1146 1068 donum
1174 1010 1388 1066 dedisse
1425 1007 1755 1070 hominibus,
1798 1002 1917 1094 qui-

338 1093 440 1168 bus
469 1112 703 1165 humana
730 1103 994 1175 sapientia
1040 1102 1339 1157 forinsecus
1364 1106 1419 1153 et
1456 1096 1704 1159 discitur,
1742 1101 1799 1149 et
1826 1093 1918 1147 do-

338 1212 512 1266 retur,
536 1209 596 1254 ut
640 1198 968 1261 ostenderet,
1014 1208 1179 1264 quam
1227 1190 1387 1246 facile
1434 1187 1607 1258 possit
1649 1184 1919 1255 sapientes

340 1293 515 1347 facere
543 1305 639 1360 per
665 1286 985 1357 sapientiam
1009 1284 1124 1348 Dei,
1154 1296 1275 1351 qua:
1295 1280 1375 1334 eis
1401 1280 1610 1334 interna
1638 1284 1742 1330 est.

409 1386 577 1439 Erant
621 1392 796 1436 autem
825 1380 879 1433 iu
917 1375 1251 1432 Hierusalem
1279 1372 1591 1426 habitantes»
1616 1366 1796 1422 Juda'i
1827 1364 1922 1420 viri

340 1478 588 1548 religiosi,
622 1484 728 1529 etc.
758 1466 1095 1528 Conveniens
1144 1476 1276 1538 puto
1312 1464 1650 1536 perquirere,
1699 1459 1923 1529 quinam

343 1569 430 1623 isti
445 1547 600 1630 sunt,
627 1573 681 1618 et
704 1580 771 1618 ex
797 1578 903 1631 qua
931 1560 1243 1630 captivitate
1281 1554 1474 1618 Judaei,
1517 1550 1771 1622 quoniam
1813 1547 1925 1615 qui-

343 1659 466 1712 dem
496 1656 585 1710 illa
611 1669 730 1723 qua:
760 1652 812 1706 in
844 1649 1076 1721 Egypto
1105 1643 1280 1702 fuerat
1307 1644 1391 1699 vel
1413 1644 1464 1698 in
1491 1638 1798 1712 Babylonia,
1829 1636 1925 1691 ab-

344 1747 517 1800 soluta
550 1745 662 1814 jam
702 1742 896 1796 fuerat.
922 1716 1157 1793 immani
1188 1744 1367 1789 autem
1407 1732 1644 1788 nondum
1666 1733 1925 1783 venerant
1951 1716 1998 1775 B

345 1834 400 1889 in
425 1833 816 1902 captivitatem,
846 1829 972 1884 licet
1007 1826 1120 1895 jam
1163 1835 1219 1881 et
1264 1826 1379 1894 ipsa
1414 1821 1717 1877 immineret
1757 1816 1923 1871 ultrix

342 1923 616 1981 commissi
659 1923 725 1976 de
754 1919 1034 1974 Salvatore
1079 1915 1296 1987 piaculi.
1340 1914 1600 1984 Superest
1643 1910 1826 1980 igitur,
1864 1915 1926 1963 ut

344 2016 434 2071 illa
472 2012 804 2082 intelligatur
845 2009 1152 2080 captivitas,
1199 2021 1320 2075 quae
1356 2005 1457 2060 sub
1487 2001 1755 2056 Antiocho
1784 1999 1923 2053 facta

342 2115 447 2172 est,
474 2105 619 2175 quod
659 2102 847 2171 utique
891 2116 995 2154 non
1031 2099 1212 2153 multis
1248 2105 1375 2152 ante
1420 2092 1753 2164 temporibus
1778 2091 1923 2147 acci-

343 2198 517 2252 derat.
1606 2208 1611 2213 ’

417 2285 678 2352 Quoniam
719 2264 962 2336 audiebat
1005 2277 1357 2350 unusquisque
1389 2275 1570 2346 lingua
1607 2290 1704 2329 sua
1730 2290 1816 2328 eos
1842 2272 1924 2326 lo-

341 2387 574 2448 quentes.
618 2374 890 2443 Qumritur
936 2373 988 2426 in
1028 2372 1132 2425 hoc
1183 2371 1319 2435 loco,
1365 2369 1511 2440 quod
1552 2367 1925 2436 unusquisque

344 2468 600 2523 audiebat
643 2466 841 2537 linguis
885 2464 998 2519 suis
1045 2464 1325 2531 loquentes
1360 2475 1455 2515 eos
1489 2459 1754 2529 magnalia
1808 2457 1925 2521 Dei,

345 2568 526 2614 utrum
549 2559 604 2614 hi
627 2559 717 2627 qui
745 2557 1104 2627 loquebantur
1115 2556 1342 2611 diversis
1367 2555 1730 2619 sermonibus,
1752 2554 1930 2608 unius-

344 2648 606 2719 cujusque
648 2648 865 2717 linguze,
915 2648 1017 2700 hoc
1053 2646 1195 2715 quod
1238 2645 1523 2700 dicebatur
1561 2642 1926 2712 proferebant,

344 2737 398 2791 id
422 2745 522 2801 est,
550 2736 916 2805 unusquisque
942 2748 1151 2799 eorum,
1181 2749 1321 2789 nunc
1347 2732 1472 2797 hac,
1499 2747 1644 2786 nunc
1681 2731 1787 2785 alia
1827 2730 1930 2786 lin-

345 2844 446 2898 gua
475 2828 699 2896 loquens
725 2827 803 2881 sic
829 2841 925 2895 per
961 2839 1150 2879 omnes
1189 2831 1456 2888 curreret,
1483 2837 1550 2877 an
1579 2824 1631 2877 in
1660 2837 1726 2877 eo
1750 2822 1930 2893 potius

343 2927 460 2972 erat
484 2918 751 2982 mirabile,
794 2916 936 2985 quod
980 2930 1160 2970 sermo
1195 2929 1383 2971 eorum
1423 2915 1516 2984 qui
1549 2913 1925 2984 loquebantur,

344 3008 585 3079 qualibet
608 3008 801 3079 lingua
833 3006 1024 3063 fuisset
1069 3007 1471 3075 pronuntiatus,
1515 3004 1806 3073 unicuique
1835 3019 1930 3057 au-

345 3100 512 3154 dienti
566 3099 858 3153 secundum
907 3111 1063 3150 suam
1113 3097 1352 3166 tinguant
1406 3095 1824 3166 intelligebatur,
1870 3105 1929 3149 ut

347 3188 497 3241 verbi
545 3187 715 3256 gratia
740 3226 755 3249 ,
807 3199 1131 3254 unoquoque
1180 3184 1424 3255 apostolo
1482 3185 1537 3239 in
1585 3184 1826 3240 Ecclesia
1853 3186 1930 3241 lo-

345 3284 565 3345 quente.
597 3275 828 3331 Necesse
855 3277 998 3330 enim
1026 3283 1144 3329 erat
1182 3276 1482 3331 tacentibus
1518 3276 1739 3345 reliquis
1763 3292 1929 3330 unum

346 3365 512 3433 loqui,
552 3375 607 3419 et
647 3378 951 3418 sermonem
984 3379 1149 3417 unum
1177 3363 1242 3417 ad
1273 3362 1513 3418 auditum
1547 3364 1785 3419 omnium
1810 3378 1930 3434 per-

351 3455 557 3522 venire,
584 3455 698 3526 ipse
727 3471 906 3511 sermo
946 3456 1085 3511 hanc
1126 3455 1177 3509 in
1216 3470 1276 3511 se
1316 3456 1425 3509 vim
1451 3455 1694 3519 haberet,
1725 3464 1786 3510 ut
1806 3471 1931 3511 cum

351 3548 686 3603 diversarum
729 3549 969 3619 gentium
1005 3548 1280 3603 auditores
1314 3556 1521 3613 essent,
1562 3548 1933 3618 unusquisque

346 3637 641 3692 secundum
685 3637 920 3708 linguam
952 3652 1127 3702 suam,
1158 3638 1303 3694 illius
1341 3638 1512 3708 ipsius
1539 3639 1699 3694 unius
1725 3654 1931 3694 sermo-

286 3730 295 3738 ’
348 3725 451 3788 nis,
483 3725 574 3793 qui
600 3724 669 3778 ab
704 3725 948 3794 apostolo
989 3725 1164 3781 fuerat
1214 3728 1592 3796 pronuntiatus
1630 3729 1930 3799 susciperet

347 3814 608 3879 auditum,
634 3823 689 3868 et
717 3823 933 3883 caperet
956 3815 1311 3880 intellectum,
1340 3817 1441 3872 nisi
1470 3816 1611 3872 forte
1634 3820 1931 3873 secundum

348 3903 453 3957 hoc
500 3902 673 3974 magis
728 3903 1006 3958 videbatur
1065 3904 1386 3960 audiendum
1434 3920 1553 3961 esse
1610 3908 1929 3964 miraculum

348 4000 512 4061 quam
544 3991 887 4061 loquendum.

422 4077 708 4153 Stupebant
745 4092 920 4161 autem
965 4099 1140 4136 omnes
1183 4093 1229 4137 ct
1280 4084 1608 4162 mirabantur
1655 4086 1880 4140 dicenlcs
1910 4102 1927 4137 :

353 4172 545 4228 Nonne
580 4188 695 4227 ecce
722 4188 898 4226 omnes
931 4174 1021 4226 isti
1044 4174 1132 4245 qui
1169 4174 1456 4245 loquuntur
1477 4173 1684 4230 Galila'i
1709 4186 1849 4241 sunt,
1882 4186 1943 4250 et~

345 4261 606 4332 quomodo
655 4278 749 4315 nos
784 4262 1104 4329 audivimus,
1154 4265 1505 4337 unusquisque
1555 4259 1789 4337 linquant
1839 4284 1931 4321 no-

2004 472 2118 526 dith
2152 471 2343 526 feci~se
2381 476 2631 523 narratur
2658 466 2889 538 (Iudith.
2921 464 3054 535 xiv).
3093 463 3209 521 Non
3231 464 3406 520 solum
3428 478 3583 535 ergo,

2008 563 2274 632 inquiunt,
2309 561 2402 630 qui
2446 567 2639 613 natura
2681 566 2806 611 sunt
2849 555 3039 619 Iud-mi,
3087 569 3155 609 ex
3198 555 3414 609 diverso
3453 555 3589 608 orbe

2008 657 2590 715 convenerant,verum
2610 653 2665 701 et
2681 644 2737 700 hi
2756 644 2848 714 qui
2870 644 2935 698 dc
2961 643 3223 713 praeputio
3241 644 3377 703 nati,
3397 656 3590 697 eorum

2011 740 2333 797 adhteserint
2357 738 2489 806 juri.
2784 734 2787 735 ⁷

2326 843 2662 885 BVANGELIUI
2700 840 2931 890 JOANNIS,
2960 840 3081 880 CAP.
3123 839 3236 880 XIV.

2089 942 2108 975 ι
2138 922 2199 978 Si
2222 922 2345 992 quis
2369 920 2540 992 diligit
2573 934 2682 985 me,
2705 932 3011 974 sermonem
3037 931 3216 971 meum
3245 915 3507 981 servabit,
3538 924 3595 971 et

2024 1034 2041 1065 ι
2069 1014 2230 1071 Pater
2256 1027 2411 1068 meus
2437 1011 2621 1082 diliget
2658 1026 2803 1075 eum,
2843 1018 2899 1065 et
2942 1008 3011 1063 ad
3047 1024 3171 1064 eum
3207 1008 3506 1072 veniemus,
3539 1018 3597 1063 et

2024 1124 2042 1156 ο
2080 1103 2414 1159 mansionem
2459 1101 2599 1173 apud
2633 1116 2757 1156 cum
2798 1099 3076 1154 faciemus.
3126 1097 3228 1167 Qui
3268 1113 3378 1154 non
3420 1096 3601 1168 diligit

2025 1214 2043 1248 ι
2074 1211 2182 1260 me,
2236 1208 2514 1251 sermones
2561 1207 2712 1248 meos
2761 1207 2869 1247 non
2915 1197 3117 1245 servat.
3169 1189 3239 1245 Et
3290 1204 3598 1245 sermonem

2026 1307 2045 1340 ι
2073 1301 2233 1358 quem
2257 1284 2486 1340 audistis
2509 1299 2615 1339 non
2634 1290 2719 1337 est
2744 1296 2915 1346 meus,
2945 1281 3039 1336 sed
3071 1281 3189 1351 eius
3212 1279 3304 1349 qui
3336 1278 3486 1333 misit
3511 1293 3601 1334 me

2030 1400 2047 1430 ι
2071 1379 2269 1435 Patris.
2301 1376 2427 1432 Haec
2453 1376 2664 1431 locutus
2705 1387 2824 1428 sum
2852 1372 3006 1426 vobis
3045 1371 3186 1442 apud
3225 1384 3323 1425 vos
3348 1383 3597 1423 manens.

2031 1491 2047 1523 ι
2082 1456 2391 1527 Paracletus
2435 1477 2614 1524 autem
2642 1466 2883 1537 Spiritus
2924 1472 3161 1529 sanctus,
3209 1475 3370 1534 quem
3419 1462 3602 1516 mittet

2033 1561 2234 1618 «Pater
2272 1563 2326 1617 in
2357 1562 2572 1617 nomine
2601 1574 2741 1625 meo,
2785 1557 2875 1612 ille
2914 1572 3011 1613 vos
3054 1555 3269 1611 docebit
3302 1553 3505 1615 omnia,
3547 1560 3603 1606 et

2032 1674 2051 1706 ι
2084 1661 2335 1726 suggeret
2374 1653 2529 1708 vobis
2580 1651 2763 1706 omnia
2819 1663 3153 1720 qumcunque
3193 1648 3382 1703 dixero
3422 1645 3599 1700 vobis.

2030 1763 2049 1797 ι
2079 1745 2271 1800 Pacem
2301 1742 2547 1812 relinquo
2571 1741 2743 1804 vobis,
2764 1753 2950 1810 pacem
2977 1751 3153 1792 meam
3180 1735 3248 1790 do
3280 1734 3453 1790 vobis.
3484 1731 3606 1787 Non

2029 1854 2048 1885 ‹
2082 1833 2351 1905 quomodo
2376 1831 2609 1887 mundus
2632 1831 2747 1895 dat,
2783 1844 2881 1901 ego
2907 1829 2974 1885 do
3004 1828 3176 1883 vobis.
3216 1824 3333 1881 Non
3356 1825 3606 1880 turbetur

2031 1949 2049 1980 ε
2079 1944 2175 1985 cor
2197 1933 2439 1982 vestrum
2484 1938 2660 1994 neque
2700 1921 2971 1979 formidet.
3019 1920 3281 1984 Audistis,
3327 1920 3454 1990 quia
3492 1916 3606 1973 dixi

2032 2036 2051 2069 ι
2085 2016 2256 2079 vobis,
2286 2015 2442 2080 vado,
2487 2021 2541 2069 et
2572 2013 2733 2068 venio
2779 2012 2845 2067 ad
2888 2027 3006 2067 vos.
3053 2011 3112 2066 Si
3153 2010 3451 2082 diligeretis
3493 2025 3606 2075 me,

2032 2127 2050 2159 ι
2078 2106 2380 2179 gauderetis
2399 2105 2603 2175 utique,
2627 2104 2751 2175 quia
2776 2103 2913 2158 vado
2941 2104 3006 2157 ad
3022 2101 3261 2168 Patrem,
3290 2102 3417 2173 quia
3442 2101 3610 2157 Pater

2034 2216 2052 2249 ι
2084 2195 2256 2265 major
2278 2211 2365 2251 me
2385 2203 2487 2250 est.
2524 2195 2592 2249 Et
2613 2209 2751 2249 nunc
2786 2192 2894 2248 dixi
2922 2194 3091 2257 vobis,
3134 2192 3449 2263 priusquam
3487 2190 3605 2255 fiat,

2033 2308 2051 2340 ι
2081 2295 2140 2344 ut
2161 2303 2284 2344 eum
2313 2285 2512 2341 factum
2554 2284 2715 2340 fuerit
2752 2283 3004 2339 credatis.
3034 2279 3152 2335 Jam
3183 2296 3290 2335 non
3320 2280 3490 2335 multa
3522 2279 3606 2333 lo-

2034 2398 2054 2431 α
2091 2395 2229 2451 quar
2258 2377 2557 2432 vobiscum.
2588 2366 2749 2431 Venit
2774 2376 2918 2429 enim
2936 2373 3193 2443 Princeps
3213 2372 3399 2427 mundi
3422 2371 3606 2442 hujus,

2035 2486 2054 2520 ι
2086 2476 2143 2524 et
2170 2468 2224 2523 in
2253 2480 2341 2521 me
2382 2481 2489 2521 non
2524 2464 2686 2520 habet
2729 2464 3042 2534 quidquam,
3088 2462 3182 2517 sed
3220 2468 3280 2515 ut
3318 2469 3611 2533 cognoscat

2035 2577 2054 2608 ι
2089 2557 2339 2617 mundus,
2376 2555 2503 2626 quia
2550 2554 2712 2625 diligo
2744 2555 2980 2618 Patrem,
3029 2559 3084 2607 et
3126 2551 3268 2607 sicut
3295 2552 3609 2607 mandatum

2035 2664 2053 2697 ι
2084 2644 2233 2700 dedit
2261 2644 2390 2699 mihi
2421 2651 2591 2714 pater,
2624 2643 2704 2698 sic
2731 2643 2886 2697 facio.
2913 2662 2931 2694 ι

2101 2734 2163 2791 Si
2191 2734 2307 2807 quis
2328 2734 2496 2804 diligit
2518 2750 2620 2796 me,
2648 2749 2935 2788 sermonem
2966 2749 3137 2788 meum
3166 2732 3468 2796 servabit,ct
3499 2729 3611 2785 Pa-

2032 2840 2111 2883 ter
2139 2843 2284 2881 meus
2306 2826 2485 2897 diliget
2511 2834 2710 2889 eum,et
2736 2824 2805 2878 ad
2833 2840 2974 2890 eum,
2995 2823 3275 2888 veniemus,
3305 2831 3352 2876 et
3373 2821 3609 2875 mansio-

2034 2933 2148 2972 nem
2190 2915 2332 2987 apud
2379 2931 2493 2969 cum
2524 2914 2794 2983 faciemus.
2832 2913 3089 2968 Prohatio
3113 2928 3242 2984 ergo
3280 2912 3609 2975 dilectionis,

2032 3005 2295 3061 cxhibitio
2320 3011 2404 3058 est
2430 3004 2627 3074 operis.
2658 3001 2795 3056 Hinc
2815 3002 2868 3056 in
2891 3001 3128 3072 Epistola
3157 3016 3251 3056 sua
3285 2999 3424 3054 idem
3455 2997 3623 3054 Joan-

2031 3112 2128 3152 nes
2155 3096 2322 3152 dicit:
2372 3093 2476 3159 Qui
2510 3092 2656 3146 dicit.
2701 3093 2824 3153 quia
2861 3091 3022 3162 diligo
3054 3090 3220 3144 Deum
3264 3098 3312 3145 et
3360 3089 3613 3144 mandata

2031 3182 2146 3236 ejus
2185 3182 2289 3220 non
2342 3169 2596 3232 custodit.
2646 3172 2877 3225 mendax
2914 3180 2988 3224 est
3045 3168 3100 3235 (Ι
3133 3169 3298 3226 Joan.
3329 3172 3428 3241 iv).
3479 3170 3618 3227 Vere

2030 3262 2177 3317 enim
2210 3260 2493 3331 d’ligimua
2520 3262 2715 3324 Deum,
2739 3264 2782 3316 si
2813 3261 3073 3319 mandata
3086 3261 3207 3329 ejus
3227 3259 3613 3323 observamus,

2030 3363 2085 3408 et
2115 3368 2217 3409 nos
2245 3369 2274 3406 a
2309 3354 2512 3409 nostris
2550 3356 2931 3425 voluptatibus
2952 3364 3317 3409 coarctamnr.
3350 3352 3416 3407 Et
3451 3351 3622 3419 Patri-

2030 3462 2175 3500 nieus
2206 3446 2378 3517 diligit
2416 3448 2558 3511 eum,
2603 3447 2731 3515 quia
2768 3463 2933 3517 opera
2967 3461 3089 3515 quae
3120 3444 3282 3500 Pater
3316 3444 3469 3506 facit,
3500 3446 3617 3498 huic

2029 3545 2087 3592 et
2106 3536 2362 3591 similiter
2397 3536 2570 3591 Filius
2609 3536 2759 3599 facit,
2790 3546 2847 3592 ct
2875 3536 2971 3606 qui
2995 3533 3171 3605 diligit
3196 3532 3619 3602 Filium,diligit

2027 3642 2083 3687 et
2114 3629 2350 3696 Patrem,
2382 3641 2438 3685 et
2470 3630 2564 3700 qui
2595 3629 2841 3699 diligitur
2869 3643 2900 3683 a
2920 3626 3065 3683 Filio
3096 3625 3345 3696 diligitur
3365 3642 3393 3678 a
3428 3622 3618 3679 Patre.

2100 3721 2171 3777 Et
2209 3723 2279 3777 ad
2308 3739 2424 3778 eum
2449 3723 2712 3778 veniemus
2746 3736 2798 3778 et
2821 3722 3159 3777 mansionem
3188 3718 3331 3793 apud
3366 3733 3488 3770 eum
3531 3717 3618 3787 {a-

2027 3819 2245 3873 ciemus.
2278 3817 2380 3883 Qui
2410 3818 2557 3872 enim
2584 3833 2710 3872 vere
2740 3817 2918 3888 diligit
2943 3817 3143 3878 Deum,
3163 3812 3617 3871 nectentationis

2029 3922 2273 3983 tempore
2311 3913 2519 3966 recedit
2549 3911 2616 3965 ab
2645 3926 2832 3966 amore
2863 3910 2980 3975 Dei,
3004 3909 3071 3965 ad
3090 3909 3239 3965 hunc
3260 3907 3492 3962 veniunt
3518 3905 3617 3958 Pa-

2027 4014 2173 4062 teret
2192 4004 2361 4060 Filius
2377 4005 2651 4075 spirituali
2666 4006 3074 4070 accessione,ct
3096 4003 3439 4059 mansionem
3464 3999 3612 4068 apud

2023 4113 2151 4154 eum
2215 4098 2440 4154 habent.
2476 4097 2570 4153 Ille
2608 4099 2756 4153 enim
2791 4115 2917 4154 vere
2950 4108 3119 4161 amat,
3150 4098 3309 4168 cuius
3350 4095 3402 4147 vi
3430 4093 3614 4150 'elicct

2025 4199 2264 4248 mentem
2294 4191 2586 4248 delectatio
2618 4208 2784 4263 prava
2813 4207 2880 4246 ex
2918 4205 3189 4248 consensu
3220 4204 3331 4244 non
3359 4194 3614 4257 supcrat.

2024 4283 2160 4340 Nam
2203 4294 2357 4340 tanto
2404 4286 2640 4356 quisque
2669 4300 2966 4353 asuprrno
3016 4297 3204 4338 amore
3249 4280 3610 4350 disjungitur.

345 4361 533 4415 stram,
560 4352 614 4405 in
638 4369 740 4422 qua
773 4353 882 4406 nati
921 4370 1122 4419 sumus,
1164 4354 1351 4409 Parthi
1387 4366 1433 4411 et
1460 4356 1621 4422 Medi,
1649 4368 1697 4411 et
1728 4357 1925 4412 Elami-

2032 4385 2231 4446 quanto
2248 4376 2479 4433 inferius
2503 4377 2827 4432 delectatur.
2854 4377 3323 4432 Dilectiosanctos
3342 4372 3613 4427 discernit

345 4448 431 4504 ta’,
456 4450 504 4495 et
529 4442 618 4511 qui
646 4442 882 4495 habitant
907 4442 1332 4514 Mesopotamiam
1357 4457 1405 4499 et
1426 4447 1760 4512 .ludwam,et
1791 4446 1927 4520 Cap-

332 4530 659 4598 padociam?
686 4528 928 4583 Judazam
951 4532 1050 4586 hoc
1084 4535 1200 4586 loco
1226 4548 1331 4587 non
1361 4544 1526 4588 totam
1566 4545 1801 4604 gentem,
1831 4536 1926 4590 sed

347 4628 556 4688 partem
586 4621 745 4681 illius,
777 4621 878 4675 hoc
919 4630 1019 4684 est,
1067 4624 1263 4677 tribum
1291 4621 1424 4678 Juda
1466 4634 1521 4678 et
1548 4626 1824 4696 Bcnjamin
1856 4628 1929 4680 si-

348 4710 589 4780 gnificat,
633 4712 700 4766 ad
738 4712 1134 4767 distinctionem
1174 4714 1422 4769 videlicet
1467 4716 1744 4782 Samarize,
1781 4717 1928 4771 Gali-

348 4801 478 4865 hem,
510 4801 859 4872 Dccapoleos,
888 4812 942 4857 ct
968 4802 1191 4857 aliarum
1222 4805 1276 4858 in
1310 4820 1373 4858 ea
1396 4806 1497 4860 iem
1540 4808 1813 4877 provincia
1844 4823 1927 4863 re-

345 4892 585 4963 gionum,
638 4908 758 4963 quae
806 4894 931 4949 licet
972 4909 1160 4949 omnes
1201 4902 1307 4949 tina
1351 4895 1529 4967 lingua
1578 4898 1925 4968 loquerentur

348 4982 587 5042 Hebraea,
625 4984 971 5039 domesticam
1001 4993 1175 5039 tamen
1206 4984 1427 5056 singula:
1451 4987 1660 5041 dicendi
1688 4990 1922 5058 speciem

346 5073 581 5129 habuere
607 5064 941 5129 distinctam.~
971 5076 1134 5131 'Undc
1158 5084 1212 5131 et
1251 5076 1443 5131 Petrus
1474 5077 1526 5131 in
1557 5079 1768 5133 Domini
1801 5097 1922 5149 pas-

328 5166 517 5235 ,sione,
543 5168 683 5236 quod
710 5166 959 5223 Galilaeus
989 5170 1059 5225 sit
1088 5170 1295 5240 loquela
1323 5187 1416 5225 sua
1441 5172 1705 5239 proditur.

418 5252 643 5309 Pontum
672 5266 718 5310 et
744 5257 943 5322 Asiam,
968 5255 1246 5330 Phrygiam
1271 5270 1319 5314 ct
1350 5258 1736 5331 Pamphyliam,
1757 5263 1828 5316 Λῖ
1832 5281 1947 5335 931-.

343 5359 488 5415 ptum
535 5355 580 5401 ct
633 5358 814 5433 partes
861 5347 1057 5419 Libym,
1106 5367 1221 5421 qua:
1257 5360 1331 5405 est
1380 5353 1517 5406 circa
1568 5352 1824 5424 Cyrenen,
1874 5367 1923 5410 ct

344 5445 573 5506 «alveare,
619 5441 862 5507 Ilomani,
912 5441 1090 5496 Judcri
1137 5440 1359 5515 quoqzic,
1409 5455 1454 5498 et
1497 5446 1767 5517 proselyli,
1814 5459 1917 5503 etc.

346 5530 673 5603 l’roselytos,
702 5533 753 5588 id
782 5541 883 5597 est,
911 5533 1165 5599 advenas,
1206 5534 1583 5603 nuncupabant
1618 5551 1711 5590 cos
1733 5538 1823 5607 qui
1856 5539 1920 5592 de

347 5623 591 5689 gentibus
632 5621 891 5696 originem
921 5623 1195 5687 ducentes,
1242 5625 1709 5681 circumeisioncm
1745 5636 1795 5681 rt
1833 5626 1922 5683 Ju-

2026 4483 2057 4523 a
2079 4471 2308 4537 mundo,
2343 4484 2466 4540 quae
2498 4468 2629 4523 facit
2653 4468 2899 4524 habitare
2939 4481 3228 4524 unanimes
3254 4467 3308 4522 iu
3333 4466 3528 4531 domo,
3557 4464 3612 4518 iu

2026 4577 2131 4632 qua
2148 4565 2311 4619 domo
2326 4563 2448 4618 facit
2464 4562 2690 4619 Pateret
2705 4563 2875 4617 Filius
2892 4564 3255 4623 mansionem,
3279 4558 3375 4627 qui
3399 4560 3612 4623 donant

2026 4663 2082 4708 et
2112 4652 2283 4723 ipsam
2334 4654 2709 4711 dilectionem.
2735 4655 2949 4717 Duilius
2980 4655 3187 4709 donant
3212 4652 3267 4707 in
3300 4653 3409 4707 line
3439 4652 3611 4706 etiam

2025 4762 2177 4802 suam
2206 4748 2726 4814 munito-stationem,
2782 4750 2850 4803 de
2876 4763 2983 4817 qua
3016 4747 3459 4802 manifestationc
3513 4744 3603 4799 di-

2024 4838 2266 4907 scipulus
2290 4840 2668 4911 interrogavit,
2700 4850 2757 4895 et
2782 4842 2994 4896 audivit
3019 4840 3086 4896 ad
3111 4841 3253 4895 lianc
3282 4838 3606 4896 manifesta-

2029 4931 2228 4986 tionem
2270 4947 2367 5001 per
2387 4934 2735 4988 dilectionem
2760 4933 3191 5005 perveniendum
3220 4949 3365 4990 esse.

2096 5029 2203 5093 Qui
2230 5044 2333 5080 non
2396 5030 2570 5099 diligit
2601 5047 2679 5084 me
2708 5046 2975 5084 sermones
3005 5045 3148 5084 meos
3181 5046 3285 5085 non
3312 5039 3513 5084 servat.
3545 5026 3608 5081 lli

2023 5133 2151 5175 sunt
2176 5121 2269 5189 qui
2300 5120 2512 5175 Patrem
2533 5133 2590 5176 ct
2623 5123 2888 5192 Spiritum
2915 5131 3168 5178 sanctum
3200 5138 3485 5192 nunquam
3522 5123 3606 5176 vl-

2020 5216 2174 5280 dent,
2206 5215 2402 5270 Filium
2433 5227 2641 5276 autem,
2664 5233 2774 5271 non
2802 5226 2862 5271 ut
2883 5217 3279 5281 beneflccntur,
3303 5217 3399 5272 sed
3434 5219 3601 5286 utju-

2019 5310 2273 5363 dicentur
2301 5311 2366 5363 ad
2407 5312 2681 5365 modicum
2733 5311 2947 5376 vident,
2982 5326 3084 5367 nec
3115 5312 3294 5381 ipsum
3335 5313 3388 5364 iu
3425 5312 3600 5365 forma

2020 5401 2135 5464 Dei,
2193 5401 2285 5456 ulii
2320 5411 2403 5455 cst
2434 5419 2558 5456 cum
2619 5404 2776 5458 Patre
2810 5413 2862 5481 ct
2902 5404 3108 5471 Spiritu
3146 5414 3360 5465 sancto,
3393 5403 3602 5473 pariter

2016 5496 2328 5560 invisibilis,
2363 5497 2455 5550 sed
2482 5496 2533 5549 in
2553 5498 2725 5552 forma
2754 5497 3012 5558 hominis,
3029 5497 3121 5551 tibi
3142 5497 3487 5569 essemundu
3507 5510 3600 5548 vo-

2015 5592 2135 5647 luit,
2170 5590 2430 5656 patiendo
2466 5590 2924 5658 contemptibilis,
2957 5590 3260 5661 judiCando
3310 5589 3595 5642 terribilis.

2085 5681 2152 5736 Et
2179 5699 2470 5737 sermonem
2495 5698 2645 5752 quem
2675 5685 2902 5739 audistis
2932 5701 3035 5739 non
3059 5695 3135 5740 est
3168 5700 3335 5749 meus,
3368 5687 3465 5739 sed
3490 5684 3598 5745 rius
