3954 6200
297 279 400 337 5Ξ9

1083 278 1599 334 (ῙΟΙΛΑΕΟΤΙΟΝΕΞ
1641 277 1706 331 ΙΝ
1747 277 2125 332 EPISTULAS
2165 279 2250 332 ΕΤ
2301 279 2713 334 EVANGELIA.

3456 285 3560 337 330

291 396 379 466 qui
402 394 547 448 misit
577 411 655 448 me
678 393 868 448 Patris.
896 395 1031 463 Quid
1063 406 1144 450 est
1189 397 1332 466 quod
1368 397 1516 465 prius
1551 394 1740 464 plurali
1785 409 1878 447 nu-
1905 397 1952 454 Α
1980 391 2090 454 hat,
2123 402 2176 446 et
2214 393 2353 446 idem
2394 394 2507 463 ipse
2537 392 2786 446 Christus
2831 401 2885 446 et
2911 394 3070 447 homo
3115 405 3168 448 et
3214 396 3373 450 Deus.
3424 400 3560 471 Erga

296 501 444 542 mero
456 499 735 540 sermones
747 487 898 548 dixit,
915 503 1059 542 nunc
1073 497 1249 543 autem
1267 488 1522 558 singulari
1539 487 1877 542 sermonem?

295 577 550 632 Fortasse
573 577 974 645 praedicationis
1007 578 1078 632 ibi
1108 594 1388 633 sermones
1416 586 1762 640 monstraret,
1794 579 1881 632 hic

293 683 423 724 vero
459 669 720 737 seipsum,
748 668 840 737 qui
870 677 953 722 est
974 665 1202 722 Verbum
1247 669 1443 728 Patris,
1475 677 1528 722 et
1551 669 1672 723 ideo
1698 668 1833 724 dixit
1861 687 1874 722 :

296 774 400 813 non
430 774 612 822 suum,
643 759 788 827 quia
811 774 868 814 se
899 760 1014 829 ipso
1063 774 1169 813 non
1194 768 1294 823 est,
1327 760 1420 814 sed
1446 777 1472 813 a
1493 758 1672 812 Patre.
1724 758 1881 813 Sicut

297 869 395 907 nec
429 866 527 905 sua
551 852 750 922 imago,
783 849 1079 915 sedPatt-is,
1107 866 1205 906 nec
1230 847 1546 915 snusFilius,
1567 851 1661 906 sed
1681 844 1877 904 Patris.

295 945 461 998 Recte
497 943 660 1012 igitur
689 945 895 997 auctori
928 943 1152 1007 tribuit,
1177 941 1434 1012 quidquid
1470 941 1602 996 facit
1637 942 1878 1011 mqualis,

295 1050 326 1088 a
349 1048 456 1103 quo
486 1032 653 1086 habet
697 1033 800 1087 hoc
843 1033 1018 1101 ipsum
1047 1071 1062 1098 ,
1104 1030 1247 1100 quod
1282 1031 1356 1084 illi
1385 1040 1470 1085 est
1522 1031 1883 1087 indili'erenter

295 1123 542 1194 aqualis.

369 1213 502 1268 Htec
525 1213 732 1267 locutus
755 1229 872 1266 sum
901 1212 1042 1266 vobis
1073 1213 1212 1283 apud
1247 1229 1333 1268 vos
1353 1230 1588 1268 manens.
1620 1213 1708 1267 Illa
1733 1228 1883 1267 man-

298 1307 398 1371 sio,
443 1306 512 1374 de
538 1320 643 1374 qua
671 1305 920 1374 superius
952 1305 1106 1369 dixit,
1140 1313 1193 1359 et
1214 1304 1472 1375 spiritalis
1509 1313 1616 1368 est,
1650 1319 1769 1375 quae
1791 1319 1882 1360 so-

300 1397 366 1451 lis
397 1396 604 1451 sanctis
626 1396 804 1450 datur.
827 1395 953 1449 Ilzec
975 1411 1102 1450 vero
1125 1395 1191 1450 de
1211 1411 1314 1464 qua
1344 1411 1486 1450 nunc
1516 1395 1668 1460 dicit,
1693 1408 1884 1462 corpo-

300 1488 432 1542 ralis
457 1495 576 1548 est,
624 1487 690 1541 de
721 1502 817 1541 sua
856 1486 1142 1556 przesentia
1191 1485 1460 1555 corporali
1515 1487 1885 1542 tantummodo

299 1579 459 1642 dixit,
477 1592 640 1647 quam
662 1577 876 1647 utrique
901 1588 956 1632 et
979 1577 1107 1646 justi
1127 1587 1180 1631 et
1202 1577 1548 1647 impiividere
1572 1584 1881 1647 potuerunt.

299 1667 392 1721 illa
421 1669 477 1723 in
507 1676 767 1723 aeternum
790 1667 1066 1723 beatiﬁcat
1097 1667 1368 1731 liberatos,
1400 1667 1513 1720 hzcc
1540 1666 1596 1719 in
1647 1674 1885 1736 tempore

1981 485 2089 538 ibat
2124 501 2219 556 per
2251 486 2300 539 id
2329 487 2470 554 quod
2495 488 2656 540 immo
2688 494 2824 549 erat,
2855 495 2908 539 ct
2935 488 3188 541 manebat
3221 503 3317 556 per
3347 490 3395 542 id
3421 493 3563 559 quod

1983 577 2121 629 Deus
2147 586 2281 629 erat.
2306 575 2472 646 igitur
2496 575 2637 631 Deus
2668 578 2758 646 qui
2784 576 2932 630 nullo
2959 578 3267 632 continetur
3288 578 3428 646 loco,
3460 584 3568 638 dis-

1980 666 2122 720 cedit
2146 666 2433 737 ab_eorum
2462 668 2712 722 cordibus
2742 667 2834 737 qui
2883 683 3004 721 eum
3051 668 3382 738 relinquunt,
3410 673 3570 728 mori-

1981 757 2080 811 bus
2111 773 2217 812 nou
2244 759 2470 828 pedibus
2504 760 2652 814 venit
2680 760 2746 814 ad
2777 760 2896 814 illos
2917 759 3007 830 qui
3061 771 3453 819 convertuntur
3501 765 3565 819 ad

1981 863 2125 915 eum,
2152 865 2260 903 non
2285 850 2440 914 facie,
2468 851 2563 905 sed
2585 851 2687 905 ﬁde
2715 892 2728 916 ,
2783 859 2838 904 et
2865 849 3127 905 accedunt
3155 852 3221 906 ad
3249 868 3372 908 eum
3397 894 3414 922 ,
3459 871 3565 912 non

1981 955 2146 996 carne
2173 940 2266 995 sed
2289 941 2574 996 charitatc.

2050 1029 2110 1084 Si
2141 1030 2426 1100 diligerctis
2453 1047 2553 1094 me,
2575 1032 2872 1100 gaudentis
2925 1034 3102 1104 utique
3124 1074 3138 1097 ,
3176 1034 3300 1104 quia
3323 1035 3455 1090 vado
3499 1035 3567 1089 ad

1967 1121 2204 1185 Patrem,
2235 1131 2338 1176 etc.
2372 1121 2476 1175 Per
2501 1121 2644 1190 quod
2695 1120 3031 1191 igiturFilius
3076 1139 3184 1178 non
3215 1135 3300 1179 est
3343 1127 3569 1196 mqualis

1973 1209 2144 1277 Patri,
2173 1226 2270 1281 per
2292 1212 2396 1266 hoc
2426 1212 2598 1265 iturus
2628 1218 2746 1265 erat
2783 1211 2852 1266 ad
2869 1207 3106 1282 Patrem,
3131 1215 3182 1268 in
3224 1231 3330 1283 quo
3379 1218 3570 1269 ventu-

1982 1321 2079 1360 rus
2105 1313 2208 1369 est,
2236 1306 2386 1359 vivos
2407 1305 2740 1372 iudicaturus
2766 1312 2820 1359 et
2849 1313 3124 1370 mortuos;
3152 1321 3246 1376 per
3275 1306 3402 1361 illud
3437 1323 3567 1361 vero

1983 1397 2126 1468 quod
2152 1405 2238 1451 est
2260 1397 2480 1465 aequalis
2501 1393 2665 1459 Patri,
2696 1412 2968 1464 nunquam
2993 1399 3216 1452 recessit
3233 1417 3257 1450 a
3275 1397 3455 1463 Patre,
3473 1401 3566 1454 sed

1984 1503 2105 1542 cum
2141 1486 2228 1540 illo
2254 1496 2337 1540 est
2362 1487 2560 1555 ubique
2593 1495 2736 1540 totus
2769 1501 2866 1556 per
2901 1487 3234 1540 divinitatem
3266 1504 3426 1557 quam
3455 1489 3572 1542 nul-

1987 1578 2068 1631 lus
2091 1577 2331 1631 continet
2372 1577 2554 1639 locus,
2608 1591 2963 1645 agnoscamus
3000 1576 3272 1648 geminam
3319 1579 3571 1632 substan-

1989 1669 2116 1722 tiam
2139 1667 2360 1730 Christi,
2394 1667 2628 1721 divinam
2657 1667 2882 1731 scilicet,
2914 1683 3018 1737 qua
3046 1667 3269 1736 aequalis
3299 1667 3568 1735 estPatri,

301 1760 491 1814 visitat
519 1759 842 1814 liberandos.
895 1756 1046 1821 "rec,
1082 1757 1298 1825 inquit,
1355 1755 1558 1810 locutus
1602 1773 1717 1810 sum
1745 1757 1885 1811 vobis
1916 1755 1960 1812 B
1989 1761 2298 1824 humanam,
2324 1773 2428 1828 qua
2459 1756 2627 1825 major
2661 1767 2745 1813 est
2763 1757 2939 1812 Pater.
2971 1758 3272 1829 Utrumque
3297 1769 3474 1812 autem
3500 1761 3573 1813 si-

299 1851 443 1919 opud
470 1867 557 1904 vos
585 1866 818 1913 manens,
836 1848 1023 1917 utique
1043 1847 1327 1918 prmsentia
1351 1846 1615 1916 corporali
1633 1863 1737 1902 una
1764 1861 1886 1902 cum

300 1941 412 1995 illis
439 1939 742 1995 visibilibus
773 1937 1112 2006 loquebatur.

374 2023 688 2088 Paraclétus
715 2028 1132 2100 autemSpiritus
1157 2039 1386 2092 sanctus,
1411 2045 1561 2100 quem
1605 2030 1769 2082 mittet
1787 2023 1890 2082 Pa-

299 2137 379 2182 ter
399 2126 456 2179 in
479 2124 686 2178 nomine
713 2137 848 2186 meo,
872 2120 959 2174 ille
977 2137 1064 2174 vos
1103 2120 1300 2174 docebit
1344 2119 1544 2184 omnia,
1575 2126 1680 2173 etc.
1722 2117 1886 2172 Multa

300 2218 438 2272 dixit
469 2213 813 2269 audientibus
844 2210 1166 2275 inﬁdelibus,
1193 2227 1314 2281 qua:
1341 2210 1393 2264 in
1417 2223 1605 2264 eorum
1626 2208 1788 2263 corde
1810 2208 1886 2263 lo-

301 2323 428 2365 cum
458 2321 566 2360 non
611 2305 952 2367 invenerunt,
979 2303 1103 2371 quia
1134 2302 1358 2371 spiritus
1381 2308 1600 2356 sanctus
1628 2299 1770 2354 intus
1797 2315 1890 2355 eos

302 2413 410 2453 non
440 2395 687 2451 docebat.
721 2393 885 2448 Multa
936 2393 1068 2448 dicit
1102 2392 1339 2462 quotidie
1367 2406 1464 2462 per
1497 2397 1713 2445 sanctos
1755 2405 1891 2460 pra:-

302 2491 598 2551 dicatorcs,
620 2501 740 2557 qua:
760 2486 1042 2540 audientes
1073 2485 1296 2538 interius
1323 2498 1426 2537 non
1461 2482 1744 2552 recipiunt,
1762 2482 1887 2551 quia

289 2578 529 2649 Spiritus
564 2584 784 2633 sanctus
804 2592 910 2630 non
937 2576 1174 2646 suggerit
1193 2576 1271 2630 eis
1299 2575 1682 2644 interius,qua:
1707 2575 1889 2630 audie-

304 2679 432 2724 runt
461 2669 703 2724 exterius
723 2709 736 2732 ,
787 2667 853 2722 de
879 2681 986 2737 quo
1033 2674 1176 2721 recte
1227 2666 1558 2736 promittitur
1589 2683 1603 2720 :
1635 2664 1756 2735 Ipse
1801 2681 1888 2719 vos

303 2762 506 2816 docebit
533 2761 732 2816 omnia.
768 2757 906 2825 Quia
933 2759 1035 2814 nisi
1060 2758 1201 2813 idem
1214 2754 1449 2829 Spiritus
1471 2758 1635 2812 corde
1670 2756 1890 2811 assistat

305 2853 598 2917 audientis,
629 2851 836 2906 otiosus
881 2858 965 2904 est
1003 2863 1181 2905 sermo
1218 2849 1470 2903 doctoris.
1529 2847 1698 2903 Nemo
1744 2847 1890 2902 enim

305 2943 520 2998 docenti
559 2941 761 2997 homini
801 2939 1019 3004 tribuat,
1043 2939 1274 3008 quodex
1313 2953 1408 2993 ore
1443 2938 1689 2994 docentis
1735 2937 1891 2994 intel-

305 3035 436 3105 ligit,
466 3033 596 3104 quia
623 3032 728 3087 nisi
756 3031 899 3086 intus
930 3031 1001 3084 sit
1023 3030 1113 3099 qui
1141 3031 1330 3085 doceat
1354 3069 1369 3095 ,
1433 3029 1667 3084 doctoris
1706 3028 1891 3100 lingua

1991 1853 2100 1906 mul
2115 1868 2219 1906 non
2234 1853 2358 1915 duo,
2384 1850 2476 1904 sed
2500 1865 2638 1904 unus
2653 1849 2920 1914 Christus,
2933 1865 3001 1903 ne
3016 1851 3087 1903 sit
3103 1851 3458 1918 quaternitas,
3477 1851 3569 1903 sed

1989 1942 2202 1996 trinitas
2227 1943 2386 1995 Deus.
2419 1939 2572 1994 Sicut
2598 1939 2740 1993 enim
2772 1955 2909 1993 unus
2931 1949 3016 1993 est
3059 1941 3220 1994 homo
3255 1940 3434 1993 anima
3481 1955 3571 1992 ra-

1988 2033 2270 2087 tionalisct
2287 2047 2434 2096 caro,
2468 2031 2547 2086 sic
2575 2046 2713 2084 unus
2739 2039 2824 2085 est
2849 2030 3117 2093 Christus,
3138 2033 3277 2087 Deus
3307 2038 3361 2085 ct
3385 2032 3568 2085 homo.

1987 2124 2066 2180 Ac
2115 2140 2212 2195 per
2240 2125 2340 2180 hoc
2365 2125 2612 2179 Christus
2653 2134 2708 2179 et
2736 2127 2911 2188 Deus,
2962 2127 3141 2179 anima
3193 2124 3472 2180 rationalis
3519 2132 3574 2179 et

1988 2230 2138 2281 caro,
2162 2213 2436 2269 Christum
2486 2215 2538 2268 in
2566 2215 2651 2269 his
2701 2215 2970 2280 omnibus,
3002 2215 3278 2271 Christum
3307 2217 3360 2269 in
3394 2217 3575 2287 singu-

1986 2303 2054 2358 lis
2082 2304 2422 2358 confitemur.
2448 2305 2580 2371 Quis
2609 2313 2842 2375 estergo
2866 2346 2880 2371 ,
2927 2320 3024 2374 per
3068 2321 3227 2376 quem
3285 2306 3458 2361 factus
3492 2315 3576 2361 est

1989 2397 2255 2450 mundus?
2278 2397 2526 2452 Christus
2549 2395 2724 2456 Jesus,
2759 2397 2854 2451 sed
2887 2397 2942 2450 in
2966 2397 3133 2452 forma
3180 2398 3295 2453 Dei.
3335 2398 3466 2466 Quis
3493 2408 3576 2454 est

1987 2485 2088 2540 sub
2118 2484 2310 2540 Pontio
2341 2485 2516 2540 Pilato
2541 2485 2881 2540 crucifixus?
2915 2486 3164 2542 Christus
3193 2487 3370 2554 Iesus,
3398 2488 3490 2542 sed
3522 2489 3576 2544 in

1989 2577 2159 2633 forma
2203 2578 2362 2633 servi.
2388 2577 2521 2633 Item
2551 2578 2616 2634 de
2655 2577 2882 2650 singulis
2907 2579 3101 2648 quibus
3129 2577 3288 2634 homo
3341 2589 3573 2634 constat.

1989 2668 2120 2735 Quis
2145 2685 2249 2724 non
2278 2678 2360 2724 est
2389 2670 2680 2726 derelictus
2724 2671 2779 2724 in
2824 2670 3073 2725 inferno?
3098 2671 3346 2727 Christus
3395 2671 3576 2736 Jesus,

1989 2759 2084 2813 sed
2109 2759 2163 2812 in
2209 2759 2387 2813 anima
2417 2758 2550 2813 sola.
2583 2759 2715 2826 Quis
2738 2769 2821 2815 est
2860 2769 3267 2816 resurrecturus
3310 2770 3362 2816 et
3400 2763 3578 2818 triduo

1981 2845 2154 2916 jacuit
2200 2849 2251 2903 in
2299 2849 2580 2919 sepulcro?
2625 2850 2873 2905 Christus
2900 2850 3075 2914 Jesus,
3102 2851 3194 2906 sed
3223 2853 3275 2906 in
3309 2853 3422 2907 sola
3457 2869 3578 2908 car—

1990 2955 2077 2995 ne.
2109 2939 2318 2995 Dicitur
2347 2955 2475 3011 ergo
2503 2946 2556 2994 et
2583 2940 2635 2995 in
2661 2941 2746 2994 his
2791 2941 3018 3012 singulis
3046 2941 3291 2997 Christus
3323 2961 3339 3009 ;
3386 2959 3577 2998 verum

1993 3031 2108 3087 haec
2135 3031 2317 3086 omnia
2347 3046 2456 3086 non
2498 3031 2605 3086 duo
2628 3030 2711 3085 vel
2738 3039 2865 3098 tres,
2898 3032 2992 3087 scd
3021 3048 3160 3088 unus
3185 3042 3270 3088 est
3295 3032 3576 3100 Christus;

307 3103 547 3182 citerius
577 3124 633 3179 in
659 3136 883 3178 vacuum
921 3121 1147 3175 laborat.
1172 3119 1343 3173 Aliter
1365 3119 1546 3188 itaque
1589 3118 1889 3187 praedican-
1915 3103 1958 3166 C
1991 3123 2112 3180 ideo
2133 3138 2264 3196 ergo
2292 3124 2422 3179 dicit
2447 3141 2459 3178 :
2496 3122 2555 3179 Si
2585 3123 2871 3195 diligeretis
2913 3140 3015 3189 me,
3043 3125 3344 3194 gauderctis
3377 3126 3577 3196 utique,

309 3228 418 3274 tem
448 3216 724 3272 Christum
766 3214 1051 3268 audierunt
1081 3210 1273 3275 Judaei,
1302 3209 1459 3264 aliter
1505 3208 1730 3279 apostoli
1763 3221 1778 3260 :
1811 3207 1888 3261 illi

310 3313 377 3365 ad
400 3309 694 3380 judicium,
745 3307 832 3362 isti
873 3308 938 3362 ad
977 3305 1227 3368 salutem,
1260 3305 1385 3374 quia
1433 3303 1534 3358 hos
1582 3303 1805 3372 spiritus
1834 3301 1886 3355 in

311 3401 493 3454 animo
518 3399 702 3454 docuit
725 3411 845 3467 quae
869 3396 1000 3451 foris
1033 3396 1319 3450 audierunt
1347 3395 1400 3448 in
1429 3409 1578 3448 aure.

382 3489 577 3544 Pacem
599 3488 833 3560 relinquo
860 3487 998 3541 vobis
1025 3527 1040 3551 ,
1092 3502 1273 3556 pacem
1324 3501 1489 3539 meam
1531 3484 1599 3538 do
1637 3483 1776 3538 vobis
1831 3484 1887 3538 In

313 3597 440 3652 pace
465 3581 714 3649 relinquo
739 3593 858 3643 vos,
887 3577 939 3632 in
966 3591 1100 3646 pace
1126 3575 1392 3632 inveniam
1434 3589 1561 3638 vos;
1613 3573 1704 3629 hic
1733 3573 1892 3627 relin-

315 3693 442 3747 quo,
475 3675 586 3730 illic
610 3673 715 3738 do;
750 3671 1098 3740 sequentibus
1131 3669 1393 3738 relinquo,
1443 3665 1894 3737 pmvenientibus

316 3769 400 3822 do.
432 3767 631 3821 Pacem
651 3779 806 3820 suam
836 3761 1053 3831 reliquit
1075 3760 1230 3815 nobis
1259 3759 1313 3812 in
1346 3759 1449 3812 hoc
1472 3756 1892 3825 saeculo,paeem

317 3872 465 3912 suam
495 3855 644 3912 dabit
671 3853 824 3909 nobis
862 3852 917 3907 in
949 3849 1129 3905 futuro
1155 3848 1374 3904 saeculo.
1417 3847 1613 3901 Pacem
1639 3860 1790 3900 suam
1811 3859 1894 3899 re-

319 3948 470 4019 liquit
493 3947 668 4013 nohis,
693 3954 754 4000 ut
774 3959 872 4000 nos
899 3943 1130 3999 invicem
1151 3941 1456 4012 diligamus.
1489 3940 1686 3996 Pacem
1739 3953 1895 3994 suam

319 4040 462 4095 dabit
486 4039 662 4103 nobis,
695 4036 785 4092 ubi
827 4049 1102 4106 nunquam
1130 4033 1357 4088 invicem
1407 4030 1698 4086 dissentire
1725 4029 1899 4098 possi-

323 4147 456 4186 mus.
497 4128 636 4196 Quid
658 4137 740 4184 est
768 4127 909 4197 quod
935 4125 1104 4182 dicit:
1140 4121 1333 4178 Pacem
1359 4138 1529 4176 meum
1565 4121 1634 4177 do
1661 4121 1900 4185 vobis,et

323 4236 426 4276 non
454 4222 622 4277 dixit:
653 4220 848 4275 Pacem
895 4232 1072 4273 meam
1116 4215 1364 4286 relinquo
1411 4211 1610 4269 vobis?
1653 4211 1901 4267 fortassis

323 4312 448 4381 quia
475 4310 632 4366 aliter
658 4324 823 4374 nunc,
850 4308 1007 4364 aliter
1040 4315 1190 4370 tunc,
1207 4321 1312 4376 pax
1337 4304 1460 4360 erit.
1480 4303 1580 4358 Hic
1609 4316 1740 4357 vero
1761 4301 1899 4357 bella

324 4420 446 4458 eum
475 4403 624 4459 vitiis
663 4401 944 4465 habemus,
970 4399 1092 4454 ideo
1134 4412 1242 4452 non
1280 4395 1507 4461 addidit,
1531 4409 1746 4460 meam;
1790 4393 1901 4450 illic

323 4509 452 4550 vero
500 4495 556 4550 in
583 4503 784 4548 :eterna
829 4505 962 4561 pace
987 4529 1002 4554 ,
1045 4495 1244 4544 aeterna
1291 4495 1409 4542 erat
1440 4485 1801 4555 tranquillitas
1848 4492 1903 4541 et

327 4584 612 4639 concordia
642 4591 696 4638 et
723 4581 842 4636 talis
868 4595 969 4650 pax
989 4620 1005 4646 ,
1059 4578 1273 4649 qualem
1318 4576 1405 4632 ille
1445 4577 1635 4631 habuit
1666 4591 1788 4631 cum
1819 4591 1904 4631 se-

325 4681 574 4746 metipso,
598 4676 689 4746 qui
712 4674 918 4730 nullum
943 4672 1132 4728 habuit
1153 4672 1210 4726 in
1241 4673 1422 4741 seipso
1449 4678 1756 4740 peccatum.

408 4771 524 4826 Non
547 4769 804 4843 quomodo
854 4769 939 4823 hic
964 4766 1189 4822 mundus
1239 4765 1352 4830 dat,
1389 4780 1482 4836 ego
1513 4764 1581 4818 do
1637 4763 1797 4818 vobis.
1844 4761 1902 4818 Id

327 4868 440 4919 est.
460 4876 562 4916 non
591 4859 864 4930 quomodo
890 4856 1151 4913 immundi
1175 4856 1420 4911 homines
1435 4869 1576 4925 saepe
1594 4854 1698 4910 sibi
1723 4853 1776 4907 in
1807 4867 1902 4907 sua

330 4952 532 5007 malitia
560 4950 908 5014 concordant,
937 4948 1031 5002 sed
1061 4946 1350 5017 quomodo,
1379 4945 1470 5014 qui
1495 4943 1599 5000 sibi
1622 4943 1674 4997 in
1703 4943 1906 4997 sancti-

332 5050 446 5100 tate
469 5043 815 5106 concordant,
843 5049 898 5096 et
937 5040 993 5094 in
1037 5037 1237 5094 Christi
1291 5051 1349 5092 se
1377 5036 1643 5092 charitate
1684 5035 1908 5104 conjun-

333 5143 484 5204 gunt.

410 5228 527 5283 Non
554 5230 793 5283 turbetur
817 5243 908 5281 cor
928 5237 1171 5282 vestrum.
1199 5239 1360 5294 neque
1386 5221 1648 5292 fomtidet.
1674 5222 1906 5276 Audistis

337 5321 458 5385 quia
486 5336 575 5390 ego
600 5319 712 5373 dixi
742 5318 902 5384 vobis,
933 5317 1064 5371 vado
1093 5325 1143 5370 et
1171 5317 1314 5371 venio
1367 5314 1436 5367 ad
1475 5329 1580 5368 vos.
1617 5314 1752 5368 Hinc
1798 5322 1911 5368 tur-

339 5413 454 5468 bari
476 5421 530 5468 et
559 5412 838 5470 formidari
877 5418 1092 5482 poterat
1117 5424 1210 5465 cor
1233 5408 1476 5471 illorum,
1509 5407 1652 5476 quod
1685 5407 1794 5461 ibat
1840 5407 1910 5461 ab

341 5504 440 5567 eis,
467 5505 711 5574 quamvis
731 5511 990 5559 venturus
1018 5509 1164 5556 esset
1191 5501 1259 5555 ad
1289 5514 1405 5565 eos,
1430 5513 1500 5553 ne
1543 5495 1768 5552 forsitan
1794 5512 1911 5567 gre-

343 5612 458 5666 gem
488 5596 640 5666 lupus
662 5597 763 5651 hoc
788 5592 1071 5649 intervallo
1098 5591 1392 5656 invaderet,
1411 5597 1628 5659 pastore
1657 5588 1909 5653 absente;

346 5685 436 5738 sed
462 5701 490 5739 a
512 5687 704 5755 quibus
735 5685 896 5739 homo
919 5681 1278 5746 abscedebat,
1327 5682 1469 5735 Deus
1492 5695 1598 5735 non
1644 5681 1913 5749 relinque-

740 5780 1015 5837 Psrnor..
1057 5775 1187 5835 Cll.

1985 3215 2112 3284 quia
2161 3214 2293 3268 vado
2348 3213 2417 3267 ad
2461 3207 2699 3267 Patrem.
2769 3213 3034 3280 Quoniam
3082 3223 3292 3270 natura:
3330 3216 3582 3270 humanae

1987 3305 2366 3377 gratulandum
2395 3312 2499 3370 est,
2523 3319 2590 3359 eo
2611 3303 2754 3375 quod
2785 3315 3064 3374 assumpta
3090 3307 3161 3361 sit
3196 3305 3420 3363 aVcrbo
3455 3309 3584 3362 uni-

1989 3397 2190 3467 genito,
2220 3404 2280 3451 ut
2313 3395 2647 3452 immortalis
2681 3397 3105 3452 constitueretur
3154 3398 3208 3451 in
3257 3397 3395 3452 coelo
3424 3438 3439 3463 ,
3477 3399 3582 3453 hoc

1989 3488 2133 3542 enim
2162 3488 2320 3542 modo
2343 3503 2402 3542 se
2431 3487 2632 3541 iturum
2661 3487 2799 3542 dixit
2836 3489 2901 3542 ad
2922 3485 3155 3541 Patrem.
3179 3487 3296 3542 Non
3339 3487 3582 3558 profecto

1992 3579 2058 3633 ad
2097 3577 2244 3632 illum
2273 3577 2404 3641 ibat,
2436 3577 2528 3646 qui
2563 3592 2687 3632 cum
2742 3577 2835 3631 illo
2883 3587 3021 3642 erat,
3055 3578 3151 3632 sed
3203 3578 3304 3633 hoc
3347 3586 3465 3633 erat
3501 3578 3582 3635 ire

1993 3673 2058 3728 ad
2082 3672 2253 3737 illum,
2279 3678 2333 3725 et
2377 3671 2633 3725 recedere
2658 3684 2688 3723 a
2716 3670 2892 3736 nobis,
2924 3679 3137 3726 mutare
3170 3679 3331 3741 atque
3356 3671 3581 3727 immor-

1995 3759 2100 3816 tale
2134 3758 2334 3826 facere,
2367 3759 2510 3829 quod
2537 3759 2766 3814 mortale
2795 3760 3053 3830 suscepit,
3095 3775 3162 3815 ex
3194 3761 3377 3827 nobis,
3429 3769 3486 3819 et
3513 3762 3583 3818 ad

1995 3849 2272 3903 dexteram
2295 3848 2624 3904 constituere
2646 3848 2835 3919 patris,
2868 3864 2968 3920 per
3014 3852 3155 3920 quod
3187 3851 3288 3906 fuit
3331 3854 3385 3907 in
3435 3861 3582 3908 terra

1995 3955 2094 4012 pro
2133 3939 2308 3995 nobis.
2342 3940 2545 3994 Deinde
2575 3940 2688 4008 ipse
2717 3939 2975 3996 Dominus
2994 3941 3152 3997 Jesus
3179 3941 3475 4011 subiunxit.

2069 4031 2138 4085 Et
2168 4047 2306 4086 nunc
2333 4031 2445 4085 dixi
2470 4031 2613 4085 vobis
2635 4035 2942 4102 priusquam
2982 4033 3100 4102 fiat,
3133 4043 3191 4087 ut
3218 4051 3336 4088 cum
3381 4034 3581 4102 factum

2000 4124 2158 4194 fuerit
2186 4125 2430 4178 credatis.
2469 4123 2602 4180 Illud
2637 4126 2822 4194 utique
2857 4126 3005 4191 dicit,
3036 4129 3178 4197 quod
3223 4127 3422 4184 factum
3466 4128 3585 4185 fue-

2000 4215 2093 4279 rit,
2120 4215 2263 4284 quod
2287 4229 2411 4269 eum
2439 4225 2560 4286 post
2584 4223 2813 4271 mortem
2845 4217 3012 4271 visuri
3036 4225 3194 4273 erant
3213 4219 3502 4288 viventem,
3529 4228 3587 4278 et

2001 4303 2070 4359 ad
2093 4301 2311 4360 Patrem
2334 4304 2742 4360 ascendentem.
2773 4305 3027 4361 Poterant
3065 4308 3210 4362 enim
3235 4309 3484 4368 dubitare
3535 4311 3586 4368 si

1973 4389 2147 4452 Filius
2172 4396 2268 4452 Dei
2303 4403 2462 4461 esset,
2497 4412 2619 4452 cum
2651 4412 2773 4452 eum
2799 4397 3048 4454 viderunt
3098 4401 3452 4470 moriturum,
3491 4405 3585 4460 sed

1925 4460 1980 4520 Ῑ)
2003 4501 2127 4542 cum
2164 4487 2416 4543 viderunt
2439 4503 2562 4542 eum
2600 4489 2964 4545 resurrexisse
3000 4493 3330 4560 credebant,
3381 4496 3435 4551 in
3477 4512 3584 4566 quo

2004 4585 2130 4633 ante
2154 4577 2497 4641 dubitabant,
2526 4586 2582 4633 et
2604 4577 2925 4636 confirmata
2966 4589 3049 4637 est
3078 4583 3210 4640 fides
3240 4585 3294 4641 in
3331 4589 3588 4644 cordibus

2003 4683 2214 4734 eorum,
2243 4684 2406 4740 quam
2433 4669 2540 4724 illis
2561 4670 2922 4740 praedixerat,
2962 4674 3053 4742 qui
3089 4682 3145 4730 et
3179 4690 3273 4733 ore
3299 4680 3545 4749 promisit
3572 4722 3588 4747 ,

2005 4761 2134 4832 quid
2188 4760 2429 4816 facturus
2456 4770 2576 4818 erat
2615 4769 2670 4818 et
2718 4777 2882 4833 opere
2907 4766 3226 4836 complevit,
3276 4770 3420 4839 quod
3465 4778 3594 4830 ante

2004 4852 2272 4922 praedixit.
2295 4853 2497 4909 Deinde
2519 4853 2648 4923 quid
2673 4854 2802 4909 dicit
2827 4873 2840 4908 :

2082 4942 2206 4997 Jam
2236 4961 2338 4998 non
2367 4947 2533 4999 inuita
2579 4944 2767 5016 loquar
2795 4947 3081 5012 uobiscum,
3105 4951 3240 5003 venit
3278 4951 3413 5004 enim
3449 4951 3594 5023 prin-

2009 5053 2128 5106 ceps
2161 5037 2344 5090 mundi
2372 5036 2550 5107 hujus.
2582 5037 2737 5104 Quis,
2762 5038 2866 5093 nisi
2893 5039 3173 5096 diabolus?

2080 5129 2151 5184 Et
2177 5129 2233 5184 in
2261 5147 2341 5184 me
2367 5147 2470 5184 non
2498 5131 2650 5185 habet
2677 5131 2981 5204 quidquam.
3007 5132 3220 5189 Nullum
3251 5135 3456 5192 scilicet
3475 5151 3595 5191 om-

2013 5223 2143 5278 nino
2161 5229 2466 5292 peccatum,
2493 5223 2618 5277 hinc
2641 5223 2787 5278 enim
2815 5224 3056 5280 ostendit
3093 5226 3363 5282 diabolum
3389 5227 3594 5298 princi-

2012 5330 2136 5385 pem
2164 5329 2287 5370 esse
2336 5327 2679 5384 peccatorum
2725 5316 3037 5382 hominum,
3081 5334 3190 5374 non
3225 5328 3595 5374 creaturarum

2017 5407 2130 5471 Dei,
2155 5414 2212 5461 et
2233 5408 2659 5477 quotiescunque
2685 5409 2871 5463 mundi
2902 5409 3027 5481 fuga
3057 5410 3110 5464 in
3138 5411 3279 5466 mala
3321 5404 3598 5478 signiﬁca-

2013 5497 2162 5552 tione
2194 5498 2412 5568 ponitur
2435 5515 2542 5554 non
2566 5503 2827 5567 ostendit,
2860 5503 2964 5557 nisi
2993 5503 3174 5557 mundi
3207 5502 3362 5554 istius
3391 5505 3599 5554 amato-

2018 5604 2107 5645 res
2131 5600 2187 5645 et
2215 5605 2322 5644 non
2351 5590 2466 5646 Dei.
2494 5591 2652 5648 Absit
2677 5596 2823 5648 enim
2841 5636 2854 5658 ,
2889 5603 2948 5648 ut
2973 5595 3256 5648 credamus
3296 5589 3597 5660 principem

2019 5695 2141 5736 esse
2167 5681 2289 5736 etnli
2311 5691 2366 5737 et
2394 5691 2550 5739 terra:
2593 5691 2648 5738 et
2677 5693 3048 5739 creaturarum
3098 5679 3336 5734 omnimn
3365 5695 3483 5749 qua:
3511 5694 3600 5750 ge-

3166 5773 3228 5830 Η
