3954 6200
343 273 434 325 πη
731 300 750 314 α
1616 246 1894 303 SMARAG
1907 247 1932 298 ἱ

2055 243 2302 299 BBATIS

3509 239 3615 296 332

336 389 593 450 neraliter
626 381 809 440 mundi
856 377 1210 450 appellantur.
1243 373 1410 428 Totus
1461 372 1642 438 itaque
1691 364 1920 421 mundus
1950 370 1996 420 A
2031 378 2049 412 ι
2084 360 2232 416 denti
2253 375 2429 450 super
2452 361 2704 414 thronum
2734 358 2934 413 viventi
2965 358 3023 450 in
3047 355 3239 412 satcula
3271 355 3614 450 smenlorum,

337 482 504 540 servit
528 493 627 533 suo
647 471 879 530 creatori
921 484 1030 522 non
1060 463 1368 534 deceptori;
1407 455 1765 527 redemptori,
1813 469 1919 508 non

337 566 709 638 interemptori
731 582 745 629 ;
773 571 826 617 et
842 560 1047 631 regitur
1071 553 1472 626 dispensatione
1488 549 1691 614 divina,
1705 560 1812 600 non
1826 543 1923 598 ini-

338 661 466 716 mici
511 655 748 713 versutia
812 647 1143 705 subvertitur
1189 651 1386 715 prseter
1435 639 1686 695 homines
1739 642 1922 705 partes

339 754 501 814 illius,
527 749 616 818 qui
639 743 858 817 propria
899 741 1192 803 voluntate,
1219 752 1324 790 non
1352 733 1681 789 necessitate
1717 731 1921 799 aliqua,

338 858 396 897 se
435 839 725 910 subjiciunt
769 831 1015 894 diabolo,
1062 828 1204 883 unde
1232 836 1288 883 et
1331 823 1620 895 Apostolus
1651 822 1766 876 ait:
1799 818 1925 875 Non

337 942 412 987 est
439 931 585 986 nobis
609 925 907 982 colluctatio
935 922 1184 976 adversus
1211 933 1422 972 carnem
1443 927 1490 970 et
1519 913 1854 984 sanguinem,
1871 911 1925 966 id

339 1031 445 1085 est,
476 1022 738 1076 adversus
767 1015 1035 1077 homines,
1065 1010 1156 1064 sed
1192 1009 1439 1064 adversus
1468 1013 1746 1076 potestates
1771 1013 1817 1058 et
1847 1019 1924 1056 re-

340 1125 505 1166 ctores
533 1110 864 1165 tenebrarum
890 1106 1082 1158 harum
1149 1103 1360 1175 (Ephes.
1389 1096 1492 1168 vt),
1525 1096 1577 1150 id
1611 1103 1715 1160 cst,
1738 1108 1929 1164 pecca-

341 1213 539 1266 torum,
570 1200 662 1270 qui
696 1199 751 1252 in
783 1192 1024 1251 tenebris
1075 1198 1296 1246 manent
1330 1187 1634 1257 iniquitatis
1679 1201 1816 1256 quos
1843 1201 1931 1240 re-

339 1303 520 1348 ctores
547 1288 766 1360 angelos
793 1301 916 1341 esse
939 1285 1246 1340 desertores
1281 1279 1566 1350 designant
1593 1317 1607 1341 ,
1662 1277 1756 1330 sed
1803 1281 1930 1329 sunt

341 1384 431 1453 qui
458 1397 558 1454 per
584 1380 816 1450 gratiam
839 1376 1077 1440 Dei,non
1097 1372 1331 1443 propriis
1360 1369 1706 1424 meritisinde
1732 1380 1932 1421 eruun-

344 1484 448 1536 tur,
475 1474 540 1528 de
564 1470 761 1541 quibus
787 1467 862 1521 ait
897 1463 1220 1533 Apostolus:
1253 1460 1455 1514 Fuistis
1488 1461 1624 1513 enim
1645 1455 1929 1528 aliquando

343 1564 586 1624 tenebrat,
616 1575 752 1614 nunc
771 1567 943 1611 autem
973 1554 1064 1609 lux.
1087 1555 1140 1608 in
1171 1553 1417 1614 Domino,
1448 1561 1500 1603 ut
1527 1550 1626 1618 [illi
1657 1548 1787 1602 lucis
1819 1564 1932 1601 am-

345 1658 541 1721 bulate,
563 1655 653 1710 sed
681 1653 855 1724 gratia
886 1648 994 1703 Deo
1025 1648 1110 1719 qui
1137 1645 1271 1700 eruit
1296 1661 1412 1707 nos,
1437 1643 1577 1696 sicut
1630 1639 1772 1694 idem
1801 1638 1931 1692 dicit

2032 470 2051 502 ι
2080 449 2432 522 procidcbant
2451 449 2642 520 viginti
2667 458 2898 520 quatuor
2914 448 3156 504 seniores
3182 457 3310 502 ante
3336 447 3617 504 sedentem

2033 561 2051 596 ι
2087 544 2141 598 in
2171 545 2385 610 throno,
2414 552 2472 598 et
2499 542 2796 598 adorabant
2817 543 3088 597 viventem
3125 541 3182 596 in
3211 539 3407 596 sarcula
3447 555 3622 596 saecu-

2033 651 2051 685 t
2084 632 2279 687 lorum.
2325 653 2342 686 ι

2111 721 2228 778 Vidi
2254 725 2444 778 ostium
2468 731 2704 794 apertum
2732 724 2786 776 in
2815 721 2960 776 caelo.
2988 721 3091 793 (Ex
3117 719 3308 793 Beda.)
3332 719 3388 775 Id
3415 730 3522 788 est,
3558 720 3622 777 ii-

2029 814 2150 872 dem
2175 817 2474 873 nativitatis
2500 817 2723 881 Cbristi,
2747 826 2804 871 et
2841 815 3112 885 passionis
3137 855 3152 879 ,
3187 822 3243 869 et
3270 815 3622 870 resurrectio-

2029 909 2114 962 nis
2142 909 2196 962 in
2225 908 2486 962 Ecclesia.
2517 907 2724 964 Ostium
2741 915 3009 976 apertum,
3029 904 3309 960 Christum
3355 913 3539 959 natum
3566 917 3623 961 et

2029 1013 2245 1068 passum
2297 997 2518 1060 indicat,
2551 997 2662 1066 ipse
2702 997 2844 1050 enim
2868 995 2980 1049 ait:
3023 994 3137 1064 Ego
3162 1011 3278 1049 sum
3306 996 3524 1060 ostium,
3574 999 3621 1050 si

2028 1088 2144 1155 quis
2175 1102 2266 1155 per
2299 1101 2378 1138 me
2399 1085 2683 1149 introierit,
2714 1085 3006 1138 salvabitur
3033 1083 3218 1152 (,Joan.
3245 1085 3321 1156 ι).
3350 1085 3417 1140 Et
3447 1087 3577 1142 alibi
3604 1107 3617 1141 :

2035 1176 2201 1230 Nemo
2231 1175 2362 1229 venit
2384 1175 2452 1228 ad
2477 1184 2678 1246 patrem
2709 1176 2813 1228 nisi
2855 1192 2948 1244 per
2974 1191 3054 1229 me
3099 1174 3281 1246 (Joan.
3310 1179 3442 1248 xw).
3465 1176 3620 1243 Quod

2031 1278 2213 1321 autem
2241 1267 2372 1321 dicit
2401 1267 2454 1321 in
2483 1265 2640 1331 ccelo,
2665 1267 2718 1320 in
2746 1266 2988 1323 Ecclesia
3032 1267 3326 1337 significat,
3354 1283 3474 1336 qua:
3501 1281 3618 1323 ca:-

2033 1358 2142 1413 lum
2168 1373 2290 1413 esse
2319 1359 2540 1425 meruit,
2568 1374 2632 1412 eo
2663 1359 2804 1428 quod
2833 1359 2905 1413 sit
2923 1359 3290 1414 habitaculum
3314 1360 3430 1414 Dei.

2103 1449 2172 1504 Et
2204 1467 2301 1506 vox
2339 1451 2510 1522 prima
2537 1467 2695 1521 quam
2723 1449 2921 1514 audivi,
2953 1459 3204 1520 tanquam
3230 1450 3368 1505 tuba:
3401 1450 3620 1522 loquen-

2032 1541 2098 1596 tis
2126 1557 2343 1594 mecum.
2374 1540 2525 1596 Sicut
2545 1540 2688 1596 enim
2714 1555 2816 1594 vox
2844 1541 2984 1596 tuba:
3007 1580 3023 1607 ,
3067 1541 3147 1596 sic
3198 1541 3620 1612 praedicatorum

2033 1649 2134 1688 vox
2157 1642 2262 1698 est,
2291 1633 2504 1703 quando
2530 1632 2722 1688 invitat
2742 1633 3015 1688 auditores
3038 1633 3106 1688 ad
3135 1632 3314 1689 fidem.
3341 1633 3496 1701 Quod
3517 1650 3616 1689 au-

343 1717 632 1818 Apostolus
658 1717 722 1799 de
750 1747 1014 1813 potestate
1037 1717 1432 1797 tenebrarum,
1466 1741 1519 1786 et
1549 1729 1826 1785 transtulit
1871 1729 1924 1783 in
1955 1717 2002 1776 B
2032 1733 2139 1818 tem
2175 1725 2310 1779 dixit
2339 1743 2351 1778 :
2399 1723 2508 1780 Vox
2529 1726 2720 1796 prima,
2748 1724 3068 1781 subauditur
3100 1717 3289 1780 in'ista
3317 1725 3545 1784 visione.

346 1817 698 1908 regnumFilii
735 1829 998 1887 claritatis
1041 1842 1172 1892 suae,
1226 1825 1280 1879 in
1319 1839 1426 1894 quo
1472 1822 1722 1892 princeps
1771 1817 1929 1885 hujus

344 1923 565 1989 mundi,
612 1923 716 1977 hoc
745 1929 847 1986 est,
895 1917 1242 1974 tenebrarum
1284 1914 1497 1976 harum,
1546 1927 1650 1966 non
1699 1910 1931 1964 habebat

343 2016 660 2086 quidquam,
700 2012 826 2081 quia
876 2023 1050 2079 neque
1076 2021 1198 2062 eum
1237 2014 1460 2076 peccato
1490 2005 1633 2059 Deus
1668 2011 1928 2067 venerat,

345 2123 445 2163 nec
485 2106 601 2176 ejus
627 2116 844 2160 carnem
891 2101 957 2156 de
1005 2098 1214 2170 peccati
1243 2096 1534 2166 propagine
1583 2095 1734 2165 virgo
1764 2108 1930 2162 prpe-

345 2206 513 2262 rerat,
542 2205 596 2252 et
623 2204 876 2265 tanquam
899 2193 949 2248 ei
973 2191 1248 2246 diceretur
1276 2206 1289 2244 :
1317 2187 1431 2242 Cur
1476 2202 1605 2258 ergo
1638 2185 1887 2241 morieris
1911 2226 1926 2250 ,

346 2291 392 2346 si
417 2304 524 2344 non
551 2286 718 2342 habes
753 2291 1035 2355 peccatum
1057 2281 1144 2336 cui
1173 2279 1472 2336 debebatur
1514 2278 1707 2333 mortis
1732 2277 1932 2346 suppli-

347 2385 510 2448 cium,
539 2380 797 2436 continuo
843 2375 1074 2446 subjecit
1105 2393 1119 2429 :

419 2473 521 2529 Sed
545 2480 600 2526 ut
625 2477 902 2543 cognoscat
932 2465 1181 2523 mundus.
1211 2465 1338 2535 quia
1381 2463 1546 2532 diligo
1572 2454 1782 2515 Patrem
1807 2501 1821 2526 ,
1883 2470 1931 2514 et

345 2567 478 2620 sicut
508 2561 816 2618 mandatum
846 2557 988 2612 dedit
1019 2555 1149 2612 mihi
1172 2555 1331 2609 Pater
1360 2555 1435 2609 sic
1475 2553 1637 2624 facio.
1679 2551 1930 2606 Discum-

347 2661 480 2714 bens
502 2655 649 2712 enim
677 2649 1140 2708 diseumbentibus
1162 2645 1512 2716 loquebatur;
1539 2659 1725 2698 eamus
1749 2652 1930 2697 autem

348 2748 504 2811 dixit,
534 2759 642 2817 quo
677 2744 780 2799 nisi
807 2741 876 2797 ad
918 2740 1070 2796 illum
1101 2739 1298 2802 locum,
1340 2735 1482 2791 unde
1514 2733 1690 2789 fuerat
1715 2733 1933 2788 traden—

348 2839 482 2894 dus?
510 2837 604 2892 Est
641 2835 804 2890 morti
831 2833 1085 2898 traditus,
1115 2830 1207 2901 qui
1237 2827 1445 2884 nullum
1483 2825 1720 2881 habebat
1765 2824 1932 2880 meri-

349 2939 464 2986 tum
490 2929 702 2995 mortis,
733 2927 830 2983 sed
874 2925 1108 2982 habebat
1162 2930 1222 2978 ut
1264 2927 1568 2977 moreretur
1618 2917 1929 2973 mandatum

348 3031 537 3094 palm.
602 3104 920 3164 DOMINlCA
961 3102 1114 3160 ocr.
1155 3096 1672 3157 PENTECOSTES.

349 3215 544 3258 LEC'HO
580 3213 726 3255 ιιιιιι
761 3211 1108 3252 APOCALYPSIS
1165 3209 1323 3250 BEATI
1376 3206 1592 3250 δοΑΝαιε
1628 3206 1885 3248 Αροετοιι
1913 3232 1928 3258 ,

1019 3281 1138 3320 CAP.
1183 3279 1255 3319 iV.

427 3401 446 3435 ι
481 3382 604 3439 Vidi
624 3381 821 3437 ostium
845 3387 1092 3450 apertum
1113 3379 1168 3434 in
1196 3377 1355 3444 caelo,
1379 3385 1433 3434 et
1450 3392 1552 3432 vox
1575 3377 1748 3448 prima
1771 3390 1932 3445 quam

357 3493 376 3525 ι
412 3473 624 3539 audivi,
655 3481 910 3542 tanquam
939 3471 1079 3526 tuba:
1127 3469 1402 3540 loquentis
1431 3482 1669 3532 mecum,
1697 3467 1884 3523 dicens
1916 3485 1929 3520 :

358 3584 374 3616 ι
405 3564 652 3620 Ascende
688 3564 813 3630 huc,
844 3571 899 3618 et
931 3562 1216 3618 ostendam
1257 3561 1353 3616 tibi
1401 3576 1522 3632 qua:
1559 3568 1773 3631 oportet
1817 3561 1933 3616 ﬁeri

357 3676 373 3707 ι
407 3657 536 3711 cito.
581 3653 710 3710 Post
739 3655 852 3708 haec
882 3652 1068 3706 statim
1095 3649 1172 3705 fui
1216 3652 1270 3706 in
1301 3651 1513 3721 spiritu.
1537 3649 1604 3704 Et
1623 3665 1751 3706 ecce
1779 3649 1936 3706 sedes

359 3766 376 3798 ι
411 3745 584 3815 posita
614 3755 734 3799 erat
756 3743 810 3796 in
835 3741 1066 3807 coelo,et
1085 3756 1248 3810 supra
1284 3741 1465 3796 sedem
1509 3741 1720 3796 sedens.
1754 3739 1820 3793 Et
1844 3738 1935 3808 qui

359 3854 375 3884 ι
416 3833 636 3889 sedebat
682 3830 876 3887 similis
909 3838 1030 3885 erat
1053 3831 1297 3902 aspectui
1337 3830 1568 3899 lapidis,
1603 3828 1836 3900 jaspidis
1881 3836 1938 3882 et

360 3944 377 3974 ι
415 3922 614 3980 sardii;
685 3928 740 3976 ct
783 3920 880 3975 iris
917 3928 1036 3976 erat
1070 3919 1126 3976 in
1175 3920 1407 3976 circuitu
1447 3919 1591 3976 sedis
1634 3919 1826 3975 similis
1852 3919 1934 3973 vi-

362 4036 377 4067 σ
415 4016 553 4072 sioni
597 4013 973 4086 smaragdina,
1007 4021 1062 4068 et
1093 4014 1148 4069 in
1183 4013 1413 4070 circuitu
1459 4013 1606 4069 sedis
1647 4013 1836 4069 sedilia
1863 4013 1939 4066 vi-

361 4127 376 4156 ι
412 4107 544 4178 ginti
578 4113 832 4177 quatuor,
855 4113 908 4162 et
940 4121 1102 4176 supra
1125 4106 1350 4161 thronos
1377 4104 1569 4176 viginti
1594 4113 1830 4174 quatuor
1852 4119 1938 4158 se—

361 4219 376 4250 t
414 4202 614 4264 niores,
645 4199 895 4255 sedentes
924 4199 1128 4256 circum
1167 4200 1350 4255 amicti
1377 4199 1530 4254 stolis
1554 4199 1690 4254 albis
1714 4239 1730 4264 ,
1791 4208 1847 4254 et
1881 4200 1938 4255 in

361 4313 376 4342 ι
418 4293 682 4363 capitibus
709 4307 895 4347 eorum
919 4307 1148 4349 coronas
1167 4308 1380 4349 aureas.
1409 4293 1477 4346 Et
1500 4292 1568 4349 de
1596 4293 1790 4350 throno
1811 4309 1938 4363 pro.

361 4401 377 4432 ι
416 4383 676 4436 cedebant
708 4381 940 4453 fulgura,
971 4391 1027 4437 et
1056 4398 1219 4439 voces
1248 4393 1303 4438 et
1340 4384 1596 4450 tonitrua,
1627 4392 1685 4440 et
1729 4392 1933 4454 septem

361 4491 377 4521 ‹
414 4472 685 4544 lampades
727 4474 980 4529 ardentes
1033 4482 1159 4529 ante
1205 4475 1480 4538 thronum,
1515 4491 1635 4545 quae
1687 4485 1813 4531 sunt
1851 4491 1938 4532 se-

361 4582 377 4613 ι
415 4572 558 4631 ptem
571 4559 806 4634 Spiritus
835 4563 950 4618 Dei.
985 4563 1055 4618 Et
1079 4564 1135 4617 in
1156 4575 1448 4634 conspectu
1479 4565 1644 4630 sedis,
1677 4573 1936 4634 tanquam

362 4673 379 4703 ι
412 4667 562 4705 mare
591 4653 820 4708 vitreum
848 4651 1024 4710 simile
1039 4654 1400 4724 crystallo;et
1425 4655 1479 4709 in
1504 4656 1682 4711 medio
1695 4656 1862 4720 sedis,
1883 4663 1942 4712 et

362 4760 380 4792 ι
418 4743 471 4796 in
498 4742 727 4797 circuitu
747 4743 909 4808 sedis,
929 4751 1162 4812 quatuor
1182 4742 1433 4798 animalia
1448 4744 1606 4814 plena
1625 4744 1796 4800 oculis
1813 4753 1940 4802 ante

363 4853 380 4884 ε
415 4843 468 4888 et
507 4842 675 4889 retro.
724 4834 791 4889 Et
831 4833 1033 4896 animal
1077 4834 1312 4904 primum
1351 4834 1527 4892 simile
1555 4834 1720 4901 leoni,
1751 4843 1806 4892 et
1861 4851 1941 4892 se-

362 4943 380 4975 ι
411 4923 644 4980 cundum
671 4924 870 4980 animal
914 4923 1089 5002 simile
1134 4924 1321 4989 vitulo,
1368 4934 1424 4980 et
1472 4925 1692 4982 tertium
1735 4926 1936 4981 animal

363 5033 380 5066 ι
416 5015 620 5070 habens
635 5014 829 5070 faciem
845 5016 1000 5088 quasi
1020 5017 1275 5083 hominis,
1299 5025 1356 5073 et
1373 5026 1625 5088 quartum
1646 5017 1846 5073 animal
1861 5019 1938 5074 si-

362 5127 381 5156 t
412 5106 538 5162 mile
571 5105 765 5176 aquila:
792 5105 1013 5163 volanti.
1050 5106 1118 5163 Et
1161 5117 1396 5178 quatuor
1430 5109 1702 5174 animalia,
1729 5110 1936 5180 singula

363 5216 382 5248 ι
416 5211 600 5253 eorum
634 5196 904 5254 habebant
958 5199 1070 5256 alas
1116 5214 1297 5266 senas,
1327 5209 1384 5256 et
1409 5201 1466 5255 in
1495 5200 1745 5265 circuitu,
1776 5210 1828 5256 et
1856 5201 1940 5256 in-

363 5309 381 5340 ‹
421 5300 506 5345 tus
542 5289 698 5360 plena
725 5297 850 5345 sunt
877 5292 1069 5359 oculis,
1101 5300 1155 5348 et
1204 5295 1444 5365 requiem
1493 5309 1599 5348 non
1656 5294 1934 5350 habebant

363 5399 381 5430 ε
415 5380 502 5436 die
546 5395 610 5434 ac
640 5389 798 5435 nocte
825 5381 1057 5436 dicentia
1083 5400 1096 5434 :
1127 5380 1388 5448 Sanctus,
1420 5391 1660 5448 sanctus,
1691 5393 1932 5449 sanctus,

362 5488 380 5520 ι
415 5471 674 5526 Dominus
716 5469 858 5526 Deus
883 5471 1244 5540 omnipotens,
1274 5472 1365 5541 qui
1409 5481 1549 5537 erat,
1571 5474 1663 5543 qui
1701 5482 1783 5530 est
1812 5514 1828 5539 ,
1882 5483 1939 5530 et

363 5579 382 5611 ι
419 5563 508 5630 qui
539 5571 795 5617 venturus
817 5570 919 5617 est.
950 5560 1016 5616 Et
1057 5561 1182 5616 dum
1214 5561 1406 5617 darent
1432 5562 1522 5616 illa
1547 5571 1776 5632 quatuor
1820 5567 1936 5620 aui-

368 5669 383 5702 t
416 5653 570 5706 malia
599 5654 821 5726 gloriam
852 5662 904 5710 et
942 5653 1227 5720 honorem,
1265 5662 1319 5709 et
1375 5654 1798 5710 benedictionem
1851 5671 1938 5712 se-

2101 1814 2292 1869 Dicens
2313 1829 2331 1866 :
2360 1815 2591 1868 Ascende
2620 1815 2742 1880 huc,
2769 1826 2818 1870 et
2865 1816 3136 1870 ostendam
3173 1817 3269 1870 tibi
3304 1833 3423 1887 qua:
3466 1833 3622 1887 oper.

2031 1917 2100 1960 tct
2126 1908 2244 1975 ﬁeri
2269 1909 2388 1961 cito.
2414 1907 2567 1974 Quod
2593 1909 2759 1964 dicit:
2802 1910 3036 1964 Ascende
3063 1911 3167 1965 huc
3187 1949 3204 1976 ,
3257 1927 3364 1967 non
3393 1913 3460 1967 de
3499 1913 3620 1969 loco

2031 1996 2299 2068 signiﬁcat
2324 1999 2391 2052 ad
2420 1999 2620 2064 locum,
2643 2001 2738 2057 sed
2770 2002 3022 2067 ascende,
3048 2002 3102 2056 id
3125 2011 3230 2068 est,
3255 2003 3529 2075 intellige,
3564 2014 3620 2059 et

2031 2089 2210 2154 crede,
2239 2088 2484 2145 infideles
2503 2091 2646 2145 enim
2679 2091 2871 2148 invitat
2905 2092 2974 2148 ad
3013 2092 3286 2150 Christum
3334 2095 3579 2152 Ecclesia
3600 2137 3616 2163 ,

2031 2189 2087 2236 et
2109 2181 2176 2236 ad
2216 2180 2564 2250 baptismum.
2594 2181 2782 2237 Omnis
2806 2183 2951 2238 enim
2995 2184 3094 2253 qui
3133 2185 3308 2239 credit
3339 2183 3618 2240 Christum

2032 2279 2217 2325 natum
2251 2279 2303 2327 et
2330 2287 2570 2342 passum,
2598 2274 2844 2329 ascendit
2877 2275 2944 2329 ad
2969 2259 3614 2340 altitudinem'Ecclesise,

2031 2371 2087 2416 et
2117 2364 2261 2418 videt
2284 2365 2462 2418 futura
2489 2364 2684 2421 affectu
2712 2365 2963 2435 spiritali,
2987 2366 3131 2421 unde
3159 2374 3214 2421 et
3241 2367 3506 2437 sequitur.

2104 2452 2230 2508 Post
2259 2455 2370 2508 Iure
2398 2455 2478 2524 [ui
2520 2456 2573 2509 in
2612 2457 2823 2526 spiritu.
2870 2456 2928 2511 Id
2957 2465 3060 2523 est,
3087 2473 3194 2512 non
3224 2458 3369 2512 sensi
3419 2473 3620 2528 corpus

2033 2557 2234 2608 meum,
2261 2552 2517 2614 tanquam
2553 2545 2776 2615 spiritus
2803 2562 2955 2603 meus
2983 2548 3129 2603 solus
3147 2555 3290 2604 esset
3314 2559 3466 2604 extra
3493 2564 3620 2605 eor-

2031 2650 2132 2704 pus
2157 2635 2210 2688 in
2240 2636 2448 2692 visione
2474 2638 2723 2706 spiritali.

2105 2734 2172 2788 Et
2202 2753 2317 2790 ecce
2353 2738 2500 2792 sedes
2552 2739 2720 2808 posita
2745 2749 2857 2794 erat
2886 2741 2941 2794 in
2969 2739 3117 2796 etelo.
3147 2739 3206 2796 Id
3249 2749 3348 2797 est.
3371 2740 3618 2798 Ecclesia

2030 2822 2274 2894 perfecta
2303 2825 2358 2881 in
2387 2827 2511 2883 fide.

2105 2913 2174 2968 Et
2201 2933 2360 2985 supra
2387 2917 2562 2972 sedem
2587 2918 2789 2974 sedens.
2821 2919 2878 2975 Id
2898 2929 3002 2986 est,
3031 2936 3194 2992 super
3213 2922 3513 2979 Ecclesiam
3539 2941 3622 2982 se-

2036 3004 2167 3061 dens
2185 3015 2299 3060 erat
2327 3004 2592 3072 Christus,
2617 3009 2758 3063 unde
2779 3017 2831 3063 et
2858 3009 3026 3066 lsaias
3039 3012 3116 3066 ait
3138 3030 3150 3064 :
3193 3010 3310 3066 Vidi
3335 3013 3621 3070 Dominum

2036 3094 2296 3152 sedentem
2315 3114 2474 3167 super
2504 3098 2698 3152 solium
2717 3097 3050 3156 excelsum'et
3072 3101 3328 3157 eleuatum
3354 3104 3490 3175 (Isa.
3520 3105 3620 3177 vr),

2035 3187 2086 3242 id
2111 3196 2211 3251 est,
2245 3204 2405 3259 super
2430 3189 2733 3246 Ecclesiam
2759 3191 2816 3245 in
2848 3190 2954 3246 ﬁde
2973 3193 3188 3249 excelsa
3216 3203 3273 3250 et
3297 3195 3351 3249 in
3378 3211 3476 3265 spe
3498 3197 3624 3254 vita:

2033 3287 2250 3335 acterna:
2274 3278 2506 3335 feliciter
2525 3281 2810 3338 elevatam.

2105 3369 2174 3424 Et
2201 3371 2290 3440 qui
2321 3371 2549 3436 sedebat,
2581 3373 2768 3428 similis
2797 3384 2908 3428 erat
2938 3385 3149 3446 aspectu
3170 3376 3362 3447 lapidis
3391 3379 3626 3449 jaspidis

2034 3474 2083 3519 et
2117 3463 2316 3526 sardii,
2372 3471 2478 3520 etc.
2501 3462 2680 3534 Jaspis
2701 3465 2936 3521 colorem
2988 3468 3153 3522 habet
3192 3469 3348 3536 quasi
3405 3469 3575 3523 maris
3602 3511 3619 3535 ,

2037 3557 2250 3612 sardius
2296 3557 2448 3626 quasi
2503 3558 2800 3627 sanguinis.
2867 3558 2974 3614 Per
3013 3559 3280 3630 jaspidem
3324 3561 3627 3632 baptismus

2038 3648 2373 3719 intelligitur,
2406 3662 2502 3718 per
2534 3649 2799 3712 sardium,
2824 3651 3162 3722 martyrium.
3199 3652 3318 3707 istm
3343 3668 3627 3722 compara-

2038 3742 2211 3797 tiones
2239 3743 2568 3797 conveniuut
2611 3743 2890 3808 Ecclesim,
2921 3759 3027 3813 qua
3077 3743 3294 3800 indutus
3330 3754 3416 3800 est
3463 3745 3627 3803 Chri-

2037 3841 2172 3887 stus.
2203 3832 2303 3887 lris
2325 3848 2484 3887 arcus
2507 3833 2666 3887 estin
2687 3832 2846 3897 coelo,
2875 3833 2966 3903 qui
2997 3833 3270 3903 significat
3291 3835 3498 3896 Novum
3522 3835 3626 3894 Te:

2038 3933 2386 3989 stamentum,
2411 3925 2575 3980 habet
2601 3926 2748 3980 enim
2772 3934 2884 3980 tres
2909 3927 3143 3990 colores,
3167 3943 3322 3997 aqua:
3338 3969 3354 3994 ,
3401 3929 3628 3999 sulphu-

2038 4015 2136 4080 ris,
2162 4025 2217 4070 et
2246 4016 2403 4086 ignis.
2443 4015 2546 4070 Per
2584 4031 2782 4085 aquam
2826 4016 3126 4086 baptismns
3156 4019 3487 4090 intelligitur,
3529 4035 3629 4091 per

2039 4107 2350 4176 sulphur-em
2381 4105 2722 4176 ptenitentia,
2756 4121 2853 4176 per
2883 4107 3061 4178 ignem
3111 4108 3430 4178 martyrium
3451 4150 3465 4172 ,
3500 4124 3626 4163 nam

2039 4205 2094 4251 et
2127 4211 2266 4266 aqua
2287 4197 2434 4250 venit
2461 4197 2516 4251 in
2541 4196 2764 4260 diluvio,
2787 4197 3012 4268 sulphur
3032 4200 3307 4254 descendit
3331 4213 3498 4268 super
3525 4198 3629 4254 So-

2040 4286 2275 4350 domam,
2307 4286 2448 4355 ignis
2484 4286 2668 4341 veniet
2691 4295 2930 4356 tempore
2954 4286 3170 4356 judicii.
3199 4288 3390 4342 Aliter.
3440 4287 3544 4342 iris
3571 4287 3624 4343 in

2039 4380 2268 4436 circuitu
2293 4379 2456 4444 sedis,
2481 4377 2830 4449 Evangelium
2851 4379 3122 4451 significat
3154 4381 3207 4434 in
3255 4380 3487 4435 circuitu
3525 4380 3628 4435 Ec—

2039 4471 2233 4535 clesiae,
2262 4485 2388 4525 nam
2415 4479 2469 4526 et
2491 4471 2810 4540 smaragdos
2835 4485 2988 4542 aqua:
3023 4481 3079 4526 et
3107 4471 3250 4542 ignis
3287 4471 3451 4527 habet
3477 4472 3625 4528 colo-

2039 4575 2176 4626 rem,
2203 4561 2526 4630 baptismum
2553 4559 2864 4631 siguitlcans
2885 4569 2941 4615 et
2963 4561 3302 4631 martyrium.

2111 4651 2180 4706 Et
2202 4653 2260 4706 in
2285 4651 2508 4706 circuitu
2541 4651 2682 4706 sedis
2702 4650 2890 4705 sedilia
2943 4651 3124 4722 viginti
3167 4661 3218 4706 et
3249 4659 3481 4722 quatuor
3503 4691 3519 4717 ,
3579 4662 3628 4706 et

2040 4761 2201 4816 supra
2229 4745 2443 4799 thronos
2473 4744 2654 4815 viginti
2697 4752 2928 4813 quatuor
2972 4747 3202 4800 seniores
3250 4744 3506 4799 sedentes.
3541 4743 3628 4799 Vi-

2041 4837 2174 4908 ginti
2201 4835 2514 4905 decalogum
2561 4835 2915 4906 duplicatum,
2939 4844 3172 4905 quatuor
3197 4850 3328 4890 vero
3355 4835 3630 4906 signiﬁcat

2036 4937 2270 4998 quatuor
2295 4926 2604 4997 Evangelia.
2656 4925 2784 4982 Sive
2822 4926 3010 4997 viginti
3064 4935 3300 4995 quatuor
3335 4925 3588 4980 seniores
3609 4965 3626 4988 ,

2036 5017 2320 5074 duodecim
2352 5016 2708 5085 patriarchas,
2732 5025 2788 5070 et
2835 5014 3116 5070 duodecim
3155 5013 3463 5086 significant
3491 5028 3632 5083 apo-

2039 5111 2224 5165 stolas.

2109 5199 2540 5254 Circumamietos
2585 5197 2896 5253 vestimentis
2929 5197 3082 5252 albis.
3125 5197 3238 5253 Hoc
3288 5207 3412 5262 est,
3461 5211 3632 5265 opere

2038 5289 2322 5346 castitatis.
2364 5289 2516 5345 Unde
2541 5297 2596 5342 et
2626 5286 2883 5342 Salomon
2912 5287 2988 5342 ait
3021 5305 3034 5341 :
3075 5286 3234 5342 Omni
3257 5295 3489 5356 tempore
3520 5285 3632 5339 sint

2040 5383 2339 5438 vestimenta
2367 5391 2458 5434 tua
2481 5380 2708 5433 candida
2747 5379 2943 5450 (Eccle.
2975 5377 3052 5450 ts)
3077 5418 3092 5442 ,
3141 5379 3322 5440 idest,
3349 5391 3481 5431 caro
3531 5383 3631 5432 tua

2043 5472 2110 5525 ab
2134 5471 2282 5525 omni
2311 5469 2622 5540 pollutionis
2664 5469 2822 5522 sorde
2857 5466 3137 5532 mundata,
3159 5476 3215 5521 et
3239 5465 3499 5535 pudicitia
3539 5479 3630 5520 ca-

2042 5563 2244 5618 stitatis
2271 5570 2487 5616 ornata.

2115 5655 2181 5709 Et
2218 5655 2271 5708 in
2293 5653 2547 5726 capitibus
2576 5668 2753 5709 eorum
2789 5667 2994 5706 corona
3031 5666 3228 5706 aurew.
3257 5649 3315 5705 id
3350 5657 3448 5714 est,
3474 5646 3627 5718 prino
