  <div class='ocr_page' id='page_1' title='image "/cluster/home/n/w/nwhite01/storage/ocr_20150623/102/hvd.32044052820032/172.png"; bbox 0 0 3940 6206; ppageno 0'>
   <div class='ocr_carea' id='block_1_1' title="bbox 278 307 401 405">
    <p class='ocr_par' dir='ltr' id='par_1_1' title="bbox 278 307 401 405">
     <span class='ocr_line' id='line_1_1' title="bbox 278 307 401 405; baseline -0.016 0"><span class='ocrx_word' id='word_1_1' title='bbox 278 307 401 405; x_wconf 68' lang='grc' dir='ltr'><strong><em>ὶδδ</em></strong></span> 
     </span>
    </p>
   </div>
   <div class='ocr_carea' id='block_1_2' title="bbox 1130 344 2748 403">
    <p class='ocr_par' dir='ltr' id='par_1_2' title="bbox 1130 344 2748 403">
     <span class='ocr_line' id='line_1_2' title="bbox 1130 344 2748 403; baseline 0.001 -1"><span class='ocrx_word' id='word_1_2' title='bbox 1130 345 1653 403; x_wconf 76' lang='lat' dir='ltr'><strong><em>COLLECTlONES</em></strong></span> <span class='ocrx_word' id='word_1_3' title='bbox 1692 346 1756 401; x_wconf 77' lang='lat' dir='ltr'><strong><em>IN</em></strong></span> <span class='ocrx_word' id='word_1_4' title='bbox 1797 344 2176 402; x_wconf 72' lang='lat' dir='ltr'><strong><em>EPISTOLAS</em></strong></span> <span class='ocrx_word' id='word_1_5' title='bbox 2216 347 2301 400; x_wconf 78' lang='lat' dir='ltr'><strong><em>ET</em></strong></span> <span class='ocrx_word' id='word_1_6' title='bbox 2341 347 2748 403; x_wconf 75' lang='lat' dir='ltr'><strong><em>EVANGELIA.</em></strong></span> 
     </span>
    </p>
   </div>
   <div class='ocr_carea' id='block_1_3' title="bbox 3460 357 3567 415">
    <p class='ocr_par' dir='ltr' id='par_1_3' title="bbox 3460 357 3567 415">
     <span class='ocr_line' id='line_1_3' title="bbox 3460 357 3567 415; baseline 0.028 -3"><span class='ocrx_word' id='word_1_7' title='bbox 3460 357 3567 415; x_wconf 68' lang='lat'><strong>33‘</strong></span> 
     </span>
    </p>
   </div>
   <div class='ocr_carea' id='block_1_4' title="bbox 284 444 3564 529">
    <p class='ocr_par' dir='ltr' id='par_1_4' title="bbox 284 444 3564 529">
     <span class='ocr_line' id='line_1_4' title="bbox 284 444 3564 529; baseline 0.003 -16"><span class='ocrx_word' id='word_1_8' title='bbox 284 456 483 529; x_wconf 85' lang='lat' dir='ltr'><strong><em>cipalia</em></strong></span> <span class='ocrx_word' id='word_1_9' title='bbox 546 456 743 512; x_wconf 89' lang='lat' dir='ltr'><strong><em>mentis</em></strong></span> <span class='ocrx_word' id='word_1_10' title='bbox 797 455 960 522; x_wconf 90' lang='lat' dir='ltr'><strong><em>dona,</em></strong></span> <span class='ocrx_word' id='word_1_11' title='bbox 996 456 1276 527; x_wconf 82' lang='lat' dir='ltr'><strong><em>sapientiae</em></strong></span> <span class='ocrx_word' id='word_1_12' title='bbox 1332 458 1418 517; x_wconf 83' lang='lat' dir='ltr'><strong><em>vel</em></strong></span> <span class='ocrx_word' id='word_1_13' title='bbox 1462 444 1881 512; x_wconf 78' lang='lat' dir='ltr'><strong><em>immortalitatis</em></strong></span> <span class='ocrx_word' id='word_1_14' title='bbox 1910 460 1955 519; x_wconf 79' lang='grc' dir='ltr'><strong>Α</strong></span> <span class='ocrx_word' id='word_1_15' title='bbox 1983 473 2161 527; x_wconf 84' lang='lat' dir='ltr'><strong><em>gnum.</em></strong></span> <span class='ocrx_word' id='word_1_16' title='bbox 2188 453 2486 512; x_wconf 90' lang='lat' dir='ltr'><strong><em>Procidunt</em></strong></span> <span class='ocrx_word' id='word_1_17' title='bbox 2511 466 2637 512; x_wconf 88' lang='lat' dir='ltr'><strong><em>ante</em></strong></span> <span class='ocrx_word' id='word_1_18' title='bbox 2681 455 2863 513; x_wconf 85' lang='lat' dir='ltr'><strong><em>sedem</em></strong></span> <span class='ocrx_word' id='word_1_19' title='bbox 2890 468 2944 513; x_wconf 91' lang='lat' dir='ltr'><strong><em>ct</em></strong></span> <span class='ocrx_word' id='word_1_20' title='bbox 2973 459 3218 527; x_wconf 84' lang='lat' dir='ltr'><strong><em>adorant,</em></strong></span> <span class='ocrx_word' id='word_1_21' title='bbox 3245 471 3301 517; x_wconf 88' lang='lat' dir='ltr'><strong><em>et</em></strong></span> <span class='ocrx_word' id='word_1_22' title='bbox 3345 466 3564 522; x_wconf 89' lang='lat' dir='ltr'><strong><em>mittunt</em></strong></span> 
     </span>
    </p>
   </div>
   <div class='ocr_carea' id='block_1_5' title="bbox 284 550 502 620">
    <p class='ocr_par' dir='ltr' id='par_1_5' title="bbox 284 550 502 620">
     <span class='ocr_line' id='line_1_5' title="bbox 284 550 502 620; baseline -0.023 -15"><span class='ocrx_word' id='word_1_23' title='bbox 284 550 502 620; x_wconf 64' lang='lat' dir='ltr'><strong><em>palmae.</em></strong></span> 
     </span>
    </p>
   </div>
   <div class='ocr_carea' id='block_1_6' title="bbox 356 637 1880 710">
    <p class='ocr_par' dir='ltr' id='par_1_6' title="bbox 356 637 1880 710">
     <span class='ocr_line' id='line_1_6' title="bbox 356 637 1880 710; baseline 0.004 -18"><span class='ocrx_word' id='word_1_24' title='bbox 356 637 426 692; x_wconf 84' lang='lat' dir='ltr'><strong><em>Et</em></strong></span> <span class='ocrx_word' id='word_1_25' title='bbox 459 638 525 692; x_wconf 88' lang='lat' dir='ltr'><strong><em>de</em></strong></span> <span class='ocrx_word' id='word_1_26' title='bbox 571 638 760 697; x_wconf 83' lang='lat' dir='ltr'><strong><em>tltrono</em></strong></span> <span class='ocrx_word' id='word_1_27' title='bbox 792 637 1081 709; x_wconf 80' lang='lat' dir='ltr'><strong><em>procedunt</em></strong></span> <span class='ocrx_word' id='word_1_28' title='bbox 1108 638 1345 710; x_wconf 82' lang='lat' dir='ltr'><strong><em>fulgura.</em></strong></span> <span class='ocrx_word' id='word_1_29' title='bbox 1373 638 1432 695; x_wconf 89' lang='lat' dir='ltr'><strong>Id</strong></span> <span class='ocrx_word' id='word_1_30' title='bbox 1457 646 1562 707; x_wconf 89' lang='lat' dir='ltr'><strong><em>est,</em></strong></span> <span class='ocrx_word' id='word_1_31' title='bbox 1590 642 1656 698; x_wconf 89' lang='lat' dir='ltr'><strong><em>de</em></strong></span> <span class='ocrx_word' id='word_1_32' title='bbox 1691 642 1880 698; x_wconf 85' lang='lat' dir='ltr'><strong><em>Eccle-</em></strong></span> 
     </span>
    </p>
   </div>
   <div class='ocr_carea' id='block_1_7' title="bbox 285 730 1201 803">
    <p class='ocr_par' dir='ltr' id='par_1_7' title="bbox 285 730 1201 803">
     <span class='ocr_line' id='line_1_7' title="bbox 285 730 1201 803; baseline -0.002 -15"><span class='ocrx_word' id='word_1_33' title='bbox 285 731 371 788; x_wconf 84' lang='lat' dir='ltr'><strong><em>sia</em></strong></span> <span class='ocrx_word' id='word_1_34' title='bbox 404 730 576 787; x_wconf 90' lang='lat' dir='ltr'><strong><em>multa</em></strong></span> <span class='ocrx_word' id='word_1_35' title='bbox 605 739 660 786; x_wconf 87' lang='lat' dir='ltr'><strong><em>et</em></strong></span> <span class='ocrx_word' id='word_1_36' title='bbox 688 746 887 803; x_wconf 87' lang='lat' dir='ltr'><strong><em>magna</em></strong></span> <span class='ocrx_word' id='word_1_37' title='bbox 912 732 1201 789; x_wconf 86' lang='lat' dir='ltr'><strong><em>miracula.</em></strong></span> 
     </span>
    </p>
   </div>
   <div class='ocr_carea' id='block_1_8' title="bbox 358 819 1875 899">
    <p class='ocr_par' dir='ltr' id='par_1_8' title="bbox 358 819 1875 899">
     <span class='ocr_line' id='line_1_8' title="bbox 358 819 1875 899; baseline 0.009 -25"><span class='ocrx_word' id='word_1_38' title='bbox 358 819 590 899; x_wconf 80' lang='lat' dir='ltr'><strong><em>Et_voces</em></strong></span> <span class='ocrx_word' id='word_1_39' title='bbox 609 830 658 876; x_wconf 90' lang='lat' dir='ltr'><strong><em>et</em></strong></span> <span class='ocrx_word' id='word_1_40' title='bbox 686 822 943 877; x_wconf 76' lang='lat' dir='ltr'><strong><em>tonitrua.</em></strong></span> <span class='ocrx_word' id='word_1_41' title='bbox 972 822 1032 880; x_wconf 88' lang='lat' dir='ltr'><strong>Id</strong></span> <span class='ocrx_word' id='word_1_42' title='bbox 1080 831 1187 889; x_wconf 89' lang='lat' dir='ltr'><strong><em>est,</em></strong></span> <span class='ocrx_word' id='word_1_43' title='bbox 1208 825 1628 894; x_wconf 71' lang='lat' dir='ltr'><strong><em>praedicatorum</em></strong></span> <span class='ocrx_word' id='word_1_44' title='bbox 1677 844 1837 886; x_wconf 79' lang='lat' dir='ltr'><strong><em>voces</em></strong></span> <span class='ocrx_word' id='word_1_45' title='bbox 1858 870 1875 899; x_wconf 90' lang='lat'><strong><em>,</em></strong></span> 
     </span>
    </p>
   </div>
   <div class='ocr_carea' id='block_1_9' title="bbox 285 895 1521 984">
    <p class='ocr_par' dir='ltr' id='par_1_9' title="bbox 285 895 1521 984">
     <span class='ocr_line' id='line_1_9' title="bbox 285 895 1521 984; baseline 0.003 -16"><span class='ocrx_word' id='word_1_46' title='bbox 285 895 883 984; x_wconf 50' lang='lat' dir='ltr'><strong><em>cum&#39;promissionibus</em></strong></span> <span class='ocrx_word' id='word_1_47' title='bbox 907 920 963 968; x_wconf 86' lang='lat' dir='ltr'><strong><em>et</em></strong></span> <span class='ocrx_word' id='word_1_48' title='bbox 989 915 1521 975; x_wconf 82' lang='lat' dir='ltr'><strong><em>comminationibus.</em></strong></span> 
     </span>
    </p>
   </div>
   <div class='ocr_carea' id='block_1_10' title="bbox 355 999 1881 1073">
    <p class='ocr_par' dir='ltr' id='par_1_10' title="bbox 355 999 1881 1073">
     <span class='ocr_line' id='line_1_10' title="bbox 355 999 1881 1073; baseline 0.004 -15"><span class='ocrx_word' id='word_1_49' title='bbox 355 1003 428 1058; x_wconf 80' lang='lat' dir='ltr'><strong><em>Et</em></strong></span> <span class='ocrx_word' id='word_1_50' title='bbox 457 1011 647 1073; x_wconf 76' lang='lat' dir='ltr'><strong><em>septem</em></strong></span> <span class='ocrx_word' id='word_1_51' title='bbox 682 999 951 1072; x_wconf 86' lang='lat' dir='ltr'><strong><em>lampades</em></strong></span> <span class='ocrx_word' id='word_1_52' title='bbox 989 1001 1230 1058; x_wconf 74' lang='lat' dir='ltr'><strong><em>ardentes</em></strong></span> <span class='ocrx_word' id='word_1_53' title='bbox 1259 1012 1380 1058; x_wconf 91' lang='lat' dir='ltr'><strong><em>ante</em></strong></span> <span class='ocrx_word' id='word_1_54' title='bbox 1400 1005 1665 1062; x_wconf 86' lang='lat' dir='ltr'><strong><em>thronum.</em></strong></span> <span class='ocrx_word' id='word_1_55' title='bbox 1706 1009 1881 1064; x_wconf 89' lang='lat' dir='ltr'><strong><em>Thro-</em></strong></span> 
     </span>
    </p>
   </div>
   <div class='ocr_carea' id='block_1_11' title="bbox 285 1090 1879 1170">
    <p class='ocr_par' dir='ltr' id='par_1_11' title="bbox 285 1090 1879 1170">
     <span class='ocr_line' id='line_1_11' title="bbox 285 1090 1879 1170; baseline 0.003 -19"><span class='ocrx_word' id='word_1_56' title='bbox 285 1109 389 1151; x_wconf 83' lang='lat' dir='ltr'><strong><em>nus</em></strong></span> <span class='ocrx_word' id='word_1_57' title='bbox 410 1091 505 1147; x_wconf 86' lang='lat' dir='ltr'><strong><em>Dei</em></strong></span> <span class='ocrx_word' id='word_1_58' title='bbox 526 1090 805 1158; x_wconf 83' lang='lat' dir='ltr'><strong><em>Ecclesia;</em></strong></span> <span class='ocrx_word' id='word_1_59' title='bbox 830 1106 975 1162; x_wconf 47' lang='lat' dir='ltr'><strong><em>quae</em></strong></span> <span class='ocrx_word' id='word_1_60' title='bbox 1029 1092 1142 1147; x_wconf 90' lang='lat' dir='ltr'><strong><em>sint</em></strong></span> <span class='ocrx_word' id='word_1_61' title='bbox 1167 1093 1447 1166; x_wconf 80' lang='lat' dir='ltr'><strong><em>lampades</em></strong></span> <span class='ocrx_word' id='word_1_62' title='bbox 1477 1097 1593 1167; x_wconf 90' lang='lat' dir='ltr'><strong><em>ipse</em></strong></span> <span class='ocrx_word' id='word_1_63' title='bbox 1629 1101 1879 1170; x_wconf 78' lang='lat' dir='ltr'><strong><em>exposuit</em></strong></span> 
     </span>
    </p>
   </div>
   <div class='ocr_carea' id='block_1_12' title="bbox 285 1181 1876 1260">
    <p class='ocr_par' dir='ltr' id='par_1_12' title="bbox 285 1181 1876 1260">
     <span class='ocr_line' id='line_1_12' title="bbox 285 1181 1876 1260; baseline 0.008 -25"><span class='ocrx_word' id='word_1_64' title='bbox 285 1185 473 1242; x_wconf 82' lang='lat' dir='ltr'><strong><em>dicens</em></strong></span> <span class='ocrx_word' id='word_1_65' title='bbox 502 1202 514 1236; x_wconf 90' lang='lat'><strong>:</strong></span> <span class='ocrx_word' id='word_1_66' title='bbox 545 1181 650 1249; x_wconf 87' lang='lat' dir='ltr'><strong><em>Qui</em></strong></span> <span class='ocrx_word' id='word_1_67' title='bbox 675 1192 798 1237; x_wconf 86' lang='lat' dir='ltr'><strong><em>sunt</em></strong></span> <span class='ocrx_word' id='word_1_68' title='bbox 830 1194 1024 1254; x_wconf 88' lang='lat' dir='ltr'><strong><em>septem</em></strong></span> <span class='ocrx_word' id='word_1_69' title='bbox 1044 1184 1269 1257; x_wconf 80' lang='lat' dir='ltr'><strong><em>spiritus</em></strong></span> <span class='ocrx_word' id='word_1_70' title='bbox 1298 1185 1418 1254; x_wconf 91' lang='lat' dir='ltr'><strong><em>Dei,</em></strong></span> <span class='ocrx_word' id='word_1_71' title='bbox 1443 1187 1499 1243; x_wconf 87' lang='lat' dir='ltr'><strong><em>id</em></strong></span> <span class='ocrx_word' id='word_1_72' title='bbox 1534 1198 1640 1255; x_wconf 89' lang='lat' dir='ltr'><strong><em>est,</em></strong></span> <span class='ocrx_word' id='word_1_73' title='bbox 1670 1199 1876 1260; x_wconf 84' lang='lat' dir='ltr'><strong><em>septem</em></strong></span> 
     </span>
    </p>
   </div>
   <div class='ocr_carea' id='block_1_13' title="bbox 287 1273 905 1349">
    <p class='ocr_par' dir='ltr' id='par_1_13' title="bbox 287 1273 905 1349">
     <span class='ocr_line' id='line_1_13' title="bbox 287 1273 905 1349; baseline -0.003 -18"><span class='ocrx_word' id='word_1_74' title='bbox 287 1276 426 1349; x_wconf 83' lang='lat' dir='ltr'><strong><em>dona</em></strong></span> <span class='ocrx_word' id='word_1_75' title='bbox 454 1273 688 1345; x_wconf 78' lang='lat' dir='ltr'><strong><em>Spiritus</em></strong></span> <span class='ocrx_word' id='word_1_76' title='bbox 709 1274 905 1329; x_wconf 82' lang='lat' dir='ltr'><strong><em>sancti.</em></strong></span> 
     </span>
    </p>
   </div>
   <div class='ocr_carea' id='block_1_14' title="bbox 356 1366 1878 1442">
    <p class='ocr_par' dir='ltr' id='par_1_14' title="bbox 356 1366 1878 1442">
     <span class='ocr_line' id='line_1_14' title="bbox 356 1366 1878 1442; baseline 0.005 -21"><span class='ocrx_word' id='word_1_77' title='bbox 356 1367 429 1422; x_wconf 88' lang='lat' dir='ltr'><strong><em>Et</em></strong></span> <span class='ocrx_word' id='word_1_78' title='bbox 454 1369 507 1422; x_wconf 88' lang='lat' dir='ltr'><strong><em>in</em></strong></span> <span class='ocrx_word' id='word_1_79' title='bbox 533 1375 807 1438; x_wconf 84' lang='lat' dir='ltr'><strong><em>conspectu</em></strong></span> <span class='ocrx_word' id='word_1_80' title='bbox 829 1366 966 1422; x_wconf 84' lang='lat' dir='ltr'><strong><em>sedis</em></strong></span> <span class='ocrx_word' id='word_1_81' title='bbox 994 1376 1244 1442; x_wconf 83' lang='lat' dir='ltr'><strong><em>tanquam</em></strong></span> <span class='ocrx_word' id='word_1_82' title='bbox 1275 1388 1419 1426; x_wconf 86' lang='lat' dir='ltr'><strong><em>mare</em></strong></span> <span class='ocrx_word' id='word_1_83' title='bbox 1462 1372 1684 1428; x_wconf 77' lang='lat' dir='ltr'><strong><em>vitreum</em></strong></span> <span class='ocrx_word' id='word_1_84' title='bbox 1708 1374 1878 1430; x_wconf 88' lang='lat' dir='ltr'><strong><em>simile</em></strong></span> 
     </span>
    </p>
   </div>
   <div class='ocr_carea' id='block_1_15' title="bbox 287 1457 1875 1534">
    <p class='ocr_par' dir='ltr' id='par_1_15' title="bbox 287 1457 1875 1534">
     <span class='ocr_line' id='line_1_15' title="bbox 287 1457 1875 1534; baseline 0.004 -20"><span class='ocrx_word' id='word_1_85' title='bbox 287 1458 553 1531; x_wconf 76' lang='lat' dir='ltr'><strong><em>crystallo.</em></strong></span> <span class='ocrx_word' id='word_1_86' title='bbox 605 1457 751 1514; x_wconf 85' lang='lat' dir='ltr'><strong><em>Mare</em></strong></span> <span class='ocrx_word' id='word_1_87' title='bbox 811 1459 1044 1513; x_wconf 88' lang='lat' dir='ltr'><strong><em>vitreum</em></strong></span> <span class='ocrx_word' id='word_1_88' title='bbox 1102 1460 1448 1530; x_wconf 84' lang='lat' dir='ltr'><strong><em>signiﬁcabat</em></strong></span> <span class='ocrx_word' id='word_1_89' title='bbox 1504 1463 1833 1534; x_wconf 85' lang='lat' dir='ltr'><strong><em>baptismum</em></strong></span> <span class='ocrx_word' id='word_1_90' title='bbox 1858 1504 1875 1532; x_wconf 82' lang='lat'><strong><em>,</em></strong></span> 
     </span>
    </p>
   </div>
   <div class='ocr_carea' id='block_1_16' title="bbox 285 1548 1551 1623">
    <p class='ocr_par' dir='ltr' id='par_1_16' title="bbox 285 1548 1551 1623">
     <span class='ocr_line' id='line_1_16' title="bbox 285 1548 1551 1623; baseline 0.002 -19"><span class='ocrx_word' id='word_1_91' title='bbox 285 1548 429 1621; x_wconf 90' lang='lat' dir='ltr'><strong><em>quod</em></strong></span> <span class='ocrx_word' id='word_1_92' title='bbox 456 1564 554 1617; x_wconf 84' lang='lat' dir='ltr'><strong><em>pro</em></strong></span> <span class='ocrx_word' id='word_1_93' title='bbox 582 1548 818 1618; x_wconf 82' lang='lat' dir='ltr'><strong><em>puritate</em></strong></span> <span class='ocrx_word' id='word_1_94' title='bbox 845 1548 1020 1603; x_wconf 88' lang='lat' dir='ltr'><strong><em>simile</em></strong></span> <span class='ocrx_word' id='word_1_95' title='bbox 1051 1549 1250 1605; x_wconf 91' lang='lat' dir='ltr'><strong><em>dicitur</em></strong></span> <span class='ocrx_word' id='word_1_96' title='bbox 1273 1552 1551 1623; x_wconf 88' lang='lat' dir='ltr'><strong><em>crystallo.</em></strong></span> 
     </span>
    </p>
   </div>
   <div class='ocr_carea' id='block_1_17' title="bbox 333 1636 1875 1713">
    <p class='ocr_par' dir='ltr' id='par_1_17' title="bbox 333 1636 1875 1713">
     <span class='ocr_line' id='line_1_17' title="bbox 333 1636 1875 1713; baseline 0.003 -20"><span class='ocrx_word' id='word_1_97' title='bbox 333 1637 424 1713; x_wconf 43' lang='lat' dir='ltr'><strong><em>.Et</em></strong></span> <span class='ocrx_word' id='word_1_98' title='bbox 455 1638 509 1691; x_wconf 88' lang='lat' dir='ltr'><strong><em>in</em></strong></span> <span class='ocrx_word' id='word_1_99' title='bbox 528 1636 698 1691; x_wconf 85' lang='lat' dir='ltr'><strong><em>medio</em></strong></span> <span class='ocrx_word' id='word_1_100' title='bbox 726 1636 885 1703; x_wconf 82' lang='lat' dir='ltr'><strong><em>sedis,</em></strong></span> <span class='ocrx_word' id='word_1_101' title='bbox 917 1645 966 1690; x_wconf 90' lang='lat' dir='ltr'><strong><em>et</em></strong></span> <span class='ocrx_word' id='word_1_102' title='bbox 996 1637 1050 1691; x_wconf 89' lang='lat' dir='ltr'><strong><em>in</em></strong></span> <span class='ocrx_word' id='word_1_103' title='bbox 1075 1638 1298 1693; x_wconf 82' lang='lat' dir='ltr'><strong><em>circuitu</em></strong></span> <span class='ocrx_word' id='word_1_104' title='bbox 1329 1640 1470 1695; x_wconf 84' lang='lat' dir='ltr'><strong><em>sedis</em></strong></span> <span class='ocrx_word' id='word_1_105' title='bbox 1497 1651 1725 1712; x_wconf 87' lang='lat' dir='ltr'><strong><em>quatuor</em></strong></span> <span class='ocrx_word' id='word_1_106' title='bbox 1752 1645 1875 1698; x_wconf 85' lang='lat' dir='ltr'><strong><em>ani-</em></strong></span> 
     </span>
    </p>
   </div>
   <div class='ocr_carea' id='block_1_18' title="bbox 284 1714 1876 1799">
    <p class='ocr_par' dir='ltr' id='par_1_18' title="bbox 284 1714 1876 1799">
     <span class='ocr_line' id='line_1_18' title="bbox 284 1714 1876 1799; baseline 0.004 -15"><span class='ocrx_word' id='word_1_107' title='bbox 284 1728 468 1794; x_wconf 85' lang='lat' dir='ltr'><strong><em>malia,</em></strong></span> <span class='ocrx_word' id='word_1_108' title='bbox 499 1726 653 1799; x_wconf 87' lang='lat' dir='ltr'><strong><em>plena</em></strong></span> <span class='ocrx_word' id='word_1_109' title='bbox 678 1714 845 1782; x_wconf 86' lang='lat' dir='ltr'><strong><em>oculis</em></strong></span> <span class='ocrx_word' id='word_1_110' title='bbox 875 1738 997 1783; x_wconf 82' lang='lat' dir='ltr'><strong><em>ante</em></strong></span> <span class='ocrx_word' id='word_1_111' title='bbox 1046 1738 1096 1784; x_wconf 87' lang='lat' dir='ltr'><strong><em>et</em></strong></span> <span class='ocrx_word' id='word_1_112' title='bbox 1140 1738 1300 1784; x_wconf 87' lang='lat' dir='ltr'><strong><em>retro.</em></strong></span> <span class='ocrx_word' id='word_1_113' title='bbox 1349 1730 1592 1799; x_wconf 85' lang='lat' dir='ltr'><strong><em>Quatuor</em></strong></span> <span class='ocrx_word' id='word_1_114' title='bbox 1620 1734 1876 1790; x_wconf 88' lang='lat' dir='ltr'><strong><em>animalia</em></strong></span> 
     </span>
    </p>
   </div>
   <div class='ocr_carea' id='block_1_19' title="bbox 1983 544 3565 626">
    <p class='ocr_par' dir='ltr' id='par_1_19' title="bbox 1983 544 3565 626">
     <span class='ocr_line' id='line_1_19' title="bbox 1983 544 3565 626; baseline 0.006 -25"><span class='ocrx_word' id='word_1_115' title='bbox 1983 544 2214 603; x_wconf 82' lang='lat' dir='ltr'><strong><em>coronas</em></strong></span> <span class='ocrx_word' id='word_1_116' title='bbox 2241 562 2370 602; x_wconf 90' lang='lat' dir='ltr'><strong><em>suas</em></strong></span> <span class='ocrx_word' id='word_1_117' title='bbox 2392 559 2517 603; x_wconf 91' lang='lat' dir='ltr'><strong><em>ante</em></strong></span> <span class='ocrx_word' id='word_1_118' title='bbox 2547 548 2715 603; x_wconf 88' lang='lat' dir='ltr'><strong><em>Deum</em></strong></span> <span class='ocrx_word' id='word_1_119' title='bbox 2743 564 2937 607; x_wconf 19' lang='lat' dir='ltr'><strong><em>omnes,</em></strong></span> <span class='ocrx_word' id='word_1_120' title='bbox 2957 550 3133 619; x_wconf 90' lang='lat' dir='ltr'><strong><em>electi,</em></strong></span> <span class='ocrx_word' id='word_1_121' title='bbox 3150 553 3278 624; x_wconf 87' lang='lat' dir='ltr'><strong><em>quia</em></strong></span> <span class='ocrx_word' id='word_1_122' title='bbox 3304 555 3565 626; x_wconf 83' lang='lat' dir='ltr'><strong><em>quidquid</em></strong></span> 
     </span>
    </p>
   </div>
   <div class='ocr_carea' id='block_1_20' title="bbox 1982 639 3565 715">
    <p class='ocr_par' dir='ltr' id='par_1_20' title="bbox 1982 639 3565 715">
     <span class='ocr_line' id='line_1_20' title="bbox 1982 639 3565 715; baseline 0.007 -22"><span class='ocrx_word' id='word_1_123' title='bbox 1982 639 2261 709; x_wconf 79' lang='lat' dir='ltr'><strong><em>dignitatis</em></strong></span> <span class='ocrx_word' id='word_1_124' title='bbox 2296 641 2521 706; x_wconf 90' lang='lat' dir='ltr'><strong><em>habent,</em></strong></span> <span class='ocrx_word' id='word_1_125' title='bbox 2550 657 2657 697; x_wconf 93' lang='lat' dir='ltr'><strong><em>non</em></strong></span> <span class='ocrx_word' id='word_1_126' title='bbox 2690 642 2834 708; x_wconf 92' lang='lat' dir='ltr'><strong><em>sibi,</em></strong></span> <span class='ocrx_word' id='word_1_127' title='bbox 2872 642 2970 698; x_wconf 89' lang='lat' dir='ltr'><strong><em>sed</em></strong></span> <span class='ocrx_word' id='word_1_128' title='bbox 2998 644 3075 699; x_wconf 87' lang='lat' dir='ltr'><strong><em>illi</em></strong></span> <span class='ocrx_word' id='word_1_129' title='bbox 3104 645 3387 715; x_wconf 80' lang='lat' dir='ltr'><strong><em>tribuunt-,</em></strong></span> <span class='ocrx_word' id='word_1_130' title='bbox 3431 656 3486 703; x_wconf 89' lang='lat' dir='ltr'><strong><em>et</em></strong></span> <span class='ocrx_word' id='word_1_131' title='bbox 3515 649 3565 704; x_wconf 89' lang='lat' dir='ltr'><strong><em>ei</em></strong></span> 
     </span>
    </p>
   </div>
   <div class='ocr_carea' id='block_1_21' title="bbox 1981 730 3569 808">
    <p class='ocr_par' dir='ltr' id='par_1_21' title="bbox 1981 730 3569 808">
     <span class='ocr_line' id='line_1_21' title="bbox 1981 730 3569 808; baseline 0.008 -24"><span class='ocrx_word' id='word_1_132' title='bbox 1981 730 2225 786; x_wconf 74' lang='lat' dir='ltr'><strong><em>referunt</em></strong></span> <span class='ocrx_word' id='word_1_133' title='bbox 2249 733 2477 803; x_wconf 83' lang='lat' dir='ltr'><strong><em>gloriam</em></strong></span> <span class='ocrx_word' id='word_1_134' title='bbox 2517 734 2713 800; x_wconf 86' lang='lat' dir='ltr'><strong><em>laudis,</em></strong></span> <span class='ocrx_word' id='word_1_135' title='bbox 2740 750 2768 789; x_wconf 89' lang='lat' dir='ltr'><strong><em>a</em></strong></span> <span class='ocrx_word' id='word_1_136' title='bbox 2800 750 2907 804; x_wconf 87' lang='lat' dir='ltr'><strong><em>quo</em></strong></span> <span class='ocrx_word' id='word_1_137' title='bbox 2937 751 2997 791; x_wconf 92' lang='lat' dir='ltr'><strong><em>se</em></strong></span> <span class='ocrx_word' id='word_1_138' title='bbox 3046 746 3377 808; x_wconf 85' lang='lat' dir='ltr'><strong><em>cognoscunt</em></strong></span> <span class='ocrx_word' id='word_1_139' title='bbox 3420 741 3569 798; x_wconf 83' lang='lat' dir='ltr'><strong><em>vires</em></strong></span> 
     </span>
    </p>
   </div>
   <div class='ocr_carea' id='block_1_22' title="bbox 1981 822 2623 891">
    <p class='ocr_par' dir='ltr' id='par_1_22' title="bbox 1981 822 2623 891">
     <span class='ocr_line' id='line_1_22' title="bbox 1981 822 2623 891; baseline 0.003 -15"><span class='ocrx_word' id='word_1_140' title='bbox 1981 822 2259 891; x_wconf 78' lang='lat' dir='ltr'><strong><em>accepisse</em></strong></span> <span class='ocrx_word' id='word_1_141' title='bbox 2287 825 2623 880; x_wconf 83' lang='lat' dir='ltr'><strong><em>certaminis.</em></strong></span> 
     </span>
    </p>
   </div>
   <div class='ocr_carea' id='block_1_23' title="bbox 2097 929 3456 980">
    <p class='ocr_par' dir='ltr' id='par_1_23' title="bbox 2097 929 3456 980">
     <span class='ocr_line' id='line_1_23' title="bbox 2097 929 3456 980; baseline 0.008 -11"><span class='ocrx_word' id='word_1_142' title='bbox 2097 929 2228 969; x_wconf 73' lang='lat' dir='ltr'><strong><em>ITEI</em></strong></span> <span class='ocrx_word' id='word_1_143' title='bbox 2267 932 2415 971; x_wconf 66' lang='grc' dir='ltr'><strong><em>ΒΕυῶ</em></strong></span> <span class='ocrx_word' id='word_1_144' title='bbox 2454 933 2508 971; x_wconf 55' lang='grc' dir='ltr'><strong><em>ιδ</em></strong></span> <span class='ocrx_word' id='word_1_145' title='bbox 2547 933 2663 973; x_wconf 66' lang='lat' dir='ltr'><strong><em>ISTA</em></strong></span> <span class='ocrx_word' id='word_1_146' title='bbox 2703 935 2817 975; x_wconf 75' lang='lat' dir='ltr'><strong><em>IPSA</em></strong></span> <span class='ocrx_word' id='word_1_147' title='bbox 2857 935 3118 976; x_wconf 65' lang='lat' dir='ltr'><strong><em>LECTIONE</em></strong></span> <span class='ocrx_word' id='word_1_148' title='bbox 3155 939 3456 980; x_wconf 69' lang='lat' dir='ltr'><strong><em>EXPOSITIO.</em></strong></span> 
     </span>
    </p>
   </div>
   <div class='ocr_carea' id='block_1_24' title="bbox 2064 1003 3563 1078">
    <p class='ocr_par' dir='ltr' id='par_1_24' title="bbox 2064 1003 3563 1078">
     <span class='ocr_line' id='line_1_24' title="bbox 2064 1003 3563 1078; baseline 0.011 -21"><span class='ocrx_word' id='word_1_149' title='bbox 2064 1003 2181 1078; x_wconf 74' lang='lat' dir='ltr'><strong><em>Vidi</em></strong></span> <span class='ocrx_word' id='word_1_150' title='bbox 2212 1008 2404 1061; x_wconf 81' lang='lat' dir='ltr'><strong><em>ostium</em></strong></span> <span class='ocrx_word' id='word_1_151' title='bbox 2436 1017 2673 1078; x_wconf 89' lang='lat' dir='ltr'><strong><em>apertum</em></strong></span> <span class='ocrx_word' id='word_1_152' title='bbox 2698 1010 2750 1063; x_wconf 87' lang='lat' dir='ltr'><strong><em>in</em></strong></span> <span class='ocrx_word' id='word_1_153' title='bbox 2772 1009 2918 1065; x_wconf 63' lang='lat' dir='ltr'><strong><em>coelo.</em></strong></span> <span class='ocrx_word' id='word_1_154' title='bbox 2947 1011 3344 1069; x_wconf 75' lang='lat' dir='ltr'><strong><em>Convenienter</em></strong></span> <span class='ocrx_word' id='word_1_155' title='bbox 3368 1016 3563 1073; x_wconf 79' lang='lat' dir='ltr'><strong><em>ostium</em></strong></span> 
     </span>
    </p>
   </div>
   <div class='ocr_carea' id='block_1_25' title="bbox 1978 1095 3565 1178">
    <p class='ocr_par' dir='ltr' id='par_1_25' title="bbox 1978 1095 3565 1178">
     <span class='ocr_line' id='line_1_25' title="bbox 1978 1095 3565 1178; baseline 0.008 -26"><span class='ocrx_word' id='word_1_156' title='bbox 1978 1095 2198 1152; x_wconf 67' lang='lat' dir='ltr'><strong><em>caeleste</em></strong></span> <span class='ocrx_word' id='word_1_157' title='bbox 2228 1113 2555 1154; x_wconf 86' lang='lat' dir='ltr'><strong><em>ascensurus</em></strong></span> <span class='ocrx_word' id='word_1_158' title='bbox 2594 1101 2806 1170; x_wconf 81' lang='lat' dir='ltr'><strong><em>aspicit,</em></strong></span> <span class='ocrx_word' id='word_1_159' title='bbox 2831 1103 2916 1157; x_wconf 91' lang='lat' dir='ltr'><strong><em>cui</em></strong></span> <span class='ocrx_word' id='word_1_160' title='bbox 2944 1103 3086 1160; x_wconf 86' lang='lat' dir='ltr'><strong><em>celsa</em></strong></span> <span class='ocrx_word' id='word_1_161' title='bbox 3115 1107 3372 1178; x_wconf 79' lang='lat' dir='ltr'><strong><em>mysteria</em></strong></span> <span class='ocrx_word' id='word_1_162' title='bbox 3401 1108 3565 1178; x_wconf 87' lang='lat' dir='ltr'><strong><em>pandi</em></strong></span> 
     </span>
    </p>
   </div>
   <div class='ocr_carea' id='block_1_26' title="bbox 1979 1189 3562 1271">
    <p class='ocr_par' dir='ltr' id='par_1_26' title="bbox 1979 1189 3562 1271">
     <span class='ocr_line' id='line_1_26' title="bbox 1979 1189 3562 1271; baseline 0.011 -31"><span class='ocrx_word' id='word_1_163' title='bbox 1979 1189 2388 1257; x_wconf 82' lang='lat' dir='ltr'><strong><em>promittuntur,</em></strong></span> <span class='ocrx_word' id='word_1_164' title='bbox 2417 1191 2499 1245; x_wconf 90' lang='lat' dir='ltr'><strong><em>vel</em></strong></span> <span class='ocrx_word' id='word_1_165' title='bbox 2522 1192 2646 1262; x_wconf 88' lang='lat' dir='ltr'><strong><em>quia</em></strong></span> <span class='ocrx_word' id='word_1_166' title='bbox 2674 1195 2871 1250; x_wconf 85' lang='lat' dir='ltr'><strong><em>ostium</em></strong></span> <span class='ocrx_word' id='word_1_167' title='bbox 2894 1192 3142 1254; x_wconf 88' lang='lat' dir='ltr'><strong><em>Christus</em></strong></span> <span class='ocrx_word' id='word_1_168' title='bbox 3173 1207 3278 1266; x_wconf 90' lang='lat' dir='ltr'><strong><em>est,</em></strong></span> <span class='ocrx_word' id='word_1_169' title='bbox 3301 1201 3393 1271; x_wconf 89' lang='lat' dir='ltr'><strong><em>qui</em></strong></span> <span class='ocrx_word' id='word_1_170' title='bbox 3415 1202 3562 1258; x_wconf 87' lang='lat' dir='ltr'><strong><em>illum</em></strong></span> 
     </span>
    </p>
   </div>
   <div class='ocr_carea' id='block_1_27' title="bbox 1979 1281 3563 1360">
    <p class='ocr_par' dir='ltr' id='par_1_27' title="bbox 1979 1281 3563 1360">
     <span class='ocr_line' id='line_1_27' title="bbox 1979 1281 3563 1360; baseline 0.009 -25"><span class='ocrx_word' id='word_1_171' title='bbox 1979 1281 2271 1336; x_wconf 84' lang='lat' dir='ltr'><strong><em>crediderit</em></strong></span> <span class='ocrx_word' id='word_1_172' title='bbox 2301 1291 2485 1339; x_wconf 88' lang='lat' dir='ltr'><strong><em>natum</em></strong></span> <span class='ocrx_word' id='word_1_173' title='bbox 2532 1294 2584 1340; x_wconf 87' lang='lat' dir='ltr'><strong><em>ct</em></strong></span> <span class='ocrx_word' id='word_1_174' title='bbox 2613 1301 2854 1356; x_wconf 78' lang='lat' dir='ltr'><strong><em>passum,</em></strong></span> <span class='ocrx_word' id='word_1_175' title='bbox 2883 1290 3196 1345; x_wconf 83' lang='lat' dir='ltr'><strong><em>conscendit</em></strong></span> <span class='ocrx_word' id='word_1_176' title='bbox 3226 1294 3457 1360; x_wconf 74' lang='lat' dir='ltr'><strong><em>ctelum,</em></strong></span> <span class='ocrx_word' id='word_1_177' title='bbox 3510 1295 3563 1349; x_wconf 84' lang='lat' dir='ltr'><strong><em>id</em></strong></span> 
     </span>
    </p>
   </div>
   <div class='ocr_carea' id='block_1_28' title="bbox 1978 1373 3562 1455">
    <p class='ocr_par' dir='ltr' id='par_1_28' title="bbox 1978 1373 3562 1455">
     <span class='ocr_line' id='line_1_28' title="bbox 1978 1373 3562 1455; baseline 0.007 -27"><span class='ocrx_word' id='word_1_178' title='bbox 1978 1381 2083 1438; x_wconf 90' lang='lat' dir='ltr'><strong><em>est,</em></strong></span> <span class='ocrx_word' id='word_1_179' title='bbox 2113 1373 2371 1429; x_wconf 61' lang='lat' dir='ltr'><strong><em>Ecclesiae</em></strong></span> <span class='ocrx_word' id='word_1_180' title='bbox 2393 1375 2752 1445; x_wconf 84' lang='lat' dir='ltr'><strong><em>altitudinem,</em></strong></span> <span class='ocrx_word' id='word_1_181' title='bbox 2781 1387 2837 1432; x_wconf 91' lang='lat' dir='ltr'><strong><em>et</em></strong></span> <span class='ocrx_word' id='word_1_182' title='bbox 2857 1380 3002 1435; x_wconf 79' lang='lat' dir='ltr'><strong><em>videt</em></strong></span> <span class='ocrx_word' id='word_1_183' title='bbox 3027 1380 3208 1437; x_wconf 80' lang='lat' dir='ltr'><strong><em>futura</em></strong></span> <span class='ocrx_word' id='word_1_184' title='bbox 3228 1384 3450 1455; x_wconf 85' lang='lat' dir='ltr'><strong><em>speciali</em></strong></span> <span class='ocrx_word' id='word_1_185' title='bbox 3483 1384 3562 1439; x_wconf 78' lang='lat' dir='ltr'><strong><em>ef-</em></strong></span> 
     </span>
    </p>
   </div>
   <div class='ocr_carea' id='block_1_29' title="bbox 1978 1459 2469 1519">
    <p class='ocr_par' dir='ltr' id='par_1_29' title="bbox 1978 1459 2469 1519">
     <span class='ocr_line' id='line_1_29' title="bbox 1978 1459 2469 1519; baseline 0.006 -5"><span class='ocrx_word' id='word_1_186' title='bbox 1978 1459 2124 1517; x_wconf 82' lang='lat' dir='ltr'><strong><em>fectu</em></strong></span> <span class='ocrx_word' id='word_1_187' title='bbox 2151 1463 2292 1518; x_wconf 86' lang='lat' dir='ltr'><strong><em>sicut</em></strong></span> <span class='ocrx_word' id='word_1_188' title='bbox 2320 1464 2469 1519; x_wconf 84' lang='lat' dir='ltr'><strong><em>dicit.</em></strong></span> 
     </span>
    </p>
   </div>
   <div class='ocr_carea' id='block_1_30' title="bbox 2050 1551 3569 1631">
    <p class='ocr_par' dir='ltr' id='par_1_30' title="bbox 2050 1551 3569 1631">
     <span class='ocr_line' id='line_1_30' title="bbox 2050 1551 3569 1631; baseline 0.009 -25"><span class='ocrx_word' id='word_1_189' title='bbox 2050 1551 2119 1606; x_wconf 86' lang='lat' dir='ltr'><strong><em>Et</em></strong></span> <span class='ocrx_word' id='word_1_190' title='bbox 2143 1554 2319 1606; x_wconf 86' lang='lat' dir='ltr'><strong><em>statim</em></strong></span> <span class='ocrx_word' id='word_1_191' title='bbox 2345 1552 2425 1622; x_wconf 80' lang='lat' dir='ltr'><strong><em>fui</em></strong></span> <span class='ocrx_word' id='word_1_192' title='bbox 2462 1554 2517 1606; x_wconf 91' lang='lat' dir='ltr'><strong><em>in</em></strong></span> <span class='ocrx_word' id='word_1_193' title='bbox 2544 1554 2749 1623; x_wconf 82' lang='lat' dir='ltr'><strong><em>spiritu,</em></strong></span> <span class='ocrx_word' id='word_1_194' title='bbox 2782 1564 2831 1610; x_wconf 89' lang='lat' dir='ltr'><strong><em>et</em></strong></span> <span class='ocrx_word' id='word_1_195' title='bbox 2860 1572 2958 1610; x_wconf 78' lang='lat' dir='ltr'><strong><em>vox</em></strong></span> <span class='ocrx_word' id='word_1_196' title='bbox 2997 1558 3170 1628; x_wconf 89' lang='lat' dir='ltr'><strong><em>prima</em></strong></span> <span class='ocrx_word' id='word_1_197' title='bbox 3197 1575 3354 1631; x_wconf 89' lang='lat' dir='ltr'><strong><em>quam</em></strong></span> <span class='ocrx_word' id='word_1_198' title='bbox 3388 1562 3569 1620; x_wconf 71' lang='lat' dir='ltr'><strong><em>audivi</em></strong></span> 
     </span>
    </p>
   </div>
   <div class='ocr_carea' id='block_1_31' title="bbox 1977 1641 3566 1722">
    <p class='ocr_par' dir='ltr' id='par_1_31' title="bbox 1977 1641 3566 1722">
     <span class='ocr_line' id='line_1_31' title="bbox 1977 1641 3566 1722; baseline 0.009 -28"><span class='ocrx_word' id='word_1_199' title='bbox 1977 1649 2228 1712; x_wconf 85' lang='lat' dir='ltr'><strong><em>tanquam</em></strong></span> <span class='ocrx_word' id='word_1_200' title='bbox 2254 1641 2390 1696; x_wconf 72' lang='lat' dir='ltr'><strong><em>tubm</em></strong></span> <span class='ocrx_word' id='word_1_201' title='bbox 2412 1641 2688 1713; x_wconf 82' lang='lat' dir='ltr'><strong><em>loquentis,</em></strong></span> <span class='ocrx_word' id='word_1_202' title='bbox 2725 1653 2829 1700; x_wconf 88' lang='lat' dir='ltr'><strong><em>etc.</em></strong></span> <span class='ocrx_word' id='word_1_203' title='bbox 2886 1644 3133 1703; x_wconf 88' lang='lat' dir='ltr'><strong><em>Similem</em></strong></span> <span class='ocrx_word' id='word_1_204' title='bbox 3172 1650 3360 1720; x_wconf 86' lang='lat' dir='ltr'><strong><em>utique</em></strong></span> <span class='ocrx_word' id='word_1_205' title='bbox 3395 1652 3566 1722; x_wconf 81' lang='lat' dir='ltr'><strong><em>priori</em></strong></span> 
     </span>
    </p>
   </div>
   <div class='ocr_carea' id='block_1_32' title="bbox 1977 1733 3339 1804">
    <p class='ocr_par' dir='ltr' id='par_1_32' title="bbox 1977 1733 3339 1804">
     <span class='ocr_line' id='line_1_32' title="bbox 1977 1733 3339 1804; baseline 0.007 -18"><span class='ocrx_word' id='word_1_206' title='bbox 1977 1734 2094 1788; x_wconf 89' lang='lat' dir='ltr'><strong><em>voci</em></strong></span> <span class='ocrx_word' id='word_1_207' title='bbox 2122 1749 2243 1804; x_wconf 82' lang='lat' dir='ltr'><strong><em>quae</em></strong></span> <span class='ocrx_word' id='word_1_208' title='bbox 2269 1734 2483 1789; x_wconf 80' lang='lat' dir='ltr'><strong><em>dixerat</em></strong></span> <span class='ocrx_word' id='word_1_209' title='bbox 2508 1733 2693 1801; x_wconf 88' lang='lat' dir='ltr'><strong><em>:Quod</em></strong></span> <span class='ocrx_word' id='word_1_210' title='bbox 2717 1736 2866 1793; x_wconf 82' lang='lat' dir='ltr'><strong><em>vides</em></strong></span> <span class='ocrx_word' id='word_1_211' title='bbox 2891 1738 3068 1795; x_wconf 86' lang='lat' dir='ltr'><strong><em>scribe</em></strong></span> <span class='ocrx_word' id='word_1_212' title='bbox 3094 1739 3150 1794; x_wconf 91' lang='lat' dir='ltr'><strong><em>in</em></strong></span> <span class='ocrx_word' id='word_1_213' title='bbox 3184 1740 3339 1798; x_wconf 87' lang='lat' dir='ltr'><strong><em>libro.</em></strong></span> 
     </span>
    </p>
   </div>
   <div class='ocr_carea' id='block_1_33' title="bbox 284 1817 3562 1903">
    <p class='ocr_par' dir='ltr' id='par_1_33' title="bbox 284 1817 3562 1903">
     <span class='ocr_line' id='line_1_33' title="bbox 284 1817 3562 1903; baseline 0.005 -32"><span class='ocrx_word' id='word_1_214' title='bbox 284 1827 517 1891; x_wconf 80' lang='lat' dir='ltr'><strong><em>quatuor</em></strong></span> <span class='ocrx_word' id='word_1_215' title='bbox 537 1818 840 1889; x_wconf 74' lang='lat' dir='ltr'><strong><em>significant</em></strong></span> <span class='ocrx_word' id='word_1_216' title='bbox 871 1817 1196 1890; x_wconf 82' lang='lat' dir='ltr'><strong><em>Evangelia;</em></strong></span> <span class='ocrx_word' id='word_1_217' title='bbox 1231 1834 1353 1893; x_wconf 74' lang='lat' dir='ltr'><strong><em>qua:</em></strong></span> <span class='ocrx_word' id='word_1_218' title='bbox 1391 1821 1564 1878; x_wconf 88' lang='lat' dir='ltr'><strong><em>oculis</em></strong></span> <span class='ocrx_word' id='word_1_219' title='bbox 1594 1831 1721 1879; x_wconf 87' lang='lat' dir='ltr'><strong><em>ante</em></strong></span> <span class='ocrx_word' id='word_1_220' title='bbox 1750 1832 1876 1881; x_wconf 90' lang='lat' dir='ltr'><strong><em>sunt</em></strong></span> <span class='ocrx_word' id='word_1_221' title='bbox 1902 1835 1950 1893; x_wconf 84' lang='grc' dir='ltr'><strong>Β</strong></span> <span class='ocrx_word' id='word_1_222' title='bbox 2048 1822 2118 1878; x_wconf 89' lang='lat' dir='ltr'><strong><em>Et</em></strong></span> <span class='ocrx_word' id='word_1_223' title='bbox 2140 1841 2254 1879; x_wconf 91' lang='lat' dir='ltr'><strong><em>ecce</em></strong></span> <span class='ocrx_word' id='word_1_224' title='bbox 2284 1826 2428 1880; x_wconf 85' lang='lat' dir='ltr'><strong><em>sedes</em></strong></span> <span class='ocrx_word' id='word_1_225' title='bbox 2479 1827 2648 1896; x_wconf 79' lang='lat' dir='ltr'><strong><em>posita</em></strong></span> <span class='ocrx_word' id='word_1_226' title='bbox 2673 1836 2785 1881; x_wconf 85' lang='lat' dir='ltr'><strong><em>erat</em></strong></span> <span class='ocrx_word' id='word_1_227' title='bbox 2813 1829 2870 1882; x_wconf 89' lang='lat' dir='ltr'><strong><em>in</em></strong></span> <span class='ocrx_word' id='word_1_228' title='bbox 2925 1829 3075 1896; x_wconf 69' lang='lat' dir='ltr'><strong><em>coelo,</em></strong></span> <span class='ocrx_word' id='word_1_229' title='bbox 3099 1840 3147 1884; x_wconf 91' lang='lat' dir='ltr'><strong><em>et</em></strong></span> <span class='ocrx_word' id='word_1_230' title='bbox 3176 1849 3336 1902; x_wconf 84' lang='lat' dir='ltr'><strong><em>supra</em></strong></span> <span class='ocrx_word' id='word_1_231' title='bbox 3386 1835 3562 1903; x_wconf 74' lang='lat' dir='ltr'><strong><em>sedem</em></strong></span> 
     </span>
    </p>
   </div>
   <div class='ocr_carea' id='block_1_34' title="bbox 282 1908 1877 1983">
    <p class='ocr_par' dir='ltr' id='par_1_34' title="bbox 282 1908 1877 1983">
     <span class='ocr_line' id='line_1_34' title="bbox 282 1908 1877 1983; baseline 0.004 -18"><span class='ocrx_word' id='word_1_232' title='bbox 282 1910 463 1983; x_wconf 89' lang='lat' dir='ltr'><strong><em>plena,</em></strong></span> <span class='ocrx_word' id='word_1_233' title='bbox 494 1910 621 1981; x_wconf 87' lang='lat' dir='ltr'><strong><em>quia</em></strong></span> <span class='ocrx_word' id='word_1_234' title='bbox 651 1910 718 1965; x_wconf 89' lang='lat' dir='ltr'><strong><em>de</em></strong></span> <span class='ocrx_word' id='word_1_235' title='bbox 745 1908 930 1966; x_wconf 82' lang='lat' dir='ltr'><strong><em>futuro</em></strong></span> <span class='ocrx_word' id='word_1_236' title='bbox 951 1908 1160 1978; x_wconf 89' lang='lat' dir='ltr'><strong><em>judicio</em></strong></span> <span class='ocrx_word' id='word_1_237' title='bbox 1205 1912 1539 1983; x_wconf 83' lang='lat' dir='ltr'><strong><em>praedicant:</em></strong></span> <span class='ocrx_word' id='word_1_238' title='bbox 1572 1924 1721 1971; x_wconf 88' lang='lat' dir='ltr'><strong><em>retro</em></strong></span> <span class='ocrx_word' id='word_1_239' title='bbox 1749 1923 1877 1971; x_wconf 90' lang='lat' dir='ltr'><strong><em>sunt</em></strong></span> 
     </span>
    </p>
   </div>
   <div class='ocr_carea' id='block_1_35' title="bbox 282 1998 1876 2074">
    <p class='ocr_par' dir='ltr' id='par_1_35' title="bbox 282 1998 1876 2074">
     <span class='ocr_line' id='line_1_35' title="bbox 282 1998 1876 2074; baseline 0.004 -19"><span class='ocrx_word' id='word_1_240' title='bbox 282 2001 461 2074; x_wconf 88' lang='lat' dir='ltr'><strong><em>plena,</em></strong></span> <span class='ocrx_word' id='word_1_241' title='bbox 485 2001 611 2073; x_wconf 89' lang='lat' dir='ltr'><strong><em>quia</em></strong></span> <span class='ocrx_word' id='word_1_242' title='bbox 647 2002 715 2056; x_wconf 89' lang='lat' dir='ltr'><strong><em>de</em></strong></span> <span class='ocrx_word' id='word_1_243' title='bbox 739 2000 923 2057; x_wconf 90' lang='lat' dir='ltr'><strong><em>Veteri</em></strong></span> <span class='ocrx_word' id='word_1_244' title='bbox 962 1998 1312 2058; x_wconf 84' lang='lat' dir='ltr'><strong><em>Testamento</em></strong></span> <span class='ocrx_word' id='word_1_245' title='bbox 1367 2004 1735 2062; x_wconf 89' lang='lat' dir='ltr'><strong><em>testimonium</em></strong></span> <span class='ocrx_word' id='word_1_246' title='bbox 1782 2006 1876 2061; x_wconf 92' lang='lat' dir='ltr'><strong><em>do-</em></strong></span> 
     </span>
    </p>
   </div>
   <div class='ocr_carea' id='block_1_36' title="bbox 283 2093 1875 2165">
    <p class='ocr_par' dir='ltr' id='par_1_36' title="bbox 283 2093 1875 2165">
     <span class='ocr_line' id='line_1_36' title="bbox 283 2093 1875 2165; baseline 0.002 -15"><span class='ocrx_word' id='word_1_247' title='bbox 283 2103 444 2161; x_wconf 87' lang='lat' dir='ltr'><strong><em>nant;</em></strong></span> <span class='ocrx_word' id='word_1_248' title='bbox 477 2094 593 2149; x_wconf 83' lang='lat' dir='ltr'><strong><em>sive</em></strong></span> <span class='ocrx_word' id='word_1_249' title='bbox 616 2100 741 2149; x_wconf 89' lang='lat' dir='ltr'><strong><em>ante</em></strong></span> <span class='ocrx_word' id='word_1_250' title='bbox 777 2093 904 2163; x_wconf 89' lang='lat' dir='ltr'><strong><em>quia</em></strong></span> <span class='ocrx_word' id='word_1_251' title='bbox 934 2108 1053 2164; x_wconf 71' lang='lat' dir='ltr'><strong><em>qua:</em></strong></span> <span class='ocrx_word' id='word_1_252' title='bbox 1079 2095 1286 2165; x_wconf 83' lang='lat' dir='ltr'><strong><em>agenda</em></strong></span> <span class='ocrx_word' id='word_1_253' title='bbox 1313 2106 1437 2150; x_wconf 89' lang='lat' dir='ltr'><strong><em>sunt</em></strong></span> <span class='ocrx_word' id='word_1_254' title='bbox 1484 2094 1719 2165; x_wconf 88' lang='lat' dir='ltr'><strong><em>discrete</em></strong></span> <span class='ocrx_word' id='word_1_255' title='bbox 1744 2111 1875 2152; x_wconf 84' lang='lat' dir='ltr'><strong><em>cou-</em></strong></span> 
     </span>
    </p>
   </div>
   <div class='ocr_carea' id='block_1_37' title="bbox 285 2185 1875 2259">
    <p class='ocr_par' dir='ltr' id='par_1_37' title="bbox 285 2185 1875 2259">
     <span class='ocr_line' id='line_1_37' title="bbox 285 2185 1875 2259; baseline 0.001 -16"><span class='ocrx_word' id='word_1_256' title='bbox 285 2186 560 2253; x_wconf 85' lang='lat' dir='ltr'><strong><em>siderant,</em></strong></span> <span class='ocrx_word' id='word_1_257' title='bbox 603 2196 751 2243; x_wconf 89' lang='lat' dir='ltr'><strong><em>retro</em></strong></span> <span class='ocrx_word' id='word_1_258' title='bbox 782 2187 911 2257; x_wconf 88' lang='lat' dir='ltr'><strong><em>quia</em></strong></span> <span class='ocrx_word' id='word_1_259' title='bbox 972 2200 1093 2257; x_wconf 69' lang='lat' dir='ltr'><strong><em>qua:</em></strong></span> <span class='ocrx_word' id='word_1_260' title='bbox 1128 2185 1433 2259; x_wconf 87' lang='lat' dir='ltr'><strong><em>plangenda</em></strong></span> <span class='ocrx_word' id='word_1_261' title='bbox 1470 2196 1599 2244; x_wconf 88' lang='lat' dir='ltr'><strong><em>sunt</em></strong></span> <span class='ocrx_word' id='word_1_262' title='bbox 1644 2188 1875 2245; x_wconf 85' lang='lat' dir='ltr'><strong><em>solerter</em></strong></span> 
     </span>
    </p>
   </div>
   <div class='ocr_carea' id='block_1_38' title="bbox 284 2270 659 2336">
    <p class='ocr_par' dir='ltr' id='par_1_38' title="bbox 284 2270 659 2336">
     <span class='ocr_line' id='line_1_38' title="bbox 284 2270 659 2336; baseline -0.008 0"><span class='ocrx_word' id='word_1_263' title='bbox 284 2270 659 2336; x_wconf 80' lang='lat' dir='ltr'><strong><em>recordamur.</em></strong></span> 
     </span>
    </p>
   </div>
   <div class='ocr_carea' id='block_1_39' title="bbox 351 2368 1872 2442">
    <p class='ocr_par' dir='ltr' id='par_1_39' title="bbox 351 2368 1872 2442">
     <span class='ocr_line' id='line_1_39' title="bbox 351 2368 1872 2442; baseline 0.003 -18"><span class='ocrx_word' id='word_1_264' title='bbox 351 2369 423 2424; x_wconf 86' lang='lat' dir='ltr'><strong><em>Et</em></strong></span> <span class='ocrx_word' id='word_1_265' title='bbox 457 2369 658 2425; x_wconf 83' lang='lat' dir='ltr'><strong><em>animal</em></strong></span> <span class='ocrx_word' id='word_1_266' title='bbox 706 2370 934 2442; x_wconf 86' lang='lat' dir='ltr'><strong><em>primum</em></strong></span> <span class='ocrx_word' id='word_1_267' title='bbox 990 2368 1161 2425; x_wconf 67' lang='lat' dir='ltr'><strong><em>simile</em></strong></span> <span class='ocrx_word' id='word_1_268' title='bbox 1217 2368 1374 2437; x_wconf 83' lang='lat' dir='ltr'><strong><em>leoni,</em></strong></span> <span class='ocrx_word' id='word_1_269' title='bbox 1407 2378 1513 2428; x_wconf 89' lang='lat' dir='ltr'><strong><em>etc.</em></strong></span> <span class='ocrx_word' id='word_1_270' title='bbox 1564 2370 1872 2429; x_wconf 86' lang='lat' dir='ltr'><strong><em>Secundum</em></strong></span> 
     </span>
    </p>
   </div>
   <div class='ocr_carea' id='block_1_40' title="bbox 287 2461 1869 2536">
    <p class='ocr_par' dir='ltr' id='par_1_40' title="bbox 287 2461 1869 2536">
     <span class='ocr_line' id='line_1_40' title="bbox 287 2461 1869 2536; baseline 0.001 -18"><span class='ocrx_word' id='word_1_271' title='bbox 287 2478 522 2536; x_wconf 85' lang='lat' dir='ltr'><strong><em>anagoge</em></strong></span> <span class='ocrx_word' id='word_1_272' title='bbox 544 2471 745 2531; x_wconf 88' lang='lat' dir='ltr'><strong><em>autem,</em></strong></span> <span class='ocrx_word' id='word_1_273' title='bbox 776 2463 1026 2519; x_wconf 85' lang='lat' dir='ltr'><strong><em>Christus</em></strong></span> <span class='ocrx_word' id='word_1_274' title='bbox 1069 2463 1152 2519; x_wconf 85' lang='lat' dir='ltr'><strong><em>leo</em></strong></span> <span class='ocrx_word' id='word_1_275' title='bbox 1201 2461 1304 2518; x_wconf 84' lang='lat' dir='ltr'><strong><em>fuit</em></strong></span> <span class='ocrx_word' id='word_1_276' title='bbox 1330 2464 1385 2519; x_wconf 92' lang='lat' dir='ltr'><strong><em>in</em></strong></span> <span class='ocrx_word' id='word_1_277' title='bbox 1437 2465 1869 2531; x_wconf 85' lang='lat' dir='ltr'><strong><em>resurrectione,</em></strong></span> 
     </span>
    </p>
   </div>
   <div class='ocr_carea' id='block_1_41' title="bbox 283 2555 1874 2630">
    <p class='ocr_par' dir='ltr' id='par_1_41' title="bbox 283 2555 1874 2630">
     <span class='ocr_line' id='line_1_41' title="bbox 283 2555 1874 2630; baseline -0.002 -17"><span class='ocrx_word' id='word_1_278' title='bbox 283 2556 482 2615; x_wconf 76' lang='lat' dir='ltr'><strong><em>vitulus</em></strong></span> <span class='ocrx_word' id='word_1_279' title='bbox 514 2558 569 2613; x_wconf 85' lang='lat' dir='ltr'><strong><em>in</em></strong></span> <span class='ocrx_word' id='word_1_280' title='bbox 592 2558 865 2630; x_wconf 82' lang='lat' dir='ltr'><strong><em>passione,</em></strong></span> <span class='ocrx_word' id='word_1_281' title='bbox 906 2559 1070 2617; x_wconf 85' lang='lat' dir='ltr'><strong><em>homo</em></strong></span> <span class='ocrx_word' id='word_1_282' title='bbox 1091 2558 1145 2613; x_wconf 89' lang='lat' dir='ltr'><strong><em>in</em></strong></span> <span class='ocrx_word' id='word_1_283' title='bbox 1177 2573 1359 2625; x_wconf 88' lang='lat' dir='ltr'><strong><em>carne,</em></strong></span> <span class='ocrx_word' id='word_1_284' title='bbox 1397 2555 1576 2627; x_wconf 86' lang='lat' dir='ltr'><strong><em>aquila</em></strong></span> <span class='ocrx_word' id='word_1_285' title='bbox 1605 2557 1660 2612; x_wconf 92' lang='lat' dir='ltr'><strong><em>in</em></strong></span> <span class='ocrx_word' id='word_1_286' title='bbox 1682 2571 1874 2612; x_wconf 83' lang='lat' dir='ltr'><strong><em>ascen-</em></strong></span> 
     </span>
    </p>
   </div>
   <div class='ocr_carea' id='block_1_42' title="bbox 286 2648 1868 2721">
    <p class='ocr_par' dir='ltr' id='par_1_42' title="bbox 286 2648 1868 2721">
     <span class='ocr_line' id='line_1_42' title="bbox 286 2648 1868 2721; baseline 0 -16"><span class='ocrx_word' id='word_1_287' title='bbox 286 2650 452 2707; x_wconf 89' lang='lat' dir='ltr'><strong><em>sione.</em></strong></span> <span class='ocrx_word' id='word_1_288' title='bbox 480 2650 791 2711; x_wconf 90' lang='lat' dir='ltr'><strong><em>Secundum</em></strong></span> <span class='ocrx_word' id='word_1_289' title='bbox 816 2652 1077 2708; x_wconf 86' lang='lat' dir='ltr'><strong><em>moralem</em></strong></span> <span class='ocrx_word' id='word_1_290' title='bbox 1101 2668 1229 2707; x_wconf 86' lang='lat' dir='ltr'><strong><em>vero</em></strong></span> <span class='ocrx_word' id='word_1_291' title='bbox 1251 2667 1494 2717; x_wconf 87' lang='lat' dir='ltr'><strong><em>sensum,</em></strong></span> <span class='ocrx_word' id='word_1_292' title='bbox 1518 2650 1605 2707; x_wconf 87' lang='lat' dir='ltr'><strong><em>leo</em></strong></span> <span class='ocrx_word' id='word_1_293' title='bbox 1635 2651 1729 2721; x_wconf 87' lang='lat' dir='ltr'><strong><em>qui</em></strong></span> <span class='ocrx_word' id='word_1_294' title='bbox 1754 2648 1868 2706; x_wconf 79' lang='lat' dir='ltr'><strong><em>for-</em></strong></span> 
     </span>
    </p>
   </div>
   <div class='ocr_carea' id='block_1_43' title="bbox 287 2740 1869 2811">
    <p class='ocr_par' dir='ltr' id='par_1_43' title="bbox 287 2740 1869 2811">
     <span class='ocr_line' id='line_1_43' title="bbox 287 2740 1869 2811; baseline -0.001 -15"><span class='ocrx_word' id='word_1_295' title='bbox 287 2742 528 2798; x_wconf 88' lang='lat' dir='ltr'><strong><em>tissimus</em></strong></span> <span class='ocrx_word' id='word_1_296' title='bbox 571 2742 831 2799; x_wconf 84' lang='lat' dir='ltr'><strong><em>scribitur</em></strong></span> <span class='ocrx_word' id='word_1_297' title='bbox 858 2741 1175 2807; x_wconf 86' lang='lat' dir='ltr'><strong><em>bestiarum,</em></strong></span> <span class='ocrx_word' id='word_1_298' title='bbox 1200 2741 1455 2798; x_wconf 84' lang='lat' dir='ltr'><strong><em>fortiores</em></strong></span> <span class='ocrx_word' id='word_1_299' title='bbox 1489 2740 1763 2811; x_wconf 84' lang='lat' dir='ltr'><strong><em>signiﬁcat</em></strong></span> <span class='ocrx_word' id='word_1_300' title='bbox 1811 2742 1869 2797; x_wconf 90' lang='lat' dir='ltr'><strong><em>in</em></strong></span> 
     </span>
    </p>
   </div>
   <div class='ocr_carea' id='block_1_44' title="bbox 283 2833 1871 2901">
    <p class='ocr_par' dir='ltr' id='par_1_44' title="bbox 283 2833 1871 2901">
     <span class='ocr_line' id='line_1_44' title="bbox 283 2833 1871 2901; baseline -0.001 -11"><span class='ocrx_word' id='word_1_301' title='bbox 283 2833 407 2901; x_wconf 82' lang='lat' dir='ltr'><strong><em>ﬁde,</em></strong></span> <span class='ocrx_word' id='word_1_302' title='bbox 436 2835 636 2892; x_wconf 89' lang='lat' dir='ltr'><strong><em>vitulus</em></strong></span> <span class='ocrx_word' id='word_1_303' title='bbox 665 2836 1046 2893; x_wconf 88' lang='lat' dir='ltr'><strong><em>misericordes</em></strong></span> <span class='ocrx_word' id='word_1_304' title='bbox 1077 2836 1132 2891; x_wconf 91' lang='lat' dir='ltr'><strong><em>in</em></strong></span> <span class='ocrx_word' id='word_1_305' title='bbox 1159 2835 1397 2890; x_wconf 88' lang='lat' dir='ltr'><strong><em>Ecclesia</em></strong></span> <span class='ocrx_word' id='word_1_306' title='bbox 1422 2851 1436 2899; x_wconf 89' lang='lat'><strong>;</strong></span> <span class='ocrx_word' id='word_1_307' title='bbox 1485 2835 1667 2899; x_wconf 87' lang='lat' dir='ltr'><strong><em>homo,</em></strong></span> <span class='ocrx_word' id='word_1_308' title='bbox 1693 2834 1871 2890; x_wconf 88' lang='lat' dir='ltr'><strong><em>humi-</em></strong></span> 
     </span>
    </p>
   </div>
   <div class='ocr_carea' id='block_1_45' title="bbox 284 2925 1868 2999">
    <p class='ocr_par' dir='ltr' id='par_1_45' title="bbox 284 2925 1868 2999">
     <span class='ocr_line' id='line_1_45' title="bbox 284 2925 1868 2999; baseline 0 -20"><span class='ocrx_word' id='word_1_309' title='bbox 284 2926 360 2985; x_wconf 87' lang='lat' dir='ltr'><strong><em>les</em></strong></span> <span class='ocrx_word' id='word_1_310' title='bbox 390 2926 484 2997; x_wconf 88' lang='lat' dir='ltr'><strong><em>qui</em></strong></span> <span class='ocrx_word' id='word_1_311' title='bbox 521 2927 740 2992; x_wconf 89' lang='lat' dir='ltr'><strong><em>dicunt,</em></strong></span> <span class='ocrx_word' id='word_1_312' title='bbox 788 2925 1115 2982; x_wconf 81' lang='lat' dir='ltr'><strong><em>Ilumiliatus</em></strong></span> <span class='ocrx_word' id='word_1_313' title='bbox 1148 2943 1265 2981; x_wconf 87' lang='lat' dir='ltr'><strong><em>sum</em></strong></span> <span class='ocrx_word' id='word_1_314' title='bbox 1308 2942 1698 2999; x_wconf 81' lang='lat' dir='ltr'><strong><em>usquequaque,</em></strong></span> <span class='ocrx_word' id='word_1_315' title='bbox 1744 2926 1868 2980; x_wconf 76' lang='lat' dir='ltr'><strong><em>vivi-</em></strong></span> 
     </span>
    </p>
   </div>
   <div class='ocr_carea' id='block_1_46' title="bbox 282 3018 1870 3090">
    <p class='ocr_par' dir='ltr' id='par_1_46' title="bbox 282 3018 1870 3090">
     <span class='ocr_line' id='line_1_46' title="bbox 282 3018 1870 3090; baseline 0.001 -16"><span class='ocrx_word' id='word_1_316' title='bbox 282 3018 383 3088; x_wconf 82' lang='lat' dir='ltr'><strong><em>ﬁcu</em></strong></span> <span class='ocrx_word' id='word_1_317' title='bbox 409 3036 535 3085; x_wconf 69' lang='lat' dir='ltr'><strong><em>me,,</em></strong></span> <span class='ocrx_word' id='word_1_318' title='bbox 564 3019 825 3083; x_wconf 83' lang='lat' dir='ltr'><strong><em>Domine;</em></strong></span> <span class='ocrx_word' id='word_1_319' title='bbox 851 3019 1054 3090; x_wconf 88' lang='lat' dir='ltr'><strong><em>aquila,</em></strong></span> <span class='ocrx_word' id='word_1_320' title='bbox 1107 3018 1353 3075; x_wconf 76' lang='lat' dir='ltr'><strong><em>excelsos</em></strong></span> <span class='ocrx_word' id='word_1_321' title='bbox 1404 3019 1496 3090; x_wconf 85' lang='lat' dir='ltr'><strong><em>qui</em></strong></span> <span class='ocrx_word' id='word_1_322' title='bbox 1523 3018 1711 3074; x_wconf 89' lang='lat' dir='ltr'><strong><em>dicunt</em></strong></span> <span class='ocrx_word' id='word_1_323' title='bbox 1744 3034 1870 3075; x_wconf 91' lang='lat' dir='ltr'><strong><em>cum</em></strong></span> 
     </span>
    </p>
   </div>
   <div class='ocr_carea' id='block_1_47' title="bbox 282 3106 1866 3181">
    <p class='ocr_par' dir='ltr' id='par_1_47' title="bbox 282 3106 1866 3181">
     <span class='ocr_line' id='line_1_47' title="bbox 282 3106 1866 3181; baseline 0.001 -16"><span class='ocrx_word' id='word_1_324' title='bbox 282 3110 472 3178; x_wconf 88' lang='lat' dir='ltr'><strong><em>Paulo,</em></strong></span> <span class='ocrx_word' id='word_1_325' title='bbox 502 3120 689 3167; x_wconf 87' lang='lat' dir='ltr'><strong><em>nostra</em></strong></span> <span class='ocrx_word' id='word_1_326' title='bbox 710 3119 897 3166; x_wconf 88' lang='lat' dir='ltr'><strong><em>autem</em></strong></span> <span class='ocrx_word' id='word_1_327' title='bbox 933 3112 1274 3169; x_wconf 81' lang='lat' dir='ltr'><strong><em>conversatio</em></strong></span> <span class='ocrx_word' id='word_1_328' title='bbox 1314 3111 1369 3167; x_wconf 89' lang='lat' dir='ltr'><strong><em>in</em></strong></span> <span class='ocrx_word' id='word_1_329' title='bbox 1399 3106 1552 3167; x_wconf 78' lang='lat' dir='ltr'><strong><em>caelis</em></strong></span> <span class='ocrx_word' id='word_1_330' title='bbox 1593 3118 1695 3168; x_wconf 88' lang='lat' dir='ltr'><strong><em>est.</em></strong></span> <span class='ocrx_word' id='word_1_331' title='bbox 1736 3110 1866 3181; x_wconf 62' lang='lat' dir='ltr'><strong><em>Quae</em></strong></span> 
     </span>
    </p>
   </div>
   <div class='ocr_carea' id='block_1_48' title="bbox 1979 1913 3559 1993">
    <p class='ocr_par' dir='ltr' id='par_1_48' title="bbox 1979 1913 3559 1993">
     <span class='ocr_line' id='line_1_48' title="bbox 1979 1913 3559 1993; baseline 0.008 -24"><span class='ocrx_word' id='word_1_332' title='bbox 1979 1913 2181 1971; x_wconf 83' lang='lat' dir='ltr'><strong><em>sedens.</em></strong></span> <span class='ocrx_word' id='word_1_333' title='bbox 2208 1914 2505 1971; x_wconf 86' lang='lat' dir='ltr'><strong><em>Ecclesiam</em></strong></span> <span class='ocrx_word' id='word_1_334' title='bbox 2535 1917 2589 1971; x_wconf 90' lang='lat' dir='ltr'><strong><em>in</em></strong></span> <span class='ocrx_word' id='word_1_335' title='bbox 2636 1919 2843 1974; x_wconf 72' lang='lat' dir='ltr'><strong><em>cmlesti</em></strong></span> <span class='ocrx_word' id='word_1_336' title='bbox 2874 1922 3286 1979; x_wconf 84' lang='lat' dir='ltr'><strong><em>conversatione</em></strong></span> <span class='ocrx_word' id='word_1_337' title='bbox 3328 1926 3559 1993; x_wconf 86' lang='lat' dir='ltr'><strong><em>positam</em></strong></span> 
     </span>
    </p>
   </div>
   <div class='ocr_carea' id='block_1_49' title="bbox 1977 2004 3558 2082">
    <p class='ocr_par' dir='ltr' id='par_1_49' title="bbox 1977 2004 3558 2082">
     <span class='ocr_line' id='line_1_49' title="bbox 1977 2004 3558 2082; baseline 0.006 -19"><span class='ocrx_word' id='word_1_338' title='bbox 1977 2004 2237 2063; x_wconf 90' lang='lat' dir='ltr'><strong><em>Dominus</em></strong></span> <span class='ocrx_word' id='word_1_339' title='bbox 2260 2007 2488 2063; x_wconf 78' lang='lat' dir='ltr'><strong><em>habitat.</em></strong></span> <span class='ocrx_word' id='word_1_340' title='bbox 2525 2006 2817 2077; x_wconf 81' lang='lat' dir='ltr'><strong><em>Gregorius</em></strong></span> <span class='ocrx_word' id='word_1_341' title='bbox 2846 2026 2984 2082; x_wconf 88' lang='lat' dir='ltr'><strong><em>papa</em></strong></span> <span class='ocrx_word' id='word_1_342' title='bbox 3018 2012 3212 2068; x_wconf 74' lang='lat' dir='ltr'><strong><em>solium</em></strong></span> <span class='ocrx_word' id='word_1_343' title='bbox 3263 2013 3357 2070; x_wconf 87' lang='lat' dir='ltr'><strong><em>Dei</em></strong></span> <span class='ocrx_word' id='word_1_344' title='bbox 3386 2016 3445 2071; x_wconf 84' lang='lat' dir='ltr'><strong><em>in</em></strong></span> <span class='ocrx_word' id='word_1_345' title='bbox 3476 2018 3558 2072; x_wconf 86' lang='lat' dir='ltr'><strong><em>vi-</em></strong></span> 
     </span>
    </p>
   </div>
   <div class='ocr_carea' id='block_1_50' title="bbox 1976 2099 3556 2176">
    <p class='ocr_par' dir='ltr' id='par_1_50' title="bbox 1976 2099 3556 2176">
     <span class='ocr_line' id='line_1_50' title="bbox 1976 2099 3556 2176; baseline 0.006 -22"><span class='ocrx_word' id='word_1_346' title='bbox 1976 2099 2131 2163; x_wconf 80' lang='lat' dir='ltr'><strong><em>sione</em></strong></span> <span class='ocrx_word' id='word_1_347' title='bbox 2182 2099 2405 2156; x_wconf 77' lang='lat' dir='ltr'><strong><em>Michea:</em></strong></span> <span class='ocrx_word' id='word_1_348' title='bbox 2459 2101 2730 2173; x_wconf 85' lang='lat' dir='ltr'><strong><em>angelicas</em></strong></span> <span class='ocrx_word' id='word_1_349' title='bbox 2774 2111 3073 2173; x_wconf 86' lang='lat' dir='ltr'><strong><em>potestates</em></strong></span> <span class='ocrx_word' id='word_1_350' title='bbox 3128 2105 3556 2176; x_wconf 83' lang='lat' dir='ltr'><strong><em>interpretatur,</em></strong></span> 
     </span>
    </p>
   </div>
   <div class='ocr_carea' id='block_1_51' title="bbox 1973 2193 3559 2267">
    <p class='ocr_par' dir='ltr' id='par_1_51' title="bbox 1973 2193 3559 2267">
     <span class='ocr_line' id='line_1_51' title="bbox 1973 2193 3559 2267; baseline 0.006 -20"><span class='ocrx_word' id='word_1_351' title='bbox 1973 2204 2207 2266; x_wconf 82' lang='lat' dir='ltr'><strong><em>quarum</em></strong></span> <span class='ocrx_word' id='word_1_352' title='bbox 2232 2193 2502 2250; x_wconf 88' lang='lat' dir='ltr'><strong><em>mentibus</em></strong></span> <span class='ocrx_word' id='word_1_353' title='bbox 2551 2194 2713 2250; x_wconf 89' lang='lat' dir='ltr'><strong><em>altius</em></strong></span> <span class='ocrx_word' id='word_1_354' title='bbox 2762 2195 3074 2266; x_wconf 65' lang='lat' dir='ltr'><strong><em>praesidens,</em></strong></span> <span class='ocrx_word' id='word_1_355' title='bbox 3108 2195 3334 2254; x_wconf 80' lang='lat' dir='ltr'><strong><em>inferius</em></strong></span> <span class='ocrx_word' id='word_1_356' title='bbox 3363 2209 3559 2267; x_wconf 78' lang='lat' dir='ltr'><strong><em>cuncta</em></strong></span> 
     </span>
    </p>
   </div>
   <div class='ocr_carea' id='block_1_52' title="bbox 1976 2284 2233 2356">
    <p class='ocr_par' dir='ltr' id='par_1_52' title="bbox 1976 2284 2233 2356">
     <span class='ocr_line' id='line_1_52' title="bbox 1976 2284 2233 2356; baseline -0.012 -15"><span class='ocrx_word' id='word_1_357' title='bbox 1976 2284 2233 2356; x_wconf 89' lang='lat' dir='ltr'><strong><em>disponit.</em></strong></span> 
     </span>
    </p>
   </div>
   <div class='ocr_carea' id='block_1_53' title="bbox 2045 2375 3562 2454">
    <p class='ocr_par' dir='ltr' id='par_1_53' title="bbox 2045 2375 3562 2454">
     <span class='ocr_line' id='line_1_53' title="bbox 2045 2375 3562 2454; baseline 0.005 -23"><span class='ocrx_word' id='word_1_358' title='bbox 2045 2375 2115 2431; x_wconf 88' lang='lat' dir='ltr'><strong><em>Et</em></strong></span> <span class='ocrx_word' id='word_1_359' title='bbox 2146 2378 2237 2448; x_wconf 75' lang='lat' dir='ltr'><strong><em>qui</em></strong></span> <span class='ocrx_word' id='word_1_360' title='bbox 2256 2375 2466 2431; x_wconf 87' lang='lat' dir='ltr'><strong><em>sedebat</em></strong></span> <span class='ocrx_word' id='word_1_361' title='bbox 2500 2376 2686 2432; x_wconf 83' lang='lat' dir='ltr'><strong><em>similis</em></strong></span> <span class='ocrx_word' id='word_1_362' title='bbox 2710 2387 2821 2432; x_wconf 89' lang='lat' dir='ltr'><strong><em>erat</em></strong></span> <span class='ocrx_word' id='word_1_363' title='bbox 2845 2381 3075 2452; x_wconf 78' lang='lat' dir='ltr'><strong><em>aspectui</em></strong></span> <span class='ocrx_word' id='word_1_364' title='bbox 3112 2378 3304 2452; x_wconf 85' lang='lat' dir='ltr'><strong><em>lapidis</em></strong></span> <span class='ocrx_word' id='word_1_365' title='bbox 3330 2380 3562 2454; x_wconf 82' lang='lat' dir='ltr'><strong><em>jaspidis</em></strong></span> 
     </span>
    </p>
   </div>
   <div class='ocr_carea' id='block_1_54' title="bbox 1972 2465 3562 2545">
    <p class='ocr_par' dir='ltr' id='par_1_54' title="bbox 1972 2465 3562 2545">
     <span class='ocr_line' id='line_1_54' title="bbox 1972 2465 3562 2545; baseline 0.005 -23"><span class='ocrx_word' id='word_1_366' title='bbox 1972 2478 2021 2523; x_wconf 88' lang='lat' dir='ltr'><strong><em>et</em></strong></span> <span class='ocrx_word' id='word_1_367' title='bbox 2047 2467 2240 2528; x_wconf 88' lang='lat' dir='ltr'><strong><em>sardii.</em></strong></span> <span class='ocrx_word' id='word_1_368' title='bbox 2302 2465 2536 2538; x_wconf 84' lang='lat' dir='ltr'><strong><em>Jaspidis</em></strong></span> <span class='ocrx_word' id='word_1_369' title='bbox 2568 2467 2717 2524; x_wconf 91' lang='lat' dir='ltr'><strong><em>color</em></strong></span> <span class='ocrx_word' id='word_1_370' title='bbox 2758 2485 2984 2541; x_wconf 87' lang='lat' dir='ltr'><strong><em>aquam,</em></strong></span> <span class='ocrx_word' id='word_1_371' title='bbox 3030 2472 3234 2527; x_wconf 89' lang='lat' dir='ltr'><strong><em>sardini</em></strong></span> <span class='ocrx_word' id='word_1_372' title='bbox 3265 2473 3442 2545; x_wconf 83' lang='lat' dir='ltr'><strong><em>ignem</em></strong></span> <span class='ocrx_word' id='word_1_373' title='bbox 3485 2475 3562 2530; x_wconf 88' lang='lat' dir='ltr'><strong><em>si-</em></strong></span> 
     </span>
    </p>
   </div>
   <div class='ocr_carea' id='block_1_55' title="bbox 1971 2558 3556 2632">
    <p class='ocr_par' dir='ltr' id='par_1_55' title="bbox 1971 2558 3556 2632">
     <span class='ocr_line' id='line_1_55' title="bbox 1971 2558 3556 2632; baseline 0.004 -18"><span class='ocrx_word' id='word_1_374' title='bbox 1971 2558 2212 2630; x_wconf 83' lang='lat' dir='ltr'><strong><em>gniﬁcat,</em></strong></span> <span class='ocrx_word' id='word_1_375' title='bbox 2239 2560 2436 2629; x_wconf 88' lang='lat' dir='ltr'><strong><em>quibus</em></strong></span> <span class='ocrx_word' id='word_1_376' title='bbox 2464 2559 2673 2616; x_wconf 88' lang='lat' dir='ltr'><strong><em>duobus</em></strong></span> <span class='ocrx_word' id='word_1_377' title='bbox 2695 2561 2956 2632; x_wconf 86' lang='lat' dir='ltr'><strong><em>judicium</em></strong></span> <span class='ocrx_word' id='word_1_378' title='bbox 2995 2563 3243 2619; x_wconf 84' lang='lat' dir='ltr'><strong><em>novimus</em></strong></span> <span class='ocrx_word' id='word_1_379' title='bbox 3270 2565 3556 2621; x_wconf 86' lang='lat' dir='ltr'><strong><em>celebrari.</em></strong></span> 
     </span>
    </p>
   </div>
   <div class='ocr_carea' id='block_1_56' title="bbox 1972 2644 3562 2718">
    <p class='ocr_par' dir='ltr' id='par_1_56' title="bbox 1972 2644 3562 2718">
     <span class='ocr_line' id='line_1_56' title="bbox 1972 2644 3562 2718; baseline 0.006 -17"><span class='ocrx_word' id='word_1_380' title='bbox 1972 2644 2121 2702; x_wconf 88' lang='lat' dir='ltr'><strong><em>Sicut</em></strong></span> <span class='ocrx_word' id='word_1_381' title='bbox 2140 2647 2309 2713; x_wconf 87' lang='lat' dir='ltr'><strong><em>enim,</em></strong></span> <span class='ocrx_word' id='word_1_382' title='bbox 2334 2648 2531 2718; x_wconf 89' lang='lat' dir='ltr'><strong><em>inquit,</em></strong></span> <span class='ocrx_word' id='word_1_383' title='bbox 2558 2650 2616 2703; x_wconf 89' lang='lat' dir='ltr'><strong><em>in</em></strong></span> <span class='ocrx_word' id='word_1_384' title='bbox 2640 2649 2820 2704; x_wconf 83' lang='lat' dir='ltr'><strong><em>diebus</em></strong></span> <span class='ocrx_word' id='word_1_385' title='bbox 2853 2650 2993 2718; x_wconf 88' lang='lat' dir='ltr'><strong><em>Noe,</em></strong></span> <span class='ocrx_word' id='word_1_386' title='bbox 3020 2651 3095 2706; x_wconf 88' lang='lat' dir='ltr'><strong><em>ita</em></strong></span> <span class='ocrx_word' id='word_1_387' title='bbox 3118 2653 3215 2706; x_wconf 86' lang='lat' dir='ltr'><strong><em>erit</em></strong></span> <span class='ocrx_word' id='word_1_388' title='bbox 3236 2661 3285 2708; x_wconf 89' lang='lat' dir='ltr'><strong><em>et</em></strong></span> <span class='ocrx_word' id='word_1_389' title='bbox 3306 2653 3562 2711; x_wconf 78' lang='lat' dir='ltr'><strong><em>adventus</em></strong></span> 
     </span>
    </p>
   </div>
   <div class='ocr_carea' id='block_1_57' title="bbox 1942 2732 2782 2810">
    <p class='ocr_par' dir='ltr' id='par_1_57' title="bbox 1942 2732 2782 2810">
     <span class='ocr_line' id='line_1_57' title="bbox 1942 2732 2782 2810; baseline 0.006 -22"><span class='ocrx_word' id='word_1_390' title='bbox 1942 2732 2071 2790; x_wconf 79' lang='lat' dir='ltr'><strong><em>Filii</em></strong></span> <span class='ocrx_word' id='word_1_391' title='bbox 2095 2736 2324 2791; x_wconf 80' lang='lat' dir='ltr'><strong><em>hominis</em></strong></span> <span class='ocrx_word' id='word_1_392' title='bbox 2358 2735 2573 2808; x_wconf 69' lang='lat' dir='ltr'><strong><em>(Matth.</em></strong></span> <span class='ocrx_word' id='word_1_393' title='bbox 2606 2738 2782 2810; x_wconf 74' lang='lat' dir='ltr'><strong><em>xxxv).</em></strong></span> 
     </span>
    </p>
   </div>
   <div class='ocr_carea' id='block_1_58' title="bbox 2041 2826 3562 2908">
    <p class='ocr_par' dir='ltr' id='par_1_58' title="bbox 2041 2826 3562 2908">
     <span class='ocr_line' id='line_1_58' title="bbox 2041 2826 3562 2908; baseline 0.006 -26"><span class='ocrx_word' id='word_1_394' title='bbox 2041 2826 2112 2882; x_wconf 85' lang='lat' dir='ltr'><strong><em>Et</em></strong></span> <span class='ocrx_word' id='word_1_395' title='bbox 2138 2827 2231 2884; x_wconf 86' lang='lat' dir='ltr'><strong><em>iris</em></strong></span> <span class='ocrx_word' id='word_1_396' title='bbox 2256 2837 2369 2883; x_wconf 85' lang='lat' dir='ltr'><strong><em>erat</em></strong></span> <span class='ocrx_word' id='word_1_397' title='bbox 2383 2830 2438 2882; x_wconf 88' lang='lat' dir='ltr'><strong><em>in</em></strong></span> <span class='ocrx_word' id='word_1_398' title='bbox 2462 2830 2687 2884; x_wconf 86' lang='lat' dir='ltr'><strong><em>circuitu</em></strong></span> <span class='ocrx_word' id='word_1_399' title='bbox 2709 2831 2869 2898; x_wconf 82' lang='lat' dir='ltr'><strong><em>sedis,</em></strong></span> <span class='ocrx_word' id='word_1_400' title='bbox 2894 2832 3086 2888; x_wconf 81' lang='lat' dir='ltr'><strong><em>similis</em></strong></span> <span class='ocrx_word' id='word_1_401' title='bbox 3115 2834 3305 2890; x_wconf 85' lang='lat' dir='ltr'><strong><em>visioni</em></strong></span> <span class='ocrx_word' id='word_1_402' title='bbox 3321 2849 3562 2908; x_wconf 76' lang='lat' dir='ltr'><strong><em>smarag-</em></strong></span> 
     </span>
    </p>
   </div>
   <div class='ocr_carea' id='block_1_59' title="bbox 1970 2918 3564 2995">
    <p class='ocr_par' dir='ltr' id='par_1_59' title="bbox 1970 2918 3564 2995">
     <span class='ocr_line' id='line_1_59' title="bbox 1970 2918 3564 2995; baseline 0.005 -23"><span class='ocrx_word' id='word_1_403' title='bbox 1970 2919 2135 2975; x_wconf 78' lang='lat' dir='ltr'><strong><em>dinte.</em></strong></span> <span class='ocrx_word' id='word_1_404' title='bbox 2166 2918 2268 2974; x_wconf 85' lang='lat' dir='ltr'><strong><em>Iris</em></strong></span> <span class='ocrx_word' id='word_1_405' title='bbox 2324 2934 2443 2989; x_wconf 73' lang='lat' dir='ltr'><strong><em>qua:</em></strong></span> <span class='ocrx_word' id='word_1_406' title='bbox 2479 2918 2539 2973; x_wconf 87' lang='lat' dir='ltr'><strong><em>ﬁt</em></strong></span> <span class='ocrx_word' id='word_1_407' title='bbox 2590 2919 2702 2975; x_wconf 92' lang='lat' dir='ltr'><strong><em>sole</em></strong></span> <span class='ocrx_word' id='word_1_408' title='bbox 2733 2922 2903 2977; x_wconf 89' lang='lat' dir='ltr'><strong><em>nubes</em></strong></span> <span class='ocrx_word' id='word_1_409' title='bbox 2940 2922 3238 2978; x_wconf 87' lang='lat' dir='ltr'><strong><em>irradiante</em></strong></span> <span class='ocrx_word' id='word_1_410' title='bbox 3262 2964 3279 2989; x_wconf 89' lang='lat'><strong><em>,</em></strong></span> <span class='ocrx_word' id='word_1_411' title='bbox 3330 2934 3386 2980; x_wconf 89' lang='lat' dir='ltr'><strong><em>et</em></strong></span> <span class='ocrx_word' id='word_1_412' title='bbox 3438 2934 3564 2995; x_wconf 87' lang='lat' dir='ltr'><strong><em>post</em></strong></span> 
     </span>
    </p>
   </div>
   <div class='ocr_carea' id='block_1_60' title="bbox 1970 3012 3562 3085">
    <p class='ocr_par' dir='ltr' id='par_1_60' title="bbox 1970 3012 3562 3085">
     <span class='ocr_line' id='line_1_60' title="bbox 1970 3012 3562 3085; baseline 0.004 -15"><span class='ocrx_word' id='word_1_413' title='bbox 1970 3012 2228 3070; x_wconf 85' lang='lat' dir='ltr'><strong><em>diluvium</em></strong></span> <span class='ocrx_word' id='word_1_414' title='bbox 2250 3015 2428 3085; x_wconf 91' lang='lat' dir='ltr'><strong><em>primo</em></strong></span> <span class='ocrx_word' id='word_1_415' title='bbox 2449 3015 2846 3085; x_wconf 88' lang='lat' dir='ltr'><strong><em>propitiationis</em></strong></span> <span class='ocrx_word' id='word_1_416' title='bbox 2875 3016 3073 3075; x_wconf 86' lang='lat' dir='ltr'><strong><em>indicio</em></strong></span> <span class='ocrx_word' id='word_1_417' title='bbox 3102 3015 3244 3072; x_wconf 81' lang='lat' dir='ltr'><strong><em>facta</em></strong></span> <span class='ocrx_word' id='word_1_418' title='bbox 3265 3024 3370 3084; x_wconf 90' lang='lat' dir='ltr'><strong><em>est,</em></strong></span> <span class='ocrx_word' id='word_1_419' title='bbox 3394 3019 3562 3076; x_wconf 86' lang='lat' dir='ltr'><strong><em>inter-</em></strong></span> 
     </span>
    </p>
   </div>
   <div class='ocr_carea' id='block_1_61' title="bbox 1968 3107 3564 3178">
    <p class='ocr_par' dir='ltr' id='par_1_61' title="bbox 1968 3107 3564 3178">
     <span class='ocr_line' id='line_1_61' title="bbox 1968 3107 3564 3178; baseline 0.002 -12"><span class='ocrx_word' id='word_1_420' title='bbox 1968 3124 2127 3166; x_wconf 86' lang='lat' dir='ltr'><strong><em>cessu</em></strong></span> <span class='ocrx_word' id='word_1_421' title='bbox 2153 3116 2491 3173; x_wconf 86' lang='lat' dir='ltr'><strong><em>sanctorum,</em></strong></span> <span class='ocrx_word' id='word_1_422' title='bbox 2520 3122 2656 3178; x_wconf 89' lang='lat' dir='ltr'><strong><em>quos</em></strong></span> <span class='ocrx_word' id='word_1_423' title='bbox 2699 3107 2959 3163; x_wconf 89' lang='lat' dir='ltr'><strong><em>Dominus</em></strong></span> <span class='ocrx_word' id='word_1_424' title='bbox 2986 3108 3241 3176; x_wconf 83' lang='lat' dir='ltr'><strong><em>illustrat,</em></strong></span> <span class='ocrx_word' id='word_1_425' title='bbox 3264 3110 3564 3169; x_wconf 83' lang='lat' dir='ltr'><strong><em>Ecclesiam</em></strong></span> 
     </span>
    </p>
   </div>
   <div class='ocr_carea' id='block_1_62' title="bbox 283 3192 3566 3273">
    <p class='ocr_par' dir='ltr' id='par_1_62' title="bbox 283 3192 3566 3273">
     <span class='ocr_line' id='line_1_62' title="bbox 283 3192 3566 3273; baseline 0 -14"><span class='ocrx_word' id='word_1_426' title='bbox 283 3204 534 3259; x_wconf 87' lang='lat' dir='ltr'><strong><em>animalia</em></strong></span> <span class='ocrx_word' id='word_1_427' title='bbox 561 3219 721 3259; x_wconf 90' lang='lat' dir='ltr'><strong><em>senas</em></strong></span> <span class='ocrx_word' id='word_1_428' title='bbox 746 3203 857 3260; x_wconf 88' lang='lat' dir='ltr'><strong><em>alas</em></strong></span> <span class='ocrx_word' id='word_1_429' title='bbox 883 3203 1193 3269; x_wconf 89' lang='lat' dir='ltr'><strong><em>habebant,</em></strong></span> <span class='ocrx_word' id='word_1_430' title='bbox 1241 3202 1334 3273; x_wconf 92' lang='lat' dir='ltr'><strong><em>qui</em></strong></span> <span class='ocrx_word' id='word_1_431' title='bbox 1378 3217 1478 3273; x_wconf 82' lang='lat' dir='ltr'><strong><em>per</em></strong></span> <span class='ocrx_word' id='word_1_432' title='bbox 1526 3217 1622 3257; x_wconf 83' lang='lat' dir='ltr'><strong><em>sex</em></strong></span> <span class='ocrx_word' id='word_1_433' title='bbox 1679 3192 1941 3257; x_wconf 89' lang='lat' dir='ltr'><strong><em>mundiC</em></strong></span> <span class='ocrx_word' id='word_1_434' title='bbox 1970 3202 2173 3258; x_wconf 81' lang='lat' dir='ltr'><strong><em>muniri</em></strong></span> <span class='ocrx_word' id='word_1_435' title='bbox 2204 3201 2471 3273; x_wconf 75' lang='lat' dir='ltr'><strong><em>designat.</em></strong></span> <span class='ocrx_word' id='word_1_436' title='bbox 2505 3200 2635 3268; x_wconf 71' lang='lat' dir='ltr'><strong><em>Qua:</em></strong></span> <span class='ocrx_word' id='word_1_437' title='bbox 2653 3201 2792 3256; x_wconf 87' lang='lat' dir='ltr'><strong><em>bene</em></strong></span> <span class='ocrx_word' id='word_1_438' title='bbox 2818 3201 3105 3272; x_wconf 79' lang='lat' dir='ltr'><strong><em>smaragdo</em></strong></span> <span class='ocrx_word' id='word_1_439' title='bbox 3126 3201 3291 3272; x_wconf 85' lang='lat' dir='ltr'><strong><em>lapidi</em></strong></span> <span class='ocrx_word' id='word_1_440' title='bbox 3321 3200 3566 3259; x_wconf 83' lang='lat' dir='ltr'><strong><em>viridita-</em></strong></span> 
     </span>
    </p>
   </div>
   <div class='ocr_carea' id='block_1_63' title="bbox 283 3292 1868 3367">
    <p class='ocr_par' dir='ltr' id='par_1_63' title="bbox 283 3292 1868 3367">
     <span class='ocr_line' id='line_1_63' title="bbox 283 3292 1868 3367; baseline 0 -18"><span class='ocrx_word' id='word_1_441' title='bbox 283 3302 472 3349; x_wconf 76' lang='lat' dir='ltr'><strong><em>zetates</em></strong></span> <span class='ocrx_word' id='word_1_442' title='bbox 498 3294 668 3367; x_wconf 81' lang='lat' dir='ltr'><strong><em>legem</em></strong></span> <span class='ocrx_word' id='word_1_443' title='bbox 697 3294 903 3349; x_wconf 86' lang='lat' dir='ltr'><strong><em>Veteris</em></strong></span> <span class='ocrx_word' id='word_1_444' title='bbox 926 3308 990 3348; x_wconf 86' lang='lat' dir='ltr'><strong><em>ac</em></strong></span> <span class='ocrx_word' id='word_1_445' title='bbox 1010 3292 1145 3349; x_wconf 85' lang='lat' dir='ltr'><strong><em>Novi</em></strong></span> <span class='ocrx_word' id='word_1_446' title='bbox 1169 3292 1505 3349; x_wconf 88' lang='lat' dir='ltr'><strong><em>Testamenti</em></strong></span> <span class='ocrx_word' id='word_1_447' title='bbox 1543 3293 1868 3349; x_wconf 86' lang='lat' dir='ltr'><strong><em>annuntiare</em></strong></span> 
     </span>
    </p>
   </div>
   <div class='ocr_carea' id='block_1_64' title="bbox 284 3380 1862 3452">
    <p class='ocr_par' dir='ltr' id='par_1_64' title="bbox 284 3380 1862 3452">
     <span class='ocr_line' id='line_1_64' title="bbox 284 3380 1862 3452; baseline -0.001 -14"><span class='ocrx_word' id='word_1_448' title='bbox 284 3398 389 3439; x_wconf 89' lang='lat' dir='ltr'><strong><em>non</em></strong></span> <span class='ocrx_word' id='word_1_449' title='bbox 409 3394 649 3449; x_wconf 87' lang='lat' dir='ltr'><strong><em>cessant,</em></strong></span> <span class='ocrx_word' id='word_1_450' title='bbox 672 3397 791 3452; x_wconf 73' lang='lat' dir='ltr'><strong><em>qua:</em></strong></span> <span class='ocrx_word' id='word_1_451' title='bbox 817 3398 939 3437; x_wconf 89' lang='lat' dir='ltr'><strong><em>cum</em></strong></span> <span class='ocrx_word' id='word_1_452' title='bbox 957 3380 1172 3437; x_wconf 84' lang='lat' dir='ltr'><strong><em>sitNovi</em></strong></span> <span class='ocrx_word' id='word_1_453' title='bbox 1196 3398 1259 3437; x_wconf 91' lang='lat' dir='ltr'><strong><em>ac</em></strong></span> <span class='ocrx_word' id='word_1_454' title='bbox 1272 3381 1484 3437; x_wconf 78' lang='lat' dir='ltr'><strong><em>Veteris</em></strong></span> <span class='ocrx_word' id='word_1_455' title='bbox 1500 3381 1862 3445; x_wconf 84' lang='lat' dir='ltr'><strong><em>Testamenti,</em></strong></span> 
     </span>
    </p>
   </div>
   <div class='ocr_carea' id='block_1_65' title="bbox 283 3470 1867 3544">
    <p class='ocr_par' dir='ltr' id='par_1_65' title="bbox 283 3470 1867 3544">
     <span class='ocr_line' id='line_1_65' title="bbox 283 3470 1867 3544; baseline -0.002 -14"><span class='ocrx_word' id='word_1_456' title='bbox 283 3473 367 3533; x_wconf 77' lang='lat' dir='ltr'><strong><em>lex</em></strong></span> <span class='ocrx_word' id='word_1_457' title='bbox 393 3490 523 3543; x_wconf 90' lang='lat' dir='ltr'><strong><em>una,</em></strong></span> <span class='ocrx_word' id='word_1_458' title='bbox 550 3473 606 3528; x_wconf 91' lang='lat' dir='ltr'><strong><em>in</em></strong></span> <span class='ocrx_word' id='word_1_459' title='bbox 634 3488 730 3529; x_wconf 78' lang='lat' dir='ltr'><strong><em>sex</em></strong></span> <span class='ocrx_word' id='word_1_460' title='bbox 759 3472 973 3528; x_wconf 89' lang='lat' dir='ltr'><strong><em>videtur</em></strong></span> <span class='ocrx_word' id='word_1_461' title='bbox 997 3488 1121 3529; x_wconf 90' lang='lat' dir='ltr'><strong><em>esse</em></strong></span> <span class='ocrx_word' id='word_1_462' title='bbox 1146 3471 1338 3539; x_wconf 82' lang='lat' dir='ltr'><strong><em>divisa,</em></strong></span> <span class='ocrx_word' id='word_1_463' title='bbox 1376 3473 1431 3527; x_wconf 90' lang='lat' dir='ltr'><strong><em>id</em></strong></span> <span class='ocrx_word' id='word_1_464' title='bbox 1454 3478 1536 3528; x_wconf 89' lang='lat' dir='ltr'><strong><em>est</em></strong></span> <span class='ocrx_word' id='word_1_465' title='bbox 1553 3513 1568 3536; x_wconf 94' lang='lat'><strong><em>,</em></strong></span> <span class='ocrx_word' id='word_1_466' title='bbox 1596 3470 1652 3526; x_wconf 91' lang='lat' dir='ltr'><strong><em>in</em></strong></span> <span class='ocrx_word' id='word_1_467' title='bbox 1693 3471 1867 3544; x_wconf 88' lang='lat' dir='ltr'><strong><em>legem</em></strong></span> 
     </span>
    </p>
   </div>
   <div class='ocr_carea' id='block_1_66' title="bbox 281 3561 1869 3636">
    <p class='ocr_par' dir='ltr' id='par_1_66' title="bbox 281 3561 1869 3636">
     <span class='ocr_line' id='line_1_66' title="bbox 281 3561 1869 3636; baseline -0.003 -15"><span class='ocrx_word' id='word_1_468' title='bbox 281 3574 513 3631; x_wconf 77' lang='lat' dir='ltr'><strong><em>naturae,</em></strong></span> <span class='ocrx_word' id='word_1_469' title='bbox 558 3562 733 3636; x_wconf 84' lang='lat' dir='ltr'><strong><em>legem</em></strong></span> <span class='ocrx_word' id='word_1_470' title='bbox 764 3563 977 3631; x_wconf 66' lang='lat' dir='ltr'><strong><em>litterae,</em></strong></span> <span class='ocrx_word' id='word_1_471' title='bbox 1002 3563 1175 3634; x_wconf 81' lang='lat' dir='ltr'><strong><em>legem</em></strong></span> <span class='ocrx_word' id='word_1_472' title='bbox 1225 3563 1610 3636; x_wconf 89' lang='lat' dir='ltr'><strong><em>prophetarum</em></strong></span> <span class='ocrx_word' id='word_1_473' title='bbox 1635 3602 1652 3631; x_wconf 93' lang='lat'><strong><em>,</em></strong></span> <span class='ocrx_word' id='word_1_474' title='bbox 1693 3561 1869 3633; x_wconf 87' lang='lat' dir='ltr'><strong><em>legem</em></strong></span> 
     </span>
    </p>
   </div>
   <div class='ocr_carea' id='block_1_67' title="bbox 268 3650 1868 3729">
    <p class='ocr_par' dir='ltr' id='par_1_67' title="bbox 268 3650 1868 3729">
     <span class='ocr_line' id='line_1_67' title="bbox 268 3650 1868 3729; baseline 0.003 -22"><span class='ocrx_word' id='word_1_475' title='bbox 268 3650 705 3729; x_wconf 81' lang='lat' dir='ltr'><strong><em>Evangeliorum,</em></strong></span> <span class='ocrx_word' id='word_1_476' title='bbox 741 3656 915 3729; x_wconf 80' lang='lat' dir='ltr'><strong><em>legem</em></strong></span> <span class='ocrx_word' id='word_1_477' title='bbox 956 3656 1353 3727; x_wconf 83' lang='lat' dir='ltr'><strong><em>Apostolorum,</em></strong></span> <span class='ocrx_word' id='word_1_478' title='bbox 1385 3664 1439 3713; x_wconf 90' lang='lat' dir='ltr'><strong><em>et</em></strong></span> <span class='ocrx_word' id='word_1_479' title='bbox 1472 3656 1644 3728; x_wconf 83' lang='lat' dir='ltr'><strong><em>legem</em></strong></span> <span class='ocrx_word' id='word_1_480' title='bbox 1685 3654 1868 3713; x_wconf 86' lang='lat' dir='ltr'><strong><em>Eccle-</em></strong></span> 
     </span>
    </p>
   </div>
   <div class='ocr_carea' id='block_1_68' title="bbox 205 3741 582 3806">
    <p class='ocr_par' dir='ltr' id='par_1_68' title="bbox 205 3741 582 3806">
     <span class='ocr_line' id='line_1_68' title="bbox 205 3741 582 3806; baseline -0.003 0"><span class='ocrx_word' id='word_1_481' title='bbox 205 3741 222 3763; x_wconf 85' lang='grc'><strong><em>⁸</em></strong></span> <span class='ocrx_word' id='word_1_482' title='bbox 284 3749 582 3806; x_wconf 86' lang='lat' dir='ltr'><strong><em>siasticam.</em></strong></span> 
     </span>
    </p>
   </div>
   <div class='ocr_carea' id='block_1_69' title="bbox 352 3840 1872 3914">
    <p class='ocr_par' dir='ltr' id='par_1_69' title="bbox 352 3840 1872 3914">
     <span class='ocr_line' id='line_1_69' title="bbox 352 3840 1872 3914; baseline -0.001 -17"><span class='ocrx_word' id='word_1_483' title='bbox 352 3840 423 3897; x_wconf 86' lang='lat' dir='ltr'><strong><em>Et</em></strong></span> <span class='ocrx_word' id='word_1_484' title='bbox 449 3841 504 3899; x_wconf 88' lang='lat' dir='ltr'><strong><em>in</em></strong></span> <span class='ocrx_word' id='word_1_485' title='bbox 527 3841 753 3897; x_wconf 84' lang='lat' dir='ltr'><strong><em>circuitu</em></strong></span> <span class='ocrx_word' id='word_1_486' title='bbox 772 3852 820 3898; x_wconf 86' lang='lat' dir='ltr'><strong><em>et</em></strong></span> <span class='ocrx_word' id='word_1_487' title='bbox 842 3843 981 3898; x_wconf 88' lang='lat' dir='ltr'><strong><em>intus</em></strong></span> <span class='ocrx_word' id='word_1_488' title='bbox 1007 3842 1163 3914; x_wconf 88' lang='lat' dir='ltr'><strong><em>plena</em></strong></span> <span class='ocrx_word' id='word_1_489' title='bbox 1193 3851 1316 3899; x_wconf 88' lang='lat' dir='ltr'><strong><em>sunt</em></strong></span> <span class='ocrx_word' id='word_1_490' title='bbox 1340 3840 1524 3896; x_wconf 86' lang='lat' dir='ltr'><strong><em>oculis.</em></strong></span> <span class='ocrx_word' id='word_1_491' title='bbox 1563 3840 1761 3899; x_wconf 90' lang='lat' dir='ltr'><strong><em>Oculos</em></strong></span> <span class='ocrx_word' id='word_1_492' title='bbox 1788 3840 1872 3896; x_wconf 58' lang='lat' dir='ltr'><strong><em>in.</em></strong></span> 
     </span>
    </p>
   </div>
   <div class='ocr_carea' id='block_1_70' title="bbox 284 3932 1871 4007">
    <p class='ocr_par' dir='ltr' id='par_1_70' title="bbox 284 3932 1871 4007">
     <span class='ocr_line' id='line_1_70' title="bbox 284 3932 1871 4007; baseline -0.003 -16"><span class='ocrx_word' id='word_1_493' title='bbox 284 3944 371 3991; x_wconf 88' lang='lat' dir='ltr'><strong><em>tus</em></strong></span> <span class='ocrx_word' id='word_1_494' title='bbox 391 3944 446 3991; x_wconf 89' lang='lat' dir='ltr'><strong><em>et</em></strong></span> <span class='ocrx_word' id='word_1_495' title='bbox 473 3933 624 3992; x_wconf 80' lang='lat' dir='ltr'><strong><em>foras</em></strong></span> <span class='ocrx_word' id='word_1_496' title='bbox 671 3936 891 4002; x_wconf 80' lang='lat' dir='ltr'><strong><em>habent,</em></strong></span> <span class='ocrx_word' id='word_1_497' title='bbox 913 3937 1006 4007; x_wconf 88' lang='lat' dir='ltr'><strong><em>qui</em></strong></span> <span class='ocrx_word' id='word_1_498' title='bbox 1036 3935 1332 3993; x_wconf 88' lang='lat' dir='ltr'><strong><em>Ecclesiam</em></strong></span> <span class='ocrx_word' id='word_1_499' title='bbox 1386 3933 1693 3991; x_wconf 85' lang='lat' dir='ltr'><strong><em>divinarum</em></strong></span> <span class='ocrx_word' id='word_1_500' title='bbox 1726 3932 1871 3990; x_wconf 86' lang='lat' dir='ltr'><strong><em>Scri-</em></strong></span> 
     </span>
    </p>
   </div>
   <div class='ocr_carea' id='block_1_71' title="bbox 282 4025 1692 4095">
    <p class='ocr_par' dir='ltr' id='par_1_71' title="bbox 282 4025 1692 4095">
     <span class='ocr_line' id='line_1_71' title="bbox 282 4025 1692 4095; baseline -0.001 -14"><span class='ocrx_word' id='word_1_501' title='bbox 282 4033 573 4095; x_wconf 85' lang='lat' dir='ltr'><strong><em>pturarum</em></strong></span> <span class='ocrx_word' id='word_1_502' title='bbox 596 4028 924 4085; x_wconf 87' lang='lat' dir='ltr'><strong><em>testimoniis</em></strong></span> <span class='ocrx_word' id='word_1_503' title='bbox 949 4028 1096 4084; x_wconf 89' lang='lat' dir='ltr'><strong><em>intus</em></strong></span> <span class='ocrx_word' id='word_1_504' title='bbox 1122 4036 1177 4084; x_wconf 89' lang='lat' dir='ltr'><strong><em>et</em></strong></span> <span class='ocrx_word' id='word_1_505' title='bbox 1204 4025 1337 4082; x_wconf 77' lang='lat' dir='ltr'><strong><em>foris</em></strong></span> <span class='ocrx_word' id='word_1_506' title='bbox 1364 4025 1692 4083; x_wconf 88' lang='lat' dir='ltr'><strong><em>illuminant.</em></strong></span> 
     </span>
    </p>
   </div>
   <div class='ocr_carea' id='block_1_72' title="bbox 354 4118 1871 4193">
    <p class='ocr_par' dir='ltr' id='par_1_72' title="bbox 354 4118 1871 4193">
     <span class='ocr_line' id='line_1_72' title="bbox 354 4118 1871 4193; baseline -0.001 -19"><span class='ocrx_word' id='word_1_507' title='bbox 354 4119 424 4174; x_wconf 82' lang='lat' dir='ltr'><strong><em>Et</em></strong></span> <span class='ocrx_word' id='word_1_508' title='bbox 474 4122 703 4193; x_wconf 80' lang='lat' dir='ltr'><strong><em>requiem</em></strong></span> <span class='ocrx_word' id='word_1_509' title='bbox 735 4138 839 4176; x_wconf 89' lang='lat' dir='ltr'><strong><em>non</em></strong></span> <span class='ocrx_word' id='word_1_510' title='bbox 881 4119 1142 4175; x_wconf 86' lang='lat' dir='ltr'><strong><em>habebant</em></strong></span> <span class='ocrx_word' id='word_1_511' title='bbox 1170 4118 1255 4173; x_wconf 87' lang='lat' dir='ltr'><strong><em>die</em></strong></span> <span class='ocrx_word' id='word_1_512' title='bbox 1286 4136 1348 4172; x_wconf 88' lang='lat' dir='ltr'><strong><em>ac</em></strong></span> <span class='ocrx_word' id='word_1_513' title='bbox 1387 4127 1555 4174; x_wconf 89' lang='lat' dir='ltr'><strong><em>nocte.</em></strong></span> <span class='ocrx_word' id='word_1_514' title='bbox 1588 4118 1644 4172; x_wconf 75' lang='grc' dir='ltr'><strong><em>ιιι</em></strong></span> <span class='ocrx_word' id='word_1_515' title='bbox 1671 4125 1788 4185; x_wconf 84' lang='lat' dir='ltr'><strong><em>est,</em></strong></span> <span class='ocrx_word' id='word_1_516' title='bbox 1814 4118 1871 4174; x_wconf 87' lang='lat' dir='ltr'><strong><em>in</em></strong></span> 
     </span>
    </p>
   </div>
   <div class='ocr_carea' id='block_1_73' title="bbox 285 4205 1871 4280">
    <p class='ocr_par' dir='ltr' id='par_1_73' title="bbox 285 4205 1871 4280">
     <span class='ocr_line' id='line_1_73' title="bbox 285 4205 1871 4280; baseline -0.003 -16"><span class='ocrx_word' id='word_1_517' title='bbox 285 4211 642 4280; x_wconf 86' lang='lat' dir='ltr'><strong><em>prosperitate</em></strong></span> <span class='ocrx_word' id='word_1_518' title='bbox 669 4218 723 4266; x_wconf 89' lang='lat' dir='ltr'><strong><em>et</em></strong></span> <span class='ocrx_word' id='word_1_519' title='bbox 749 4209 802 4265; x_wconf 88' lang='lat' dir='ltr'><strong><em>in</em></strong></span> <span class='ocrx_word' id='word_1_520' title='bbox 826 4208 1176 4274; x_wconf 77' lang='lat' dir='ltr'><strong><em>adversitate,</em></strong></span> <span class='ocrx_word' id='word_1_521' title='bbox 1204 4215 1265 4263; x_wconf 87' lang='lat' dir='ltr'><strong><em>ut</em></strong></span> <span class='ocrx_word' id='word_1_522' title='bbox 1302 4206 1589 4277; x_wconf 83' lang='lat' dir='ltr'><strong><em>Psalmista</em></strong></span> <span class='ocrx_word' id='word_1_523' title='bbox 1617 4209 1734 4262; x_wconf 88' lang='lat' dir='ltr'><strong><em>ait:</em></strong></span> <span class='ocrx_word' id='word_1_524' title='bbox 1769 4205 1871 4261; x_wconf 81' lang='lat' dir='ltr'><strong><em>Be-</em></strong></span> 
     </span>
    </p>
   </div>
   <div class='ocr_carea' id='block_1_74' title="bbox 288 4298 1873 4371">
    <p class='ocr_par' dir='ltr' id='par_1_74' title="bbox 288 4298 1873 4371">
     <span class='ocr_line' id='line_1_74' title="bbox 288 4298 1873 4371; baseline -0.001 -17"><span class='ocrx_word' id='word_1_525' title='bbox 288 4302 525 4355; x_wconf 86' lang='lat' dir='ltr'><strong><em>nedicam</em></strong></span> <span class='ocrx_word' id='word_1_526' title='bbox 565 4300 850 4356; x_wconf 87' lang='lat' dir='ltr'><strong><em>Dominum</em></strong></span> <span class='ocrx_word' id='word_1_527' title='bbox 889 4302 943 4356; x_wconf 90' lang='lat' dir='ltr'><strong><em>in</em></strong></span> <span class='ocrx_word' id='word_1_528' title='bbox 982 4301 1123 4355; x_wconf 88' lang='lat' dir='ltr'><strong><em>omni</em></strong></span> <span class='ocrx_word' id='word_1_529' title='bbox 1158 4309 1409 4369; x_wconf 82' lang='lat' dir='ltr'><strong><em>tempore,</em></strong></span> <span class='ocrx_word' id='word_1_530' title='bbox 1437 4298 1492 4355; x_wconf 84' lang='lat' dir='ltr'><strong><em>id</em></strong></span> <span class='ocrx_word' id='word_1_531' title='bbox 1522 4307 1628 4371; x_wconf 79' lang='lat' dir='ltr'><strong><em>est,</em></strong></span> <span class='ocrx_word' id='word_1_532' title='bbox 1657 4299 1709 4352; x_wconf 88' lang='lat' dir='ltr'><strong><em>in</em></strong></span> <span class='ocrx_word' id='word_1_533' title='bbox 1754 4314 1873 4370; x_wconf 83' lang='lat' dir='ltr'><strong><em>pro-</em></strong></span> 
     </span>
    </p>
   </div>
   <div class='ocr_carea' id='block_1_75' title="bbox 288 4389 1875 4467">
    <p class='ocr_par' dir='ltr' id='par_1_75' title="bbox 288 4389 1875 4467">
     <span class='ocr_line' id='line_1_75' title="bbox 288 4389 1875 4467; baseline 0 -22"><span class='ocrx_word' id='word_1_534' title='bbox 288 4394 458 4462; x_wconf 86' lang='lat' dir='ltr'><strong><em>speris</em></strong></span> <span class='ocrx_word' id='word_1_535' title='bbox 481 4401 535 4448; x_wconf 89' lang='lat' dir='ltr'><strong><em>ct</em></strong></span> <span class='ocrx_word' id='word_1_536' title='bbox 560 4392 621 4449; x_wconf 85' lang='lat' dir='ltr'><strong><em>in</em></strong></span> <span class='ocrx_word' id='word_1_537' title='bbox 650 4394 918 4459; x_wconf 82' lang='lat' dir='ltr'><strong><em>adversis,</em></strong></span> <span class='ocrx_word' id='word_1_538' title='bbox 943 4407 1068 4467; x_wconf 82' lang='lat' dir='ltr'><strong><em>nam</em></strong></span> <span class='ocrx_word' id='word_1_539' title='bbox 1100 4390 1215 4447; x_wconf 89' lang='lat' dir='ltr'><strong><em>dies</em></strong></span> <span class='ocrx_word' id='word_1_540' title='bbox 1246 4406 1346 4462; x_wconf 84' lang='lat' dir='ltr'><strong><em>pro</em></strong></span> <span class='ocrx_word' id='word_1_541' title='bbox 1387 4389 1784 4461; x_wconf 87' lang='lat' dir='ltr'><strong><em>prosperitate,</em></strong></span> <span class='ocrx_word' id='word_1_542' title='bbox 1817 4399 1875 4445; x_wconf 88' lang='lat' dir='ltr'><strong><em>et</em></strong></span> 
     </span>
    </p>
   </div>
   <div class='ocr_carea' id='block_1_76' title="bbox 288 4481 1634 4555">
    <p class='ocr_par' dir='ltr' id='par_1_76' title="bbox 288 4481 1634 4555">
     <span class='ocr_line' id='line_1_76' title="bbox 288 4481 1634 4555; baseline -0.002 -18"><span class='ocrx_word' id='word_1_543' title='bbox 288 4500 390 4538; x_wconf 77' lang='lat' dir='ltr'><strong><em>nox</em></strong></span> <span class='ocrx_word' id='word_1_544' title='bbox 410 4500 510 4554; x_wconf 90' lang='lat' dir='ltr'><strong><em>pro</em></strong></span> <span class='ocrx_word' id='word_1_545' title='bbox 535 4486 863 4541; x_wconf 85' lang='lat' dir='ltr'><strong><em>adversitate</em></strong></span> <span class='ocrx_word' id='word_1_546' title='bbox 887 4484 1197 4555; x_wconf 79' lang='lat' dir='ltr'><strong><em>frequenter</em></strong></span> <span class='ocrx_word' id='word_1_547' title='bbox 1232 4483 1368 4539; x_wconf 92' lang='lat' dir='ltr'><strong><em>solet</em></strong></span> <span class='ocrx_word' id='word_1_548' title='bbox 1387 4481 1634 4552; x_wconf 81' lang='lat' dir='ltr'><strong><em>intelligi.</em></strong></span> 
     </span>
    </p>
   </div>
   <div class='ocr_carea' id='block_1_77' title="bbox 1969 3294 3566 3364">
    <p class='ocr_par' dir='ltr' id='par_1_77' title="bbox 1969 3294 3566 3364">
     <span class='ocr_line' id='line_1_77' title="bbox 1969 3294 3566 3364; baseline 0.001 -14"><span class='ocrx_word' id='word_1_549' title='bbox 1969 3296 2039 3351; x_wconf 91' lang='lat' dir='ltr'><strong><em>tis</em></strong></span> <span class='ocrx_word' id='word_1_550' title='bbox 2068 3295 2248 3350; x_wconf 72' lang='lat' dir='ltr'><strong><em>nimiae</em></strong></span> <span class='ocrx_word' id='word_1_551' title='bbox 2292 3303 2659 3364; x_wconf 85' lang='lat' dir='ltr'><strong><em>comparatur.</em></strong></span> <span class='ocrx_word' id='word_1_552' title='bbox 2713 3294 2831 3361; x_wconf 84' lang='lat' dir='ltr'><strong><em>Quo</em></strong></span> <span class='ocrx_word' id='word_1_553' title='bbox 2859 3294 3008 3350; x_wconf 89' lang='lat' dir='ltr'><strong><em>enim</em></strong></span> <span class='ocrx_word' id='word_1_554' title='bbox 3039 3294 3413 3350; x_wconf 69' lang='lat' dir='ltr'><strong><em>haereditatem</em></strong></span> <span class='ocrx_word' id='word_1_555' title='bbox 3463 3295 3566 3351; x_wconf 86' lang='lat' dir='ltr'><strong><em>im-</em></strong></span> 
     </span>
    </p>
   </div>
   <div class='ocr_carea' id='block_1_78' title="bbox 1967 3382 3565 3456">
    <p class='ocr_par' dir='ltr' id='par_1_78' title="bbox 1967 3382 3565 3456">
     <span class='ocr_line' id='line_1_78' title="bbox 1967 3382 3565 3456; baseline -0.001 -14"><span class='ocrx_word' id='word_1_556' title='bbox 1967 3385 2392 3442; x_wconf 87' lang='lat' dir='ltr'><strong><em>marcessibilcm</em></strong></span> <span class='ocrx_word' id='word_1_557' title='bbox 2415 3384 2520 3439; x_wconf 82' lang='lat' dir='ltr'><strong><em>ﬁde</em></strong></span> <span class='ocrx_word' id='word_1_558' title='bbox 2556 3382 2871 3454; x_wconf 81' lang='lat' dir='ltr'><strong><em>perfectiori</em></strong></span> <span class='ocrx_word' id='word_1_559' title='bbox 2908 3392 3251 3456; x_wconf 82' lang='lat' dir='ltr'><strong><em>exspectant,</em></strong></span> <span class='ocrx_word' id='word_1_560' title='bbox 3278 3400 3345 3439; x_wconf 87' lang='lat' dir='ltr'><strong><em>eo</em></strong></span> <span class='ocrx_word' id='word_1_561' title='bbox 3371 3393 3565 3454; x_wconf 86' lang='lat' dir='ltr'><strong><em>poten-</em></strong></span> 
     </span>
    </p>
   </div>
   <div class='ocr_carea' id='block_1_79' title="bbox 1968 3475 3565 3545">
    <p class='ocr_par' dir='ltr' id='par_1_79' title="bbox 1968 3475 3565 3545">
     <span class='ocr_line' id='line_1_79' title="bbox 1968 3475 3565 3545; baseline 0.001 -13"><span class='ocrx_word' id='word_1_562' title='bbox 1968 3476 2078 3532; x_wconf 87' lang='lat' dir='ltr'><strong><em>tius</em></strong></span> <span class='ocrx_word' id='word_1_563' title='bbox 2102 3477 2266 3533; x_wconf 88' lang='lat' dir='ltr'><strong><em>etiam</em></strong></span> <span class='ocrx_word' id='word_1_564' title='bbox 2312 3486 2537 3532; x_wconf 72' lang='lat' dir='ltr'><strong><em>caeteros</em></strong></span> <span class='ocrx_word' id='word_1_565' title='bbox 2578 3475 2784 3532; x_wconf 88' lang='lat' dir='ltr'><strong><em>orando</em></strong></span> <span class='ocrx_word' id='word_1_566' title='bbox 2829 3484 3138 3545; x_wconf 89' lang='lat' dir='ltr'><strong><em>protegunt.</em></strong></span> <span class='ocrx_word' id='word_1_567' title='bbox 3181 3475 3319 3542; x_wconf 84' lang='lat' dir='ltr'><strong><em>Quia</em></strong></span> <span class='ocrx_word' id='word_1_568' title='bbox 3363 3476 3455 3533; x_wconf 90' lang='lat' dir='ltr'><strong><em>hic</em></strong></span> <span class='ocrx_word' id='word_1_569' title='bbox 3496 3476 3565 3535; x_wconf 88' lang='lat' dir='ltr'><strong><em>de</em></strong></span> 
     </span>
    </p>
   </div>
   <div class='ocr_carea' id='block_1_80' title="bbox 1967 3565 3567 3636">
    <p class='ocr_par' dir='ltr' id='par_1_80' title="bbox 1967 3565 3567 3636">
     <span class='ocr_line' id='line_1_80' title="bbox 1967 3565 3567 3636; baseline 0.003 -15"><span class='ocrx_word' id='word_1_570' title='bbox 1967 3566 2086 3622; x_wconf 87' lang='lat' dir='ltr'><strong><em>istis</em></strong></span> <span class='ocrx_word' id='word_1_571' title='bbox 2112 3567 2287 3621; x_wconf 85' lang='lat' dir='ltr'><strong><em>tribus</em></strong></span> <span class='ocrx_word' id='word_1_572' title='bbox 2316 3565 2584 3636; x_wconf 86' lang='lat' dir='ltr'><strong><em>lapidibus</em></strong></span> <span class='ocrx_word' id='word_1_573' title='bbox 2608 3582 2775 3636; x_wconf 80' lang='lat' dir='ltr'><strong><em>parva</em></strong></span> <span class='ocrx_word' id='word_1_574' title='bbox 2798 3566 3052 3632; x_wconf 81' lang='lat' dir='ltr'><strong><em>diximus,</em></strong></span> <span class='ocrx_word' id='word_1_575' title='bbox 3076 3567 3208 3622; x_wconf 88' lang='lat' dir='ltr'><strong><em>libet</em></strong></span> <span class='ocrx_word' id='word_1_576' title='bbox 3232 3574 3289 3621; x_wconf 89' lang='lat' dir='ltr'><strong><em>ut</em></strong></span> <span class='ocrx_word' id='word_1_577' title='bbox 3328 3568 3396 3623; x_wconf 87' lang='lat' dir='ltr'><strong><em>de</em></strong></span> <span class='ocrx_word' id='word_1_578' title='bbox 3445 3568 3567 3625; x_wconf 84' lang='lat' dir='ltr'><strong><em>istis</em></strong></span> 
     </span>
    </p>
   </div>
   <div class='ocr_carea' id='block_1_81' title="bbox 1968 3656 3566 3729">
    <p class='ocr_par' dir='ltr' id='par_1_81' title="bbox 1968 3656 3566 3729">
     <span class='ocr_line' id='line_1_81' title="bbox 1968 3656 3566 3729; baseline 0.003 -19"><span class='ocrx_word' id='word_1_579' title='bbox 1968 3656 2176 3727; x_wconf 85' lang='lat' dir='ltr'><strong><em>pariter</em></strong></span> <span class='ocrx_word' id='word_1_580' title='bbox 2203 3664 2258 3711; x_wconf 92' lang='lat' dir='ltr'><strong><em>et</em></strong></span> <span class='ocrx_word' id='word_1_581' title='bbox 2283 3656 2403 3711; x_wconf 88' lang='lat' dir='ltr'><strong><em>aliis</em></strong></span> <span class='ocrx_word' id='word_1_582' title='bbox 2439 3656 2707 3713; x_wconf 83' lang='lat' dir='ltr'><strong><em>nobilibus</em></strong></span> <span class='ocrx_word' id='word_1_583' title='bbox 2759 3656 3031 3727; x_wconf 79' lang='lat' dir='ltr'><strong><em>lapidibus</em></strong></span> <span class='ocrx_word' id='word_1_584' title='bbox 3075 3657 3353 3729; x_wconf 85' lang='lat' dir='ltr'><strong><em>paululum</em></strong></span> <span class='ocrx_word' id='word_1_585' title='bbox 3403 3658 3566 3715; x_wconf 81' lang='lat' dir='ltr'><strong><em>latius</em></strong></span> 
     </span>
    </p>
   </div>
   <div class='ocr_carea' id='block_1_82' title="bbox 1969 3748 3565 3822">
    <p class='ocr_par' dir='ltr' id='par_1_82' title="bbox 1969 3748 3565 3822">
     <span class='ocr_line' id='line_1_82' title="bbox 1969 3748 3565 3822; baseline 0 -15"><span class='ocrx_word' id='word_1_586' title='bbox 1969 3750 2324 3821; x_wconf 82' lang='lat' dir='ltr'><strong><em>disputemus,</em></strong></span> <span class='ocrx_word' id='word_1_587' title='bbox 2354 3750 2422 3805; x_wconf 93' lang='lat' dir='ltr'><strong><em>de</em></strong></span> <span class='ocrx_word' id='word_1_588' title='bbox 2471 3749 2669 3820; x_wconf 88' lang='lat' dir='ltr'><strong><em>quibus</em></strong></span> <span class='ocrx_word' id='word_1_589' title='bbox 2693 3756 2745 3805; x_wconf 88' lang='lat' dir='ltr'><strong><em>et</em></strong></span> <span class='ocrx_word' id='word_1_590' title='bbox 2774 3748 2944 3805; x_wconf 89' lang='lat' dir='ltr'><strong><em>lsaias</em></strong></span> <span class='ocrx_word' id='word_1_591' title='bbox 2978 3750 3057 3805; x_wconf 89' lang='lat' dir='ltr'><strong><em>ait</em></strong></span> <span class='ocrx_word' id='word_1_592' title='bbox 3084 3769 3096 3803; x_wconf 88' lang='lat'><strong>:</strong></span> <span class='ocrx_word' id='word_1_593' title='bbox 3136 3748 3276 3809; x_wconf 77' lang='lat' dir='ltr'><strong><em>Ecce</em></strong></span> <span class='ocrx_word' id='word_1_594' title='bbox 3308 3767 3401 3822; x_wconf 79' lang='lat' dir='ltr'><strong><em>ego</em></strong></span> <span class='ocrx_word' id='word_1_595' title='bbox 3433 3760 3565 3807; x_wconf 83' lang='lat' dir='ltr'><strong><em>ster-</em></strong></span> 
     </span>
    </p>
   </div>
   <div class='ocr_carea' id='block_1_83' title="bbox 1969 3840 3568 3915">
    <p class='ocr_par' dir='ltr' id='par_1_83' title="bbox 1969 3840 3568 3915">
     <span class='ocr_line' id='line_1_83' title="bbox 1969 3840 3568 3915; baseline 0.001 -18"><span class='ocrx_word' id='word_1_596' title='bbox 1969 3859 2092 3897; x_wconf 85' lang='lat' dir='ltr'><strong><em>nam</em></strong></span> <span class='ocrx_word' id='word_1_597' title='bbox 2116 3859 2208 3913; x_wconf 90' lang='lat' dir='ltr'><strong><em>per</em></strong></span> <span class='ocrx_word' id='word_1_598' title='bbox 2232 3840 2467 3897; x_wconf 86' lang='lat' dir='ltr'><strong><em>ordinem</em></strong></span> <span class='ocrx_word' id='word_1_599' title='bbox 2490 3840 2689 3912; x_wconf 85' lang='lat' dir='ltr'><strong><em>lapides</em></strong></span> <span class='ocrx_word' id='word_1_600' title='bbox 2717 3850 2855 3907; x_wconf 88' lang='lat' dir='ltr'><strong><em>tuos,</em></strong></span> <span class='ocrx_word' id='word_1_601' title='bbox 2884 3852 2933 3898; x_wconf 85' lang='lat' dir='ltr'><strong><em>et</em></strong></span> <span class='ocrx_word' id='word_1_602' title='bbox 2958 3842 3190 3911; x_wconf 81' lang='lat' dir='ltr'><strong><em>fundabo</em></strong></span> <span class='ocrx_word' id='word_1_603' title='bbox 3220 3854 3269 3899; x_wconf 84' lang='lat' dir='ltr'><strong><em>te</em></strong></span> <span class='ocrx_word' id='word_1_604' title='bbox 3296 3844 3353 3898; x_wconf 86' lang='lat' dir='ltr'><strong><em>in</em></strong></span> <span class='ocrx_word' id='word_1_605' title='bbox 3377 3845 3568 3915; x_wconf 77' lang='lat' dir='ltr'><strong><em>saplty-</em></strong></span> 
     </span>
    </p>
   </div>
   <div class='ocr_carea' id='block_1_84' title="bbox 1971 3930 3566 4002">
    <p class='ocr_par' dir='ltr' id='par_1_84' title="bbox 1971 3930 3566 4002">
     <span class='ocr_line' id='line_1_84' title="bbox 1971 3930 3566 4002; baseline 0.001 -15"><span class='ocrx_word' id='word_1_606' title='bbox 1971 3932 2065 3997; x_wconf 86' lang='lat' dir='ltr'><strong><em>ris,</em></strong></span> <span class='ocrx_word' id='word_1_607' title='bbox 2103 3940 2159 3987; x_wconf 87' lang='lat' dir='ltr'><strong><em>et</em></strong></span> <span class='ocrx_word' id='word_1_608' title='bbox 2184 3930 2412 4002; x_wconf 83' lang='lat' dir='ltr'><strong><em>reliqua,</em></strong></span> <span class='ocrx_word' id='word_1_609' title='bbox 2441 3933 2624 3987; x_wconf 86' lang='lat' dir='ltr'><strong><em>statim</em></strong></span> <span class='ocrx_word' id='word_1_610' title='bbox 2660 3932 2815 4001; x_wconf 85' lang='lat' dir='ltr'><strong><em>quasi</em></strong></span> <span class='ocrx_word' id='word_1_611' title='bbox 2837 3947 3114 4002; x_wconf 75' lang='lat' dir='ltr'><strong><em>exponens</em></strong></span> <span class='ocrx_word' id='word_1_612' title='bbox 3142 3930 3406 4000; x_wconf 65' lang='lat' dir='ltr'><strong><em>subjecit,</em></strong></span> <span class='ocrx_word' id='word_1_613' title='bbox 3445 3932 3566 3987; x_wconf 51' lang='lat' dir='ltr'><strong><em>uni.-</em></strong></span> 
     </span>
    </p>
   </div>
   <div class='ocr_carea' id='block_1_85' title="bbox 1970 4023 3299 4096">
    <p class='ocr_par' dir='ltr' id='par_1_85' title="bbox 1970 4023 3299 4096">
     <span class='ocr_line' id='line_1_85' title="bbox 1970 4023 3299 4096; baseline 0.001 -19"><span class='ocrx_word' id='word_1_614' title='bbox 1970 4039 2144 4078; x_wconf 84' lang='lat' dir='ltr'><strong><em>versos</em></strong></span> <span class='ocrx_word' id='word_1_615' title='bbox 2164 4024 2305 4094; x_wconf 83' lang='lat' dir='ltr'><strong><em>[ilics</em></strong></span> <span class='ocrx_word' id='word_1_616' title='bbox 2335 4034 2454 4079; x_wconf 84' lang='lat' dir='ltr'><strong><em>tuos</em></strong></span> <span class='ocrx_word' id='word_1_617' title='bbox 2479 4041 2512 4079; x_wconf 89' lang='lat' dir='ltr'><strong><em>a</em></strong></span> <span class='ocrx_word' id='word_1_618' title='bbox 2538 4024 2765 4078; x_wconf 88' lang='lat' dir='ltr'><strong><em>Domino</em></strong></span> <span class='ocrx_word' id='word_1_619' title='bbox 2789 4023 2969 4078; x_wconf 84' lang='lat' dir='ltr'><strong><em>doctos</em></strong></span> <span class='ocrx_word' id='word_1_620' title='bbox 2997 4023 3134 4096; x_wconf 86' lang='lat' dir='ltr'><strong><em>(lsa.</em></strong></span> <span class='ocrx_word' id='word_1_621' title='bbox 3167 4026 3299 4092; x_wconf 85' lang='lat' dir='ltr'><strong><em>uv).</em></strong></span> 
     </span>
    </p>
   </div>
   <div class='ocr_carea' id='block_1_86' title="bbox 2050 4113 3563 4185">
    <p class='ocr_par' dir='ltr' id='par_1_86' title="bbox 2050 4113 3563 4185">
     <span class='ocr_line' id='line_1_86' title="bbox 2050 4113 3563 4185; baseline 0.003 -16"><span class='ocrx_word' id='word_1_622' title='bbox 2050 4114 2481 4173; x_wconf 84' lang='lat' dir='ltr'><strong><em>Fundamentum</em></strong></span> <span class='ocrx_word' id='word_1_623' title='bbox 2528 4116 2762 4185; x_wconf 86' lang='lat' dir='ltr'><strong><em>primum</em></strong></span> <span class='ocrx_word' id='word_1_624' title='bbox 2801 4113 2994 4183; x_wconf 86' lang='lat' dir='ltr'><strong><em>jaspis.</em></strong></span> <span class='ocrx_word' id='word_1_625' title='bbox 3059 4114 3341 4185; x_wconf 68' lang='lat' dir='ltr'><strong><em>iaspidum</em></strong></span> <span class='ocrx_word' id='word_1_626' title='bbox 3392 4115 3563 4173; x_wconf 88' lang='lat' dir='ltr'><strong><em>multa</em></strong></span> 
     </span>
    </p>
   </div>
   <div class='ocr_carea' id='block_1_87' title="bbox 1971 4204 3563 4277">
    <p class='ocr_par' dir='ltr' id='par_1_87' title="bbox 1971 4204 3563 4277">
     <span class='ocr_line' id='line_1_87' title="bbox 1971 4204 3563 4277; baseline 0.001 -16"><span class='ocrx_word' id='word_1_627' title='bbox 1971 4218 2100 4263; x_wconf 87' lang='lat' dir='ltr'><strong><em>sunt</em></strong></span> <span class='ocrx_word' id='word_1_628' title='bbox 2117 4221 2344 4277; x_wconf 85' lang='lat' dir='ltr'><strong><em>genera:</em></strong></span> <span class='ocrx_word' id='word_1_629' title='bbox 2365 4206 2454 4260; x_wconf 87' lang='lat' dir='ltr'><strong><em>alii</em></strong></span> <span class='ocrx_word' id='word_1_630' title='bbox 2481 4207 2626 4262; x_wconf 84' lang='lat' dir='ltr'><strong><em>enim</em></strong></span> <span class='ocrx_word' id='word_1_631' title='bbox 2650 4205 2806 4260; x_wconf 87' lang='lat' dir='ltr'><strong><em>viridi</em></strong></span> <span class='ocrx_word' id='word_1_632' title='bbox 2838 4204 3056 4268; x_wconf 87' lang='lat' dir='ltr'><strong><em>coloris,</em></strong></span> <span class='ocrx_word' id='word_1_633' title='bbox 3097 4213 3153 4259; x_wconf 90' lang='lat' dir='ltr'><strong><em>et</em></strong></span> <span class='ocrx_word' id='word_1_634' title='bbox 3187 4206 3384 4259; x_wconf 78' lang='lat' dir='ltr'><strong><em>tinctus</em></strong></span> <span class='ocrx_word' id='word_1_635' title='bbox 3405 4206 3563 4274; x_wconf 83' lang='lat' dir='ltr'><strong><em>quasi</em></strong></span> 
     </span>
    </p>
   </div>
   <div class='ocr_carea' id='block_1_88' title="bbox 1970 4294 3565 4367">
    <p class='ocr_par' dir='ltr' id='par_1_88' title="bbox 1970 4294 3565 4367">
     <span class='ocr_line' id='line_1_88' title="bbox 1970 4294 3565 4367; baseline -0.001 -14"><span class='ocrx_word' id='word_1_636' title='bbox 1970 4296 2214 4361; x_wconf 82' lang='lat' dir='ltr'><strong><em>ﬂoribus,</em></strong></span> <span class='ocrx_word' id='word_1_637' title='bbox 2240 4305 2498 4367; x_wconf 86' lang='lat' dir='ltr'><strong><em>apparet;</em></strong></span> <span class='ocrx_word' id='word_1_638' title='bbox 2529 4296 2666 4352; x_wconf 89' lang='lat' dir='ltr'><strong><em>alius</em></strong></span> <span class='ocrx_word' id='word_1_639' title='bbox 2695 4295 3028 4366; x_wconf 87' lang='lat' dir='ltr'><strong><em>smaragdini</em></strong></span> <span class='ocrx_word' id='word_1_640' title='bbox 3080 4295 3283 4350; x_wconf 85' lang='lat' dir='ltr'><strong><em>habens</em></strong></span> <span class='ocrx_word' id='word_1_641' title='bbox 3311 4294 3565 4351; x_wconf 87' lang='lat' dir='ltr'><strong><em>similitu-</em></strong></span> 
     </span>
    </p>
   </div>
   <div class='ocr_carea' id='block_1_89' title="bbox 1971 4385 3561 4458">
    <p class='ocr_par' dir='ltr' id='par_1_89' title="bbox 1971 4385 3561 4458">
     <span class='ocr_line' id='line_1_89' title="bbox 1971 4385 3561 4458; baseline -0.002 -14"><span class='ocrx_word' id='word_1_642' title='bbox 1971 4390 2173 4453; x_wconf 92' lang='lat' dir='ltr'><strong><em>dinem,</em></strong></span> <span class='ocrx_word' id='word_1_643' title='bbox 2195 4388 2291 4444; x_wconf 89' lang='lat' dir='ltr'><strong><em>sed</em></strong></span> <span class='ocrx_word' id='word_1_644' title='bbox 2323 4387 2734 4453; x_wconf 87' lang='lat' dir='ltr'><strong><em>crassicoloris,</em></strong></span> <span class='ocrx_word' id='word_1_645' title='bbox 2766 4401 2875 4458; x_wconf 91' lang='lat' dir='ltr'><strong><em>quo</em></strong></span> <span class='ocrx_word' id='word_1_646' title='bbox 2907 4386 3091 4444; x_wconf 88' lang='lat' dir='ltr'><strong><em>omnia</em></strong></span> <span class='ocrx_word' id='word_1_647' title='bbox 3121 4385 3447 4443; x_wconf 82' lang='lat' dir='ltr'><strong><em>lautasmata</em></strong></span> <span class='ocrx_word' id='word_1_648' title='bbox 3475 4386 3561 4441; x_wconf 86' lang='lat' dir='ltr'><strong><em>fu-</em></strong></span> 
     </span>
    </p>
   </div>
   <div class='ocr_carea' id='block_1_90' title="bbox 1972 4479 3567 4554">
    <p class='ocr_par' dir='ltr' id='par_1_90' title="bbox 1972 4479 3567 4554">
     <span class='ocr_line' id='line_1_90' title="bbox 1972 4479 3567 4554; baseline -0.003 -13"><span class='ocrx_word' id='word_1_649' title='bbox 1972 4499 2100 4554; x_wconf 84' lang='lat' dir='ltr'><strong><em>gare</em></strong></span> <span class='ocrx_word' id='word_1_650' title='bbox 2126 4492 2428 4538; x_wconf 89' lang='lat' dir='ltr'><strong><em>autumant.</em></strong></span> <span class='ocrx_word' id='word_1_651' title='bbox 2456 4481 2610 4538; x_wconf 85' lang='lat' dir='ltr'><strong><em>Alius</em></strong></span> <span class='ocrx_word' id='word_1_652' title='bbox 2645 4481 2759 4537; x_wconf 90' lang='lat' dir='ltr'><strong><em>nivi</em></strong></span> <span class='ocrx_word' id='word_1_653' title='bbox 2786 4489 2842 4538; x_wconf 89' lang='lat' dir='ltr'><strong><em>et</em></strong></span> <span class='ocrx_word' id='word_1_654' title='bbox 2890 4497 3094 4553; x_wconf 66' lang='lat' dir='ltr'><strong><em>spumat</em></strong></span> <span class='ocrx_word' id='word_1_655' title='bbox 3110 4480 3445 4537; x_wconf 82' lang='lat' dir='ltr'><strong><em>marinorum</em></strong></span> <span class='ocrx_word' id='word_1_656' title='bbox 3464 4479 3567 4536; x_wconf 84' lang='lat' dir='ltr'><strong><em>ﬁu-</em></strong></span> 
     </span>
    </p>
   </div>
   <div class='ocr_carea' id='block_1_91' title="bbox 356 4557 3562 4645">
    <p class='ocr_par' dir='ltr' id='par_1_91' title="bbox 356 4557 3562 4645">
     <span class='ocr_line' id='line_1_91' title="bbox 356 4557 3562 4645; baseline -0 -16"><span class='ocrx_word' id='word_1_657' title='bbox 356 4575 622 4645; x_wconf 82' lang='lat' dir='ltr'><strong><em>Dicentia,</em></strong></span> <span class='ocrx_word' id='word_1_658' title='bbox 654 4575 904 4642; x_wconf 83' lang='lat' dir='ltr'><strong><em>Sanctus,</em></strong></span> <span class='ocrx_word' id='word_1_659' title='bbox 927 4588 1163 4641; x_wconf 85' lang='lat' dir='ltr'><strong><em>sanctus,</em></strong></span> <span class='ocrx_word' id='word_1_660' title='bbox 1194 4585 1407 4630; x_wconf 85' lang='lat' dir='ltr'><strong><em>sanctus</em></strong></span> <span class='ocrx_word' id='word_1_661' title='bbox 1433 4574 1691 4629; x_wconf 86' lang='lat' dir='ltr'><strong><em>Dominus</em></strong></span> <span class='ocrx_word' id='word_1_662' title='bbox 1727 4572 1870 4628; x_wconf 87' lang='lat' dir='ltr'><strong><em>Deus</em></strong></span> <span class='ocrx_word' id='word_1_663' title='bbox 1896 4557 1949 4617; x_wconf 84' lang='lat' dir='ltr'><strong><em>D</em></strong></span> <span class='ocrx_word' id='word_1_664' title='bbox 1975 4583 2183 4639; x_wconf 83' lang='lat' dir='ltr'><strong><em>ctuum,</em></strong></span> <span class='ocrx_word' id='word_1_665' title='bbox 2215 4573 2369 4642; x_wconf 88' lang='lat' dir='ltr'><strong><em>quasi</em></strong></span> <span class='ocrx_word' id='word_1_666' title='bbox 2397 4572 2569 4629; x_wconf 80' lang='lat' dir='ltr'><strong><em>mixto</em></strong></span> <span class='ocrx_word' id='word_1_667' title='bbox 2587 4573 2799 4630; x_wconf 88' lang='lat' dir='ltr'><strong><em>cruoris</em></strong></span> <span class='ocrx_word' id='word_1_668' title='bbox 2816 4572 3139 4629; x_wconf 83' lang='lat' dir='ltr'><strong><em>obrutilans.</em></strong></span> <span class='ocrx_word' id='word_1_669' title='bbox 3168 4570 3272 4626; x_wconf 82' lang='lat' dir='ltr'><strong><em>Per</em></strong></span> <span class='ocrx_word' id='word_1_670' title='bbox 3292 4569 3562 4643; x_wconf 71' lang='lat' dir='ltr'><strong><em>iaspidem</em></strong></span> 
     </span>
    </p>
   </div>
   <div class='ocr_carea' id='block_1_92' title="bbox 288 4662 1868 4739">
    <p class='ocr_par' dir='ltr' id='par_1_92' title="bbox 288 4662 1868 4739">
     <span class='ocr_line' id='line_1_92' title="bbox 288 4662 1868 4739; baseline -0.003 -16"><span class='ocrx_word' id='word_1_671' title='bbox 288 4668 545 4735; x_wconf 73' lang='lat' dir='ltr'><strong><em>Sabaoth,</em></strong></span> <span class='ocrx_word' id='word_1_672' title='bbox 574 4677 679 4725; x_wconf 90' lang='lat' dir='ltr'><strong><em>etc.</em></strong></span> <span class='ocrx_word' id='word_1_673' title='bbox 705 4668 806 4724; x_wconf 86' lang='lat' dir='ltr'><strong><em>llic</em></strong></span> <span class='ocrx_word' id='word_1_674' title='bbox 834 4662 1049 4725; x_wconf 84' lang='lat' dir='ltr'><strong><em>trinitas</em></strong></span> <span class='ocrx_word' id='word_1_675' title='bbox 1070 4730 1074 4739; x_wconf 54' lang='grc'><em>,</em></span> <span class='ocrx_word' id='word_1_676' title='bbox 1093 4677 1150 4724; x_wconf 90' lang='lat' dir='ltr'><strong><em>et</em></strong></span> <span class='ocrx_word' id='word_1_677' title='bbox 1172 4668 1354 4723; x_wconf 89' lang='lat' dir='ltr'><strong><em>unitas</em></strong></span> <span class='ocrx_word' id='word_1_678' title='bbox 1379 4665 1717 4735; x_wconf 83' lang='lat' dir='ltr'><strong><em>intelligitur,</em></strong></span> <span class='ocrx_word' id='word_1_679' title='bbox 1742 4665 1868 4734; x_wconf 84' lang='lat' dir='ltr'><strong><em>quia</em></strong></span> 
     </span>
    </p>
   </div>
   <div class='ocr_carea' id='block_1_93' title="bbox 288 4755 1872 4832">
    <p class='ocr_par' dir='ltr' id='par_1_93' title="bbox 288 4755 1872 4832">
     <span class='ocr_line' id='line_1_93' title="bbox 288 4755 1872 4832; baseline -0.004 -17"><span class='ocrx_word' id='word_1_680' title='bbox 288 4770 400 4817; x_wconf 81' lang='lat' dir='ltr'><strong><em>tres</em></strong></span> <span class='ocrx_word' id='word_1_681' title='bbox 427 4776 709 4832; x_wconf 81' lang='lat' dir='ltr'><strong><em>personas,</em></strong></span> <span class='ocrx_word' id='word_1_682' title='bbox 738 4768 792 4815; x_wconf 89' lang='lat' dir='ltr'><strong><em>et</em></strong></span> <span class='ocrx_word' id='word_1_683' title='bbox 815 4761 984 4815; x_wconf 87' lang='lat' dir='ltr'><strong><em>Deum</em></strong></span> <span class='ocrx_word' id='word_1_684' title='bbox 1012 4774 1177 4815; x_wconf 87' lang='lat' dir='ltr'><strong><em>unum</em></strong></span> <span class='ocrx_word' id='word_1_685' title='bbox 1216 4757 1536 4827; x_wconf 68' lang='lat' dir='ltr'><strong><em>praedicant,</em></strong></span> <span class='ocrx_word' id='word_1_686' title='bbox 1556 4764 1614 4809; x_wconf 91' lang='lat' dir='ltr'><strong><em>et</em></strong></span> <span class='ocrx_word' id='word_1_687' title='bbox 1659 4755 1872 4810; x_wconf 86' lang='lat' dir='ltr'><strong><em>trinita-</em></strong></span> 
     </span>
    </p>
   </div>
   <div class='ocr_carea' id='block_1_94' title="bbox 289 4850 1548 4925">
    <p class='ocr_par' dir='ltr' id='par_1_94' title="bbox 289 4850 1548 4925">
     <span class='ocr_line' id='line_1_94' title="bbox 289 4850 1548 4925; baseline -0.002 -19"><span class='ocrx_word' id='word_1_688' title='bbox 289 4853 357 4907; x_wconf 88' lang='lat' dir='ltr'><strong><em>tis</em></strong></span> <span class='ocrx_word' id='word_1_689' title='bbox 386 4860 442 4907; x_wconf 90' lang='lat' dir='ltr'><strong><em>et</em></strong></span> <span class='ocrx_word' id='word_1_690' title='bbox 470 4852 693 4909; x_wconf 85' lang='lat' dir='ltr'><strong><em>unitatis</em></strong></span> <span class='ocrx_word' id='word_1_691' title='bbox 716 4858 1117 4925; x_wconf 84' lang='lat' dir='ltr'><strong><em>sacramentum</em></strong></span> <span class='ocrx_word' id='word_1_692' title='bbox 1153 4850 1548 4906; x_wconf 86' lang='lat' dir='ltr'><strong><em>demonstrant.</em></strong></span> 
     </span>
    </p>
   </div>
   <div class='ocr_carea' id='block_1_95' title="bbox 360 4939 1876 5015">
    <p class='ocr_par' dir='ltr' id='par_1_95' title="bbox 360 4939 1876 5015">
     <span class='ocr_line' id='line_1_95' title="bbox 360 4939 1876 5015; baseline -0.004 -17"><span class='ocrx_word' id='word_1_693' title='bbox 360 4943 463 5012; x_wconf 85' lang='lat' dir='ltr'><strong><em>Qui</em></strong></span> <span class='ocrx_word' id='word_1_694' title='bbox 495 4954 633 5010; x_wconf 85' lang='lat' dir='ltr'><strong><em>erat,</em></strong></span> <span class='ocrx_word' id='word_1_695' title='bbox 660 4953 708 4998; x_wconf 90' lang='lat' dir='ltr'><strong><em>et</em></strong></span> <span class='ocrx_word' id='word_1_696' title='bbox 737 4944 827 5015; x_wconf 87' lang='lat' dir='ltr'><strong><em>qui</em></strong></span> <span class='ocrx_word' id='word_1_697' title='bbox 853 4952 952 5013; x_wconf 88' lang='lat' dir='ltr'><strong><em>est,</em></strong></span> <span class='ocrx_word' id='word_1_698' title='bbox 979 4951 1029 4997; x_wconf 92' lang='lat' dir='ltr'><strong><em>et</em></strong></span> <span class='ocrx_word' id='word_1_699' title='bbox 1053 4943 1144 5014; x_wconf 85' lang='lat' dir='ltr'><strong><em>qui</em></strong></span> <span class='ocrx_word' id='word_1_700' title='bbox 1176 4950 1424 4998; x_wconf 81' lang='lat' dir='ltr'><strong><em>uenturus</em></strong></span> <span class='ocrx_word' id='word_1_701' title='bbox 1459 4949 1556 4996; x_wconf 89' lang='lat' dir='ltr'><strong><em>est.</em></strong></span> <span class='ocrx_word' id='word_1_702' title='bbox 1602 4939 1706 5010; x_wconf 87' lang='lat' dir='ltr'><strong><em>Qui</em></strong></span> <span class='ocrx_word' id='word_1_703' title='bbox 1754 4946 1876 4996; x_wconf 85' lang='lat' dir='ltr'><strong><em>erat</em></strong></span> 
     </span>
    </p>
   </div>
   <div class='ocr_carea' id='block_1_96' title="bbox 287 5033 1875 5108">
    <p class='ocr_par' dir='ltr' id='par_1_96' title="bbox 287 5033 1875 5108">
     <span class='ocr_line' id='line_1_96' title="bbox 287 5033 1875 5108; baseline -0.003 -16"><span class='ocrx_word' id='word_1_704' title='bbox 287 5044 345 5091; x_wconf 89' lang='lat' dir='ltr'><strong><em>ut</em></strong></span> <span class='ocrx_word' id='word_1_705' title='bbox 371 5036 503 5092; x_wconf 89' lang='lat' dir='ltr'><strong><em>illud</em></strong></span> <span class='ocrx_word' id='word_1_706' title='bbox 526 5036 651 5091; x_wconf 53' lang='lat' dir='ltr'><strong><em>{In</em></strong></span> <span class='ocrx_word' id='word_1_707' title='bbox 676 5036 931 5108; x_wconf 86' lang='lat' dir='ltr'><strong><em>principio</em></strong></span> <span class='ocrx_word' id='word_1_708' title='bbox 959 5045 1072 5091; x_wconf 89' lang='lat' dir='ltr'><strong><em>erat</em></strong></span> <span class='ocrx_word' id='word_1_709' title='bbox 1107 5034 1331 5091; x_wconf 85' lang='lat' dir='ltr'><strong><em>Verbum</em></strong></span> <span class='ocrx_word' id='word_1_710' title='bbox 1356 5074 1371 5099; x_wconf 87' lang='lat'><strong><em>,</em></strong></span> <span class='ocrx_word' id='word_1_711' title='bbox 1415 5044 1465 5091; x_wconf 90' lang='lat' dir='ltr'><strong><em>et</em></strong></span> <span class='ocrx_word' id='word_1_712' title='bbox 1499 5033 1719 5090; x_wconf 81' lang='lat' dir='ltr'><strong><em>Verbum</em></strong></span> <span class='ocrx_word' id='word_1_713' title='bbox 1761 5041 1875 5089; x_wconf 83' lang='lat' dir='ltr'><strong><em>erat</em></strong></span> 
     </span>
    </p>
   </div>
   <div class='ocr_carea' id='block_1_97' title="bbox 286 5123 1881 5197">
    <p class='ocr_par' dir='ltr' id='par_1_97' title="bbox 286 5123 1881 5197">
     <span class='ocr_line' id='line_1_97' title="bbox 286 5123 1881 5197; baseline -0.004 -15"><span class='ocrx_word' id='word_1_714' title='bbox 286 5127 430 5197; x_wconf 86' lang='lat' dir='ltr'><strong><em>apud</em></strong></span> <span class='ocrx_word' id='word_1_715' title='bbox 455 5127 645 5192; x_wconf 86' lang='lat' dir='ltr'><strong><em>Deum,</em></strong></span> <span class='ocrx_word' id='word_1_716' title='bbox 675 5136 723 5181; x_wconf 86' lang='lat' dir='ltr'><strong><em>et</em></strong></span> <span class='ocrx_word' id='word_1_717' title='bbox 751 5125 893 5181; x_wconf 86' lang='lat' dir='ltr'><strong><em>Deus</em></strong></span> <span class='ocrx_word' id='word_1_718' title='bbox 919 5135 1033 5182; x_wconf 85' lang='lat' dir='ltr'><strong><em>erat</em></strong></span> <span class='ocrx_word' id='word_1_719' title='bbox 1073 5124 1314 5181; x_wconf 84' lang='lat' dir='ltr'><strong><em>Verbum.</em></strong></span> <span class='ocrx_word' id='word_1_720' title='bbox 1340 5124 1445 5193; x_wconf 88' lang='lat' dir='ltr'><strong><em>Qui</em></strong></span> <span class='ocrx_word' id='word_1_721' title='bbox 1472 5133 1578 5189; x_wconf 90' lang='lat' dir='ltr'><strong><em>est,</em></strong></span> <span class='ocrx_word' id='word_1_722' title='bbox 1608 5134 1668 5179; x_wconf 92' lang='lat' dir='ltr'><strong><em>ut</em></strong></span> <span class='ocrx_word' id='word_1_723' title='bbox 1701 5123 1833 5179; x_wconf 88' lang='lat' dir='ltr'><strong><em>illud</em></strong></span> <span class='ocrx_word' id='word_1_724' title='bbox 1859 5141 1881 5176; x_wconf 69' lang='grc' dir='ltr'><strong><em>ς.</em></strong></span> 
     </span>
    </p>
   </div>
   <div class='ocr_carea' id='block_1_98' title="bbox 284 5216 1878 5292">
    <p class='ocr_par' dir='ltr' id='par_1_98' title="bbox 284 5216 1878 5292">
     <span class='ocr_line' id='line_1_98' title="bbox 284 5216 1878 5292; baseline -0.003 -18"><span class='ocrx_word' id='word_1_725' title='bbox 284 5219 388 5275; x_wconf 84' lang='lat' dir='ltr'><strong><em>Dic</em></strong></span> <span class='ocrx_word' id='word_1_726' title='bbox 410 5220 540 5292; x_wconf 78' lang='lat' dir='ltr'><strong><em>ﬁliis</em></strong></span> <span class='ocrx_word' id='word_1_727' title='bbox 562 5220 772 5276; x_wconf 80' lang='lat' dir='ltr'><strong><em>Israel:</em></strong></span> <span class='ocrx_word' id='word_1_728' title='bbox 790 5221 894 5286; x_wconf 83' lang='lat' dir='ltr'><strong><em>Qui</em></strong></span> <span class='ocrx_word' id='word_1_729' title='bbox 919 5229 1015 5285; x_wconf 88' lang='lat' dir='ltr'><strong><em>est,</em></strong></span> <span class='ocrx_word' id='word_1_730' title='bbox 1039 5220 1181 5277; x_wconf 87' lang='lat' dir='ltr'><strong><em>misit</em></strong></span> <span class='ocrx_word' id='word_1_731' title='bbox 1199 5220 1267 5273; x_wconf 84' lang='lat' dir='ltr'><strong><em>ad</em></strong></span> <span class='ocrx_word' id='word_1_732' title='bbox 1283 5234 1363 5272; x_wconf 88' lang='lat' dir='ltr'><strong><em>me</em></strong></span> <span class='ocrx_word' id='word_1_733' title='bbox 1375 5234 1482 5274; x_wconf 84' lang='lat' dir='ltr'><strong><em>vos.</em></strong></span> <span class='ocrx_word' id='word_1_734' title='bbox 1499 5216 1601 5283; x_wconf 84' lang='lat' dir='ltr'><strong><em>Qui</em></strong></span> <span class='ocrx_word' id='word_1_735' title='bbox 1617 5227 1878 5271; x_wconf 87' lang='lat' dir='ltr'><strong><em>venturus</em></strong></span> 
     </span>
    </p>
   </div>
   <div class='ocr_carea' id='block_1_99' title="bbox 284 5311 1552 5381">
    <p class='ocr_par' dir='ltr' id='par_1_99' title="bbox 284 5311 1552 5381">
     <span class='ocr_line' id='line_1_99' title="bbox 284 5311 1552 5381; baseline -0.005 -14"><span class='ocrx_word' id='word_1_736' title='bbox 284 5321 395 5377; x_wconf 84' lang='lat' dir='ltr'><strong><em>est,</em></strong></span> <span class='ocrx_word' id='word_1_737' title='bbox 416 5312 741 5371; x_wconf 84' lang='lat' dir='ltr'><strong><em>subauditur</em></strong></span> <span class='ocrx_word' id='word_1_738' title='bbox 762 5311 1007 5381; x_wconf 75' lang='lat' dir='ltr'><strong><em>judicare</em></strong></span> <span class='ocrx_word' id='word_1_739' title='bbox 1035 5311 1186 5367; x_wconf 89' lang='lat' dir='ltr'><strong><em>vivos</em></strong></span> <span class='ocrx_word' id='word_1_740' title='bbox 1213 5319 1269 5366; x_wconf 89' lang='lat' dir='ltr'><strong><em>et</em></strong></span> <span class='ocrx_word' id='word_1_741' title='bbox 1288 5317 1552 5371; x_wconf 82' lang='lat' dir='ltr'><strong><em>mortuos.</em></strong></span> 
     </span>
    </p>
   </div>
   <div class='ocr_carea' id='block_1_100' title="bbox 358 5400 1877 5475">
    <p class='ocr_par' dir='ltr' id='par_1_100' title="bbox 358 5400 1877 5475">
     <span class='ocr_line' id='line_1_100' title="bbox 358 5400 1877 5475; baseline -0.007 -13"><span class='ocrx_word' id='word_1_742' title='bbox 358 5407 431 5462; x_wconf 88' lang='lat' dir='ltr'><strong><em>Et</em></strong></span> <span class='ocrx_word' id='word_1_743' title='bbox 466 5423 588 5474; x_wconf 70' lang='lat' dir='ltr'><strong><em>cum</em></strong></span> <span class='ocrx_word' id='word_1_744' title='bbox 619 5408 805 5461; x_wconf 88' lang='lat' dir='ltr'><strong><em>darent</em></strong></span> <span class='ocrx_word' id='word_1_745' title='bbox 825 5405 918 5460; x_wconf 82' lang='lat' dir='ltr'><strong><em>illa</em></strong></span> <span class='ocrx_word' id='word_1_746' title='bbox 943 5404 1198 5460; x_wconf 87' lang='lat' dir='ltr'><strong><em>animalia</em></strong></span> <span class='ocrx_word' id='word_1_747' title='bbox 1216 5403 1439 5475; x_wconf 84' lang='lat' dir='ltr'><strong><em>gloriam</em></strong></span> <span class='ocrx_word' id='word_1_748' title='bbox 1465 5410 1515 5455; x_wconf 85' lang='lat' dir='ltr'><strong><em>et</em></strong></span> <span class='ocrx_word' id='word_1_749' title='bbox 1542 5400 1791 5456; x_wconf 83' lang='lat' dir='ltr'><strong><em>honorem</em></strong></span> <span class='ocrx_word' id='word_1_750' title='bbox 1824 5407 1877 5455; x_wconf 80' lang='lat' dir='ltr'><strong><em>et</em></strong></span> 
     </span>
    </p>
   </div>
   <div class='ocr_carea' id='block_1_101' title="bbox 284 5488 1879 5565">
    <p class='ocr_par' dir='ltr' id='par_1_101' title="bbox 284 5488 1879 5565">
     <span class='ocr_line' id='line_1_101' title="bbox 284 5488 1879 5565; baseline -0.006 -14"><span class='ocrx_word' id='word_1_751' title='bbox 284 5495 701 5554; x_wconf 80' lang='lat' dir='ltr'><strong><em>benedictionem</em></strong></span> <span class='ocrx_word' id='word_1_752' title='bbox 741 5496 942 5552; x_wconf 80' lang='lat' dir='ltr'><strong><em>sedenti</em></strong></span> <span class='ocrx_word' id='word_1_753' title='bbox 976 5510 1134 5565; x_wconf 77' lang='lat' dir='ltr'><strong><em>super</em></strong></span> <span class='ocrx_word' id='word_1_754' title='bbox 1174 5494 1457 5557; x_wconf 75' lang='lat' dir='ltr'><strong><em>thronum,</em></strong></span> <span class='ocrx_word' id='word_1_755' title='bbox 1497 5490 1772 5562; x_wconf 83' lang='lat' dir='ltr'><strong><em>procidunt</em></strong></span> <span class='ocrx_word' id='word_1_756' title='bbox 1802 5488 1879 5544; x_wconf 78' lang='lat' dir='ltr'><strong><em>vi-</em></strong></span> 
     </span>
    </p>
   </div>
   <div class='ocr_carea' id='block_1_102' title="bbox 282 5577 1880 5658">
    <p class='ocr_par' dir='ltr' id='par_1_102' title="bbox 282 5577 1880 5658">
     <span class='ocr_line' id='line_1_102' title="bbox 282 5577 1880 5658; baseline -0.006 -16"><span class='ocrx_word' id='word_1_757' title='bbox 282 5589 419 5658; x_wconf 86' lang='lat' dir='ltr'><strong><em>ginti</em></strong></span> <span class='ocrx_word' id='word_1_758' title='bbox 443 5596 675 5658; x_wconf 82' lang='lat' dir='ltr'><strong><em>quatuor</em></strong></span> <span class='ocrx_word' id='word_1_759' title='bbox 700 5587 930 5641; x_wconf 87' lang='lat' dir='ltr'><strong><em>seniores</em></strong></span> <span class='ocrx_word' id='word_1_760' title='bbox 951 5595 997 5640; x_wconf 88' lang='lat' dir='ltr'><strong><em>et</em></strong></span> <span class='ocrx_word' id='word_1_761' title='bbox 1019 5583 1310 5639; x_wconf 82' lang='lat' dir='ltr'><strong><em>adorabunt</em></strong></span> <span class='ocrx_word' id='word_1_762' title='bbox 1328 5583 1575 5637; x_wconf 77' lang='lat' dir='ltr'><strong><em>viventem</em></strong></span> <span class='ocrx_word' id='word_1_763' title='bbox 1597 5582 1651 5634; x_wconf 86' lang='lat' dir='ltr'><strong><em>in</em></strong></span> <span class='ocrx_word' id='word_1_764' title='bbox 1682 5577 1880 5635; x_wconf 69' lang='lat' dir='ltr'><strong><em>sarcula</em></strong></span> 
     </span>
    </p>
   </div>
   <div class='ocr_carea' id='block_1_103' title="bbox 280 5671 1880 5741">
    <p class='ocr_par' dir='ltr' id='par_1_103' title="bbox 280 5671 1880 5741">
     <span class='ocr_line' id='line_1_103' title="bbox 280 5671 1880 5741; baseline -0.004 -10"><span class='ocrx_word' id='word_1_765' title='bbox 280 5677 627 5741; x_wconf 65' lang='lat' dir='ltr'><strong><em>seculorum,</em></strong></span> <span class='ocrx_word' id='word_1_766' title='bbox 651 5687 698 5732; x_wconf 88' lang='lat' dir='ltr'><strong><em>et</em></strong></span> <span class='ocrx_word' id='word_1_767' title='bbox 720 5678 932 5732; x_wconf 86' lang='lat' dir='ltr'><strong><em>mittunt</em></strong></span> <span class='ocrx_word' id='word_1_768' title='bbox 962 5692 1182 5731; x_wconf 86' lang='lat' dir='ltr'><strong><em>coronas</em></strong></span> <span class='ocrx_word' id='word_1_769' title='bbox 1206 5691 1332 5730; x_wconf 87' lang='lat' dir='ltr'><strong><em>suas</em></strong></span> <span class='ocrx_word' id='word_1_770' title='bbox 1375 5682 1494 5728; x_wconf 83' lang='lat' dir='ltr'><strong><em>ante</em></strong></span> <span class='ocrx_word' id='word_1_771' title='bbox 1525 5672 1771 5728; x_wconf 78' lang='lat' dir='ltr'><strong><em>thronum</em></strong></span> <span class='ocrx_word' id='word_1_772' title='bbox 1797 5671 1880 5725; x_wconf 87' lang='lat' dir='ltr'><strong><em>di-</em></strong></span> 
     </span>
    </p>
   </div>
   <div class='ocr_carea' id='block_1_104' title="bbox 284 5763 1876 5841">
    <p class='ocr_par' dir='ltr' id='par_1_104' title="bbox 284 5763 1876 5841">
     <span class='ocr_line' id='line_1_104' title="bbox 284 5763 1876 5841; baseline -0.003 -20"><span class='ocrx_word' id='word_1_773' title='bbox 284 5778 462 5825; x_wconf 87' lang='lat' dir='ltr'><strong><em>centes</em></strong></span> <span class='ocrx_word' id='word_1_774' title='bbox 486 5782 505 5823; x_wconf 90' lang='lat'><strong><em>:</em></strong></span> <span class='ocrx_word' id='word_1_775' title='bbox 528 5767 735 5841; x_wconf 78' lang='lat' dir='ltr'><strong><em>Dignus</em></strong></span> <span class='ocrx_word' id='word_1_776' title='bbox 775 5785 851 5839; x_wconf 89' lang='lat' dir='ltr'><strong><em>es,</em></strong></span> <span class='ocrx_word' id='word_1_777' title='bbox 878 5766 1102 5823; x_wconf 83' lang='lat' dir='ltr'><strong><em>Domine</em></strong></span> <span class='ocrx_word' id='word_1_778' title='bbox 1131 5765 1271 5821; x_wconf 89' lang='lat' dir='ltr'><strong><em>Deus</em></strong></span> <span class='ocrx_word' id='word_1_779' title='bbox 1305 5774 1500 5832; x_wconf 87' lang='lat' dir='ltr'><strong><em>noster,</em></strong></span> <span class='ocrx_word' id='word_1_780' title='bbox 1531 5763 1765 5834; x_wconf 87' lang='lat' dir='ltr'><strong><em>accipere</em></strong></span> <span class='ocrx_word' id='word_1_781' title='bbox 1792 5778 1876 5817; x_wconf 86' lang='lat' dir='ltr'><strong><em>re-</em></strong></span> 
     </span>
    </p>
   </div>
   <div class='ocr_carea' id='block_1_105' title="bbox 1977 4664 3568 4740">
    <p class='ocr_par' dir='ltr' id='par_1_105' title="bbox 1977 4664 3568 4740">
     <span class='ocr_line' id='line_1_105' title="bbox 1977 4664 3568 4740; baseline -0.002 -14"><span class='ocrx_word' id='word_1_782' title='bbox 1977 4686 2128 4740; x_wconf 86' lang='lat' dir='ltr'><strong><em>ergo,</em></strong></span> <span class='ocrx_word' id='word_1_783' title='bbox 2156 4668 2281 4724; x_wconf 81' lang='lat' dir='ltr'><strong><em>ﬁdei</em></strong></span> <span class='ocrx_word' id='word_1_784' title='bbox 2307 4666 2939 4727; x_wconf 83' lang='lat' dir='ltr'><strong><em>virorimmarcescibilis</em></strong></span> <span class='ocrx_word' id='word_1_785' title='bbox 2961 4664 3267 4731; x_wconf 88' lang='lat' dir='ltr'><strong><em>indicatur,</em></strong></span> <span class='ocrx_word' id='word_1_786' title='bbox 3309 4681 3432 4737; x_wconf 69' lang='lat' dir='ltr'><strong><em>qua:</em></strong></span> <span class='ocrx_word' id='word_1_787' title='bbox 3460 4666 3568 4723; x_wconf 86' lang='lat' dir='ltr'><strong><em>Do-</em></strong></span> 
     </span>
    </p>
   </div>
   <div class='ocr_carea' id='block_1_106' title="bbox 1978 4754 3569 4828">
    <p class='ocr_par' dir='ltr' id='par_1_106' title="bbox 1978 4754 3569 4828">
     <span class='ocr_line' id='line_1_106' title="bbox 1978 4754 3569 4828; baseline -0.001 -15"><span class='ocrx_word' id='word_1_788' title='bbox 1978 4759 2193 4813; x_wconf 63' lang='lat' dir='ltr'><strong><em>minicae</em></strong></span> <span class='ocrx_word' id='word_1_789' title='bbox 2212 4757 2480 4828; x_wconf 82' lang='lat' dir='ltr'><strong><em>passionis</em></strong></span> <span class='ocrx_word' id='word_1_790' title='bbox 2500 4762 2839 4812; x_wconf 88' lang='lat' dir='ltr'><strong><em>sacramento</em></strong></span> <span class='ocrx_word' id='word_1_791' title='bbox 2872 4770 2969 4825; x_wconf 88' lang='lat' dir='ltr'><strong><em>per</em></strong></span> <span class='ocrx_word' id='word_1_792' title='bbox 2995 4755 3197 4809; x_wconf 81' lang='lat' dir='ltr'><strong><em>undam</em></strong></span> <span class='ocrx_word' id='word_1_793' title='bbox 3224 4754 3569 4824; x_wconf 85' lang='lat' dir='ltr'><strong><em>baptismatis</em></strong></span> 
     </span>
    </p>
   </div>
   <div class='ocr_carea' id='block_1_107' title="bbox 1977 4845 3567 4919">
    <p class='ocr_par' dir='ltr' id='par_1_107' title="bbox 1977 4845 3567 4919">
     <span class='ocr_line' id='line_1_107' title="bbox 1977 4845 3567 4919; baseline -0.002 -16"><span class='ocrx_word' id='word_1_794' title='bbox 1977 4849 2260 4913; x_wconf 85' lang='lat' dir='ltr'><strong><em>imbuitur,</em></strong></span> <span class='ocrx_word' id='word_1_795' title='bbox 2287 4858 2451 4919; x_wconf 69' lang='lat' dir='ltr'><strong><em>aulae</em></strong></span> <span class='ocrx_word' id='word_1_796' title='bbox 2478 4852 2544 4904; x_wconf 88' lang='lat' dir='ltr'><strong><em>ad</em></strong></span> <span class='ocrx_word' id='word_1_797' title='bbox 2572 4863 2762 4903; x_wconf 87' lang='lat' dir='ltr'><strong><em>omnes</em></strong></span> <span class='ocrx_word' id='word_1_798' title='bbox 2785 4845 3106 4917; x_wconf 80' lang='lat' dir='ltr'><strong><em>spiritalium</em></strong></span> <span class='ocrx_word' id='word_1_799' title='bbox 3129 4845 3427 4917; x_wconf 81' lang='lat' dir='ltr'><strong><em>gratiarum</em></strong></span> <span class='ocrx_word' id='word_1_800' title='bbox 3472 4846 3567 4901; x_wconf 85' lang='lat' dir='ltr'><strong><em>ﬁo-</em></strong></span> 
     </span>
    </p>
   </div>
   <div class='ocr_carea' id='block_1_108' title="bbox 1979 4936 3564 5012">
    <p class='ocr_par' dir='ltr' id='par_1_108' title="bbox 1979 4936 3564 5012">
     <span class='ocr_line' id='line_1_108' title="bbox 1979 4936 3564 5012; baseline -0.003 -15"><span class='ocrx_word' id='word_1_801' title='bbox 1979 4957 2091 5007; x_wconf 88' lang='lat' dir='ltr'><strong><em>res,</em></strong></span> <span class='ocrx_word' id='word_1_802' title='bbox 2114 4941 2531 5012; x_wconf 80' lang='lat' dir='ltr'><strong><em>proﬁcientibus</em></strong></span> <span class='ocrx_word' id='word_1_803' title='bbox 2547 4940 2759 4995; x_wconf 87' lang='lat' dir='ltr'><strong><em>meritis</em></strong></span> <span class='ocrx_word' id='word_1_804' title='bbox 2779 4938 3090 4994; x_wconf 80' lang='lat' dir='ltr'><strong><em>instruitur.</em></strong></span> <span class='ocrx_word' id='word_1_805' title='bbox 3122 4936 3275 4992; x_wconf 82' lang='lat' dir='ltr'><strong><em>Hanc</em></strong></span> <span class='ocrx_word' id='word_1_806' title='bbox 3298 4938 3444 4992; x_wconf 88' lang='lat' dir='ltr'><strong><em>enim</em></strong></span> <span class='ocrx_word' id='word_1_807' title='bbox 3468 4939 3564 5008; x_wconf 83' lang='lat' dir='ltr'><strong><em>qui</em></strong></span> 
     </span>
    </p>
   </div>
   <div class='ocr_carea' id='block_1_109' title="bbox 1982 5025 3569 5097">
    <p class='ocr_par' dir='ltr' id='par_1_109' title="bbox 1982 5025 3569 5097">
     <span class='ocr_line' id='line_1_109' title="bbox 1982 5025 3569 5097; baseline -0.005 -10"><span class='ocrx_word' id='word_1_808' title='bbox 1982 5030 2254 5096; x_wconf 88' lang='lat' dir='ltr'><strong><em>habuerit,</em></strong></span> <span class='ocrx_word' id='word_1_809' title='bbox 2275 5047 2443 5087; x_wconf 84' lang='lat' dir='ltr'><strong><em>vanos</em></strong></span> <span class='ocrx_word' id='word_1_810' title='bbox 2466 5031 2688 5091; x_wconf 87' lang='lat' dir='ltr'><strong><em>timores</em></strong></span> <span class='ocrx_word' id='word_1_811' title='bbox 2722 5028 2882 5097; x_wconf 62' lang='lat' dir='ltr'><strong><em>fugat</em></strong></span> <span class='ocrx_word' id='word_1_812' title='bbox 2905 5067 2921 5092; x_wconf 93' lang='lat'><strong><em>,</em></strong></span> <span class='ocrx_word' id='word_1_813' title='bbox 2955 5035 3209 5083; x_wconf 83' lang='lat' dir='ltr'><strong><em>monente</em></strong></span> <span class='ocrx_word' id='word_1_814' title='bbox 3243 5025 3404 5082; x_wconf 86' lang='lat' dir='ltr'><strong><em>Petro</em></strong></span> <span class='ocrx_word' id='word_1_815' title='bbox 3434 5042 3569 5097; x_wconf 84' lang='lat' dir='ltr'><strong><em>apo-</em></strong></span> 
     </span>
    </p>
   </div>
   <div class='ocr_carea' id='block_1_110' title="bbox 1980 5117 3569 5189">
    <p class='ocr_par' dir='ltr' id='par_1_110' title="bbox 1980 5117 3569 5189">
     <span class='ocr_line' id='line_1_110' title="bbox 1980 5117 3569 5189; baseline -0.004 -11"><span class='ocrx_word' id='word_1_816' title='bbox 1980 5123 2156 5179; x_wconf 89' lang='lat' dir='ltr'><strong><em>stolo:</em></strong></span> <span class='ocrx_word' id='word_1_817' title='bbox 2186 5124 2533 5179; x_wconf 78' lang='lat' dir='ltr'><strong><em>Adversarius</em></strong></span> <span class='ocrx_word' id='word_1_818' title='bbox 2593 5131 2757 5177; x_wconf 77' lang='lat' dir='ltr'><strong><em>vester</em></strong></span> <span class='ocrx_word' id='word_1_819' title='bbox 2794 5118 3038 5174; x_wconf 78' lang='lat' dir='ltr'><strong><em>diabolus</em></strong></span> <span class='ocrx_word' id='word_1_820' title='bbox 3076 5128 3328 5189; x_wconf 82' lang='lat' dir='ltr'><strong><em>tanquam</em></strong></span> <span class='ocrx_word' id='word_1_821' title='bbox 3352 5117 3433 5177; x_wconf 85' lang='lat' dir='ltr'><strong><em>leo</em></strong></span> <span class='ocrx_word' id='word_1_822' title='bbox 3476 5136 3569 5172; x_wconf 86' lang='lat' dir='ltr'><strong><em>ru-</em></strong></span> 
     </span>
    </p>
   </div>
   <div class='ocr_carea' id='block_1_111' title="bbox 1979 5209 3566 5287">
    <p class='ocr_par' dir='ltr' id='par_1_111' title="bbox 1979 5209 3566 5287">
     <span class='ocr_line' id='line_1_111' title="bbox 1979 5209 3566 5287; baseline -0.004 -18"><span class='ocrx_word' id='word_1_823' title='bbox 1979 5216 2124 5286; x_wconf 86' lang='lat' dir='ltr'><strong><em>giens</em></strong></span> <span class='ocrx_word' id='word_1_824' title='bbox 2150 5217 2611 5287; x_wconf 74' lang='lat' dir='ltr'><strong><em>circuit,quterens</em></strong></span> <span class='ocrx_word' id='word_1_825' title='bbox 2629 5228 2783 5285; x_wconf 85' lang='lat' dir='ltr'><strong><em>quem</em></strong></span> <span class='ocrx_word' id='word_1_826' title='bbox 2800 5210 3032 5277; x_wconf 81' lang='lat' dir='ltr'><strong><em>devoret,</em></strong></span> <span class='ocrx_word' id='word_1_827' title='bbox 3050 5214 3135 5266; x_wconf 88' lang='lat' dir='ltr'><strong><em>cui</em></strong></span> <span class='ocrx_word' id='word_1_828' title='bbox 3161 5211 3379 5267; x_wconf 84' lang='lat' dir='ltr'><strong><em>resistite</em></strong></span> <span class='ocrx_word' id='word_1_829' title='bbox 3405 5209 3566 5281; x_wconf 78' lang='lat' dir='ltr'><strong><em>fortes</em></strong></span> 
     </span>
    </p>
   </div>
   <div class='ocr_carea' id='block_1_112' title="bbox 1981 5305 2546 5377">
    <p class='ocr_par' dir='ltr' id='par_1_112' title="bbox 1981 5305 2546 5377">
     <span class='ocr_line' id='line_1_112' title="bbox 1981 5305 2546 5377; baseline -0.004 -15"><span class='ocrx_word' id='word_1_830' title='bbox 1981 5309 2037 5364; x_wconf 84' lang='lat' dir='ltr'><strong><em>in</em></strong></span> <span class='ocrx_word' id='word_1_831' title='bbox 2061 5308 2168 5377; x_wconf 76' lang='lat' dir='ltr'><strong><em>ﬁde</em></strong></span> <span class='ocrx_word' id='word_1_832' title='bbox 2197 5305 2248 5376; x_wconf 83' lang='grc'><strong><em>(1</em></strong></span> <span class='ocrx_word' id='word_1_833' title='bbox 2273 5305 2420 5361; x_wconf 83' lang='lat' dir='ltr'><strong><em>Petr.</em></strong></span> <span class='ocrx_word' id='word_1_834' title='bbox 2474 5306 2546 5375; x_wconf 83' lang='lat' dir='ltr'><strong><em>v).</em></strong></span> 
     </span>
    </p>
   </div>
   <div class='ocr_carea' id='block_1_113' title="bbox 2053 5389 3566 5467">
    <p class='ocr_par' dir='ltr' id='par_1_113' title="bbox 2053 5389 3566 5467">
     <span class='ocr_line' id='line_1_113' title="bbox 2053 5389 3566 5467; baseline -0.009 -12"><span class='ocrx_word' id='word_1_835' title='bbox 2053 5398 2336 5455; x_wconf 83' lang='lat' dir='ltr'><strong><em>Secundus</em></strong></span> <span class='ocrx_word' id='word_1_836' title='bbox 2361 5398 2633 5467; x_wconf 80' lang='lat' dir='ltr'><strong><em>sapbirus.</em></strong></span> <span class='ocrx_word' id='word_1_837' title='bbox 2676 5392 2851 5465; x_wconf 83' lang='lat' dir='ltr'><strong><em>Hujus</em></strong></span> <span class='ocrx_word' id='word_1_838' title='bbox 2874 5393 3068 5466; x_wconf 86' lang='lat' dir='ltr'><strong><em>lapidis</em></strong></span> <span class='ocrx_word' id='word_1_839' title='bbox 3103 5394 3339 5449; x_wconf 87' lang='lat' dir='ltr'><strong><em>colorem</em></strong></span> <span class='ocrx_word' id='word_1_840' title='bbox 3360 5389 3566 5460; x_wconf 79' lang='lat' dir='ltr'><strong><em>pariter</em></strong></span> 
     </span>
    </p>
   </div>
   <div class='ocr_carea' id='block_1_114' title="bbox 1978 5478 3563 5559">
    <p class='ocr_par' dir='ltr' id='par_1_114' title="bbox 1978 5478 3563 5559">
     <span class='ocr_line' id='line_1_114' title="bbox 1978 5478 3563 5559; baseline -0.009 -12"><span class='ocrx_word' id='word_1_841' title='bbox 1978 5497 2035 5546; x_wconf 87' lang='lat' dir='ltr'><strong><em>et</em></strong></span> <span class='ocrx_word' id='word_1_842' title='bbox 2058 5496 2455 5547; x_wconf 87' lang='lat' dir='ltr'><strong><em>sacramentum</em></strong></span> <span class='ocrx_word' id='word_1_843' title='bbox 2486 5487 2659 5542; x_wconf 83' lang='lat' dir='ltr'><strong><em>Moses</em></strong></span> <span class='ocrx_word' id='word_1_844' title='bbox 2706 5489 2978 5559; x_wconf 82' lang='lat' dir='ltr'><strong><em>exposuit,</em></strong></span> <span class='ocrx_word' id='word_1_845' title='bbox 3008 5501 3130 5541; x_wconf 90' lang='lat' dir='ltr'><strong><em>cum</em></strong></span> <span class='ocrx_word' id='word_1_846' title='bbox 3179 5482 3272 5537; x_wconf 87' lang='lat' dir='ltr'><strong><em>Dei</em></strong></span> <span class='ocrx_word' id='word_1_847' title='bbox 3316 5478 3563 5536; x_wconf 82' lang='lat' dir='ltr'><strong><em>habitum</em></strong></span> 
     </span>
    </p>
   </div>
   <div class='ocr_carea' id='block_1_115' title="bbox 1980 5564 3569 5646">
    <p class='ocr_par' dir='ltr' id='par_1_115' title="bbox 1980 5564 3569 5646">
     <span class='ocr_line' id='line_1_115' title="bbox 1980 5564 3569 5646; baseline -0.011 -11"><span class='ocrx_word' id='word_1_848' title='bbox 1980 5578 2324 5642; x_wconf 77' lang='lat' dir='ltr'><strong><em>describens,</em></strong></span> <span class='ocrx_word' id='word_1_849' title='bbox 2358 5577 2598 5632; x_wconf 81' lang='lat' dir='ltr'><strong><em>diceret:</em></strong></span> <span class='ocrx_word' id='word_1_850' title='bbox 2630 5574 2741 5631; x_wconf 85' lang='lat' dir='ltr'><strong><em>Sub</em></strong></span> <span class='ocrx_word' id='word_1_851' title='bbox 2787 5575 3003 5646; x_wconf 84' lang='lat' dir='ltr'><strong><em>pedibus</em></strong></span> <span class='ocrx_word' id='word_1_852' title='bbox 3027 5572 3139 5641; x_wconf 77' lang='lat' dir='ltr'><strong><em>ejus</em></strong></span> <span class='ocrx_word' id='word_1_853' title='bbox 3163 5568 3314 5639; x_wconf 83' lang='lat' dir='ltr'><strong><em>quasi</em></strong></span> <span class='ocrx_word' id='word_1_854' title='bbox 3338 5583 3468 5636; x_wconf 85' lang='lat' dir='ltr'><strong><em>opus</em></strong></span> <span class='ocrx_word' id='word_1_855' title='bbox 3490 5564 3569 5619; x_wconf 81' lang='lat' dir='ltr'><strong><em>la-</em></strong></span> 
     </span>
    </p>
   </div>
   <div class='ocr_carea' id='block_1_116' title="bbox 1979 5656 3566 5741">
    <p class='ocr_par' dir='ltr' id='par_1_116' title="bbox 1979 5656 3566 5741">
     <span class='ocr_line' id='line_1_116' title="bbox 1979 5656 3566 5741; baseline -0.008 -18"><span class='ocrx_word' id='word_1_856' title='bbox 1979 5669 2117 5741; x_wconf 81' lang='lat' dir='ltr'><strong><em>pidis</em></strong></span> <span class='ocrx_word' id='word_1_857' title='bbox 2139 5670 2374 5739; x_wconf 79' lang='lat' dir='ltr'><strong><em>saphiri;</em></strong></span> <span class='ocrx_word' id='word_1_858' title='bbox 2402 5675 2449 5721; x_wconf 89' lang='lat' dir='ltr'><strong><em>et</em></strong></span> <span class='ocrx_word' id='word_1_859' title='bbox 2479 5666 2632 5737; x_wconf 85' lang='lat' dir='ltr'><strong><em>quasi</em></strong></span> <span class='ocrx_word' id='word_1_860' title='bbox 2655 5666 2840 5725; x_wconf 73' lang='lat' dir='ltr'><strong><em>ctutum</em></strong></span> <span class='ocrx_word' id='word_1_861' title='bbox 2860 5680 2979 5719; x_wconf 84' lang='lat' dir='ltr'><strong><em>cum</em></strong></span> <span class='ocrx_word' id='word_1_862' title='bbox 3003 5675 3241 5717; x_wconf 82' lang='lat' dir='ltr'><strong><em>serenum</em></strong></span> <span class='ocrx_word' id='word_1_863' title='bbox 3261 5668 3337 5713; x_wconf 86' lang='lat' dir='ltr'><strong><em>est</em></strong></span> <span class='ocrx_word' id='word_1_864' title='bbox 3363 5656 3566 5729; x_wconf 69' lang='lat' dir='ltr'><strong><em>(Exod.</em></strong></span> 
     </span>
    </p>
   </div>
   <div class='ocr_carea' id='block_1_117' title="bbox 1980 5752 3569 5836">
    <p class='ocr_par' dir='ltr' id='par_1_117' title="bbox 1980 5752 3569 5836">
     <span class='ocr_line' id='line_1_117' title="bbox 1980 5752 3569 5836; baseline -0.009 -18"><span class='ocrx_word' id='word_1_865' title='bbox 1980 5760 2156 5836; x_wconf 81' lang='lat' dir='ltr'><strong><em>sxtv),</em></strong></span> <span class='ocrx_word' id='word_1_866' title='bbox 2190 5759 2434 5817; x_wconf 85' lang='lat' dir='ltr'><strong><em>Ezechiel</em></strong></span> <span class='ocrx_word' id='word_1_867' title='bbox 2465 5772 2680 5830; x_wconf 86' lang='lat' dir='ltr'><strong><em>quoque</em></strong></span> <span class='ocrx_word' id='word_1_868' title='bbox 2733 5756 2901 5824; x_wconf 86' lang='lat' dir='ltr'><strong><em>dicit,</em></strong></span> <span class='ocrx_word' id='word_1_869' title='bbox 2958 5753 3101 5825; x_wconf 89' lang='lat' dir='ltr'><strong><em>quod</em></strong></span> <span class='ocrx_word' id='word_1_870' title='bbox 3157 5753 3307 5810; x_wconf 83' lang='lat' dir='ltr'><strong><em>locus</em></strong></span> <span class='ocrx_word' id='word_1_871' title='bbox 3356 5752 3412 5810; x_wconf 92' lang='lat' dir='ltr'><strong><em>in</em></strong></span> <span class='ocrx_word' id='word_1_872' title='bbox 3460 5764 3569 5822; x_wconf 86' lang='lat' dir='ltr'><strong><em>quo</em></strong></span> 
     </span>
    </p>
   </div>
  </div>
