3954 6200
332 304 434 359 335

1655 293 2008 350 SMARAGDI
2043 290 2335 359 ABBATIS

3488 288 3594 345 336

331 418 558 471 thronus
584 413 680 471 Dei
695 416 786 478 sit,
802 410 999 483 sapliiri
1046 393 1243 465 habeat
1263 404 1899 479 similitudinem(Ezech.
1930 412 1982 471 Α
2075 401 2262 459 Nouus
2287 401 2546 472 topazius.
2576 399 2842 471 Topazius
2871 399 3005 470 lapis
3032 440 3047 465 ,
3098 406 3365 469 quantum
3406 398 3596 455 inven-

326 507 390 574 l),
422 517 477 562 et
504 506 671 578 gloria
695 503 905 559 Domini
938 502 993 557 in
1020 501 1125 557 hoc
1155 501 1340 556 colore
1378 498 1678 563 consistat,
1724 495 1904 568 praeli-

327 605 628 667 guratcum
673 594 769 665 qui
813 600 992 664 portat
1032 591 1323 663 imaginem
1362 587 1762 661 superemlestis
1787 626 1804 653 ,
1850 593 1907 643 et

325 700 447 740 cum
478 684 735 755 Apostolo
782 692 960 754 potest
993 682 1206 738 dicere:
1242 680 1442 737 Nostra
1480 679 1799 735 conversatio
1847 677 1905 733 in

324 776 462 830 caelis
489 785 583 831 est.

379 869 1014 932 Tertiuschalcedonius,
1059 867 1151 938 qui
1178 866 1335 938 quasi
1367 865 1507 937 ignis
1530 864 1764 920 lucernae
1791 862 1905 933 pal-

325 964 493 1020 lentis
524 964 759 1032 speciem
795 961 1015 1024 retinet,
1044 967 1099 1014 et
1140 958 1301 1013 habet
1350 956 1609 1028 fulgorem
1632 954 1734 1009 sub
1759 953 1901 1017 divo,

323 1072 431 1111 non
461 1056 516 1111 in
547 1056 734 1121 domo,
782 1069 890 1124 quo
949 1053 1391 1108 demonstrantur
1437 1049 1515 1114 hi,
1546 1047 1639 1117 qui
1693 1045 1903 1100 ctelesti

323 1147 591 1203 desiderio
612 1146 846 1210 subnixi,
878 1143 1187 1201 hominibus
1215 1152 1342 1198 tunc
1366 1142 1557 1205 latent,
1589 1149 1642 1195 et
1669 1138 1824 1212 quasi
1848 1137 1902 1191 in

244 1303 251 1309 ,
324 1237 644 1293 abscondito
686 1234 976 1307 jejunium,
1004 1232 1419 1304 elecmosynam,
1453 1245 1749 1302 precesque
1777 1242 1905 1283 suas

321 1335 505 1400 agunt,
536 1328 632 1384 sed
654 1342 777 1382 cum
819 1326 905 1381 vel
956 1323 1246 1390 doctrinm,
1297 1324 1384 1380 vel
1422 1322 1542 1378 aliis
1595 1329 1902 1377 sanctorum

320 1418 510 1474 usibus
542 1417 871 1483 inservituri,
901 1416 969 1472 ad
987 1415 1264 1487 publicum
1284 1415 1578 1487 procedere
1600 1411 1856 1483 jubentur
1885 1452 1900 1478 ,

320 1523 445 1563 mox
475 1507 633 1577 quasi
658 1506 880 1578 fulgoris
907 1506 1129 1561 lucerna
1152 1506 1337 1561 lucent
1360 1512 1415 1560 et
1443 1505 1635 1559 ardent
1664 1517 1681 1556 :
1709 1503 1904 1558 ardent

320 1598 571 1654 videlicet
598 1613 804 1663 amore,
833 1597 1016 1651 lucent
1037 1610 1306 1652 sermone.

392 1690 630 1757 Quartus
662 1688 998 1759 smaragdus,
1014 1687 1105 1758 qui
1129 1687 1309 1742 nimiae
1328 1686 1616 1741 viriditatis
1635 1692 1736 1751 est,
1768 1686 1902 1741 adeo

2006 495 2153 551 tione
2188 508 2377 557 rarus,
2420 499 2627 546 tantum
2661 489 2922 546 mercium
2969 488 3273 560 quantitate
3320 488 3597 557 pretiosus

2005 596 2119 651 est;
2144 584 2234 656 qui
2258 583 2395 639 duos
2414 584 2616 639 habere
2645 582 2817 637 fertur
2838 582 3068 646 colores,
3090 595 3257 635 unum
3282 581 3402 634 auri
3426 580 3600 651 puris-

2005 676 2224 740 simi,et
2244 675 2476 730 alterum
2509 673 2744 728 aetherea
2783 671 3034 727 claritate
3082 670 3437 727 relucentem.
3494 670 3596 727 Hie

2005 767 2222 839 regibus
2251 766 2385 835 ipsis
2436 765 2609 819 fertur
2631 778 2754 818 esse
2788 762 3083 828 mirabilis,
3116 769 3176 816 ut
3206 762 3349 816 inter
3377 761 3598 818 divitias

2003 872 2130 914 suas
2150 857 2283 913 nihil
2304 871 2364 913 se
2389 855 2566 912 simile
2590 854 2869 925 possidere
2897 860 3247 923 cognoscant.
3278 848 3446 923 Cujus
3476 853 3599 922 pul-

2003 953 2273 1009 cherrima
2305 959 2513 1007 natura;
2544 942 2817 1021 qualitas,
2869 946 3301 1017 contemplativa:
3347 946 3473 1002 vitae
3502 946 3597 1002 de-

2003 1043 2117 1099 cori
2142 1041 2456 1114 dignissima
2490 1047 2854 1111 comparatur.
2880 1036 3035 1093 Hanc
3055 1041 3199 1093 enim
3219 1048 3377 1110 reges
3398 1037 3594 1103 sancti,

2002 1146 2234 1204 quorum
2262 1148 2358 1187 eor
2382 1139 2467 1187 est
2496 1131 2549 1186 in
2576 1146 2739 1185 manu
2763 1129 2880 1194 De'i,
2908 1129 3118 1184 cunctis
3160 1128 3427 1184 bonorum
3463 1141 3597 1197 ope-

2002 1240 2122 1281 rum
2156 1226 2378 1291 divitiis,
2410 1226 2792 1295 universisque
2824 1224 3087 1281 virtutum
3122 1223 3351 1295 gemmis
3397 1224 3596 1281 merito

2002 1316 2319 1387 praeferunt,
2349 1323 2499 1371 tanto
2517 1315 2795 1370 ardentius
2822 1314 3058 1371 caelestis
3085 1314 3210 1369 vitae
3256 1314 3593 1370 dulcedinem
3652 1334 3659 1341 ·

2001 1407 2182 1462 animo
2225 1404 2666 1476 complectentes,
2699 1412 2905 1474 quanto
2944 1402 3284 1474 frequentius
3346 1417 3597 1472 superna:

2001 1497 2189 1569 gratim
2210 1495 2413 1551 fuerint
2448 1495 2733 1566 splendore
2761 1491 3023 1564 percussi.
3073 1490 3285 1546 Habent
3311 1506 3439 1562 ergo
3464 1506 3595 1546 san-

2002 1592 2076 1648 cti
2100 1591 2199 1645 viri
2228 1603 2452 1645 aureum
2477 1587 2737 1652 colorem,
2755 1595 2809 1643 et
2828 1587 3033 1645 interea
3054 1583 3283 1641 flammae
3309 1583 3597 1638 charitatis

2003 1681 2203 1738 habent
2225 1681 2540 1747 :ethereum,
2568 1695 2636 1734 ex
2690 1693 2935 1748 superna:
2984 1675 3437 1746 contemplatione
3466 1675 3592 1731 dul-

320 1787 382 1834 ut
408 1780 606 1838 herbas
654 1778 894 1834 virentes
942 1777 1363 1848 frondentesque
1410 1790 1650 1847 gemmas
1674 1816 1689 1840 ,
1738 1777 1903 1831 etiam
1932 1761 1977 1819 Β
2005 1771 2231 1828 cedinis.
2260 1771 2412 1839 Quod
2450 1785 2580 1826 vero
2608 1769 2663 1825 in
2700 1769 2872 1829 insula
2921 1768 3216 1833 Thebaida,
3246 1782 3366 1839 qua:
3413 1766 3596 1837 Topa-

321 1868 468 1923 omni
517 1867 764 1923 inliciens
791 1867 937 1923 circa
979 1882 1039 1924 se
1070 1868 1350 1922 viriditate
1394 1881 1771 1937 repercussum
1816 1882 1903 1923 ae-

320 1970 434 2023 rem
455 1999 471 2023 ,
498 1956 652 2026 cujus
676 1970 875 2028 genera
898 1956 1128 2028 plurima
1157 1965 1300 2024 sunt,
1332 1956 1427 2012 sed
1454 1956 1746 2013 nobiliores
1773 1957 1905 2030 Scy-

290 2014 475 2113 lthici,
514 2014 811 2104 secundum
866 2014 1045 2105 locum
1096 2055 1283 2104 tenent
1326 2047 1633 2115 Bactriani,
1686 2014 1903 2105 tertium

322 2138 615 2211 Egyptici.
662 2138 947 2210 Signiﬁcat
969 2149 1150 2195 autem
1200 2140 1428 2203 animus,
1459 2139 1561 2195 fide
1589 2154 1802 2211 semper
1825 2139 1907 2195 vi-

326 2239 523 2293 rentes,
549 2245 668 2299 quae
682 2229 1571 2287 haereditatemimmarcessibilem
1593 2229 1643 2301 (Ι
1663 2229 1900 2302 Petmv),

327 2333 382 2377 et
400 2330 657 2378 aeternam
679 2328 1053 2376 conservatam
1076 2322 1131 2376 iu
1157 2322 1330 2385 caelis,
1346 2329 1401 2375 et
1414 2328 1591 2375 mente
1616 2320 1906 2391 concipere

326 2413 609 2484 sperando,
636 2420 692 2469 et
719 2413 775 2468 in
807 2414 1080 2485 proximos
1124 2420 1377 2484 satagunt
1414 2426 1667 2483 spargere
1712 2411 1906 2483 prtedi-

325 2505 524 2561 cando.
911 2531 915 2535 ν
1390 2560 1393 2561 ν

390 2593 623 2662 Quintus
644 2594 922 2651 sardonix.
951 2592 1051 2650 Hic
1080 2609 1147 2650 ex
1170 2593 1326 2650 onicc
1351 2593 1659 2658 candorem,
1687 2608 1753 2648 ex
1784 2606 1903 2648 sar-

324 2686 410 2742 dio
443 2687 696 2742 ruborem
731 2686 972 2751 trahens,
1002 2686 1070 2741 ab
1104 2692 1334 2756 utroque
1390 2682 1656 2739 sardonici
1707 2697 1901 2739 nomen

325 2778 554 2845 accepit.
573 2774 714 2831 Sunt
735 2782 916 2831 autem
940 2789 1137 2848 genera
1156 2773 1274 2843 ejus
1294 2773 1541 2844 plurima.
1563 2771 1715 2827 Alius
1736 2772 1900 2837 enim,

323 2878 482 2924 terrm
510 2869 690 2924 rubra:
738 2868 1148 2925 similitudinem
1187 2877 1353 2923 tenet.
1401 2866 1554 2923 Alius
1606 2868 1758 2937 quasi
1806 2884 1905 2939 per

325 2951 613 3014 humanum
660 2974 894 3032 unguem
945 2958 1165 3031 sanguis
1212 2957 1450 3022 euiteat,
1496 2956 1701 3013 bicolor
1742 2973 1905 3029 appa-

322 3061 421 3108 ret.
450 3052 604 3109 Alius
628 3053 801 3109 tribus
822 3051 1114 3117 coloribus,
1141 3049 1415 3106 subterius
1446 3048 1622 3119 nigro,
1655 3049 1902 3119 superius

323 3144 515 3213 minio,
542 3145 721 3200 medio
764 3143 994 3199 candido
1043 3141 1330 3207 consistit,
1388 3140 1476 3197 cui
1526 3149 1905 3210 comparantur
1930 3120 1976 3184 Ο

326 3233 572 3289 homines
603 3232 848 3302 corporis
876 3231 1130 3303 passione
1174 3230 1482 3296 rubicundi,
1517 3230 1739 3301 spiritus
1763 3231 1907 3301 puri-

328 3334 438 3380 tate
477 3322 714 3389 candidi,
734 3324 829 3379 sed
854 3324 1071 3380 sibimet
1094 3322 1402 3379 humilitate
1432 3322 1690 3393 despecti.

393 3413 592 3469 Sextus
612 3413 847 3480 sardius,
869 3413 962 3484 qui
976 3428 1044 3469 ex
1059 3412 1269 3485 integro
1284 3413 1561 3483 sanguinei
1585 3413 1783 3469 coloris
1798 3423 1902 3481 est,

324 3511 623 3574 martyrum
651 3502 877 3573 gloriam
915 3501 1186 3573 signiﬁcat
1209 3542 1224 3569 ,
1270 3503 1337 3559 de
1360 3518 1466 3573 qua
1494 3502 1723 3558 dicitur:
1756 3500 1906 3559 Prae-

322 3592 454 3647 tiosa
482 3593 539 3647 in
561 3600 836 3663 conspectu
865 3590 1075 3646 Domini
1095 3607 1239 3646 mors
1271 3600 1571 3646 sanctorum
1610 3591 1743 3662 ejus.
1795 3592 1906 3648 Me-

323 3683 428 3737 rito
456 3690 611 3737 sexto
631 3681 750 3737 loco
775 3681 1000 3750 positus,
1028 3697 1152 3737 cum
1175 3681 1435 3738 Dominus
1456 3691 1644 3738 noster
1667 3691 1724 3738 et
1749 3692 1902 3739 sexta

322 3783 481 3828 mtate
506 3774 689 3829 saeculi
716 3773 1051 3841 incarnatus,
1075 3782 1131 3830 et
1155 3782 1309 3831 sexta
1342 3774 1478 3830 feria
1506 3775 1578 3831 sit
1610 3789 1709 3845 pro
1739 3777 1904 3833 totius

326 3862 509 3917 mundi
535 3862 714 3918 salute
742 3860 1057 3919 cruciﬁxus.

395 3952 1324 4026 Septimuschrysolithus,qulquasi
1355 3968 1545 4009 aurum
1568 3952 1751 4026 fulget,
1768 3956 1906 4011 scin-

325 4046 464 4102 tillas
486 4047 692 4101 habens
709 4045 981 4111 ardentes,
1009 4043 1161 4115 cujus
1187 4046 1369 4117 specie
1388 4044 1689 4117 figurantur
1711 4048 1790 4114 hi,
1810 4049 1902 4119 qui

326 4138 594 4194 intellectu
608 4152 857 4210 supernae
882 4151 1129 4209 verasque
1143 4138 1419 4208 sapientiae
1436 4130 1720 4209 fulgentes,
1737 4141 1903 4196 verba

323 4231 717 4286 exhortationis
743 4232 798 4285 in
835 4228 1114 4300 proximos
1151 4228 1236 4284 vel
1264 4229 1429 4285 etiam
1452 4230 1714 4285 virtutum
1749 4230 1903 4302 signa

324 4322 479 4392 quasi
491 4323 753 4406 scintillas
774 4322 913 4392 ignis
931 4320 1233 4387 effundunt,
1250 4329 1769 4391 quorum,utorator
1786 4323 1865 4378 ait
1886 4342 1901 4379 :

448 4422 691 4473 Mentibus
719 4424 865 4472 instat
882 4433 1037 4485 amor,
1064 4424 1374 4474 sermonibus
1395 4429 1574 4475 esteat
1600 4425 1762 4484 ardor,

320 4508 467 4578 quod
528 4509 657 4578 quia
720 4508 836 4565 solo
903 4508 1163 4579 spiritalis
1217 4508 1403 4580 gratiae
1471 4523 1695 4565 munere
1756 4510 1902 4582 geri-

2007 1863 2128 1918 zion
2160 1862 2479 1937 appellatur,
2515 1861 2656 1919 unde
2702 1862 2817 1932 ipse
2844 1875 3043 1917 nomen
3103 1861 3333 1931 accepit,
3363 1860 3595 1917 inveniri

2005 1955 2222 2021 dicitur,
2250 1953 2537 2026 dupliciter
2583 1952 2989 2024 intelligendum
3025 1958 3108 2006 est
3134 1991 3149 2017 ,
3215 1952 3342 2022 quia
3388 1958 3444 2007 et
3489 1951 3597 2008 illae

2004 2046 2297 2118 praecipue,
2319 2046 2374 2105 id
2402 2053 2506 2110 est,
2540 2038 2919 2116 Egyptiorum
2964 2043 3215 2115 regiones
3238 2083 3253 2109 ,
3298 2044 3598 2099 monacho-

2004 2136 2126 2197 rum
2153 2140 2404 2211 gregibus
2434 2139 2728 2205 abundent,
2765 2144 2820 2192 et
2865 2138 3172 2208 quicunque
3220 2137 3320 2190 soli
3363 2135 3594 2210 iustitia!

2004 2229 2216 2285 vicinus
2231 2228 2577 2293 habitaverit,
2611 2227 2832 2283 aetherei
2860 2226 3115 2281 nimirum
3145 2224 3365 2281 luminis
3386 2225 3596 2299 fulgore

2004 2322 2229 2378 coletur.
2251 2320 2320 2376 Et
2341 2320 2567 2392 pulchre
2591 2320 2646 2375 in
2674 2330 2865 2377 octavo
2886 2319 3096 2385 ordine,
3114 2320 3304 2375 activae
3330 2320 3456 2376 vitae
3470 2322 3601 2391 per-'

2005 2412 2191 2478 fectio,
2218 2412 2375 2467 sicin
2396 2424 2541 2467 nono
2567 2409 2912 2484 speculativae
2937 2411 3220 2466 suavitatis
3246 2425 3456 2482 gemma
3496 2426 3594 2481 po-

2006 2505 2168 2570 nitur,
2204 2505 2318 2560 sive
2358 2504 2482 2574 quia
2512 2519 2702 2558 novem
2728 2501 2946 2559 ordines
2992 2502 3305 2574 angelorum
3358 2519 3589 2573 quorum

2004 2596 2170 2651 vitam
2202 2595 2537 2662 imitatur,iu
2560 2593 2840 2665 Scriptura
2870 2601 3057 2648 sancta
3086 2592 3442 2663 reperiantur.

2074 2686 2326 2743 Decimus
2362 2687 2791 2758 chrysoprasius.
2823 2686 3248 2757 Chrysoprasius
3276 2693 3359 2742 est
3392 2687 3589 2745 viridis

2004 2789 2288 2847 auremque
2339 2775 2727 2840 commixtum,
2762 2775 3034 2847 quoddam
3060 2774 3223 2830 etiam
3253 2790 3591 2846 purpureum

1999 2865 2163 2937 jubar
2189 2854 2411 2921 trahe'ns
2436 2864 2613 2920 aureis
2652 2865 3364 2938 intervenientibus‘guttis.
3402 2865 3590 2923 Nasci-

2006 2965 2095 3011 tur
2120 2965 2300 3012 autem
2326 2955 2381 3011 in
2402 2955 2575 3022 India,
2597 2955 2688 3026 qui
2730 2954 3002 3026 signiﬁcat
3027 2970 3120 3012 eos
3139 2956 3232 3027 qui
3255 2956 3589 3012 viriditatem

2004 3057 2221 3106 aeterna:
2263 3049 2476 3119 patriae,
2505 3046 2759 3120 perfecta:
2791 3048 3072 3105 charitatls
3118 3050 3325 3121 fulgore
3368 3064 3588 3121 prome-

2007 3149 2190 3196 rentes
2218 3182 2232 3206 ,
2283 3156 2405 3196 eam
2430 3140 2593 3196 etiam
2624 3140 2837 3196 caeteris
2884 3155 3159 3213 purpurea
3206 3142 3456 3212 martyrii
3503 3143 3591 3198 sui

2005 3231 2126 3287 luce
2163 3231 2527 3303 patefaciunt;
2560 3232 2651 3302 qui
2681 3233 2936 3303 quoniam
2962 3232 3014 3287 in
3037 3247 3102 3288 eo
3128 3234 3271 3303 quod
3303 3234 3468 3288 vitam
3497 3234 3594 3290 de-

2004 3325 2258 3395 spiciunt,
2311 3333 2568 3380 aeternam
2633 3325 2860 3397 gloriam
2916 3323 3229 3402 prieferunt,
3273 3316 3487 3381 Domini
3531 3325 3593 3380 in

2004 3431 2169 3472 carne
2214 3417 2524 3487 apparentis
2571 3416 2817 3488 exempla
2882 3425 3218 3487 sequuntur,
3265 3415 3381 3487 jam
3443 3417 3592 3474 velut

2005 3506 2060 3561 in
2081 3506 2250 3571 ludia,
2284 3507 2337 3562 id
2359 3516 2475 3573 est,
2508 3521 2675 3578 prope
2721 3506 2851 3563 solis
2876 3518 3081 3575 ortum,
3108 3493 3424 3564 meritorum
3465 3523 3596 3565 suo-

2005 3613 2123 3653 rum
2144 3596 2405 3668 fulgorem
2426 3599 2737 3654 ostendunt.
2766 3624 2773 3631 ο

2074 3689 2404 3746 Undecimus
2437 3690 2782 3761 hyacinthus.
2825 3688 3165 3763 Hyacinthus
3215 3690 3269 3746 lu
3306 3688 3593 3761 Ethiopia

2003 3781 2291 3852 reperitur,
2307 3781 2596 3837 caeruleum
2622 3781 2857 3838 colorem
2872 3780 3078 3838 habens
3100 3784 3355 3853 optimus,
3369 3783 3461 3853 qui
3489 3796 3594 3839 nec

2004 3886 2160 3927 rarus
2182 3881 2288 3937 est,
2310 3885 2413 3927 nec
2430 3872 2699 3929 densitate
2723 3873 2967 3940 obtusus,
2988 3873 3081 3929 sed
3104 3888 3170 3928 ex
3194 3882 3423 3944 utroque
3450 3883 3593 3930 tem-

2002 3972 2318 4035 peramento
2342 3961 2487 4017 lucet
2506 4003 2521 4029 ,
2578 3962 2888 4033 purificato,
2917 3971 2974 4019 et
2998 3965 3238 4019 suaviter
3264 3962 3451 4020 florem
3478 3973 3594 4020 tra-

2001 4052 2103 4108 hit.
2128 4052 2227 4108 Hic
2254 4060 2434 4109 autem
2463 4068 2571 4108 non
2613 4055 2798 4109 rutilat
2825 4055 3127 4126 aequaliter,
3150 4055 3289 4111 facie
3313 4056 3440 4111 coeli
3467 4072 3591 4113 mu-

2004 4152 2165 4200 tatur.
2197 4141 2401 4200 Sereno
2423 4145 2565 4199 euim
2591 4145 2910 4217 perspicuus
2935 4155 3097 4217 atque
3125 4155 3312 4217 gratus
3339 4155 3444 4213 est,
3477 4161 3588 4203 nu-

2002 4234 2112 4291 bilo
2132 4249 2317 4290 coram
2337 4234 2508 4291 oculis
2542 4234 2818 4291 evanescit
2843 4244 3006 4307 atque
3033 4237 3337 4293 marcescit.
3374 4236 3591 4293 Iudicat

2004 4328 2149 4385 enim
2174 4327 2383 4384 animas
2407 4327 2615 4383 cmlesti
2658 4341 2876 4398 semper
2902 4327 3189 4383 intentioni
3236 4328 3471 4393 deditas,
3496 4338 3586 4382 at-

2005 4433 2111 4489 que
2143 4418 2399 4490 angelicae
2428 4418 2821 4488 quodammodo
2850 4426 3113 4488 quantum
3151 4419 3473 4475 mortalibus
3499 4418 3588 4475 fas

2003 4516 2107 4575 est,
2146 4508 2544 4565 conversationi
2581 4508 3024 4579 propinquantes,
3063 4508 3258 4579 quibus
3300 4508 3449 4565 omni
3485 4525 3587 4566 cu-

327 4611 435 4664 tur,
481 4599 860 4655 decentissime
904 4598 1135 4666 septimo
1178 4597 1526 4653 fundamento
1576 4599 1939 4668 chrysolithos
2000 4600 2174 4657 studia
2192 4600 2533 4656 discretionis
2561 4600 2900 4657 conversatio
2923 4601 3237 4672 percipitur,
3271 4616 3339 4657 ne
3365 4599 3451 4657 vel
3494 4603 3583 4657 ni—

326 4692 486 4756 inest,
523 4686 821 4761 septiformi
849 4688 995 4744 enim
1035 4702 1177 4758 saepe
1218 4702 1445 4743 onmem
1498 4689 1636 4744 solet
1664 4685 1900 4760 Spiritus

327 4780 498 4835 sancti
525 4780 700 4851 gratia
726 4777 972 4850 ﬁgurari.

393 4869 629 4928 Octavus
654 4868 912 4942 beryllus.
958 4867 1202 4941 Beryllus
1234 4877 1350 4935 est,
1396 4870 1549 4939 quasi
1591 4870 1899 4931 consideres

327 4975 521 5031 aquam
548 4960 679 5017 solis
704 4958 913 5032 fulgore
928 4973 1263 5031 percussam,
1284 4960 1642 5017 rubicundum
1657 4976 1721 5016 ac
1741 4961 1899 5018 deco-

329 5067 449 5107 rum
476 5050 700 5108 reddere
726 5052 995 5117 colorem,
1025 5049 1121 5106 sed
1151 5063 1259 5105 non
1291 5048 1460 5122 fulget
1483 5050 1589 5107 nisi
1623 5050 1679 5106 iu
1706 5064 1900 5109 sexan-

326 5142 504 5214 gulam
519 5141 747 5198 formam
763 5142 1014 5213 poliendo
1026 5140 1303 5213 figuretur.
1318 5140 1745 5211 Repercussione
1754 5141 1898 5198 enim

326 5235 665 5306 angulorum,
698 5233 951 5304 splendor
983 5233 1130 5288 illius
1156 5233 1385 5288 acuitur.
1411 5232 1692 5305 Significat
1721 5242 1899 5289 autem

329 5327 573 5382 homines
606 5324 821 5395 ingenio
845 5323 1064 5394 quidem
1110 5337 1365 5394 sagaces;
1399 5323 1495 5378 sed
1529 5321 1760 5393 amplius
1809 5338 1902 5378 su—

326 5432 508 5488 pernae
540 5417 729 5489 gratiae
766 5412 966 5469 lumine
993 5412 1338 5484 refulgentes,
1361 5415 1612 5484 quodque
1653 5422 1902 5471 tenentes

326 5526 484 5565 manu
510 5510 739 5565 adurere
759 5507 978 5571 dicitur,
1004 5505 1190 5576 procul
1228 5506 1389 5561 dubio
1415 5514 1584 5576 patet,
1608 5508 1734 5577 quia
1758 5507 1903 5577 quis-

326 5618 431 5672 que
457 5610 647 5659 sancto
666 5602 786 5657 viro
806 5598 1167 5670 coniungitur,
1190 5599 1307 5670 ejus
1327 5600 1576 5656 nimirum
1599 5602 1753 5657 bonae
1778 5617 1904 5659 con-

326 5694 651 5749 versationis
671 5693 792 5765 igne
826 5699 1122 5748 recreatur.

2000 4692 2109 4747 mia
2134 4706 2324 4747 sensus
2346 4691 2645 4747 subtilitate
2668 4691 2873 4747 callens
2897 4732 2913 4759 ,
2957 4692 3155 4747 altiora
3188 4707 3249 4747 se
3295 4707 3542 4763 quaerere
3565 4735 3581 4755 .

1996 4789 2055 4837 et
2082 4782 2313 4838 fortiora
2340 4797 2401 4837 se
2445 4781 2674 4837 scrutari
2701 4782 2915 4839 audeat.
2942 4781 3125 4839 Gloria
3176 4783 3321 4839 enim
3365 4783 3583 4838 Domini

1999 4872 2176 4928 celare
2200 4872 2446 4937 verbum,
2471 4872 2526 4928 id
2546 4880 2656 4939 est,
2679 4881 2834 4929 caute
2852 4871 2919 4929 de
2942 4873 3054 4928 Deo
3077 4872 3159 4928 vel
3180 4873 3401 4928 homine
3422 4871 3585 4929 Chri-

1997 4971 2082 5018 sto
2108 4962 2496 5034 philosophari,
2535 4964 2621 5019 vel
2663 4978 2880 5019 rursum
2918 4964 3119 5020 desidia
3171 4972 3421 5035 torpente
3442 5005 3458 5030 ,
3514 4964 3582 5019 ad

1998 5051 2214 5109 inﬁrma
2261 5052 2387 5109 fidei
2432 5053 2588 5110 initia
2627 5061 2790 5125 atque
2827 5054 3091 5109 elementa
3131 5054 3337 5111 exordii
3375 5069 3580 5111 senue-

2000 5158 2128 5197 num
2154 5143 2251 5198 Dei
2276 5143 2607 5210 relabantur,
2639 5146 2731 5215 qui
2758 5146 2936 5214 potius
2963 5145 3048 5199 via
3071 5147 3219 5217 regia
3250 5146 3580 5215 gradientes,

2002 5248 2033 5288 a
2071 5234 2276 5290 dextris
2303 5243 2359 5291 et
2381 5249 2413 5289 a
2441 5236 2680 5292 sinistris
2703 5252 2802 5307 per
2820 5250 2969 5291 arma
3003 5238 3229 5308 iustitiae
3274 5238 3430 5291 tutati
3456 5252 3585 5307 pro-

1999 5326 2213 5393 cedent,
2238 5327 2389 5397 quasi
2433 5328 2753 5398 hyacinthus
2787 5328 2972 5385 nubilo
3016 5328 3381 5385 circumdatus
3406 5328 3585 5399 loqui-

2001 5425 2109 5471 tur.
2143 5415 2294 5473 Niltil
2318 5418 2456 5472 enirn
2473 5418 2711 5489 judiraui
2734 5434 2816 5475 me
2854 5421 2988 5475 scire
3010 5422 3148 5475 inter
3177 5437 3281 5487 res,
3307 5421 3411 5475 nisi
3429 5419 3584 5475 Clari-

1999 5518 2137 5563 stum
2163 5508 2369 5577 Iesum,
2392 5521 2439 5564 et
2460 5511 2609 5575 [tunc
2638 5512 2950 5581 crucifixum
2977 5512 3029 5586 (I
3055 5511 3247 5584 Cor.u)
3274 5555 3290 5577 ,
3345 5521 3401 5568 et
3424 5513 3577 5582 quasi

2002 5601 2056 5655 in
2082 5616 2272 5656 serena
2306 5603 2423 5656 luce
2450 5603 2616 5667 visus,
2644 5605 2755 5658 ait:
2800 5602 3122 5675 Sapientiam
3161 5604 3425 5676 loquimur
3445 5606 3578 5659 inter

2000 5695 2253 5764 perfectos
2290 5691 2516 5764 (lbid.).'
