3940 6206
286 430 395 490 357

1111 422 1631 481 COLLECTIONES
1671 421 1740 477 iN
1777 421 2160 480 EPISTOLAS
2196 421 2285 478 ET
2318 423 2734 479 EV’ANGELIA.

3444 423 3552 480 538

356 541 717 599 Duodecimus
765 540 1120 613 amethystus.
1171 540 1517 612 Amethystus
1560 552 1860 609 purpureus
1886 544 1938 604 Α
1962 540 2122 602 intra,
2147 538 2204 594 in
2229 553 2337 609 quo
2374 553 2480 592 non
2512 537 2657 592 aliud
2680 537 2894 593 videtur
2921 536 3179 598 exterius.
3208 550 3371 609 quam
3399 539 3545 609 quod

284 645 386 701 est,
404 635 679 707 permixto
701 632 941 688 violaceo
962 631 1164 696 colore,
1186 640 1243 687 et
1263 632 1416 703 quasi
1464 644 1602 685 rosze
1646 629 1828 686 nitore
1850 669 1865 694 ,

284 728 545 799 quasdam
570 724 763 781 leniter
793 721 1097 779 flammulas
1124 722 1383 788 fundens,
1416 723 1510 778 sed
1529 726 1584 777 et
1610 721 1866 792 quiddam

286 820 338 876 in
362 831 606 890 purpura
628 814 775 872 illius
798 830 906 872 non
936 830 1004 870 ex
1029 821 1145 870 toto
1173 815 1332 887 igneo
1353 814 1448 869 sed
1500 814 1656 886 quasi
1686 813 1870 867 vinum

284 912 486 966 rubens
510 923 797 981 apparens.
824 906 1137 979 Purpureus
1158 920 1289 977 ergo
1316 904 1481 960 decor
1519 904 1756 961 caelestis
1780 915 1867 957 re-

284 1001 373 1071 gni
396 1000 638 1055 habitum
665 1039 680 1066 ,
726 1012 917 1053 roseus
949 1012 1080 1052 vero
1103 1004 1268 1066 atque
1299 994 1572 1051 violaceus
1611 993 1870 1049 humilem

285 1098 622 1157 sanctorum,
646 1103 776 1145 vere
808 1089 1022 1145 avidam
1049 1087 1455 1159 pretiosamque
1499 1095 1730 1143 mortem
1779 1086 1872 1145 de-

284 1182 485 1252 signat.

346 1273 413 1327 in
434 1270 649 1342 iaspide
670 1283 819 1342 ergo,
849 1268 972 1327 ﬁdei
1009 1268 1289 1336 viriditas;
1333 1267 1390 1325 in
1440 1268 1705 1341 saphiro,
1756 1266 1871 1338 spei

285 1363 525 1419 cmlestis
556 1361 815 1429 altitudo;
860 1362 915 1416 in
935 1360 1300 1424 chalcedonio,
1333 1357 1548 1416 ﬂamma
1594 1360 1875 1415 charitatis

286 1452 515 1508 internae
546 1452 830 1525 ﬁguratur.
853 1451 914 1508 in
937 1450 1225 1522 smaragdo
1247 1458 1450 1515 autem,
1478 1448 1717 1519 ejusdem
1748 1448 1874 1506 ﬁdei

284 1540 443 1597 fin-tis
469 1542 612 1598 inter
656 1542 884 1597 adversa
928 1541 1215 1597 confessio.
1253 1540 1309 1594 in
1332 1541 1636 1606 sardoniee,
1661 1548 1876 1596 sancto-

282 1648 407 1689 rum
437 1633 579 1688 inter
605 1632 835 1688 virtutes
876 1631 1176 1688 humilitas.
1209 1631 1267 1686 in
1317 1630 1517 1697 sardio,
1548 1633 1876 1690 reverendus

282 1730 586 1793 martyrum
625 1736 789 1777 cruor
812 1722 1154 1792 exprimitur.
1187 1721 1244 1776 In
1272 1720 1741 1793 chrysolitho,vos
1765 1721 1875 1792 spi-

282 1814 460 1869 ritalis
502 1813 646 1867 inter
667 1811 925 1867 miracula
954 1811 1291 1883 praedicatio.
1346 1810 1403 1865 ln
1445 1810 1650 1883 beryllo
1682 1811 1876 1881 przedi-

1968 635 2150 700 gestat
2190 629 2441 685 interius.
2474 628 2744 701 Crystallo
2795 640 3007 699 quoque
3035 629 3178 699 quod
3203 629 3271 684 de
3312 646 3451 702 aqua
3497 630 3552 686 in

1967 721 2193 794 glaciem
2256 733 2312 777 et
2354 719 2586 792 lapidem
2630 719 2926 791 pretiosum
2977 718 3242 786 efﬁcitur,
3302 722 3561 795 baptismi

1968 813 2141 886 gratia
2174 812 2455 884 ﬁguratur.

2038 903 2110 959 Et
2138 905 2194 960 in
2218 904 2389 960 medio
2412 903 2571 970 sedis,
2598 913 2646 959 et
2671 901 2730 960 in
2751 903 2976 960 circuitu
3003 902 3160 969 sedis,
3186 911 3415 975 quatuor
3437 901 3557 956 ani-

1968 998 2152 1066 utalia,
2186 997 2345 1071 plena
2392 999 2557 1054 oculis
2581 1039 2599 1066 ,
2652 1009 2773 1055 ante
2799 1008 2850 1055 et
2893 1010 3051 1054 retro.
3079 997 3351 1056 Circuitus
3373 996 3554 1052 throni

1970 1086 2089 1157 Dei,
2110 1089 2164 1145 id
2190 1098 2275 1145 est
2299 1088 2554 1145 Ecclesiae
2597 1096 2806 1159 patres,
2835 1088 3014 1145 lumen
3044 1087 3340 1161 Evangelii,
3362 1076 3556 1160 praue

1970 1183 2199 1238 riturum
2234 1181 2645 1252 futurorumque
2672 1183 2898 1239 scientia
2933 1181 3122 1252 replet.

2041 1272 2112 1327 Et
2133 1271 2329 1327 animal
2357 1272 2586 1344 primum
2623 1272 2791 1329 simile
2816 1273 2974 1339 leoni,
3000 1280 3107 1328 etc.
3150 1268 3279 1327 Haac
3301 1269 3556 1327 animalia

1972 1363 2268 1419 multifarie
2309 1364 2750 1434 interpretantur.
2768 1353 2968 1420 Beatus
2999 1373 3178 1419 autem
3200 1362 3556 1436 Augustinus.

1967 1453 2121 1525 iuxta
2165 1454 2410 1512 ordinem
2452 1455 2573 1511 libri
2605 1456 2780 1519 istius,
2818 1454 3128 1511 Matthteum
3160 1455 3372 1511 leonem
3427 1453 3560 1509 dicit

1975 1542 2221 1612 intelligi,
2246 1544 2337 1613 qui
2362 1544 2524 1614 regiae
2570 1542 2853 1616 dignitatis
2906 1545 2963 1600 in
2991 1540 3211 1601 Christo
3247 1544 3557 1616 prosapiam

1976 1642 2183 1701 narrat,
2215 1635 2307 1705 qui
2338 1643 2396 1691 et
2421 1634 2555 1690 vicit
2582 1634 2669 1691 leo
2707 1635 2774 1691 de
2800 1634 2945 1691 tribu
2971 1631 3130 1691 Juda.
3166 1634 3391 1690 Catulus
3414 1635 3558 1690 enim

1974 1726 2148 1783 leonis
2175 1724 2332 1792 Juda,
2378 1733 2435 1782 et
2482 1725 2536 1781 in
2570 1740 2679 1797 quo
2723 1735 2785 1782 ut
2830 1742 2928 1783 rex
2974 1742 3007 1781 a
3060 1742 3186 1799 rege
3235 1726 3476 1782 timetur.
3512 1728 3555 1781 A

1978 1815 2149 1888 Magis
2177 1816 2455 1883 adoratur,
2481 1816 2573 1873 ubi
2600 1818 2766 1874 etiam
2798 1834 2893 1874 rex
2922 1834 3044 1874 eum
3076 1819 3248 1873 servis
3292 1818 3558 1873 rationem

283 1904 529 1959 cautium
567 1901 808 1973 perfecta
851 1904 1119 1975 operatio.
1159 1902 1217 1958 In
1265 1903 1480 1975 topazio
1524 1943 1541 1970 ,
1565 1903 1875 1960 earumdem
1905 1890 1953 1951 Β
1979 1907 2151 1979 ponit.
2179 1907 2296 1963 Rex
2328 1909 2545 1979 nuptias
2574 1908 2684 1964 ﬁlio
2718 1907 2872 1972 facit,
2898 1916 2953 1963 et
2977 1908 3045 1963 ad
3071 1906 3321 1963 ultimum
3352 1922 3445 1961 rex
3468 1922 3557 1963 se-

280 1996 489 2052 ardens
517 1994 901 2065 contemplatio
922 2002 1277 2050 monstratur.
1295 1995 1463 2052 Porro
1486 1994 1542 2050 in
1557 1995 1878 2067 chrysopra-

281 2088 386 2153 sio,
416 2088 702 2142 beatorum
728 2093 1031 2156 martyrum
1076 2101 1211 2156 opus
1235 2085 1441 2156 pariter
1485 2092 1541 2140 et
1565 2084 1871 2155 praemium.

280 2177 336 2233 in
358 2176 684 2248 hyacintho,
708 2175 988 2231 doctorum
1001 2175 1240 2231 caelestis
1257 2176 1323 2231 ad
1346 2174 1457 2230 alta
1485 2174 1804 2237 sublevatio,
1824 2181 1880 2230 et

280 2281 509 2341 propter
563 2268 808 2325 inﬁrmos
852 2269 1073 2324 humilis
1112 2269 1181 2324 ad
1210 2269 1444 2324 humana
1474 2266 1773 2323 descensio.
1817 2264 1877 2321 in

281 2362 618 2433 amethysto,
646 2359 882 2416 cmlestis
896 2372 1110 2430 semper
1130 2359 1281 2431 regni
1310 2361 1362 2414 in
1386 2358 1670 2414 humilium
1695 2357 1878 2413 animo

282 2452 553 2509 memoria
580 2451 913 2522 designatur,
941 2451 1244 2523 singulique
1282 2449 1490 2521 lapides
1510 2449 1738 2522 pretiosi
1768 2448 1881 2504 sin-

283 2547 426 2619 gulis
446 2553 580 2602 sunt
606 2544 974 2625 fundamentis
987 2543 1251 2615 deputati,
1268 2544 1360 2615 qui
1382 2541 1511 2598 licet
1537 2557 1727 2598 omnes
1750 2557 1877 2613 per-

284 2636 438 2704 fecti,
470 2636 671 2708 quibus
690 2637 882 2693 civitas
903 2637 996 2692 Dei
1019 2635 1190 2692 nostri
1235 2636 1289 2689 in
1319 2642 1503 2691 monte
1543 2643 1734 2689 sancto
1763 2632 1880 2703 ejus

283 2738 515 2785 ornatur
534 2714 697 2799 atque
724 2725 981 2784 fundatur
1003 2766 1020 2795 ,
1063 2722 1344 2797 Spiritalis
1379 2724 1566 2793 gratiae
1622 2725 1729 2779 sint
1760 2724 1881 2780 luce

282 2819 589 2890 fulgentes,
621 2818 713 2873 alii
747 2825 932 2873 tamen
962 2830 1061 2887 per
1102 2815 1355 2884 spiritum
1383 2813 1541 2870 datur
1570 2826 1752 2869 sermo
1797 2826 1883 2867 sa-

283 2910 530 2981 pientiae,
561 2909 651 2965 alii
678 2923 859 2966 sermo
903 2907 1163 2973 scientiae,
1189 2905 1278 2960 alii
1322 2905 1498 2976 gratia
1549 2904 1877 2971 sanitatum,

286 3003 379 3058 alii
408 3017 614 3073 genera
642 3001 949 3074 linguarum
977 3039 994 3067 ,
1051 2998 1142 3054 alii
1171 2997 1305 3053 ﬁdes
1340 2997 1395 3055 in
1433 2996 1625 3052 eodem
1665 2996 1876 3068 spiritu,

286 3102 393 3150 etc.

358 3186 429 3240 Et
455 3186 511 3241 in
538 3186 762 3241 circuitu
790 3185 928 3241 sedis
954 3182 1141 3240 sedilia
1166 3183 1350 3255 viginti
1369 3190 1620 3255 quatuor,
1648 3191 1696 3238 et
1725 3199 1883 3255 super

1973 2008 2164 2071 gregat
2188 2013 2319 2056 oves
2347 2000 2417 2055 ab
2447 2000 2633 2056 haedis.
2674 1999 2876 2056 Lucam
2909 1999 2964 2055 in
2992 1999 3159 2054 vitulo
3187 2040 3204 2067 ,
3251 1998 3342 2069 qui
3383 1999 3559 2055 hostia

1974 2105 2171 2159 magna
2202 2089 2323 2156 fuit,
2353 2089 2408 2145 in
2433 2090 2551 2163 lege
2583 2091 2729 2145 enim
2777 2089 2895 2159 eius
2924 2105 3031 2146 non
3058 2075 3242 2146 solum
3293 2088 3561 2160 principia

1976 2182 2122 2237 circa
2151 2181 2405 2253 templum
2435 2190 2491 2236 et
2514 2181 2781 2238 sacriﬁcia
2808 2181 3167 2247 diversantur,
3198 2180 3289 2236 sed
3323 2182 3396 2237 ita
3422 2195 3555 2238 oon-

1976 2272 2212 2328 cluditur
2238 2291 2251 2326 :
2278 2269 2348 2327 Et
2373 2282 2520 2327 erant
2548 2289 2750 2346 semper
2776 2272 2831 2327 in
2859 2271 3049 2344 templo
3088 2270 3364 2327 laudantes
3400 2281 3447 2326 et
3476 2271 3565 2327 be-

1978 2363 2272 2420 nedicentcs
2296 2364 2483 2419 Deum.
2510 2363 2701 2419 Facies
2724 2378 2854 2419 vero
2884 2361 3137 2427 hominis,
3167 2361 3378 2418 Marcus
3399 2362 3565 2434 signi-

1980 2455 2125 2522 ﬁcat,
2154 2455 2243 2526 qui
2272 2455 2405 2510 nihil
2437 2456 2503 2513 de
2548 2455 2734 2527 regali,
2764 2455 2850 2510 vel
2875 2454 3197 2512 sacerdotali
3227 2453 3437 2509 Domini
3466 2469 3564 2524 po-

1982 2547 2152 2602 tentia
2179 2546 2412 2612 locutus,
2442 2554 2651 2601 tantum
2695 2545 2932 2601 hominis
2952 2544 3153 2601 Christi
3182 2553 3331 2616 gesta
3360 2544 3566 2615 simpli-

1980 2636 2119 2693 citer
2142 2642 2344 2690 narrat.
2368 2634 2563 2703 Aquila
2587 2641 2787 2700 autem,
2802 2632 3037 2690 Joannes
3056 2643 3161 2700 est,
3188 2634 3280 2704 qui
3309 2631 3563 2687 nativita—

1982 2737 2091 2785 tem
2112 2725 2298 2792 Verbi,
2329 2725 2476 2781 velut
2508 2734 2693 2782 ortum
2717 2725 2849 2782 solis
2892 2726 3278 2798 perspicaciter
3301 2732 3563 2796 aspectat.

1979 2815 2249 2872 Animalia
2280 2824 2460 2871 autem
2498 2830 2643 2871 nunc
2664 2815 3060 2887 Evangelfstas,
3087 2831 3229 2871 nunc
3268 2823 3434 2871 totam
3463 2815 3569 2870 Ec-

1981 2907 2202 2965 clesiam
2229 2906 2559 2980 signiﬁcant,
2588 2910 2741 2976 cuius
2769 2906 3028 2963 fortitudo
3073 2906 3129 2962 in
3174 2907 3328 2963 leone
3352 2946 3370 2972 ,
3414 2906 3569 2961 victi-

1983 2998 2149 3056 matio
2176 2996 2231 3053 in
2276 2998 2467 3064 vitulo,
2505 2998 2781 3054 humilitas
2809 2997 2866 3054 iu
2912 2997 3154 3066 homine,
3184 2996 3487 3054 sublimitas
3513 2998 3569 3053 in

1984 3088 2163 3160 aquila
2196 3088 2412 3146 volante
2452 3099 2805 3147 monstratur.

2059 3178 2281 3253 Singula
2342 3198 2520 3236 eorum
2557 3181 2813 3236 habebant
2853 3179 2968 3236 alas
3014 3197 3187 3237 senas.
3235 3179 3571 3236 Perfeetione

288 3279 510 3333 thronos
556 3278 737 3349 viginti
763 3286 998 3349 quatuor
1021 3242 1251 3332 seniore;
1292 3242 1545 3332 sedentes.
1583 3242 1884 3333 Ecclesium
1910 3242 1956 3307 Ο
1989 3288 2102 3330 sua
2129 3272 2411 3340 doctrinae,
2440 3273 2735 3329 Ecclesium
2760 3273 2826 3328 ad
2847 3272 2953 3328 alta
2981 3273 3282 3329 sublevant.
3313 3273 3570 3329 Senarius

290 3380 527 3436 namque
553 3375 776 3436 propter
790 3367 1108 3422 societatem
1133 3364 1255 3421 ﬁdei
1284 3365 1339 3421 in
1368 3380 1474 3420 una
1501 3365 1630 3421 sede
1656 3365 1886 3430 viderat,

290 3454 541 3509 eamdem
571 3469 668 3524 per
689 3455 965 3527 geminum
983 3461 1366 3510 testamentum
1391 3452 1459 3510 de
1482 3454 1814 3525 patriarcbis
1835 3460 1891 3510 et

292 3543 554 3612 apostolis
576 3551 910 3614 generatam,
937 3543 992 3598 in
1032 3544 1225 3615 viginti
1252 3552 1308 3599 et
1350 3552 1584 3614 quatuor
1629 3544 1890 3601 sedilibus

292 3635 491 3689 cernit.
531 3633 820 3690 Sedentem
844 3643 1051 3699 autem,
1077 3642 1300 3705 propter
1319 3634 1666 3707 iudiciariam
1687 3636 1806 3707 eius
1836 3636 1890 3691 in

292 3724 517 3781 Christo
542 3724 900 3797 dignitatem;
954 3726 1222 3781 sedebuut
1249 3734 1431 3782 auten
1468 3736 1525 3782 et
1568 3726 1894 3796 iudicabunt

292 3818 552 3873 universa
580 3817 847 3883 membra,
872 3817 967 3873 sed
1012 3818 1065 3873 in
1106 3832 1215 3873 uno
1257 3827 1314 3874 et
1344 3832 1443 3889 per
1488 3831 1655 3874 unum
1709 3825 1889 3890 caput.

290 3908 436 3965 Nam
475 3911 747 3982 quomodo
804 3918 1062 3982 poterunt
1107 3909 1283 3967 sancti
1339 3910 1394 3964 in
1430 3907 1636 3979 iudicio
1668 3909 1891 3976 sedere,

292 4010 505 4058 stantes
541 4003 609 4057 ad
643 4002 894 4058 dextram
933 4000 1162 4071 iudicis,
1216 4010 1446 4071 possunt
1484 4002 1650 4056 etiam
1704 4000 1893 4071 viginti

293 4102 535 4164 quatuor
561 4093 804 4148 seniores
838 4094 894 4147 in
943 4091 1052 4148 illis
1093 4092 1339 4163 intelligi,
1369 4092 1462 4162 qui
1504 4092 1891 4162 perfectionem

292 4184 515 4255 cperis,
550 4200 671 4256 qua:
718 4185 936 4240 senario
982 4198 1210 4240 numero
1259 4183 1704 4249 commendatur,
1751 4182 1895 4243 clara

296 4273 581 4343 Evangelii
606 4273 990 4344 praedicatione
1017 4284 1361 4341 consumant,
1390 4284 1519 4330 nam
1542 4283 1734 4344 quater
1754 4276 1894 4343 seni,

292 4361 497 4436 viginti
523 4373 758 4434 quatuor
794 4364 1018 4419 faciunt.

376 4454 771 4512 Circumamicti
785 4458 1097 4512 vestimentis
1120 4456 1275 4524 albis,
1289 4468 1336 4513 et
1356 4459 1414 4512 in
1433 4456 1688 4528 capitibus
1716 4472 1897 4512 eorum

294 4564 515 4603 rorante
552 4562 746 4602 aureae.
779 4546 892 4603 Hoc
928 4555 1032 4613 est,
1063 4548 1220 4604 bonis
1262 4549 1519 4620 operibus
1543 4549 1774 4612 indutos,
1803 4560 1898 4618 pe-

292 4637 464 4691 renni
512 4637 710 4692 mentis
754 4637 1034 4703 memoria,
1065 4637 1261 4706 gaudia
1289 4653 1525 4709 superna
1553 4646 1892 4708 quaerentes;

291 4739 454 4794 saepe
480 4725 624 4779 enim
652 4738 805 4780 mens
831 4725 1023 4796 capitis
1050 4728 1268 4787 nomine
1305 4727 1441 4783 solet
1467 4726 1713 4798 intelligi.

383 4817 453 4872 Et
480 4820 546 4874 de
584 4819 770 4875 throno
818 4823 1103 4892 procedunt
1151 4822 1367 4896 fulgura
1397 4834 1446 4879 et
1481 4841 1627 4880 voces
1675 4835 1724 4880 et
1757 4826 1898 4880 toni-

293 4918 453 4965 trua.
490 4910 608 4968 Hoc
634 4921 738 4979 est,
770 4910 913 4983 quod
957 4915 1170 4973 Marcus
1189 4917 1268 4971 ait
1295 4935 1309 4971 :
1338 4915 1432 4971 Illi
1461 4926 1637 4973 autem
1680 4918 1901 4991 profecti

292 5002 728 5071 prmdicaverunt
745 5004 950 5074 ubique,
964 5005 1190 5061 Domino
1204 5015 1533 5077 cooperante,
1547 5016 1593 5061 et
1612 5022 1899 5063 sermonem

294 5091 679 5161 conﬁrmante,
710 5095 1041 5166 sequentibus
1066 5097 1229 5168 signis
1292 5096 1487 5169 (Marci
1510 5098 1760 5171 ultimm).

390 5182 457 5237 Et
482 5194 680 5256 septem
703 5184 969 5257 lampades
996 5197 1117 5243 ante
1147 5188 1413 5255 thronum,
1441 5191 1533 5259 qui
1560 5200 1680 5245 sunt
1708 5200 1900 5263 septem

269 5273 530 5345 Spiritus
556 5275 674 5332 Dei.
704 5276 1144 5348 UnumSpiritum
1173 5280 1305 5335 dicit
1332 5280 1732 5352 septiformem;
1762 5298 1903 5337 unus

291 5375 406 5421 est
424 5366 567 5422 enim
583 5368 843 5439 Spiritus,
885 5368 1276 5439 septiformitas
1322 5371 1487 5436 enim,
1520 5371 1784 5442 perfectio
1822 5378 1905 5428 est

292 5465 377 5515 et
408 5459 699 5527 plenitudo.
755 5460 1193 5517 Commemorato
1258 5479 1385 5517 vero
1414 5463 1621 5536 Spiritu
1672 5475 1861 5520 sancto
1886 5504 1901 5529 ,

295 5549 706 5604 convenienter
740 5550 883 5605 unda
908 5552 1161 5622 baptismi
1198 5552 1459 5622 sequitur,
1497 5568 1601 5622 qua
1630 5552 1770 5608 idem
1797 5553 1904 5624 spi-

299 5639 463 5696 ritus
494 5641 661 5711 recipi
690 5642 948 5697 creditur.

398 5728 462 5782 Et
490 5731 543 5785 in
572 5740 849 5802 conspectu
869 5732 1004 5786 sedis
1026 5742 1278 5803 tanquam
1303 5749 1446 5787 mare
1476 5733 1712 5800 vitreum,
1734 5734 1905 5788 simile

294 5824 587 5890 crystallo.
618 5825 847 5895 Propter
876 5826 1033 5882 ﬁdem
1073 5842 1253 5881 veram
1281 5826 1548 5895 baptisma
1585 5827 1818 5884 refertur
1837 5828 1905 5883 ad

1989 3364 2134 3419 enim
2169 3379 2427 3420 numerus
2461 3365 2581 3421 ideo
2633 3364 2907 3436 perfectus
2934 3367 3160 3435 dicitur,
3216 3368 3341 3438 quia
3380 3368 3571 3439 primis

1990 3454 2104 3510 suis
2129 3454 2376 3525 partibus
2398 3455 2670 3525 impletur,
2703 3472 2867 3511 unum
2902 3456 3115 3528 quippe,
3141 3458 3282 3527 quod
3308 3466 3391 3513 est
3412 3468 3567 3515 sexta

1991 3544 2191 3599 senarii
2225 3560 2373 3614 pars,
2400 3554 2457 3600 et
2503 3546 2627 3611 duo,
2661 3545 2801 3617 quod
2838 3554 2922 3602 est
2967 3547 3149 3614 tertia,
3180 3557 3235 3603 et
3288 3548 3389 3603 tria
3429 3550 3571 3619 quod

1990 3641 2075 3688 est
2099 3634 2400 3700 dimidium,
2429 3635 2679 3689 eumdem
2698 3636 2973 3690 senarium
3003 3632 3226 3692 faciunt.
3260 3634 3430 3692 Aliter
3467 3638 3570 3691 aia:

1992 3736 2137 3778 sena:
2174 3733 2407 3794 quatuor
2435 3724 2749 3781 animalium
2796 3741 2917 3795 qua:
2951 3734 3078 3781 sunt
3124 3725 3314 3797 viginti
3364 3733 3419 3781 et
3445 3716 3570 3797 qua-

1991 3823 2134 3880 tuor,
2162 3815 2383 3871 totidem
2431 3815 2645 3872 Veteris
2688 3812 3019 3873 Testamenti
3049 3814 3216 3874 libros
3257 3818 3574 3885 insinuant,

1991 3906 2188 3978 quibus
2207 3903 2666 3979 Evangelistarum
2699 3916 2755 3964 et
2797 3907 3016 3965 fulcitur
3047 3910 3361 3974 auctoritas,
3386 3917 3442 3964 et
3485 3925 3574 3965 ve-

1994 4001 2127 4053 ritas
2155 3999 2432 4069 probatur.

2066 4087 2133 4142 Et
2161 4089 2217 4142 in
2259 4088 2482 4143 circuitu
2530 4096 2580 4141 et
2620 4087 2761 4141 intus
2803 4085 2955 4158 plena
2982 4097 3102 4141 sunt
3137 4087 3323 4141 oculis.
3376 4085 3575 4142 Sancta

1995 4164 2278 4243 Ecclesia,
2332 4186 2386 4232 et
2416 4192 2600 4231 coram
2653 4177 2792 4241 Deo,
2849 4184 2901 4231 et
2942 4190 3124 4231 coram
3158 4175 3465 4230 hominibus
3517 4191 3576 4231 se

1998 4268 2284 4341 vigilanter
2304 4266 2551 4330 attendit,
2579 4264 2733 4337 cuius
2763 4265 3048 4321 interiores
3077 4265 3263 4320 oculos
3287 4275 3577 4336 aspexerat

1996 4356 2305 4423 Psalmista,
2337 4372 2460 4412 cum
2490 4357 2726 4412 diceret:
2755 4355 2942 4412 Omnis
2997 4356 3166 4429 gloria
3195 4355 3312 4426 ejus
3352 4354 3447 4412 ﬁlii
3485 4370 3576 4412 re-

1946 4470 1954 4477 ’
1998 4454 2081 4524 gis
2114 4455 2183 4508 ab
2212 4451 2376 4507 intus.
2404 4451 2713 4507 Exteriores
2752 4466 2903 4517 vero,
2930 4466 3054 4507 cum
3073 4449 3327 4507 continuo
3360 4448 3577 4505 subdit:

1921 4594 1975 4657 D

2001 4541 2068 4595 In
2093 4539 2321 4610 limbreis
2350 4539 2526 4595 aureis
2552 4581 2567 4608 ,
2610 4540 3001 4594 circumamicta
3055 4540 3320 4594 varietate.
3374 4537 3581 4606 Aliter,

2001 4631 2115 4687 sive
2140 4630 2380 4685 litteram
2421 4631 2690 4697 attendas,
2721 4631 2835 4686 sive
2886 4629 3197 4702 allegoriam
3243 4629 3583 4701 quaeras,luo

2000 4740 2119 4782 cem
2146 4739 2360 4795 semper
2381 4726 2435 4780 in
2456 4725 2749 4797 Evangelia
2796 4727 3020 4796 reperis.
3049 4722 3171 4781 Alia
3202 4725 3484 4782 translatio
3505 4726 3584 4781 sio

2002 4818 2203 4876 habet:
2235 4818 2401 4875 Plena
2431 4819 2595 4876 oculis
2625 4831 2746 4876 ante
2772 4839 2826 4877 se
2851 4832 2899 4876 et
2932 4832 3089 4889 retro,
3113 4823 3239 4894 quia
3276 4823 3363 4878 lux
3402 4824 3580 4879 Evan-

2001 4912 2146 4983 gelii,
2187 4920 2241 4967 et
2268 4913 2555 4985 aenigmata
2596 4913 2730 4984 legis
2774 4915 3028 4981 irradiat,
3088 4924 3143 4970 et
3190 4931 3344 4972 nova:
3396 4917 3585 4989 gratia:

2000 5006 2201 5060 mundo
2225 5001 2404 5077 fulgur
2429 5005 2683 5063 infundit.

2072 5099 2141 5154 Et
2188 5100 2415 5171 requiem
2453 5116 2557 5154 non
2604 5099 2860 5155 habebant
2898 5100 2983 5156 die
3020 5118 3082 5156 ac
3128 5112 3276 5157 nocte
3311 5102 3583 5158 dicentia:

2005 5190 2254 5256 Sanctus,
2282 5200 2516 5256 sanctus,
2551 5199 2763 5245 sanctus
2790 5189 3046 5246 Dominus
3069 5191 3206 5247 Deus
3238 5194 3580 5263 omnipotens,

2004 5290 2111 5336 etc.
2147 5279 2345 5335 Sancta
2370 5280 2643 5346 animalia,
2673 5289 2867 5336 cuncta
2904 5288 3146 5353 tempora
3190 5282 3369 5339 steculi
3419 5296 3580 5335 unam

2005 5370 2425 5426 dominationem
2464 5369 2710 5436 Deitatis,
2745 5371 3188 5442 omnipotentiam
3234 5380 3289 5426 et
3314 5367 3583 5424 aeternita-

2010 5470 2119 5517 tem
2164 5469 2366 5516 sanetaa
2405 5458 2683 5517 Trinitatis
2730 5461 3040 5529 afﬁrmant,
3089 5469 3337 5518 manente
3378 5458 3584 5515 intelle~

2011 5551 2202 5607 ctualis
2238 5559 2504 5606 creaturae
2531 5561 2786 5622 perpetua
2811 5553 2866 5607 in
2894 5552 3203 5608 caelestibus
3227 5547 3402 5603 laude.

2082 5640 2375 5697 Procidunt
2409 5642 2591 5713 viginti
2636 5651 2863 5714 quatuor
2889 5642 3115 5697 seniores
3158 5649 3277 5694 ante
3326 5639 3586 5696 sedentem

2011 5733 2065 5786 in
2094 5732 2301 5798 throno,
2326 5741 2373 5786 et
2420 5731 2714 5787 adorabunt
2745 5732 2990 5785 viventem
3038 5732 3093 5783 in
3135 5728 3331 5785 stt’cula
3368 5730 3590 5786 steculoc

2014 5841 2149 5878 rum.
2217 5822 2553 5879 Animalibus
2602 5820 3017 5893 personantibus
3068 5819 3307 5886 laudem,
3364 5821 3416 5875 id
3462 5830 3575 5884 est,
