3954 6200
379 403 485 463 359

1677 396 2027 455 SMARAGDl
2064 399 2355 455 ABBATIS

3535 409 3643 465 540

384 515 737 590 Evangelistis
792 513 1210 587 praedicantibus
1232 512 1433 569 Christi
1475 511 1953 583 dispensationem,
1983 519 2035 580 Α
2131 511 2413 582 Respondit
2440 513 2596 570 Iesus
2619 524 2666 568 et
2699 514 2871 569 dixit:
2899 514 3065 573 Amen
3090 532 3241 573 amen
3264 516 3381 573 dico
3400 518 3516 585 tibi,
3543 522 3644 593 nisi

379 609 557 665 omnis
581 600 820 662 Ecclesia
851 618 970 673 qua:
994 604 1047 658 in
1068 602 1371 674 praepositis
1397 610 1609 661 constat
1631 610 1686 657 et
1709 603 1948 675 populis;

378 702 480 757 hoc
508 701 648 754 enim
686 697 980 769 geminato,
1010 695 1371 751 duode'narius
1399 711 1655 753 numerus
1687 695 1955 766 significa-

378 803 485 861 tur,
514 792 699 848 statim
729 791 927 847 cadens
947 791 1002 847 in
1035 786 1452 855 lacicm,adorat
1478 790 1743 844 viventem
1771 789 1824 843 in
1856 805 1956 845 sae-

374 885 496 941 cula
538 884 855 940 saeculorum
881 924 896 949 ,
951 892 1008 939 et
1057 883 1344 938 mittebant
1385 897 1613 937 coronas
1653 896 1775 936 suas
1828 886 1955 940 ante

377 972 629 1033 thronum
655 974 750 1029 Dei
779 1016 793 1039 ,
834 972 1102 1036 videlicet,
1128 972 1467 1042 assignantes
1508 969 1764 1041 quidquid
1787 971 1955 1026 virtu-

375 1066 462 1127 tis,
505 1065 761 1138 quidquid
788 1062 1059 1119 habebant
1086 1061 1380 1135 dignitatis,
1412 1061 1610 1136 quippe
1641 1061 1730 1132 qui
1765 1074 1830 1117 ex
1873 1058 1954 1117 ni-

373 1157 482 1213 hilo
509 1164 700 1213 cuncta
726 1163 1028 1213 creaverat.
1293 1172 1301 1177 ι

705 1262 1043 1304 EVANGELIUM
1080 1260 1324 1310 JOAN‘SIS,
1364 1259 1481 1299 CAP.
1526 1260 1604 1298 III.

447 1357 467 1390 ι
504 1339 633 1393 Erat
663 1339 827 1394 homo
874 1352 940 1393 ex
989 1332 1280 1391 Phariszeis
1322 1334 1646 1390 Nicodemus
1691 1335 1948 1411 nomine,

378 1450 395 1481 σ
427 1431 675 1503 princeps
710 1429 1035 1485 Judzeorum.
1069 1427 1169 1483 Hic
1193 1415 1349 1481 venit
1388 1426 1455 1481 ad
1482 1426 1666 1482 Iesum
1694 1428 1868 1489 nocte,
1899 1432 1954 1480 et

376 1542 393 1571 ς
431 1521 567 1576 dixit
596 1521 646 1576 ei
683 1536 697 1574 :
728 1520 924 1587 Rabbi,
958 1518 1160 1574 scimus
1201 1518 1326 1588 quia
1355 1533 1385 1571 a
1411 1517 1520 1572 Deo
1557 1515 1751 1571 venisti
1781 1514 1953 1586 magi-

376 1635 392 1661 ‹
428 1622 567 1679 ster;
601 1627 761 1668 nemo
785 1612 928 1667 enim
976 1618 1156 1682 potest
1183 1610 1298 1664 hmo
1326 1610 1477 1682 signa
1516 1607 1699 1662 facere
1734 1622 1851 1678 quin
1894 1615 1952 1661 tu

375 1725 392 1753 ι
429 1703 579 1769 facis,
616 1703 717 1757 nisi
748 1704 889 1758 Deus
911 1700 1073 1755 fuerit
1098 1716 1222 1756 cum
1251 1714 1333 1755 eo.
1360 1698 1659 1771 Respondit
1681 1698 1854 1761 Jesus,
1898 1707 1953 1753 ct

374 1814 391 1845 ι
429 1794 563 1850 dixit
593 1794 682 1848 ei:
714 1793 885 1848 Amen
917 1808 1072 1847 amen
1110 1791 1229 1847 dico
1258 1791 1394 1846 tibi:
1427 1790 1539 1845 Nisi
1561 1790 1682 1861 quis
1730 1799 1949 1847 renatus

2055 605 2172 675 quis
2200 614 2411 660 renatus
2437 604 2599 676 fuerit
2625 599 2828 674 denuo,
2884 624 2988 662 non
3016 614 3181 679 potest
3210 608 3381 665 videre
3427 627 3643 682 regnum

2052 692 2172 749 Dei.
2201 694 2331 764 Quae
2356 696 2622 751 sententia
2670 705 2817 752 tanto
2868 698 3109 766 apertius
3138 698 3349 753 cunctis
3396 698 3644 757 fidelibus

2053 783 2220 854 lucet,
2250 795 2454 857 quanto
2493 794 2726 859 constat,
2761 787 2888 858 quia
2933 787 3053 841 sine
3086 787 3251 859 hujus
3284 787 3402 844 luce
3457 790 3644 846 ﬁdeles

2054 891 2175 934 esse
2200 885 2492 947 nequeunt.
2513 876 2644 944 Quis
2665 878 2808 932 enim
2831 876 2948 932 sine
2969 876 3185 933 lavacro
3214 881 3645 952 regenerationis

2054 967 2428 1022 remissionem
2463 974 2808 1039 peccatorum
2847 968 3125 1038 consequi,
3158 977 3214 1023 et
3248 984 3470 1039 regnum
3501 971 3643 1026 valet

2055 1058 2259 1114 intrare
2289 1058 2585 1114 cmlorum?
2616 1059 2723 1115 Sed
2749 1057 3073 1114 Nicodamus
3102 1058 3192 1128 qui
3220 1068 3378 1114 nocte
3399 1060 3549 1114 venit
3574 1062 3644 1116 ad

2054 1148 2261 1217 Iesum,
2292 1152 2524 1207 necdum
2558 1146 2693 1206 lucis
2727 1150 2983 1221 mysteria
3011 1164 3207 1220 capere
3237 1159 3483 1217 noverat,
3514 1166 3641 1205 nam

2055 1251 2109 1303 et
2134 1259 2239 1299 nox
2266 1244 2321 1298 in
2356 1259 2461 1313 qua
2487 1243 2653 1308 venit,
2686 1243 2800 1315 ipsa
2838 1240 2954 1311 ejus
2980 1255 3085 1312 qua
3111 1241 3463 1311 premebatur
3490 1241 3674 1310 igne--

2054 1338 2289 1393 rantiam
2318 1324 2590 1407 designat,
2622 1333 2852 1390 necdum
2887 1333 3035 1387 enim
3059 1348 3250 1387 eorum
3278 1347 3503 1386 numero
3553 1349 3641 1389 so-

2054 1429 2228 1485 ciatus
2256 1437 2394 1494 erat,
2423 1428 2617 1497 quibus
2660 1426 2736 1481 ait
2758 1425 3047 1501 Apostolus
3073 1439 3088 1478 :
3119 1421 3324 1478 Fuistis
3347 1422 3638 1494 aliquando

2053 1520 2296 1586 tenebrtc,
2327 1536 2464 1573 nunc
2494 1528 2667 1572 autem
2695 1517 2787 1594 tua:
2815 1517 2869 1571 in
2898 1516 3122 1571 Domino
3145 1514 3360 1587 (Ep/tes.
3408 1517 3482 1587 v).
3533 1515 3640 1572 Sed

2053 1611 2195 1665 inter
2227 1627 2321 1667 eos
2366 1610 2547 1681 potius
2597 1610 2927 1665 remanebat.
2988 1607 3197 1676 Quibus
3246 1606 3378 1663 dicit
3423 1607 3636 1663 Isaias:

2054 1698 2241 1771 Surge,
2268 1700 2586 1766 illuminare,
2616 1697 2931 1773 Jerusalem,
2958 1698 3080 1771 quia
3104 1698 3239 1752 venit
3264 1697 3437 1751 lumen
3462 1707 3637 1762 tuum,

2038 1772 2099 1843 .et
2133 1787 2303 1860 gloria
2323 1787 2535 1842 Domini
2562 1805 2717 1858 super
2744 1798 2792 1842 te
2815 1797 2931 1841 orta
2954 1796 3029 1840 est
3054 1784 3187 1858 (Isa.
3213 1785 3326 1856 ιχ).

373 1904 389 1933 ε
424 1882 584 1938 fuerit
609 1884 804 1948 denuo,
833 1898 938 1936 non
987 1890 1165 1957 potest
1193 1881 1377 1936 videre
1404 1856 1627 1951 regnum
1659 1879 1775 1935 Dei.
1803 1879 1945 1934 Dicit
1972 1880 2018 1939 B
2114 1856 2253 1932 Dicit
2280 1877 2350 1931 ad
2392 1895 2510 1932 eum
2566 1856 2884 1933 Nicodamus
2925 1892 2945 1932 :
2977 1856 3248 1944 Quomodo
3280 1886 3446 1948 potest
3475 1880 3634 1936 homo
3680 1856 3687 1859 ν

372 1992 388 2022 ι
429 1974 496 2029 ad
535 1989 657 2028 eum
717 1973 1081 2029 Nicodemus:
1120 1971 1401 2040 Quomodo
1447 1980 1627 2043 potest
1669 1970 1831 2025 homo
1864 1986 1949 2025 re-

369 2083 387 2114 ι
427 2066 576 2121 nasci
612 2080 735 2120 cum
765 2065 839 2119 sit
865 2065 1066 2120 senex?
1095 2063 1350 2135 Nunquid
1378 2070 1555 2137 potest
1602 2064 1655 2118 in
1700 2071 1946 2117 ventrem

370 2171 387 2202 ι
419 2153 609 2207 matris
629 2169 738 2207 sum
759 2154 954 2208 iterum
982 2153 1208 2209 introire
1232 2162 1287 2210 et
1307 2153 1493 2208 nasci?
1535 2152 1832 2223 Respondit
1856 2151 1947 2208 Je-

370 2265 386 2294 ο
425 2260 515 2300 sus
543 2264 555 2301 :
586 2246 757 2302 Amen
784 2262 942 2302 amen
972 2246 1092 2301 dico
1130 2246 1256 2301 tibi:
1288 2243 1402 2300 Nisi
1429 2246 1549 2319 quis
1579 2254 1799 2300 renatus
1830 2244 1945 2300 fuc-

365 2357 387 2393 s
420 2339 493 2395 rit
518 2356 582 2396 ex
617 2356 755 2411 aqua
786 2349 840 2395 et
863 2341 1064 2412 Spiritu
1090 2348 1296 2405 sancto,
1326 2356 1432 2394 non
1458 2347 1637 2411 potest
1666 2339 1868 2393 intrare
1892 2337 1948 2393 in
1980 2397 1983 2399 ί

369 2451 386 2480 ι
424 2447 647 2503 regnum
677 2431 789 2486 Dei.
821 2430 973 2499 Quod
1001 2439 1184 2484 natum
1199 2438 1282 2485 est
1304 2446 1368 2484 ex
1392 2444 1575 2493 carne,
1604 2443 1733 2482 caro
1761 2436 1866 2492 est,
1893 2435 1948 2483 et

366 2540 384 2573 ι
420 2522 562 2590 quod
589 2529 772 2574 natum
788 2527 868 2576 est
889 2534 955 2574 ex
981 2520 1190 2593 spiritu,
1215 2519 1436 2589 spiritus
1451 2526 1553 2573 est.
1591 2515 1706 2573 Non
1735 2515 1948 2571 mireris

367 2633 384 2664 ι
421 2613 546 2684 quia
563 2613 675 2669 dixi
705 2612 841 2668 tibi:
868 2609 1095 2682 Oportet
1116 2626 1208 2667 vos
1238 2611 1448 2667 renasci
1485 2611 1679 2664 denuo.
1712 2607 1946 2681 Spiritus

364 2722 382 2752 ι
423 2703 509 2759 ubi
541 2702 655 2757 vult
688 2703 883 2773 spirat,
928 2711 982 2757 et
1006 2719 1187 2758 vocem
1231 2700 1350 2774 ejus
1404 2700 1587 2764 audis,
1633 2700 1725 2757 sed
1767 2699 1946 2755 nescis

363 2815 380 2843 ί
415 2796 555 2850 unde
592 2795 792 2860 veniat,
826 2804 917 2848 aut
938 2810 1045 2864 quo
1072 2795 1250 2849 vadat.
1280 2793 1370 2849 Sic
1399 2802 1482 2849 est
1504 2792 1700 2860 omnis,
1732 2792 1823 2862 qui
1850 2808 1947 2848 na-

363 2900 380 2936 t
421 2892 505 2941 tus
528 2892 612 2940 est
645 2900 711 2941 ex
737 2885 949 2955 spiritu.
989 2885 1286 2955 Respondit
1312 2883 1636 2939 Nicodemus
1659 2925 1674 2950 ,
1733 2891 1787 2938 et
1808 2881 1946 2936 dixit

361 2998 378 3028 ι
418 2976 498 3032 ei:
529 2977 808 3045 Quomodo
833 2983 1058 3048 possunt
1078 2977 1190 3032 hcce
1222 2977 1334 3030 ﬁeri
1354 2977 1376 3029 ?
1399 2975 1690 3045 Respondit
1710 2973 1869 3030 Iesus
1890 2981 1945 3031 et

363 3088 379 3115 ι
420 3067 653 3122 dixitei:
686 3067 766 3122 Tu
792 3083 853 3122 es
884 3067 1142 3136 magister
1167 3067 1217 3120 in
1242 3066 1427 3130 lsracl,
1457 3075 1512 3120 et
1541 3066 1656 3120 haec
1691 3063 1945 3135 ignoras?

363 3178 379 3206 ι
411 3157 583 3212 Amen
607 3173 765 3213 amen
787 3157 907 3211 dico
936 3156 1053 3222 tibi,
1083 3156 1209 3226 quia
1243 3155 1386 3228 quod
1413 3157 1614 3211 scimus
1648 3155 1942 3226 loquimur,

2052 1969 2198 2022 nasci
2220 1985 2336 2022 cum
2358 1970 2422 2023 sit
2448 1984 2622 2037 senex,
2648 1978 2753 2027 etc.
2782 1968 2917 2039 Quia
2937 1969 3082 2024 enim
3104 1971 3353 2029 secundae
3375 1972 3635 2027 nativita-

2050 2059 2119 2113 tis
2147 2060 2323 2114 adhuc
2350 2059 2564 2114 nescius
2597 2060 2998 2133 perseverabat,
3032 2058 3096 2114 de
3130 2060 3303 2116 salute
3328 2069 3510 2116 autem
3537 2078 3637 2117 sua

2044 2152 2157 2223 jam
2196 2153 2455 2209 sollicitus
2484 2156 2786 2222 exstiterat,
2836 2156 3144 2213 necessario
3173 2156 3239 2211 de
3284 2172 3429 2221 una,
3471 2174 3638 2231 quam

2050 2253 2273 2301 noverat
2296 2247 2575 2302 nativitate
2603 2262 2671 2301 an
2719 2255 2900 2316 posset
2933 2247 3139 2311 iterari,
3164 2246 3250 2301 vel
3278 2264 3387 2318 quo
3443 2250 3635 2306 ordine

2049 2338 2385 2408 rcgeneratio
2412 2337 2582 2408 possit
2632 2337 2870 2408 impleri,
2900 2334 3197 2409 quaerebat,
3228 2353 3295 2395 ne
3333 2339 3493 2408 hujus
3534 2355 3635 2395 ex-

2049 2445 2200 2501 spers
2225 2432 2574 2498 remanendo,
2602 2432 2726 2487 vitae
2747 2432 2984 2489 caelestis
3010 2432 3283 2502 particeps
3308 2447 3429 2489 esse
3444 2433 3635 2503 ncqui-

2048 2532 2151 2577 ret.
2177 2521 2480 2578 Notandum
2511 2532 2714 2589 autem,
2746 2523 2874 2594 quia
2926 2524 2993 2579 de
3026 2522 3231 2578 carnali
3265 2524 3409 2594 quod
3455 2524 3595 2579 dixit
3616 2566 3631 2591 ,

2048 2616 2154 2671 hoc
2182 2616 2344 2669 etiam
2396 2614 2461 2670 de
2509 2614 2736 2685 spiritali
2768 2623 2851 2672 est
2896 2615 3302 2687 regeneratione
3328 2615 3631 2685 sciendum.

2048 2704 2399 2776 Nequaquam
2433 2705 2684 2761 videlicet
2733 2720 2873 2769 eam,
2897 2714 3186 2775 postquam
3216 2703 3376 2759 semel
3409 2703 3633 2773 expleta

2048 2795 2211 2854 fuerit
2229 2838 2243 2862 ,
2277 2811 2438 2869 posse
2467 2797 2657 2867 repeti.
2680 2796 2805 2852 Sive
2834 2797 2977 2852 enim
2993 2796 3299 2860 haereticus,
3318 2795 3428 2849 sive
3450 2795 3634 2853 εοὶιίετ-

2048 2889 2299 2955 maticus,
2348 2888 2463 2953 sive
2530 2887 2867 2944 facinorosus
2918 2876 3146 2957 quisque
3191 2887 3247 2941 in
3293 2885 3633 2941 confessione

2048 2988 2244 3035 sanctae
2273 2979 2530 3035 trinitatis
2575 2978 2893 3048 baptizaret,
2931 2992 3039 3035 non
3068 2976 3210 3031 valet
3244 2976 3365 3041 ille,
3415 2976 3507 3045 qui
3556 2975 3636 3028 ita

2046 3070 2347 3140 baptizatus
2376 3077 2477 3138 est,
2497 3086 2527 3123 a
2554 3068 2709 3123 bonis
2733 3067 3013 3124 catholicis
3040 3065 3386 3136 rebaptizari,
3417 3081 3483 3120 ne
3510 3058 3640 3119 cen-

2048 3159 2210 3217 fessio
2234 3159 2321 3215 vel
2361 3160 2629 3216 invocatio
2659 3160 2792 3214 tanti
2809 3159 3045 3215 nominis
3066 3159 3316 3212 videatur
3338 3156 3631 3212 annullari.

362 3269 381 3304 ε
412 3257 467 3304 et
491 3249 635 3320 quod
658 3248 892 3304 vidimus
915 3256 1196 3315 testamur,
1221 3259 1275 3303 et
1306 3242 1938 3305 testimonium‘nostrum
1967 3239 2012 3303 C
2043 3253 2111 3308 Et
2152 3253 2276 3324 quia
2305 3251 2630 3307 Nicodemus
2665 3252 2732 3307 ad
2774 3251 3007 3321 primam
3066 3248 3280 3304 Domini
3325 3247 3639 3319 responsio—

362 3362 381 3394 ι
416 3357 523 3396 non
551 3339 858 3410 accepistis.
884 3336 942 3394 Si
971 3348 1182 3394 terrena
1223 3340 1332 3396 dixi
1360 3341 1533 3407 vobis,
1561 3350 1613 3396 et
1637 3358 1741 3396 non
1766 3340 1943 3397 credi-

360 3454 378 3486 ι
411 3436 497 3501 tis,
529 3434 797 3505 quomodo
820 3432 868 3488 si
891 3431 1078 3488 dixero
1117 3434 1268 3490 vobis
1310 3434 1553 3489 coelestia
1580 3434 1845 3489 credetis?
1874 3434 1941 3493 Et

361 3544 379 3575 ι
415 3542 572 3581 nemo
602 3526 846 3582 ascendit
892 3525 947 3580 in
998 3527 1229 3593 coelum,
1258 3528 1358 3583 nisi
1417 3528 1509 3599 qui
1560 3527 1840 3584 descendit
1874 3527 1941 3583 de

360 3636 378 3667 ι
413 3614 735 3683 εωιο,ιε’ἱ1ίιιε
778 3616 1032 3682 hominis,
1066 3618 1158 3688 qui
1186 3626 1270 3673 est
1300 3618 1353 3672 in
1379 3617 1539 3674 cmlo.
1565 3616 1632 3673 Et
1661 3616 1803 3673 sicut
1828 3617 1939 3672 Mo-

361 3728 378 3757 s
409 3723 495 3763 ses
524 3708 783 3763 exaltavit
826 3718 1131 3781 serpentem
1177 3709 1231 3763 in
1278 3709 1530 3774 deserto,
1584 3709 1657 3764 ita
1709 3709 1937 3771 exaltari

360 3815 378 3845 ι
409 3804 621 3868 oportet
638 3793 835 3853 Filium
878 3799 1143 3865 hominis,
1188 3807 1248 3852 ut
1277 3800 1488 3865 omnis,
1535 3800 1627 3870 qui
1678 3800 1849 3855 credit
1883 3800 1936 3873 in

360 3907 378 3940 ι
418 3887 591 3958 ipsum
621 3904 727 3943 non
766 3897 988 3958 pereat,
1033 3890 1128 3946 sed
1166 3890 1361 3946 habeat
1401 3891 1570 3946 vitam
1597 3901 1877 3947 aeternam.
1909 3912 1928 3947 υ

422 3980 559 4034 Erat
582 3980 736 4035 homo
764 3997 828 4035 ex
854 3979 1143 4037 Pharisteis
1176 3978 1227 4036 Ν
1233 3982 1495 4037 icodemus
1530 3983 1758 4047 nomine,
1790 3984 1935 4053 prin-

353 4089 469 4147 ceps
489 4071 818 4136 Judazorum,
844 4072 929 4127 hic
973 4074 1108 4127 venit
1135 4074 1203 4127 ad
1230 4072 1413 4128 Iesum
1458 4084 1626 4129 nocte.
1676 4073 1935 4144 Princeps

353 4162 557 4218 scilicet
581 4159 909 4230 Judzeorum,
939 4163 1086 4224 venit
1117 4166 1185 4220 ad
1201 4160 1384 4220 Jesum
1409 4174 1585 4232 nocte,
1601 4167 1823 4237 cupiens
1843 4183 1931 4223 se-

350 4258 497 4308 creta
523 4249 639 4321 ejus
660 4246 1011 4319 allocutione,
1034 4253 1245 4327 plenius
1265 4256 1473 4312 discere
1496 4256 1753 4328 mysteria
1784 4257 1926 4322 ﬁdei,

350 4339 504 4413 cujus
524 4349 707 4412 aperta
735 4342 1047 4400 ostensione
1093 4343 1393 4416 signorum,
1422 4344 1767 4417 aliquatenus
1811 4344 1928 4415 jam

352 4432 654 4488 rudimenta
699 4443 1058 4507 perceperat,
1109 4436 1202 4507 qui
1229 4437 1487 4509 quoniam
1525 4439 1821 4506 prudenter
1865 4454 1931 4495 ea

350 4538 470 4597 qua:
496 4522 565 4577 ab
603 4523 694 4580 illo
722 4523 1020 4594 quaerebat,
1045 4524 1372 4597 investigare
1394 4527 1710 4599 promeruit.

420 4612 609 4679 Rabbi,
639 4614 852 4681 scimus,
882 4614 1006 4684 quia
1037 4630 1069 4668 a
1103 4611 1211 4669 Deo
1234 4615 1418 4668 venisti
1442 4617 1690 4686 magister
1715 4658 1731 4683 ,
1779 4635 1927 4674 nemo

347 4708 486 4763 enim
520 4714 687 4778 potest
725 4706 837 4760 lucc
875 4705 1025 4774 signa
1051 4704 1223 4777 [acere
1240 4721 1357 4775 quae
1380 4714 1437 4759 tu
1459 4705 1616 4775 fucis,
1639 4707 1742 4763 nisi
1769 4707 1928 4778 fuerit

349 4800 490 4854 Deus
530 4816 649 4855 cum
691 4815 771 4853 eo.
803 4797 849 4852 A
878 4798 990 4853 Deo
1028 4796 1174 4851 enim
1223 4793 1407 4852 Jesum
1455 4798 1523 4854 ad
1558 4799 1928 4869 magisterium

347 4892 583 4956 caeleste,
608 4890 809 4946 mundo
856 4887 1191 4953 adhibendo,
1246 4888 1459 4944 venisse
1502 4887 1782 4945 confessus
1812 4898 1923 4958 est,

345 4986 517 5042 Deum
545 4997 668 5039 cum
693 4997 758 5038 eo
794 4981 963 5037 fuisse
987 4980 1264 5036 miraculis
1298 4980 1613 5053 prudentius
1641 4982 1926 5049 intellexit,

345 5077 575 5137 necdum
602 5082 780 5129 tamen
809 5074 986 5144 ipsum
1011 5071 1181 5128 Deum
1218 5070 1477 5141 wgnovit
1496 5084 1644 5137 esse;
1677 5069 1775 5126 sed
1799 5072 1925 5145 quia

344 5182 504 5241 quem
563 5165 878 5237 magistmm
906 5172 1129 5220 noverat
1158 5162 1419 5227 veritatis,
1452 5161 1690 5216 studiose
1723 5160 1925 5216 docen-

343 5261 465 5325 dus,
495 5257 629 5315 adiit
653 5256 846 5311 merito
866 5296 880 5318 ,
923 5264 977 5309 et
1007 5254 1333 5325 agnitionem
1358 5250 1655 5308 divinitatis
1681 5251 1796 5321 ejus
1808 5268 1927 5323 per-

344 5349 482 5406 fecte
507 5349 699 5406 doctus
728 5347 912 5414 subiit,
935 5348 1129 5401 merito
1154 5345 1434 5417 utriusque
1450 5344 1749 5399 nativitatis
1783 5345 1919 5415 ejus,

341 5445 536 5499 divina:
569 5442 781 5498 scilicet
820 5449 874 5495 et
911 5441 1187 5505 humanae,
1242 5437 1334 5493 scd
1371 5445 1424 5493 et
1456 5437 1722 5509 passionis
1761 5447 1924 5508 atque

342 5536 671 5592 ascensionis
710 5533 878 5609 ipsius
925 5547 1122 5589 arcana
1158 5530 1418 5602 percepit.
1455 5528 1563 5583 Nec
1595 5545 1699 5583 non
1756 5528 1920 5584 etiam

341 5630 556 5684 modum
588 5626 837 5685 secunda:
879 5624 1265 5699 generationis,
1300 5622 1604 5694 ingressum
1637 5621 1787 5692 regni
1811 5634 1923 5675 ca:-

344 5716 522 5780 lestis,
568 5719 743 5788 aliqua
774 5716 1022 5789 perplura
1061 5713 1319 5770 doctrina:
1371 5711 1691 5783 evangelica:
1740 5726 1922 5767 sacra—

347 5818 545 5877 menta,
571 5812 794 5868 Domino
823 5811 1093 5867 revelantc
1120 5807 1324 5864 didicit.

2042 3360 2164 3402 nem
2204 3343 2481 3409 sollicitus,
2514 3342 2785 3412 quomodo
2827 3339 2896 3396 sit
2946 3339 3291 3411 intelligenda
3342 3339 3637 3409 diligenter

2042 3434 2285 3509 inquirit,
2322 3445 2561 3493 meretur
2601 3434 2715 3506 jam
2763 3433 2977 3504 planius
3007 3431 3233 3497 instrui,
3277 3440 3334 3485 et
3372 3432 3497 3501 quia
3546 3446 3640 3485 se-

2040 3530 2213 3587 cunda
2248 3529 2519 3593 nativitas,
2546 3542 2654 3583 non
2688 3525 2923 3582 carnalis
2951 3534 3056 3592 est,
3088 3524 3183 3581 sed
3216 3523 3514 3596 spiritualis
3539 3539 3640 3577 au-

2039 3622 2176 3677 dire.

2108 3711 2394 3784 Respondit
2427 3710 2584 3767 Iesus
2606 3724 2625 3763 :
2654 3710 2819 3766 Amen
2852 3725 3006 3764 amen
3058 3708 3175 3764 dico
3206 3708 3320 3774 tibi,
3353 3708 3457 3761 nisi
3507 3704 3630 3776 quis

2039 3813 2249 3861 renatus
2279 3801 2438 3872 fuerit
2477 3817 2542 3856 ex
2580 3817 2717 3871 aqua
2747 3809 2795 3855 et
2820 3799 3024 3871 Spiritu
3053 3816 3157 3857 non
3205 3806 3370 3869 potest
3402 3797 3629 3852 introire

2024 3893 2091 3948 in
2118 3909 2332 3963 regnum
2358 3891 2478 3946 Dei.
2511 3889 2678 3961 Cujus
2707 3889 3008 3946 nativitatis
3040 3890 3260 3944 modum
3285 3889 3632 3957 subsequen-

2037 3990 2118 4039 ter
2147 3997 2421 4053 exponens
2445 3996 2775 4053 prorsusque
2805 3997 2835 4036 a
2857 3980 3061 4037 carnali
3084 3980 3440 4051 distinguens,
3474 3981 3587 4035 ait:

2107 4073 2258 4142 Quod
2289 4083 2470 4129 natum
2493 4082 2567 4128 est
2603 4074 2666 4129 de
2695 4089 2877 4137 carne,
2905 4089 3029 4128 caro
3050 4082 3149 4138 est,
3172 4071 3310 4142 quod
3334 4081 3512 4125 natum
3547 4081 3636 4126 est

2031 4166 2097 4220 de
2123 4165 2331 4236 spiritu,
2354 4164 2565 4237 spiritus
2589 4174 2684 4219 est.
2705 4163 2909 4218 Natura
2930 4163 3152 4234 spiritus
3172 4163 3479 4227 invisibilis,
3503 4177 3634 4217 car-

2032 4257 2116 4313 nis
2145 4264 2229 4315 est
2247 4255 2495 4323 visibilis,
2524 4265 2684 4327 atque
2719 4256 2839 4311 ideo
2859 4255 3094 4311 carnalis
3131 4257 3407 4327 generatio
3434 4256 3634 4311 visibi-

2031 4347 2157 4404 liter
2205 4349 2633 4404 administratur.
2679 4347 2992 4404 Visibilibus
3039 4347 3391 4403 incrementis
3431 4348 3524 4418 qui
3558 4349 3629 4403 in

2029 4455 2192 4496 carne
2222 4439 2464 4495 nascitur
2498 4453 2599 4510 per
2642 4448 2864 4495 aetatum
2907 4450 3181 4515 momenta
3210 4440 3425 4509 proiicit
3460 4459 3473 4493 :
3507 4441 3632 4510 spi-

2030 4531 2238 4587 ritualis
2284 4539 2464 4587 autem
2517 4530 2796 4602 generatio
2854 4538 2967 4586 tota
3028 4530 3371 4586 invisibiliter
3420 4532 3630 4602 agitur.

2030 4622 2167 4679 Nam
2197 4624 2410 4680 videtur
2447 4623 2667 4695 quidem
2702 4624 2795 4694 qui
2843 4624 3151 4695 baptizatur
3187 4625 3243 4679 in
3271 4622 3475 4679 fontem
3523 4622 3633 4679 de—

2030 4715 2311 4782 scendere,
2334 4715 2550 4771 videtur
2587 4715 2744 4785 aquis
2800 4715 3070 4786 immergi,
3100 4716 3315 4770 videtur
3344 4715 3410 4770 de
3461 4715 3631 4785 aquis

1994 4835 1999 4843 ν
2029 4807 2339 4864 ascendere.
2371 4806 2510 4878 Quid
2539 4815 2720 4861 autem
2744 4806 2796 4860 in
2830 4806 2921 4863 illo
2949 4806 3164 4864 lavacro
3186 4806 3631 4876 regenerationis

2029 4898 2220 4969 egerit,
2258 4896 2479 4963 minime
2511 4905 2688 4968 potest
2731 4896 2943 4963 videri,
2992 4898 3106 4953 sola
3165 4907 3346 4952 autem
3378 4896 3627 4955 ﬁdelium

2026 4989 2201 5062 pietas
2229 4988 2396 5053 novit,
2425 4987 2549 5059 quia
2585 4995 2841 5059 peccator
2871 4986 2926 5042 in
2953 4986 3155 5042 fontem
3185 4987 3487 5051 descendit,
3516 4988 3627 5042 sed

2026 5076 2343 5151 puriﬁcatus
2368 5079 2631 5134 ascendit.
2667 5077 2835 5134 Filius
2862 5079 3051 5136 mortis
3074 5077 3372 5145 descendit,
3400 5077 3492 5133 sed
3552 5078 3629 5133 li-

2025 5170 2131 5228 lius
2166 5170 2580 5226 resurrectionis
2634 5170 2905 5235 ascendit;
2946 5170 3087 5227 ﬁlius
3149 5168 3627 5240 prtevaricationis

2028 5259 2325 5326 descendit,
2364 5258 2460 5313 sed
2510 5256 2652 5315 ﬁlius
2678 5259 3139 5315 reconciliationis
3166 5259 3440 5323 ascendit;
3470 5257 3628 5315 illius

2027 5348 2123 5404 ira:
2146 5346 2442 5410 descendit,
2469 5347 2561 5402 sed
2586 5346 2728 5401 illius
2756 5347 3143 5403 misericordia:
3170 5347 3440 5413 ascendit;
3472 5346 3627 5404 lilins

2025 5435 2221 5492 diaboli
2246 5434 2542 5500 descendit,
2564 5436 2659 5491 sed
2689 5430 2856 5491 Filius
2883 5436 2978 5491 Dei
3031 5436 3297 5492 ascendit.
3330 5435 3456 5494 Sola
3495 5435 3626 5494 haec

2026 5527 2269 5584 Ecclesia
2299 5535 2489 5590 mater,
2516 5543 2635 5597 quae
2662 5534 2884 5596 generat
2934 5527 3103 5592 novit,
3128 5536 3385 5584 cancrum
3441 5528 3626 5584 oculis

2026 5619 2390 5689 insipientium
2420 5618 2633 5672 videtur
2660 5617 2784 5672 talis
2817 5618 2967 5673 exire
2997 5620 3065 5675 de
3099 5621 3269 5685 fonte,
3300 5620 3475 5691 qualis
3524 5619 3623 5701 in:

2026 5710 2207 5764 travit.
2232 5708 2534 5778 Totamque
2579 5707 2736 5764 ludus
2764 5723 2884 5762 esse
2911 5709 3054 5779 quod
3095 5710 3274 5779 agitur
3296 5751 3309 5775 ,
3366 5709 3507 5765 unde
3565 5711 3623 5765 in

2030 5802 2134 5856 ﬁne
2171 5800 2415 5855 videntes
2450 5799 2674 5871 gloriam
2721 5808 3053 5865 sanctorum,
3104 5800 3285 5857 dicent
3335 5809 3619 5871 gementes
