3954 6200
289 427 383 484 5M

1105 423 1626 480 COLLECTIONES
1662 425 1731 479 IN
1771 423 2152 480 EPISTOLAS
2191 424 2279 478 ET
2320 424 2733 482 EVANCELIA.

3448 428 3554 483 3&3

282 543 334 594 in
361 534 662 592 tormentis.
690 530 761 586 Hi
788 541 908 586 sunt
935 549 1064 602 quos
1093 533 1380 603 aliquando
1404 535 1681 588 habuimus
1702 536 1757 587 in
1787 535 1879 588 de-
1905 543 1952 601 Α
1979 552 2076 591 sua
2101 547 2294 592 natura
2324 539 2523 593 habere
2550 554 2655 593 non
2697 538 2891 608 potuit,
2925 539 3030 595 hoc
3056 538 3248 596 inFilio
3274 541 3367 597 Dei
3394 559 3422 597 a
3447 561 3556 614 quo

281 632 465 691 risum,
491 636 539 680 et
569 626 625 679 in
664 622 1063 678 similitudinem
1105 627 1406 696 improperii
1459 625 1609 697 (Sap.
1642 626 1714 697 γ),
1741 643 1870 696 quo-

278 720 438 776 modo
489 732 623 787 ergo
670 717 968 786 computati
1015 725 1141 772 sunt
1193 719 1335 772 inter
1391 718 1532 772 filios
1591 719 1730 773 Dei?
1777 719 1868 773 Ait

275 810 514 867 Joannes
537 809 864 879 Apostolus:
888 808 1220 873 Charissimi,
1250 809 1444 878 inquit,
1474 825 1612 863 nunc
1648 809 1746 879 ﬁlii
1771 809 1868 864 Dei

275 921 478 969 sumus,
517 911 567 958 et
594 901 828 957 nondum
856 901 1121 971 apparuit,
1153 901 1280 970 quid
1307 902 1541 966 erimus;
1581 901 1723 972 quod
1745 917 1866 972 ergo

276 1005 461 1050 uatum
494 1002 572 1050 est
600 1008 666 1047 ex
687 992 894 1062 spiritu,
925 993 1143 1062 spiritus
1170 1000 1266 1044 est.
1303 990 1440 1056 Quia
1495 991 1587 1060 qui
1629 1006 1695 1045 ex
1727 1007 1866 1061 aqua

276 1096 332 1143 et
374 1086 565 1156 spiritu
600 1091 953 1154 regeneratur
1003 1082 1348 1138 invisibiliter
1375 1082 1430 1136 in
1460 1099 1656 1138 novum
1694 1091 1870 1138 muta-

276 1186 368 1234 tur
391 1177 667 1233 hominem
695 1184 750 1230 et
792 1176 858 1231 de
887 1174 1094 1230 carnali
1124 1174 1356 1229 edicitur
1399 1175 1730 1245 spiritualis,
1775 1175 1867 1244 qui

276 1269 402 1325 ideo
427 1275 574 1322 recte
601 1282 710 1321 non
744 1265 914 1320 solum
944 1264 1266 1335 spiritualis,
1294 1265 1390 1320 sed
1435 1264 1601 1320 etiam
1647 1263 1868 1334 spiritus

275 1367 528 1424 vocatur,
579 1359 706 1430 quia
752 1358 891 1413 sicut
939 1356 1245 1412 substantia
1295 1357 1521 1426 spiritus
1581 1355 1868 1411 invisibilis

274 1460 362 1508 est
401 1451 602 1508 nostris
627 1450 955 1520 aspectibus,
983 1448 1055 1502 ita
1111 1447 1158 1502 is
1185 1448 1277 1517 qui
1333 1462 1434 1518 per
1485 1448 1716 1518 gratiam
1771 1447 1867 1502 Dei

274 1551 572 1600 renovatur
597 1539 936 1596 invisibiliter
984 1539 1044 1593 ﬁt
1073 1539 1371 1609 spiritualis
1397 1579 1412 1603 ,
1461 1547 1515 1594 et
1548 1539 1641 1593 Dei
1692 1538 1866 1604 ﬁlius,

273 1651 405 1691 cum
439 1633 727 1688 visibiliter
751 1630 1002 1687 omnibus
1029 1645 1158 1685 caro
1187 1638 1241 1684 et
1259 1629 1414 1683 lilius
1443 1629 1679 1684 hominis
1705 1643 1868 1698 appa-

275 1746 372 1785 rea
379 1738 418 1783 ι.

346 1819 478 1874 Non
495 1819 727 1882 mireris,
760 1817 887 1889 quia
910 1817 1023 1871 dixi
1046 1817 1138 1870 tibi
1161 1824 1359 1886 oportet
1388 1831 1474 1870 vos
1499 1816 1643 1869 nasci
1671 1816 1862 1882 denuo,

1969 639 2275 696 assumptus
2299 637 2383 681 est
2407 629 2612 682 habuit.
2668 629 2773 684 Sed
2810 637 2865 683 et
2892 630 2995 684 hoc
3019 634 3388 700 qumrendum,
3425 650 3557 704 quo-

1968 720 2128 774 modo
2155 721 2354 775 dictum
2389 721 2478 785 sit,
2517 732 2571 777 et
2594 739 2753 779 nemo
2781 725 3028 780 ascendit
3056 726 3109 780 in
3151 727 3345 783 coelum
3373 771 3388 794 ,
3449 729 3553 785 nisi

1967 809 2058 879 qui
2089 809 2363 865 descendit
2388 812 2452 866 de
2479 813 2636 879 coelo,
2660 829 2781 869 cum
2805 830 2992 871 omnes
3016 817 3174 872 electi
3198 832 3254 872 se
3290 821 3557 876 veraciter

1969 902 2245 957 conﬁdunt
2270 917 2591 961 ascensuros
2618 907 2673 961 in
2713 908 2910 964 cmlum
2937 911 3287 979 promittente
3321 915 3423 970 sibi
3451 916 3555 970 Do«

1967 993 2137 1058 mino,
2169 994 2291 1063 quia
2315 993 2403 1048 ubi
2439 1012 2538 1067 ego
2567 1013 2704 1062 sum,
2741 999 2848 1055 illic
2875 1010 2928 1056 et
2957 1002 3204 1058 minister
3232 1020 3382 1062 meus
3425 1009 3550 1062 erit.

1968 1080 2133 1152 Cujus
2174 1092 2354 1140 tamen
2411 1089 2607 1143 nodum
2660 1093 2971 1160 quaestionis
3026 1097 3364 1164 apertissima
3413 1101 3554 1154 ratio

1969 1173 2149 1239 solvit,
2168 1176 2292 1244 quia
2315 1177 2565 1234 videlicet
2593 1181 2857 1236 mediator
2886 1183 2980 1239 Dei
3007 1193 3063 1239 et
3083 1185 3357 1242 hominum
3392 1190 3554 1245 homo

1969 1262 2217 1319 Christus
2239 1265 2268 1320 J
2275 1281 2397 1322 esus
2419 1268 2713 1325 electorum
2735 1274 2974 1327 omnium
2998 1285 3157 1345 caput
3174 1286 3273 1342 est,
3302 1278 3552 1350 idemque

1967 1372 2156 1412 omnes
2177 1358 2332 1413 electi
2357 1359 2594 1427 ejusdem
2625 1363 2817 1432 capitis
2851 1366 3093 1418 membra
3119 1375 3243 1420 sunt
3268 1410 3281 1434 ,
3338 1369 3552 1425 dicente

1966 1448 2224 1517 Apostolo
2250 1469 2261 1503 :
2294 1449 2360 1503 Et
2390 1451 2558 1522 ipsum
2589 1454 2729 1506 dedit
2759 1467 2913 1526 caput
2955 1473 3111 1526 super
3140 1475 3340 1512 omnem
3371 1459 3553 1515 Eccle-

1958 1530 2096 1585 siam
2121 1530 2396 1601 (Ep/ics.1t,
2420 1529 2548 1594 ‘22);
2581 1540 2636 1584 et
2660 1545 2877 1583 rursum
2903 1543 2916 1582 :
2947 1528 3050 1583 Vos
3067 1532 3207 1584 enim
3225 1542 3547 1602 esuscorpus

1959 1621 2156 1678 Christi
2173 1633 2220 1675 et
2239 1624 2470 1674 membra
2489 1623 2550 1674 de
2570 1630 2798 1676 membro
2817 1620 2868 1692 (Ι
2884 1621 3006 1675 Cor.
3028 1640 3122 1687 xu,
3139 1623 3256 1691 27.)
3277 1624 3447 1679 Nemo
3467 1641 3553 1680 as-

1958 1717 2144 1773 cendit
2162 1718 2215 1770 in
2230 1717 2450 1782 eu-lum,
2471 1713 2907 1769 nisiCliristusin
2923 1731 3150 1785 corpore
3166 1734 3286 1781 suo,
3305 1718 3448 1786 quod
3466 1723 3551 1771 est

1957 1809 2224 1876 Ecclesia,
2271 1810 2360 1878 qui
2382 1809 2434 1860 in
2465 1809 2663 1877 seipso
2687 1807 2911 1876 quidem
2938 1808 3174 1877 primum
3191 1812 3549 1864 cernentibus

271 1921 383 1965 etc.
417 1907 655 1979 Spiritus
675 1908 763 1962 ubi
793 1908 906 1962 vult
928 1908 1116 1978 spirat,
1144 1907 1268 1976 quia
1302 1907 1416 1977 ipse
1443 1907 1604 1961 habet
1627 1906 1680 1960 in
1705 1914 1859 1976 pote-
1891 1892 1938 1952 Β
1955 1899 2721 1970 apostolis,eminentioribus
2741 1899 3002 1952 nimirum
3027 1900 3290 1954 membris
3311 1904 3445 1966 suis,
3465 1917 3552 1955 as-

270 2009 438 2064 state,
478 1998 634 2068 cujus
653 2013 750 2052 cor
782 1999 970 2069 gratia:
1016 2012 1128 2051 suae
1172 1997 1482 2052 visitatione
1514 1997 1763 2050 illustret.
1795 1995 1864 2050 Et

273 2105 469 2146 vocem
495 2088 613 2157 ejus
640 2089 816 2153 audis,
847 2103 969 2142 eum
1009 2094 1063 2140 te
1088 2093 1353 2156 praesente
1392 2085 1647 2155 loquitur,
1679 2086 1724 2140 is
1771 2085 1863 2155 qui

272 2181 472 2252 spiritu
486 2187 675 2234 sancto
689 2177 946 2247 repletur,
961 2177 1056 2232 sed
1073 2190 1179 2230 non
1206 2176 1313 2230 scis
1329 2175 1468 2229 unde
1481 2175 1676 2240 veniat,
1693 2183 1745 2229 et
1757 2189 1864 2243 quo

275 2272 464 2337 vadat,
495 2271 622 2341 quia
649 2271 814 2326 etiam
838 2276 891 2323 te
917 2275 1204 2338 praesente,
1227 2267 1273 2321 si
1307 2267 1615 2337 quempiam
1642 2266 1864 2335 spiritus

272 2363 342 2418 ad
377 2362 567 2416 horam
617 2359 950 2430 impleverit,
996 2374 1103 2413 non
1143 2365 1325 2427 potest
1353 2357 1537 2411 videre
1595 2355 1863 2425 quomodo

273 2451 586 2514 intraverit,
616 2449 700 2504 vel
737 2449 1004 2518 quomodo
1031 2448 1270 2514 redierit,
1305 2447 1431 2516 quia
1460 2455 1654 2502 natura
1681 2456 1763 2502 est
1787 2447 1865 2501 iu-

271 2539 535 2603 visibilis;
564 2539 644 2594 sic
673 2546 756 2593 est
792 2537 969 2592 omnis
993 2537 1083 2608 qui
1113 2545 1273 2592 natus
1304 2546 1384 2591 est
1423 2551 1488 2590 ex
1523 2537 1714 2606 spiritu
1745 2578 1759 2602 ,
1808 2545 1863 2591 et

273 2631 398 2700 ipse
448 2629 592 2684 enim
633 2628 976 2683 invisibiliter
1008 2637 1199 2698 agente
1253 2627 1465 2696 spiritu,
1507 2626 1696 2696 incipit
1743 2640 1866 2681 esse

274 2723 428 2795 quod
453 2738 560 2779 non
586 2731 723 2778 erat.
748 2723 824 2777 ιω
848 2730 911 2777 ut
934 2721 1164 2777 inﬁdelis
1187 2721 1397 2778 nesciat
1419 2721 1560 2777 unde
1581 2722 1781 2787 veniat,
1809 2731 1864 2775 et

273 2815 426 2886 quod
456 2815 638 2880 vadat,
673 2814 726 2869 id
771 2821 876 2879 est,
909 2813 1034 2884 quia
1065 2829 1095 2867 a
1123 2813 1294 2884 gratia
1325 2812 1748 2883 regenerationis
1776 2826 1863 2866 ve-

274 2907 362 2962 nit
389 2907 442 2961 in
471 2905 810 2977 adoptionem
838 2904 1071 2961 ﬁliorum
1087 2905 1200 2971 Dei,
1230 2913 1286 2960 et
1309 2905 1460 2959 vadit
1487 2905 1540 2959 in
1566 2906 1865 2976 perceptio~

275 3013 405 3053 nem
453 2998 604 3068 regni
668 2996 921 3052 caelestis.
993 2995 1277 3063 Quaerente
1341 2995 1516 3049 adhuc
1574 2995 1865 3051 Nicodemo

274 3090 552 3159 quomodo
587 3097 806 3158 possent
830 3088 945 3142 hzec
975 3085 1116 3152 ﬁeri,

353 3181 644 3252 Respondit
675 3181 827 3236 Jesus
855 3180 1050 3234 etdiatit
1077 3181 1158 3234 ei:
1190 3178 1266 3233 Tu
1279 3197 1332 3235 es
1346 3181 1655 3252 magisteria
1672 3177 1858 3244 Israel,

1955 1991 2160 2057 cendit,
2184 1990 2446 2046 etexinde
2463 1990 2516 2044 in
2539 1991 2798 2044 membris
2817 1991 2929 2044 suis
2947 1992 3195 2060 quotidie
3215 1993 3546 2056 ascendens,

1956 2099 2015 2141 sc
2032 2084 2238 2154 colligit
2256 2084 2311 2138 in
2331 2084 2551 2146 cmlum;
2568 2085 2822 2154 quisquis
2844 2085 2895 2136 iu
2916 2085 3116 2139 emtum
3138 2085 3436 2140 ascendere
3461 2087 3552 2140 dc-

1964 2173 2187 2238 siderat,
2214 2174 2262 2228 ei
2294 2173 2386 2243 qui
2414 2174 2478 2228 de
2508 2173 2646 2228 coelo
2695 2167 2992 2241 descendit,
3022 2186 3075 2232 et
3105 2185 3189 2233 est
3219 2179 3270 2233 in
3309 2179 3463 2246 coelo,
3497 2198 3556 2250 se

1966 2280 2091 2318 vera
2131 2264 2252 2319 ﬁdei
2285 2273 2339 2320 et
2386 2266 2690 2320 dilectionis
2743 2268 2951 2322 unitate
2975 2269 3302 2342 conjungat,
3363 2281 3550 2343 aperte

1965 2355 2289 2426 intelligens,
2313 2357 2439 2427 quia
2470 2357 2614 2412 nullo
2641 2358 2750 2414 alio
2771 2360 2979 2426 ordine,
3027 2363 3129 2418 nisi
3166 2380 3263 2434 per
3283 2380 3427 2430 eum,
3461 2365 3555 2436 qui

1964 2447 2240 2503 descendit
2265 2450 2330 2503 de
2352 2452 2508 2517 coelo,
2535 2460 2712 2521 potest
2735 2455 3026 2510 ascendere
3055 2456 3110 2511 in
3141 2457 3358 2513 omium.
3396 2457 3549 2514 Unde

1963 2537 2097 2593 alias
2127 2538 2242 2608 ipse
2277 2541 2406 2595 dicit
2437 2561 2449 2594 :
2485 2541 2654 2596 Nemo
2684 2545 2817 2598 venit
2851 2545 2920 2598 ad
2946 2541 3179 2610 Patrem,
3214 2548 3315 2601 nisi
3330 2564 3424 2618 per
3448 2563 3548 2611 me,

2037 2627 2106 2681 Et
2141 2630 2276 2683 sicut
2312 2629 2484 2686 Moses
2519 2633 2767 2687 cxaltavit
2819 2644 3106 2705 serpentem
3135 2637 3191 2690 in
3226 2637 3446 2703 deserto,
3478 2639 3554 2690 ita

1963 2717 2187 2772 exaltari
2211 2729 2413 2790 oportet
2453 2720 2624 2789 ﬁlium
2652 2722 2898 2776 hominis.
2932 2723 3064 2779 Mira
3100 2727 3395 2796 magisterii
3444 2741 3556 2782 ca:-

1963 2809 2116 2864 lestis
2152 2817 2271 2864 arte
2297 2809 2554 2866 Dominus
2583 2812 2840 2882 magister
2872 2813 3006 2884 legis
3040 2815 3286 2870 Mosaicae
3345 2820 3412 2872 ad
3445 2818 3556 2888 spi-

1963 2899 2212 2954 ritualem
2241 2899 2374 2971 legis
2405 2900 2644 2972 ejusdem
2667 2919 2886 2958 sensum
2903 2905 3128 2972 inducit,
3153 2907 3443 2964 recordans
3471 2909 3556 2964 ὶιίο

1963 2991 2146 3046 storiae
2165 2991 2383 3058 veteris,
2415 2999 2471 3047 et
2505 2993 2644 3048 hanc
2671 2994 2724 3048 in
2760 2993 2986 3065 ﬁguram
3015 3013 3124 3052 suae
3160 2999 3430 3068 passionis
3469 3008 3552 3053 at—

1964 3095 2070 3152 que
2098 3082 2349 3138 humana:
2395 3084 2711 3141 salvationis
2740 3087 2939 3141 factam
2982 3089 3306 3144 edisserens.
3357 3088 3554 3144 Narrat

1965 3173 2310 3243 quippeliber
2332 3173 2708 3240 Numerorum,
2736 3177 2860 3246 quia
2880 3186 3143 3248 portscsus
3165 3180 3217 3233 in
3248 3194 3431 3234 eremo
3457 3177 3554 3250 po-

274 3280 388 3326 etc.
416 3247 533 3325 Non
563 3271 715 3341 quasi
761 3269 1035 3324 illustrare
1063 3269 1248 3325 volens
1301 3247 1451 3325 eum-
1473 3271 1564 3341 qui
1606 3270 1865 3340 magister
1891 3247 1935 3310 (ἶ
1966 3261 2122 3332 pulus
2151 3263 2310 3318 lsrael
2337 3265 2579 3320 molestia
2607 3265 2816 3321 itineris
2863 3247 3006 3335 longi
3047 3277 3112 3323 ac
3147 3267 3367 3334 laboris,
3404 3247 3554 3323 mur-

276 3371 526 3426 vocetur,
553 3375 674 3416 cum
699 3361 770 3416 sit
793 3361 1014 3431 ignarus
1039 3369 1499 3416 sacramentorum
1539 3360 1860 3425 emlestium,

277 3455 377 3508 sed
401 3453 471 3508 ad
502 3452 818 3508 humilitatis
862 3452 1010 3507 illum
1058 3453 1201 3506 viam
1237 3466 1537 3523 provocans
1558 3493 1574 3518 ,
1616 3452 1733 3506 sine
1757 3467 1863 3522 qua

270 3543 442 3612 janua
474 3544 708 3599 ccelcstis
735 3559 840 3598 non
869 3551 1045 3613 potest
1068 3543 1314 3598 inveniri.

351 3637 520 3691 Amen
553 3653 706 3690 amen
759 3636 875 3690 dico
903 3637 1016 3702 tibi,
1047 3637 1170 3706 quia
1196 3636 1336 3706 quod
1360 3637 1551 3689 scimus
1581 3633 1862 3707 loquimur,

277 3737 328 3781 et
355 3730 498 3798 quod
522 3729 763 3792 ridimus,
793 3737 897 3782 etc.
935 3728 1172 3783 Terrena
1219 3727 1324 3783 illis
1345 3728 1500 3792 dixit,
1527 3737 1587 3782 ut
1623 3728 1678 3782 in
1709 3743 1866 3798 supe-

282 3819 428 3873 riore
459 3818 688 3873 lectione
715 3818 1032 3883 invenimus,
1057 3833 1178 3874 cum
1205 3818 1274 3873 de
1296 3819 1547 3888 passione
1573 3833 1637 3872 ac
1680 3818 1746 3872 de
1775 3834 1863 3873 rc-

277 3908 623 3963 surrectione
649 3909 731 3965 sui
758 3909 1018 3977 corporis,
1043 3909 1184 3977 quod
1230 3909 1295 3963 de
1325 3919 1468 3963 terra
1495 3919 1865 3978 assumpscrat

276 3997 634 4066 loqueretur:
664 3996 860 4053 Solvite
899 3999 1145 4070 templum
1175 3999 1271 4054 hoc
1316 4009 1363 4054 et
1387 4001 1442 4053 in
1465 4000 1630 4054 tribus
1684 4000 1863 4054 diebus

277 4088 524 4142 excitabo
547 4088 698 4142 illud.
717 4088 830 4144 Non
849 4097 1025 4145 tamen
1042 4091 1332 4145 credebant
1347 4092 1511 4146 verbo
1533 4092 1674 4162 quod
1708 4092 1860 4158 dixit,

278 4177 383 4231 sed
412 4193 482 4232 ne
505 4177 607 4233 hoc
640 4178 854 4248 quidem
887 4179 1182 4248 intelligere
1211 4180 1483 4245 valebant,
1512 4182 1636 4252 quia
1663 4197 1770 4236 non
1798 4183 1864 4237 de

275 4270 412 4336 alio,
445 4285 608 4341 quam
642 4271 707 4326 de
739 4271 933 4340 templo
966 4273 1208 4341 corporis
1237 4273 1321 4327 sui
1361 4273 1583 4328 diceret.
1610 4273 1710 4339 Qui
1734 4288 1864 4343 ergo

276 4373 505 4418 terrena
529 4363 810 4418 audientes
847 4379 949 4418 non
976 4364 1279 4434 capiebant,
1324 4373 1527 4433 quanto
1553 4366 1730 4418 minus
1753 4378 1866 4420 coe-

275 4455 476 4521 lestia,
507 4455 561 4511 id
597 4463 700 4522 est,
724 4456 918 4511 divina:
949 4456 1311 4526 generationis
1330 4496 1345 4520 ,
1373 4457 1628 4526 capienda
1665 4466 1865 4526 myste-

273 4549 368 4603 ria
401 4547 705 4602 suiliciunt?
731 4547 892 4610 addit,
911 4556 1089 4602 autem
1114 4547 1290 4602 adhuc
1339 4547 1596 4601 Dominus
1627 4547 1862 4602 cmlesti-

266 4642 391 4697 bus
443 4641 828 4706 sacramentis,
884 4648 940 4696 et
982 4641 1047 4695 de
1108 4639 1335 4694 terrenis
1388 4639 1656 4693 instruere
1703 4653 1857 4699 eum,

268 4747 449 4802 quem
490 4731 635 4786 videt
657 4731 930 4801 sapienter
951 4746 1017 4785 ac
1049 4730 1334 4800 diligenter
1358 4729 1442 4784 his
1466 4743 1586 4799 quae
1613 4729 1762 4782 audit
1783 4729 1863 4781 in-

267 4821 530 4886 tendere,
565 4820 804 4876 caelestis
827 4835 1058 4890 namque
1087 4829 1169 4874 est
1197 4820 1441 4874 ascensio
1470 4819 1586 4888 ejus
1609 4818 1675 4872 ad
1695 4817 1861 4870 vitam

263 4913 698 4982 sempiternam.
730 4911 967 4967 Terrena
1009 4926 1138 4967 vero
1166 4911 1423 4966 exaltatio
1459 4910 1575 4980 ejus
1621 4909 1688 4963 ad
1721 4924 1865 4963 mor-

263 5011 404 5056 tem
435 5000 798 5071 temporalem.
829 5001 972 5056 Dicit
1004 5016 1133 5072 ergo
1157 5001 1224 5055 de
1251 4999 1561 5056 caelestibus
1601 5018 1614 5053 :

351 5092 432 5147 Et
458 5111 604 5149 nemo
623 5095 852 5150 ascendit
875 5096 930 5148 in
951 5095 1154 5160 caelum,
1181 5095 1282 5148 nisi
1301 5094 1390 5165 qui
1415 5094 1479 5148 de
1507 5093 1633 5149 caelo
1657 5093 1866 5149 descen-

258 5188 388 5248 dit,
420 5194 519 5239 etc.
552 5185 743 5240 Merito
791 5194 971 5239 autem
1009 5185 1301 5254 qureritur,
1340 5183 1610 5254 quomodo
1657 5183 1866 5237 dicatur

260 5277 433 5331 (ilius
457 5277 708 5343 hominis,
730 5276 813 5332 vel
839 5275 1178 5333 descendisse
1207 5277 1272 5329 de
1304 5275 1442 5329 coelo
1467 5315 1482 5339 ,
1531 5273 1613 5328 vel
1639 5289 1705 5328 eo
1731 5280 1866 5327 tem-

253 5384 443 5441 pore,
478 5385 585 5438 quo
619 5370 734 5424 haec
761 5369 815 5423 in
863 5378 1006 5423 terra
1055 5367 1402 5436 loquebatur,
1443 5364 1551 5433 iam
1595 5363 1762 5418 fuisse
1809 5364 1863 5418 in

255 5458 450 5515 coelo.
483 5458 602 5514 Non
631 5474 760 5530 ergo
782 5474 911 5516 caro
937 5458 1139 5514 Christi
1185 5457 1462 5512 descendit
1488 5457 1554 5510 de
1575 5455 1732 5518 etelo,
1764 5469 1859 5509 ne-

255 5566 400 5624 que
420 5562 542 5606 ante
555 5562 766 5622 tempus
778 5551 1112 5606 ascensionis
1125 5559 1244 5605 erat
1268 5550 1318 5604 in
1334 5548 1490 5614 cus-lo,
1508 5549 1599 5603 sed
1615 5547 1737 5615 quia
1754 5561 1858 5600 una

252 5644 488 5698 Christi
511 5657 739 5714 persona
763 5650 846 5698 est
877 5643 932 5696 in
955 5642 1163 5697 duabus
1189 5642 1427 5696 existens
1446 5638 1672 5703 naturis,
1705 5647 1862 5707 atque

257 5729 587 5788 idcoFilius
613 5732 848 5788 hominis
897 5740 1043 5786 recte
1081 5731 1296 5794 dicitur,
1325 5737 1378 5782 et
1412 5728 1754 5783 descendisse
1798 5727 1865 5779 de

251 5817 532 5886 0121mm
558 5834 681 5880 ante
709 5823 1012 5895 passionem
1044 5821 1206 5876 fuisse
1237 5819 1287 5873 iu
1323 5818 1481 5880 cmlo,
1501 5818 1625 5887 quia
1648 5819 1788 5886 quod
1813 5818 1863 5871 in

1888 4597 1940 4656 D

1965 3356 2201 3411 muravit
2232 3367 2423 3412 contra
2460 3357 2746 3414 Dominum
2794 3369 2849 3414 et
2879 3359 3082 3415 Mosen.
3113 3360 3344 3432 Ideoque
3371 3363 3552 3419 Domi-

1967 3461 2068 3500 nus
2095 3447 2306 3502 miserit
2351 3449 2405 3502 in
2441 3449 2590 3503 illum
2617 3451 2814 3521 ignitus
2859 3462 3171 3521 serpentes,
3206 3455 3273 3508 ad
3322 3471 3552 3525 quorum

1965 3536 2150 3607 plagas
2192 3546 2248 3593 et
2293 3548 2495 3594 mortes
2530 3540 2919 3610 plurimorum,
2974 3559 3095 3598 cum
3138 3543 3433 3600 clamarent
3485 3546 3554 3603 ad

1967 3626 2172 3694 Mosen,
2199 3637 2255 3684 et
2285 3629 2372 3684 ille
2393 3638 2595 3698 oraret,
2618 3631 2782 3700 jussit
2805 3648 2928 3688 eum
2952 3633 3212 3690 Dominus
3235 3635 3413 3692 facere
3438 3653 3556 3692 ser-

1965 3728 2182 3789 pentem
2203 3734 2412 3775 :eneum
2435 3729 2490 3776 et
2525 3737 2727 3792 ponere
2757 3737 2856 3793 pro
2883 3725 3056 3795 signo.
3095 3724 3198 3791 Qui
3243 3743 3553 3797 percussus,

1966 3810 2160 3880 inquit,
2185 3813 2440 3881 aspexerit
2465 3829 2606 3879 eum,
2638 3815 2788 3878 vivet,
2821 3824 2876 3870 et
2903 3816 2976 3870 ita
3007 3816 3209 3871 factum
3241 3825 3323 3872 est
3357 3818 3551 3890 (Num.

1964 3903 2103 3974 ni).
2159 3902 2335 3975 Plagae
2388 3905 2552 3975 igitur
2595 3907 2929 3975 serpentium
2979 3909 3268 3979 ignitorum
3298 3949 3312 3974 ,
3346 3924 3553 3965 venena

1966 4002 2092 4050 sunt
2117 4004 2172 4050 et
2198 3997 2468 4051 incentiva
2510 3998 2784 4062 vitiorum,
2825 4014 2944 4068 qum
2975 4001 3213 4054 animam
3240 4015 3401 4070 quam
3432 4009 3552 4056 tan-

1965 4097 2114 4161 gunt,
2141 4089 2406 4160 spirituali
2434 4099 2608 4145 morte
2632 4091 2939 4160 perimunt;
2967 4098 3021 4144 et
3042 4089 3180 4146 bene
3207 4106 3551 4146 murmurans

1965 4189 2153 4236 contra
2215 4179 2501 4235 Dominum
2557 4181 2820 4251 populus,
2891 4183 3223 4251 serpentium
3276 4183 3549 4238 morsibus

1965 4269 2328 4336 sternebatur,
2384 4279 2444 4325 ut
2481 4286 2547 4326 ex
2593 4271 2784 4327 ordine
2835 4271 3028 4344 ﬂagelli
3065 4273 3354 4328 exterioris
3385 4289 3551 4344 agno-

1966 4368 2416 4430 sceretquantam
2435 4363 2580 4417 intus
2604 4363 2896 4433 perniciem
2921 4364 3308 4419 murmurando
3334 4375 3549 4435 patere-

1968 4461 2075 4508 tur.
2109 4451 2376 4508 Exaltatio
2418 4463 2596 4509 autem
2622 4456 2888 4526 serpentis
2914 4456 3048 4510 aenei
3073 4472 3236 4526 quam
3265 4458 3391 4511 dum
3429 4473 3552 4527 per-

1965 4547 2112 4600 cussi
2132 4546 2438 4617 aspicerent
2451 4547 2808 4613 sanabantur,
2837 4548 3020 4617 passio
3045 4558 3127 4603 est
3145 4549 3311 4604 nostri
3345 4550 3551 4604 redem-

1965 4641 2136 4710 ptoris
2169 4641 2222 4694 in
2247 4655 2424 4706 cruce,
2452 4641 2505 4694 in
2532 4641 2684 4712 cujus
2699 4643 2870 4698 solum
2901 4640 3004 4698 ﬁde
3031 4658 3257 4714 regnum
3281 4645 3473 4698 mortis
3497 4651 3553 4699 et

1965 4732 2171 4800 peccati
2201 4740 2505 4801 superatur.
2534 4731 2702 4787 Recte
2740 4733 2940 4788 etenim
2979 4749 3078 4803 per
3128 4742 3404 4803 serpentes
3425 4747 3552 4805 pec-

1966 4833 2106 4890 cata,
2135 4839 2254 4895 quae
2278 4825 2512 4878 animam
2534 4824 2693 4879 simul
2719 4831 2774 4879 et
2797 4840 2992 4894 corpus
3018 4824 3084 4878 ad
3120 4824 3395 4880 interitum
3439 4833 3550 4878 trao

1967 4917 2102 4968 lmnt
2123 4912 2517 4985 exprimuntur.
2551 4913 2666 4968 Non
2703 4914 2875 4968 solum
2917 4913 3042 4983 quia
3102 4913 3273 4986 igniti,
3308 4915 3432 4984 quia
3472 4914 3551 4968 vi-

1968 5008 2182 5074 rulenti,
2214 5008 2338 5078 quia
2367 5007 2432 5062 ad
2454 5006 2826 5077 perimendum
2845 5012 2988 5070 sunt,
3022 5020 3209 5060 verum
3236 5006 3399 5060 etiam
3421 5005 3543 5075 quia

1966 5111 2064 5169 per
2088 5107 2398 5168 serpentem
2425 5096 2585 5166 primi
2620 5106 2872 5166 parentes
2897 5095 3069 5151 nostri
3110 5097 3176 5150 ad
3215 5097 3546 5168 peccandum

1967 5189 2207 5258 persuasi
2231 5205 2294 5244 ac
2321 5189 2386 5244 de
2407 5188 2801 5243 immortalibus
2830 5195 2956 5242 sunt
2991 5169 3264 5258 peccando
3288 5188 3544 5243 mortales

1967 5275 2159 5332 etl‘ecti.
2190 5277 2358 5332 Recte
2387 5291 2482 5346 per
2506 5285 2810 5347 serpentem
2839 5293 3046 5333 :eneum
3076 5277 3335 5333 Dominus
3363 5285 3544 5332 osten-

1968 5367 2114 5420 ditur
2134 5407 2148 5432 ,
2191 5367 2284 5435 qui
2310 5366 2458 5420 venit
2489 5367 2546 5421 in
2578 5366 2986 5422 similitudinem
3045 5369 3224 5422 carnis
3290 5362 3494 5436 peccati
3524 5402 3540 5426 ,

1968 5455 2090 5526 quia
2142 5455 2284 5509 sicut
2318 5469 2500 5510 aeneus
2546 5469 2769 5525 serpens
2816 5455 3047 5526 elligiem
3092 5453 3306 5524 quidem
3360 5449 3537 5519 ignitis

1966 5544 2305 5613 serpentibus
2325 5543 2577 5610 similem,
2596 5543 2690 5598 sed
2705 5545 2906 5598 nullum
2923 5558 3142 5613 prorsus
3169 5541 3221 5593 in
3235 5539 3346 5592 suis
3373 5551 3543 5590 mem-

1966 5635 2078 5689 bris
2106 5633 2296 5689 habuit
2319 5633 2541 5689 odorem
2577 5635 2798 5697 veneni,
2826 5647 3113 5702 percussos
3142 5628 3542 5699 a,serpcntibus

1969 5727 2080 5780 suis
2103 5725 2428 5780 exultatione
2456 5727 2703 5788 sanabat,
2737 5726 2814 5778 sic
2831 5722 3083 5776 nimirum
3108 5722 3414 5791 redemptor
3444 5721 3542 5774 lui-

1970 5818 2113 5872 maui
2148 5817 2377 5888 generis,
2409 5832 2514 5869 non
2536 5829 2751 5870 carnem
2775 5811 2998 5882 peccati,
3021 5813 3113 5867 sed
3138 5813 3540 5869 similitudinem
