3954 6200
353 461 461 519 543

1651 456 2000 513 SMARAGDI
2036 457 2325 513 ABBATIS

3509 452 3614 512 δη

354 570 529 628 induit
550 571 732 627 carnis
752 570 977 640 peccati.
998 569 1174 640 inqua
1199 578 1428 625 mortem
1453 570 1632 624 crucis
1659 568 1932 637 patiendo,
1962 573 2012 632 Α
2039 570 2140 625 bis.
2170 568 2397 624 Dilectiu
2410 566 2601 623 Patris
2620 569 2762 624 unde
2797 571 3020 639 probata
3048 577 3133 625 est
3174 569 3229 624 in
3258 568 3450 625 nobis?
3489 568 3619 639 quia

355 662 636 717 credentes
665 660 717 715 in
745 674 804 715 se
828 659 896 715 ab
928 659 1074 717 onmi
1099 668 1324 731 peccato
1340 699 1377 749 ,ο
1411 668 1468 715 et
1511 659 1580 714 ab
1609 661 1724 730 ipsa
1765 659 1933 717 etiam
2005 654 2201 712 Filium
2250 671 2408 712 suum
2431 655 2649 711 unicum
2680 657 2829 711 misit
2853 657 2992 712 mori
3043 672 3141 726 pro
3186 656 3365 722 nobis,
3393 658 3538 713 sicut
3564 664 3620 711 et

354 761 530 807 morte
559 750 829 808 liberaret.

2029 748 2230 806 Paulus
2258 749 2533 821 apostolus
2561 749 2710 813 dicit,
2736 748 2824 820 qui
2857 748 3070 818 proprio
3087 744 3225 803 Filio
3261 765 3359 802 suo
3385 764 3490 803 non
3530 764 3622 819 pe-

430 838 499 895 Ut
523 841 691 895 omnis
723 841 815 912 qui
839 838 1003 895 credit
1046 842 1102 895 in
1131 843 1242 914 ipso
1262 859 1364 899 non
1399 852 1599 916 pereat,
1614 841 1707 899 sed
1746 842 1933 899 habeat
2026 840 2214 910 percit,
2227 841 2588 911 sedpronobis
2600 836 3069 895 amnibustradidit
3087 854 3225 904 eunt,
3241 837 3503 910 quomodo
3517 852 3621 893 non

356 934 514 989 sitam
542 943 810 990 artemam.
840 931 1004 1005 Cujus
1048 934 1267 1006 quidem
1313 935 1463 993 verbi
1516 944 1667 1007 patet
1712 948 1933 1000 sensus,

357 1025 485 1093 quia
509 1025 601 1093 qui
627 1024 798 1079 credit
823 1023 877 1078 in
898 1022 1103 1089 Jesum,
1125 1040 1233 1080 non
1245 1025 1417 1081 solum
1438 1026 1796 1097 perditionem
1810 1040 1937 1081 eva-

359 1116 439 1171 dit
457 1128 761 1187 paanarum,
778 1116 871 1172 sed
886 1124 943 1171 et
963 1117 1128 1171 vitam
1139 1118 1371 1190 percipit
1396 1127 1675 1184 aeternam,
1690 1126 1747 1174 et
1767 1119 1823 1174 in
1835 1119 1939 1174 hoc

358 1207 502 1264 inter
533 1206 761 1277 ﬁguram
784 1204 967 1273 distat,
994 1214 1050 1262 et
1067 1209 1375 1274 veritatem,
1395 1208 1520 1279 quia
1541 1207 1797 1279 peritiam
1828 1208 1938 1263 vita

356 1298 725 1368 protelabatur
755 1299 1044 1368 temporis,
1090 1314 1190 1370 per
1218 1299 1361 1355 bane
1411 1301 1520 1355 vita
1556 1301 1788 1357 donatur
1822 1301 1941 1357 sine

358 1387 468 1443 fine
515 1400 788 1443 mansura.
846 1386 953 1445 Sed
984 1391 1283 1445 curandum
1326 1390 1558 1447 solerter
1584 1400 1670 1446 est
1701 1398 1760 1445 ut
1796 1390 1941 1460 quod

361 1478 667 1535 intellectus
693 1479 832 1535 bene
864 1480 1048 1547 sentit,
1076 1482 1319 1552 operatio
1366 1482 1629 1554 condigna
1652 1482 1901 1553 proﬁciat
1923 1522 1940 1549 ,

362 1576 629 1639 quatenus
653 1567 926 1626 confessio
950 1578 1112 1626 rectae
1137 1581 1337 1627 nostrae
1364 1572 1512 1639 ﬁdei,
1550 1573 1639 1644 pie
1672 1581 1729 1628 et
1761 1571 1944 1629 sobrie

2032 932 2191 987 etiam
2213 948 2332 986 cum
2359 931 2453 987 illo
2482 932 2661 987 omnia
2682 931 2831 987 nobis
2857 929 3309 1004 ἀποκτείνωσιν.
3333 931 3483 1002 Vm.)

2104 1022 2175 1079 Et
2197 1024 2253 1079 in
2275 1025 2372 1079 hoc
2416 1030 2492 1080 est
2533 1026 2795 1090 ebaritas,
2831 1040 2935 1079 non
2960 1025 3114 1094 quasi
3144 1038 3238 1079 nos
3280 1023 3623 1080 ἄξιαι-πίπτω

2035 1112 2203 1169 Deum
2220 1156 2235 1179 ,
2272 1115 2362 1170 sed
2389 1116 2659 1186 quoniam,
2679 1125 2787 1170 etc.
2812 1115 2931 1171 Non
2958 1115 3111 1169 illum
3140 1114 3428 1171 dileximus
3451 1117 3621 1186 prius,

2036 1221 2163 1262 mm
2187 1206 2255 1262 ad
2285 1208 2388 1264 hoc
2415 1222 2514 1263 nos
2563 1206 2751 1262 dilexit
2776 1247 2790 1272 ,
2843 1214 2905 1261 ut
2930 1206 3215 1277 diligamus
3239 1218 3383 1262 eum.
3433 1205 3623 1263 Gratia

2038 1297 2238 1368 quippe
2255 1298 2530 1354 hominem
2557 1298 2821 1368 pmvenit
2845 1306 2904 1352 ut
2927 1297 3116 1369 diligat
3148 1298 3320 1353 Deum
3338 1338 3355 1363 ,
3399 1299 3491 1370 qui
3535 1299 3623 1354 di-

2040 1387 2271 1445 luetionc
2292 1397 2548 1458 cperetnr
2574 1389 2740 1454 bona,
2759 1390 2904 1445 unde
2930 1389 3248 1445 Psalmista:
3286 1390 3423 1445 Deus
3452 1407 3627 1457 meus,

2040 1478 2237 1549 inquit,
2269 1477 2631 1534 misericordia
2663 1478 2781 1549 ejus
2806 1480 3080 1549 praeveniet
3120 1495 3202 1533 me
3238 1477 3416 1551 (Psat.
3446 1480 3624 1549 ινιιι).

2111 1565 2183 1627 Et
2209 1566 2352 1621 misit
2368 1560 2565 1621 Filium
2596 1582 2750 1621 nunt
2791 1568 3214 1638 propitiationent
3257 1584 3356 1639 pro
3400 1571 3630 1640 peccatis

363 1658 733 1714 conversando
778 1657 846 1713 ad
893 1658 1280 1730 perfectionem
1309 1662 1590 1732 promisse
1619 1662 1775 1718 nobis
1817 1663 1945 1721 vim
2043 1657 2256 1713 nostris.
2302 1654 2416 1713 Hoc
2454 1664 2539 1712 est
2565 1657 2863 1713 maximum
2887 1657 2942 1711 in
2980 1672 3081 1712 nos
3122 1657 3319 1713 divina;
3345 1660 3631 1715 charitatis

364 1758 639 1803 mereatur
666 1748 949 1820 attingere.
976 1750 1177 1807 Verum
1226 1753 1350 1822 quia
1383 1753 1499 1809 haec
1525 1751 1734 1811 deFilio
1762 1754 1945 1810 homi-
2044 1748 2301 1804 indicium
2320 1789 2337 1814 ,
2364 1748 2489 1818 quia
2515 1748 2742 1804 necdum
2765 1748 2864 1818 ipsi
2890 1763 2989 1820 pro
3006 1751 3248 1820 peccatis
3276 1752 3478 1807 nostris
3494 1766 3632 1807 eum

364 1841 449 1895 nis
476 1841 761 1905 dicuntur,
810 1842 901 1911 qui
932 1842 1157 1898 exaltari
1196 1844 1250 1898 in
1287 1859 1447 1901 cruce
1472 1855 1528 1900 et
1559 1855 1732 1906 morte
1765 1846 1942 1918 potuit

2056 1847 2229 1911 petere
2253 1853 2563 1905 noscemus,
2590 1838 2739 1894 misit
2763 1838 2851 1894 ille
2866 1836 3059 1894 Filium
3082 1854 3240 1895 suum
3266 1840 3334 1895 ad
3359 1854 3486 1904 nos,
3535 1842 3631 1911 qui

364 1931 497 2001 pati,
522 1947 592 1988 ne
623 1940 841 2002 putaret
873 1931 1194 1991 Nicodamus
1239 1934 1409 1990 lilium
1434 1944 1644 1991 tantum
1676 1952 1800 1993 eum
1846 1938 1944 1997 ho—
1969 1931 2019 1994 B
2046 1929 2200 1984 nobis
2232 1928 2287 1983 in
2310 1942 2370 1983 se
2402 1928 2749 1984 credentibus
2779 1927 2923 1984 ultro
2944 1929 3158 1984 veniam
3182 1929 3339 1985 daret
3361 1969 3377 1995 .
3423 1942 3635 2000 nosque

366 2021 527 2076 minis
551 2037 689 2087 esse,
708 2037 738 2076 a
754 2037 861 2092 quo
883 2022 989 2078 vita
1012 2039 1133 2080 esse
1151 2027 1511 2095 exspectanda
1535 2038 1817 2097 perpetua,
1842 2044 1945 2084 cu-

367 2113 506 2166 ravit
528 2112 579 2167 ei
603 2113 765 2167 etiam
786 2113 1046 2169 Dominus
1066 2114 1366 2172 divinitatis
1393 2133 1505 2174 suae
1523 2117 1841 2188 patefacere,
1857 2134 1945 2175 sa-

367 2209 724 2268 cramentum,
751 2217 1025 2273 unumque
1048 2212 1102 2259 et
1134 2203 1582 2263 eumdemFilium
1609 2207 1728 2275 Dei,
1756 2216 1813 2265 et
1847 2209 1947 2265 hoc

368 2289 531 2346 minis
564 2291 749 2346 mundi
771 2294 1057 2350 ostendere
1084 2294 1426 2351 salvatorem.

522 2423 940 2482 HEBDOMADA
976 2426 1020 2482 ll
1055 2426 1230 2484 POST
1268 2428 1784 2489 PENTECOSTEN.

403 2550 594 2591 ιεοτιο
620 2550 891 2592 εριετοωε
931 2554 1089 2593 ΒΕΛΤΙ
1124 2553 1338 2595 ιολακιδ
1372 2555 1649 2605 Αῐθοετοιι,
1677 2556 1794 2596 CAP.
1837 2558 1911 2597 iV.

449 2689 470 2722 ι
501 2671 641 2727 Deus
656 2672 893 2728 Charitas
907 2680 991 2729 est
1011 2692 1026 2729 :
1047 2674 1102 2729 in
1127 2675 1231 2731 hoc
1252 2676 1501 2746 apparuit
1522 2676 1757 2732 ebaritas
1773 2678 1868 2733 Dei
1890 2678 1946 2734 in

381 2780 400 2814 c
434 2763 610 2830 nobis,
634 2765 1081 2835 quoniamFilium
1108 2782 1264 2823 suum
1279 2769 1613 2839 unigenitum
1633 2770 1781 2826 misit
1807 2772 1950 2827 Deus

379 2875 398 2906 ι
436 2854 491 2912 in
512 2858 792 2926 mundum,
816 2858 1133 2917 ntvivamus
1158 2877 1255 2931 per
1279 2877 1426 2919 eum.
1450 2861 1509 2917 ln
1531 2864 1635 2920 hoc
1662 2872 1746 2919 cst
1764 2865 1949 2920 ebari-

378 2963 398 2997 c
428 2954 529 3013 tas,
546 2961 650 3001 non
675 2947 832 3017 quasi
868 2964 966 3004 nos
990 2949 1337 3007 dilexerimus
1359 2953 1549 3017 Deum,
1579 2953 1673 3008 sed
1694 2953 1949 3023 quoniam

378 3056 399 3088 σ
437 3038 730 3108 ῘΡΒΘἾΠῘΟΓ
755 3038 943 3094 dilexit
964 3055 1084 3105 nos,
1117 3048 1172 3094 et
1196 3041 1346 3098 misit
1370 3041 1560 3097 Filium
1588 3057 1744 3098 suum
1769 3044 1952 3114 propi-

380 3146 399 3181 ι
433 3128 710 3182 tiationem
773 3143 874 3198 pro
918 3130 1158 3198 peccatis
1209 3131 1428 3186 nostris.
1469 3131 1820 3199 Charissimi,
1872 3133 1952 3189 sic

379 3236 400 3269 ι
436 3214 578 3272 Deus
606 3217 793 3271 dilexit
811 3232 930 3282 nos,
954 3226 1009 3273 et
1037 3234 1136 3277 nos
1162 3220 1420 3275 debemus
1450 3220 1679 3277 invicem
1705 3221 1947 3294 diligere.

382 3327 403 3360 ι
441 3309 608 3363 Deum
638 3322 797 3365 nemo
820 3308 954 3363 vidit
980 3325 1239 3379 unquam.
1273 3311 1330 3366 Si
1365 3312 1649 3383 diligamus
1694 3313 1950 3379 invicem,

384 3418 401 3449 ι
434 3399 577 3454 Deus
603 3398 658 3454 in
685 3399 840 3454 nobis
869 3408 1070 3463 manet,
1092 3410 1147 3455 et
1161 3400 1404 3458 ebaritas
1425 3403 1542 3473 ejus
1568 3403 1623 3458 in
1648 3403 1804 3458 nobis
1830 3418 1956 3473 per-

384 3508 403 3539 (
434 3487 574 3545 lecta
608 3495 711 3544 est.
749 3487 807 3544 ln
853 3489 956 3546 hoc
977 3488 1329 3561 intelligimus
1358 3492 1609 3561 quoniam
1636 3491 1690 3548 in
1726 3505 1794 3547 eo
1835 3507 1955 3547 ma-

385 3602 402 3635 σ
438 3599 646 3649 nemus,
673 3591 728 3638 et
752 3584 865 3653 ipse
893 3585 948 3639 in
997 3585 1182 3641 nobis:
1215 3584 1470 3655 quoniam
1516 3585 1584 3641 de
1614 3583 1818 3655 Spiritu
1858 3600 1958 3643 suo

387 3695 402 3724 ι
438 3675 585 3730 dedit
612 3675 789 3731 nobis.
832 3675 901 3730 Et
926 3691 1026 3732 nos
1048 3676 1305 3741 vidimus,
1331 3684 1387 3731 et
1414 3676 1785 3744 testificamnr,
1821 3692 1958 3747 quo-

388 3783 405 3814 ι
440 3764 757 3819 niamPaIer
784 3762 1122 3823 misitFilium
1168 3779 1327 3820 suum
1376 3765 1696 3822 salvatorem
1749 3769 1954 3823 mundi.

389 3869 406 3902 ‹
441 3849 694 3921 Quisquis
720 3850 999 3909 confessus
1023 3853 1186 3908 fuerit
1206 3855 1462 3925 quoniam
1508 3854 1666 3912 Iesus
1683 3864 1768 3912 est
1814 3857 1958 3914 ﬁlius

390 3960 407 3989 α
442 3940 559 4008 Dei,
581 3940 722 3997 Deus
745 3943 800 3996 in
821 3957 888 3998 eo
934 3953 1139 4011 manet,
1171 3952 1225 3999 ct
1250 3945 1363 4015 ipse
1390 3945 1443 3999 in
1471 3945 1601 4004 Deo.
1636 3946 1704 4001 Et
1744 3962 1844 4003 nos
1868 3962 1959 4002 co-

390 4051 407 4080 ‹
441 4032 721 4101 gnovimus
744 4040 798 4087 et
822 4032 1152 4089 credidimus
1171 4034 1422 4090 charitati
1439 4050 1602 4104 quam
1632 4035 1795 4091 habet
1816 4035 1960 4092 Deus

391 4141 408 4170 ι
444 4122 496 4175 in
527 4122 700 4177 nobis.
732 4122 875 4179 Deus
898 4124 1138 4181 Charitas
1161 4134 1267 4192 est,
1292 4134 1346 4180 et
1371 4125 1462 4194 qui
1488 4133 1672 4181 manet
1702 4126 1756 4181 in
1781 4127 1959 4183 chari-

390 4231 408 4262 α
445 4221 553 4268 tate
583 4214 637 4269 in
665 4213 775 4271 Deo
805 4225 985 4272 manet
1009 4226 1065 4272 et
1091 4218 1232 4274 Deus
1261 4219 1313 4272 in
1347 4235 1431 4275 eo.
1482 4220 1541 4275 In
1578 4220 1681 4276 hoc
1721 4219 1957 4291 perfecta

392 4322 409 4354 ι
443 4313 526 4359 est
551 4305 788 4363 ebaritas
812 4308 1114 4376 nobiscum,
1135 4318 1194 4364 ut
1221 4309 1472 4366 fiduciam
1493 4311 1786 4367 habeamus
1802 4312 1856 4367 in
1872 4313 1960 4368 die

390 4410 409 4443 ‹
446 4391 655 4464 judicii,
688 4396 812 4464 quia
842 4395 982 4451 sicut
1008 4396 1097 4453 ille
1126 4407 1210 4453 est
1239 4439 1253 4464 ,
1305 4406 1361 4453 et
1389 4414 1488 4456 nos
1536 4415 1724 4457 sumus
1774 4400 1829 4456 in
1858 4402 1961 4458 hoc

393 4499 411 4530 ι
449 4481 664 4537 mundo.
696 4481 883 4539 Timor
911 4500 1016 4539 non
1043 4493 1126 4541 est
1171 4488 1226 4541 in
1253 4488 1552 4554 cbaritate,
1602 4490 1695 4546 sed
1721 4492 1961 4561 perlecta

2046 2019 2114 2074 ad
2132 2016 2381 2073 Paterna:
2405 2018 2591 2087 glorias
2613 2017 2930 2074 societatem
2951 2026 3188 2074 voearet.
3219 2017 3278 2072 in
3304 2019 3634 2089 quibusdam

2046 2107 2322 2163 codicibus
2351 2107 2440 2162 hic
2472 2107 2772 2163 versiculus
2795 2108 2870 2162 ita
2892 2108 3129 2177 legitur:
3171 2107 3238 2162 Et
3268 2106 3417 2163 misit
3432 2105 3631 2164 Filium

2044 2213 2202 2255 suum
2226 2197 2497 2254 litatorem
2522 2213 2621 2269 pro
2643 2199 2880 2270 peccatis
2919 2201 3141 2256 nostris.
3182 2200 3395 2256 Litator
3423 2210 3629 2265 autem,

2046 2288 2379 2345 sacriﬁcator
2400 2298 2505 2345 est.
2531 2288 2872 2344 Saeriiicavit
2890 2290 3034 2345 enim
3050 2287 3214 2345 Filius
3236 2291 3332 2347 Dei
3360 2306 3462 2363 pro
3497 2306 3638 2362 pec-

2047 2380 2185 2436 catis
2209 2380 2434 2445 nostris,
2457 2395 2564 2435 non
2594 2381 2799 2435 hostias
2820 2380 3108 2450 pecudum,
3132 2382 3226 2437 sed
3250 2396 3310 2436 se
3346 2382 3523 2452 ipsum
3552 2381 3640 2436 of-

2046 2470 2290 2525 ferendo.
2322 2469 2471 2526 Unde
2519 2470 2656 2526 bene
2704 2468 2903 2525 Paulus
2944 2470 3242 2527 admonens
3294 2472 3416 2526 ait:
3452 2471 3638 2526 Estote

2047 2554 2171 2634 ergo
2191 2563 2478 2617 imitatores
2502 2560 2619 2627 Dei,
2640 2562 2775 2616 sicut
2795 2562 2896 2631 ﬁlii
2918 2562 3211 2617 charissiml
3231 2601 3248 2627 ,
3298 2572 3347 2617 et
3367 2561 3638 2617 ambulate

2047 2654 2103 2708 in
2130 2652 2422 2717 dilectione,
2444 2651 2577 2706 sicut
2598 2649 2843 2707 Christus
2871 2651 3053 2706 dilexit
3082 2667 3198 2718 nos,
3220 2661 3269 2707 et
3303 2652 3519 2706 tradidit
3549 2667 3640 2707 se.

2049 2747 2327 2817 metipsunt
2366 2760 2462 2816 pro
2516 2744 2664 2800 nobis
2715 2743 3032 2799 oblationem
3059 2753 3109 2798 et
3154 2744 3377 2798 hostium
3427 2743 3538 2797 Deo
3578 2745 3641 2800 in

2052 2842 2264 2899 odorem
2291 2842 2565 2899 suavitatis
2601 2839 2817 2912 (Epiros.
2843 2841 2924 2912 v),
2953 2836 3042 2895 cui
3072 2840 3355 2895 sententia:
3399 2840 3635 2895 concinit

2052 2934 2157 2990 hoc
2179 2935 2322 3003 quod
2347 2936 2437 2991 hic
2471 2951 2685 3007 quoque
2712 2934 2948 2991 Joannes
2978 2934 3320 2993 exhortando
3341 2932 3635 3006 subiungit,

2053 3024 2241 3081 dicens
2272 3043 2285 3080 :

2123 3114 2453 3183 Charissimi,
2475 3119 2550 3172 sic
2571 3117 2708 3173 Deus
2728 3117 2911 3173 dilexit
2938 3133 3051 3184 nos,
3076 3128 3125 3172 et
3159 3133 3253 3173 nos
3275 3118 3523 3172 debemus
3549 3118 3636 3171 in-

2054 3211 2214 3267 uicem
2256 3210 2490 3283 diligere.
2524 3212 2677 3280 Quod
2726 3223 2905 3268 autem
2956 3214 3240 3285 sequitur:
3268 3212 3438 3269 Deum
3488 3230 3640 3271 nemo

2056 3305 2181 3359 vidit
2240 3320 2471 3375 unquam
2506 3342 2523 3369 ,
2574 3304 2779 3373 majore
2822 3306 3185 3376 disputatione
3228 3305 3468 3377 indiget,
3514 3320 3638 3360 cum

2054 3394 2314 3451 Dominus
2336 3402 2390 3450 et
2413 3395 2723 3451 hominibus
2740 3395 2942 3451 mundo
2961 3397 3125 3452 corde
3147 3396 3317 3451 Deum
3345 3396 3637 3452 videndum

2052 3487 2350 3555 promittat,
2383 3494 2437 3541 et
2462 3485 2531 3541 de
2556 3488 2761 3543 sanctis
2787 3486 2954 3553 dicat,
2983 3487 3126 3558 quod
3159 3486 3335 3558 angeli
3360 3502 3552 3542 eorum
3582 3489 3636 3543 in

2054 3578 2207 3633 cmlis
2234 3592 2448 3648 semper
2476 3578 2661 3635 vident
2682 3576 2875 3633 faciem
2896 3578 3094 3634 i'atris.
3122 3576 3275 3634 Hanc
3298 3585 3477 3633 autem
3518 3591 3629 3633 sen-

2054 3670 2303 3736 tentiam,
2323 3677 2378 3724 et
2402 3670 2458 3724 in
2484 3668 2774 3741 Evangelia
2796 3682 2896 3724 suo
2919 3668 3072 3738 ponit
3096 3668 3238 3723 idem
3267 3667 3525 3734 Joannes,
3545 3667 3643 3722 ubi

2054 3764 2221 3819 etiam
2247 3763 2518 3833 quomodo
2554 3762 2697 3818 Deus
2721 3760 2892 3816 videri
2914 3760 3085 3830 possit
3131 3766 3527 3829 consequenter
3544 3758 3648 3812 ad-

2048 3853 2477 3925 jungit,dicens:
2513 3849 2994 3923 Unigenitasﬁ‘ilius
3021 3852 3111 3923 qui
3138 3860 3212 3905 est
3241 3851 3299 3905 in
3334 3850 3451 3904 sine
3466 3843 3645 3902 Patris

2055 3946 2165 4016 ipse
2198 3945 2454 4000 narrabit.
2483 3943 2637 4010 Quod
2663 3943 2856 3998 beatus
2892 3951 3046 4012 pater
3085 3942 3425 4006 Ambrosius,
3451 3943 3523 3996 ita
3545 3953 3622 3995 ex

2055 4035 2251 4106 posuit.
2285 4033 2353 4089 Et
2379 4034 2499 4088 ideo
2523 4034 2690 4088 Deum
2729 4046 2889 4090 nemo
2911 4033 3046 4089 vidit
3067 4049 3324 4103 unquam,
3365 4033 3489 4103 quia
3518 4046 3641 4088 eam

2057 4138 2178 4196 qua:
2204 4125 2258 4179 in
2284 4124 2394 4179 Deo
2437 4124 2649 4179 habitat
2684 4113 3073 4193 plenitudinem
3124 4123 3442 4188 divinitatis,
3474 4137 3639 4178 nemo

2058 4219 2362 4290 conspexit,
2380 4204 2541 4274 nemo
2572 4228 2754 4274 mente
2777 4226 2870 4274 aut
2897 4218 3068 4275 oculis
3090 4217 3514 4290 comprehcndit.
3551 4215 3647 4273 Vi-

2057 4311 2136 4365 dit
2160 4310 2324 4375 enim,
2348 4309 2417 4364 ad
2442 4316 2730 4378 utrumque
2748 4307 3088 4365 referendum
3113 4317 3216 4365 est.
3249 4308 3493 4378 Denique
3514 4321 3644 4364 cum

2059 4401 2293 4466 additur,
2325 4394 2810 4470 UuigenitusFilius
2851 4400 2941 4469 qui
2968 4400 3128 4455 estin
3159 4399 3277 4454 sinu
3301 4395 3500 4463 Patris,
3524 4399 3647 4468 ipse

2060 4491 2352 4554 enarrabit,
2384 4489 2646 4544 mentium
2674 4489 2846 4560 magis
2865 4504 3028 4560 quam
3057 4489 3337 4545 oculon
3384 4489 3521 4550 visio
3550 4489 3647 4544 de-

394 4592 410 4621 α
448 4573 687 4629 ebaritas
712 4574 857 4630 foras
889 4577 1052 4632 mittit
1082 4579 1350 4646 timorem,
1380 4583 1631 4651 quoniam
1658 4586 1823 4641 timor
1846 4598 1960 4655 pm-
1983 4620 2038 4681 Β
2063 4581 2320 4637 claratnr.
2346 4578 2567 4650 Species
2581 4580 2727 4635 enim
2752 4580 2982 4644 videtur,
3007 4580 3181 4635 virtus
3202 4594 3333 4635 vero
3350 4586 3645 4633 narratur:

394 4683 410 4710 ι
445 4678 567 4716 nam
598 4665 779 4719 habet.
803 4664 903 4732 Qui
933 4676 1111 4722 autem
1145 4669 1297 4724 timet
1325 4685 1430 4726 non
1454 4680 1535 4728 est
1583 4672 1854 4742 perfectus
1902 4676 1959 4730 in

395 4770 411 4798 ι
453 4753 737 4807 charitate.
764 4752 873 4809 Nos
896 4769 1024 4826 ergo
1053 4756 1338 4827 diligamus
1362 4760 1821 4832 Deum,quoniam
1845 4764 1961 4833 ipse

396 4861 412 4890 ι
451 4843 598 4911 prior
637 4844 823 4899 dilexit
861 4861 978 4902 uos.
1021 4844 1077 4901 Si
1124 4848 1245 4918 quis
1275 4850 1470 4907 dixerit
1518 4853 1771 4922 quoniam
1800 4854 1961 4925 diligo

396 4952 413 4981 ι
453 4932 617 4989 Deum
644 4944 698 4991 et
746 4934 973 4994 fratrem
1013 4954 1169 4996 suum
1214 4943 1413 5009 oderit,
1443 4944 1673 5000 mendax
1722 4953 1825 5000 est.
1858 4946 1960 5014 Qui

394 5043 411 5072 ι
445 5026 587 5079 enim
617 5041 724 5083 non
746 5028 919 5101 diligit
943 5029 1165 5089 fratrem
1195 5049 1350 5089 suum
1377 5051 1537 5106 quem
1566 5039 1738 5101 videt,
1788 5039 1958 5095 Deum

394 5138 411 5164 ο
447 5130 606 5184 quem
650 5134 760 5174 non
800 5121 948 5179 videt
976 5126 1244 5194 quomodo
1269 5134 1449 5198 potest
1486 5128 1740 5200 diligere?
1769 5131 1831 5185 Et
1859 5134 1961 5189 hoc

394 5226 410 5279 ρ
451 5209 760 5264 mandatum
786 5210 1046 5271 habemus
1076 5231 1105 5270 a
1134 5217 1245 5272 Deo
1267 5257 1283 5284 ,
1328 5224 1390 5272 ut
1416 5220 1506 5289 qui
1534 5219 1707 5292 diligit
1753 5222 1921 5277 Deum
1941 5262 1957 5290 ,

392 5323 409 5354 ι
444 5303 630 5374 diligat
656 5313 714 5362 et
752 5304 978 5365 fratrem
1006 5326 1183 5366 suum.
1216 5332 1236 5365 ι

454 5396 597 5455 Deus
621 5399 850 5456 charitas
875 5412 950 5458 est
976 5420 994 5457 :
1022 5405 1076 5458 in
1109 5405 1207 5460 hoc
1249 5408 1492 5478 apparuit
1516 5408 1745 5464 ebaritas
1774 5407 1873 5462 Dei
1902 5409 1959 5463 in

385 5492 552 5559 nobis,
580 5494 827 5564 quoniam
849 5486 1047 5549 Filium
1079 5512 1232 5552 suum
1268 5499 1588 5569 unigenitum
1628 5500 1770 5554 misit
1816 5499 1957 5553 Deus

383 5582 437 5634 in
466 5582 743 5648 mundum,
770 5592 828 5638 ut
865 5576 1098 5641 vivamus
1133 5604 1227 5657 per
1247 5604 1384 5642 eum.
1415 5588 1693 5655 Quomodo
1722 5591 1836 5661 ipse
1858 5591 1960 5645 Do-

384 5672 561 5728 minus
584 5674 660 5729 ait
684 5693 696 5729 :
728 5674 989 5746 Hajorem
1028 5677 1163 5731 lianc
1190 5678 1516 5733 dilectionem
1538 5697 1685 5735 nemo
1707 5682 1879 5745 habet,
1904 5689 1958 5735 ut

382 5761 610 5817 animant
637 5782 787 5820 suam
819 5780 974 5837 ponat
999 5768 1115 5839 quis
1143 5785 1238 5840 pro
1274 5769 1456 5825 amicis
1483 5770 1617 5835 suis,
1645 5780 1701 5824 ct
1729 5769 1799 5824 ibi
1830 5785 1955 5840 pro-

385 5849 508 5907 bata
536 5861 618 5908 est
656 5856 870 5912 dilectio
896 5858 1094 5916 Christi
1123 5861 1173 5915 in
1198 5877 1314 5927 nos,
1350 5861 1475 5931 quia
1496 5861 1724 5918 moritur
1748 5876 1845 5931 pro
1871 5876 1960 5917 no-

2063 4674 2154 4730 illa
2176 4673 2370 4739 oculis,
2391 4673 2509 4729 tunc
2531 4680 2712 4729 mente
2750 4671 3239 4743 comprehenditur.
3277 4671 3409 4726 item
3452 4672 3647 4727 hastas

2063 4769 2392 4840 Augustinus
2418 4768 2474 4822 in
2495 4767 2632 4822 libro
2653 4767 2721 4823 de
2748 4761 2988 4822 Videndo
3011 4766 3199 4830 Deum,
3227 4764 3294 4820 de
3317 4765 3503 4819 eadem
3531 4763 3648 4819 dis-

2062 4868 2260 4930 putans
2287 4858 2584 4929 questiona!
2618 4872 2634 4912 :
2662 4857 2913 4921 Proinde,
2952 4856 3147 4926 inquit,
3175 4862 3433 4910 narrante
3456 4854 3650 4926 unige-

2064 4953 2179 5008 nito
2199 4953 2291 5022 qui
2314 4958 2397 5007 est
2417 4952 2472 5006 in
2497 4952 2618 5006 sinu
2637 4950 2836 5015 Patris,
2854 4952 3166 5006 uenatione
3191 4948 3469 5015 ineffabili,
3485 4963 3646 5004 crea-

2064 5052 2186 5099 tura
2224 5041 2555 5098 rationabilis
2583 5042 2781 5097 munda
2805 5048 2861 5096 et
2879 5050 3063 5096 sancta
3081 5040 3297 5111 impleta
3312 5040 3406 5096 Dei
3430 5040 3646 5095 visione

2063 5133 2350 5200 ineffabili,
2383 5147 2546 5204 quam
2586 5140 2713 5187 tunc
2765 5145 3195 5202 consequemur,
3249 5146 3370 5187 cum
3400 5129 3646 5200 aequales

2061 5227 2188 5282 facti
2209 5226 2489 5291 fuerimus,
2522 5224 2646 5293 quia
2673 5224 2814 5280 sicut
2845 5224 3097 5281 videntur
3123 5225 3225 5280 ista
3254 5223 3485 5279 visibilis
3507 5238 3640 5279 cor-

2060 5319 2209 5390 poris
2238 5316 2486 5375 sensibus
2514 5324 2661 5382 nota,
2693 5316 2860 5371 Deum
2904 5332 3055 5371 nemo
3082 5318 3208 5372 vidit
3231 5331 3643 5387 unquam,quo-

2062 5411 2207 5465 niam
2229 5410 2275 5465 si
2312 5408 2600 5479 aliquando
2628 5422 2695 5463 eo
2723 5409 2882 5463 modo
2903 5409 3054 5463 visus
3081 5417 3187 5474 est,
3214 5423 3321 5464 non
3366 5408 3503 5463 sicut
3530 5409 3643 5463 ista

2061 5507 2257 5555 natura
2270 5497 2503 5563 videtur,
2526 5496 2620 5552 sed
2641 5496 2912 5551 voluntate
2937 5499 3084 5553 visus
3104 5504 3209 5564 est,
3224 5498 3402 5569 specie
3423 5512 3527 5566 qua
3543 5511 3648 5552 vo-

2063 5590 2161 5644 luit
2186 5603 2473 5659 apparens,
2521 5588 2720 5643 latente
2749 5596 2942 5644 natura
2980 5597 3143 5659 atque
3172 5591 3225 5644 in
3256 5606 3317 5646 se
3340 5591 3649 5645 incommu-

2065 5681 2296 5736 tabiliter
2339 5689 2709 5749 permanente.
2759 5679 3034 5735 anutem
3064 5680 3225 5735 modo
3268 5695 3375 5750 quo
3421 5681 3653 5737 videtur

2064 5772 2218 5828 sicuti
2238 5780 2339 5838 est,
2371 5786 2514 5827 nunc
2548 5770 2778 5827 fortasse
2806 5771 3015 5826 videtur
3043 5786 3074 5825 a
3107 5764 3427 5842 quibusdam
3472 5786 3652 5843 ange-

2065 5861 2130 5918 lis
2170 5862 2282 5917 suis
2314 5862 2534 5918 sanetis.
2566 5861 2606 5916 Α
2651 5862 2807 5919 nobis
2833 5872 3035 5927 autem,
3070 5871 3197 5917 tunc
3234 5863 3308 5918 ita
3333 5861 3606 5919 videbitur
3626 5905 3648 5932 ,
