3954 6200
352 445 462 505 345

1173 428 1693 490 COLLECTIONES
1730 426 1799 483 [Ν
1838 425 2218 485 Ενιετοωιε
2254 420 2342 485 ET
2382 424 2797 484 EVANGELIA.

3509 423 3613 478 546

345 574 476 618 cum
500 557 554 613 ei
591 552 721 611 facti
743 550 1005 608 fuerimus
1024 547 1278 618 munies.
1303 545 1372 600 Et
1390 553 1513 615 post
1543 543 1818 614 aliquanta
1839 557 1933 597 οι·
1959 548 2011 608 Α
2105 542 2172 597 In
2194 544 2293 597 hoc
2340 540 2700 612 intelligunt“,
2727 535 2976 609 quoniam
3012 536 3067 590 in
3113 551 3172 588 eo
3206 548 3475 589 manemus
3499 575 3514 596 .
3563 547 3615 591 ct

350 663 560 721 ponens
594 642 923 702 sententiam
944 638 1119 695 sancti
1141 636 1444 693 Ambrosii:
1471 634 1638 689 Deum
1663 633 1831 700 enim,
1853 632 1936 687 in—

350 743 467 813 quit
498 780 515 807 ,
566 753 717 793 nemo
745 734 874 790 cidit
900 744 1154 803 usquam.
1196 729 1283 785 vel
1335 729 1391 783 in
1432 729 1535 783 bac
1558 726 1669 781 vita
1693 766 1710 792 ,
1768 726 1932 781 sicuti

350 835 464 903 ipse
486 837 594 892 est,
619 826 706 882 vel
728 825 895 880 etiam
941 821 997 876 in
1022 819 1339 891 angelorum
1358 818 1492 882 vita,
1527 817 1669 872 sicut
1703 814 1936 871 visibilia

352 902 451 978 ista
476 932 601 991 qua
645 913 913 987 corporali
936 912 1146 968 visione
1187 915 1509 973 cemuntur,
1534 906 1662 976 quia
1688 902 1938 976 unigeni-

351 1026 436 1069 tus
467 1011 642 1075 illius,
682 1008 773 1078 qui
795 1013 882 1061 est
904 1005 959 1059 in
985 1003 1104 1058 sinu
1118 995 1303 1055 Patris
1351 998 1466 1068 ipse
1493 996 1779 1061 narrabit,
1811 996 1937 1064 quia

351 1120 460 1159 non
485 1103 554 1158 ad
581 1099 864 1155 oculorum
910 1091 1290 1164 corporalium,
1318 1086 1416 1144 sed
1443 1089 1511 1143 ad
1561 1086 1824 1142 mentium
1853 1084 1936 1138 vi-

350 1198 560 1250 sionem
586 1192 790 1245 dictum
812 1194 897 1242 est
911 1183 1184 1255 pertinere
1209 1182 1353 1251 quod
1380 1179 1646 1234 narrabit.
1662 1178 1794 1234 Item
1814 1186 1938 1248 post

350 1284 551 1343 multa:
574 1280 657 1336 Ad
684 1294 805 1335 eam
826 1290 957 1333 vero
979 1274 1266 1339 visionem,
1282 1272 1476 1343 inquit,
1505 1271 1631 1340 quia
1653 1269 1936 1325 uidebimus

352 1378 521 1431 Deum
542 1371 698 1427 sicuti
721 1378 819 1434 est,
848 1365 1159 1422 mundanda
1188 1362 1353 1421 corda
1387 1361 1767 1426 commonuit,
1807 1360 1934 1430 quia

350 1468 499 1521 enim
524 1460 796 1534 corporali
818 1457 1207 1515 consuetudine
1235 1454 1487 1527 loquendi
1517 1452 1748 1513 visibilis
1768 1454 1939 1510 nomi-

351 1564 569 1617 nantur,
599 1559 820 1622 propter
855 1563 922 1604 ea
965 1546 1111 1603 Deus
1139 1547 1424 1605 invisibilis
1450 1548 1675 1611 dicitur,
1713 1559 1784 1601 ne
1814 1558 1937 1602 cor-

351 1660 453 1714 pus
476 1658 597 1699 esse
623 1642 894 1698 credatur.
938 1639 1189 1709 Nunquid
1216 1640 1379 1695 corda
1425 1639 1625 1693 munda
1653 1652 1764 1693 sua:
1805 1638 1934 1693 sub-

349 1735 566 1789 stantia:
591 1730 1044 1800 contemplatione
1085 1728 1379 1795 fraudauit,
1420 1743 1545 1784 cum
1591 1728 1708 1783 haec
1738 1741 1935 1799 magna

349 1835 402 1881 ct
431 1839 642 1880 stimma
681 1837 891 1877 merces
915 1821 1083 1877 Deum
1111 1819 1415 1876 colentibus
1438 1860 1454 1887 ,
1499 1826 1554 1875 et
1589 1817 1937 1890 diligentibus

2036 637 2145 708 ipse
2167 637 2223 691 in
2248 635 2415 700 nobis,
2440 640 2545 690 etc.
2570 632 2683 689 Hoc
2705 633 2902 704 ipsum,
2919 629 3062 700 quod
3084 628 3150 683 de
3177 627 3369 698 spiritu
3392 641 3490 683 suo
3523 628 3617 683 des

2036 728 2116 783 dit
2149 727 2247 783 tibi
2294 728 2437 782 unde
2482 726 2789 798 cognoscis,
2839 724 3113 791 interroga
3166 720 3374 775 viscera
3416 727 3529 785 tua,
3567 718 3615 774 si

2035 821 2191 890 plena
2223 827 2351 874 sunt
2372 818 2660 883 cbaritate,
2682 817 2851 872 babes
2875 812 3126 887 spiritum
3151 812 3268 866 Dei.
3290 811 3460 867 Paulo
3480 817 3618 866 teste

2036 913 2129 982 qui
2163 911 2275 966 ait:
2312 909 2451 977 Quia
2504 910 2737 964 charitas
2785 908 2883 962 Dei
2920 904 3117 976 diﬁ‘usa
3162 914 3237 959 est
3274 906 3331 958 in
3373 904 3615 958 cordibus

2036 1002 2227 1057 nostris
2247 1017 2341 1072 per
2353 1002 2597 1071 spiritum
2622 1008 2882 1063 sanctum,
2901 998 2990 1069 qui
3012 997 3167 1051 datus
3179 1004 3253 1050 est
3275 996 3443 1060 nobis,
3457 1006 3501 1049 et
3521 1010 3616 1049 nos

2035 1092 2279 1157 uidimus,
2307 1100 2356 1146 et
2400 1090 2772 1159 testificantur,
2815 1088 3065 1159 quoniam
3106 1095 3256 1156 pater
3280 1085 3421 1140 misit
3444 1083 3615 1153 ﬁlium

2035 1202 2189 1241 suum
2221 1184 2534 1241 salvatorem
2576 1181 2759 1238 mundi
2795 1179 2972 1253 (Rom.
3004 1179 3081 1250 v).
3126 1177 3297 1234 Nemo
3341 1178 3409 1232 dc
3442 1176 3620 1232 salute

2036 1276 2306 1346 desperet,
2335 1275 2462 1347 quia
2480 1283 2536 1331 et
2563 1274 2611 1330 si
2638 1272 2816 1342 magni
2848 1279 2977 1327 sunt
3013 1270 3185 1325 morbi
3207 1268 3494 1332 scelerum,
3521 1267 3614 1336 qui

2034 1367 2360 1437 deprimunt,
2377 1363 2718 1436 omnipotens
2730 1370 2814 1418 est
2823 1361 3066 1416 medicus
3090 1359 3183 1429 qui
3199 1357 3391 1421 salvet,
3407 1361 3612 1410 tantum

2035 1456 2341 1513 meminerit
2366 1453 2614 1524 quisque,
2641 1450 2787 1522 quod
2816 1451 2958 1505 idem
2987 1448 3130 1503 filius
3153 1447 3249 1503 Dei
3274 1486 3290 1511 ,
3346 1447 3438 1515 qui
3471 1445 3618 1500 venit

2035 1548 2182 1605 mitis
2206 1556 2267 1602 ut
2295 1546 2547 1607 saivaret,
2577 1551 2833 1597 venturus
2858 1548 2943 1595 est
2976 1538 3276 1602 districtus,
3306 1546 3366 1591 ut
3389 1535 3612 1604 iudicet.

2108 1637 2413 1708 Quicunque
2438 1634 2705 1704 confessus
2754 1632 2934 1702 fuerit,
2960 1630 3210 1701 quoniam
3251 1626 3419 1681 Iesus
3438 1634 3515 1679 est
3549 1624 3618 1694 ﬁ-

2034 1731 2138 1787 lius
2158 1729 2281 1795 Dei,
2305 1729 2446 1782 Deus
2470 1727 2525 1781 in
2548 1741 2612 1780 eo
2627 1733 2801 1779 manet
2846 1733 2893 1778 et
2920 1724 3029 1793 ipse
3057 1721 3112 1775 in
3136 1718 3268 1774 Deo.
3312 1717 3616 1773 Perfectam

2035 1821 2213 1878 cordis
2234 1817 2629 1876 confessionem
2654 1815 2806 1879 dicit,
2821 1813 2964 1883 quod
2988 1824 3087 1866 nec
3116 1810 3259 1865 male
3278 1807 3618 1863 suadentium

349 1914 719 1986 promittatur,
749 1911 963 1967 dicente
991 1910 1107 1981 ipso
1151 1909 1401 1974 Domino,
1439 1909 1656 1980 quando
1678 1923 1935 1979 corpora-
1964 1897 2011 1958 Β
2038 1910 2412 1968 haereticorum
2436 1908 2606 1979 possit
2634 1905 2821 1959 fraude
2863 1901 3137 1970 corrumpi
3167 1914 3266 1953 nec
3292 1910 3620 1967 persequen-

349 2006 493 2061 bbus
503 2004 680 2060 oculis
692 2002 980 2059 visibiliter
1002 2001 1314 2072 apparebat,
1330 2000 1722 2056 etinvisibilem
1742 2014 1801 2054 se
1815 2012 1939 2055 con-

349 2095 611 2151 tuendum
624 2093 836 2152 mundis
855 2091 1110 2147 cordibus
1131 2092 1506 2162 promittebat:
1526 2090 1629 2158 Qui
1647 2090 1936 2159 diligitme,

347 2189 597 2257 diligetur
624 2203 657 2240 a
683 2186 842 2241 Patre
864 2202 1002 2251 meo,
1026 2195 1074 2240 et
1116 2185 1333 2256 diligam
1360 2202 1477 2239 eum
1497 2226 1513 2250 ,
1570 2194 1618 2239 et
1664 2183 1936 2239 ostendam

348 2295 431 2332 me
459 2280 626 2348 ipsum
646 2277 764 2341 illi;
789 2277 905 2332 haec
929 2278 1129 2348 quippe
1148 2284 1344 2331 natura
1368 2276 1486 2346 ejus
1512 2276 1795 2347 mqualiter
1812 2291 1938 2330 cum

347 2380 503 2443 patre
537 2370 825 2426 invisibilis
869 2370 1011 2424 sicut
1054 2369 1336 2439 mquaiiter
1370 2366 1795 2438 incorruptibilis
1820 2373 1935 2429 est,

347 2463 479 2532 quia
505 2460 862 2515 continuatim
908 2458 1199 2529 Apostolus
1224 2459 1406 2529 posuit
1427 2457 1616 2512 dicens
1640 2474 1653 2509 :
1685 2454 1816 2525 Regi
1843 2472 1941 2508 au-

347 2561 456 2605 tent
478 2549 795 2605 sweulorum
837 2548 1104 2614 inm’sibili,
1132 2546 1536 2618 incorruptibili,
1558 2546 1794 2601 divinam
1816 2544 1942 2600 sub-

345 2641 630 2701 stantiam,
648 2638 1257 2708 quapotuitbominibus
1279 2636 1662 2708 praedicatione
1674 2649 1945 2690 commen-

344 2733 507 2787 dans.
546 2732 691 2787 Deus
718 2745 849 2800 ergo
882 2745 980 2785 rex
1028 2728 1343 2792 invisibilis,
1399 2743 1574 2797 neque
1624 2727 1813 2790 oculis,
1847 2725 1942 2780 sed

342 2831 535 2876 mente
587 2819 909 2890 quaerendus
935 2827 1039 2883 est,
1064 2819 1156 2873 sed
1186 2816 1639 2888 quemadmodum
1695 2816 1739 2871 si
1772 2814 1941 2869 solem

343 2913 518 2967 istum
554 2912 739 2965 videre
765 2909 1022 2966 vellemus
1044 2908 1258 2965 oculum
1286 2908 1532 2979 corporis
1561 2921 1937 2977 purgaremus,

341 3003 497 3060 unde
518 3002 688 3057 videri
716 3002 805 3057 lux
828 3010 1025 3073 potest,
1052 3001 1292 3056 volentes
1314 3000 1497 3054 videre
1526 2998 1711 3063 Deum,
1727 2996 1942 3052 oculum

342 3096 658 3164 cordisquo
683 3095 825 3149 Deus
852 3092 1023 3147 videri
1050 3099 1246 3163 potest,
1263 3105 1560 3162 purgemus
1587 3106 1600 3142 :
1627 3087 1780 3144 Beati
1806 3089 1944 3143 enim

340 3185 538 3240 mundi
559 3184 734 3249 corde,
755 3186 1002 3254 quoniam
1026 3183 1125 3252 ipsi
1139 3181 1304 3236 Deum
1333 3179 1579 3236 uidebunt
1614 3177 1831 3249 (Matth.
1863 3178 1940 3250 v).

2036 2003 2167 2057 tium
2198 2012 2527 2070 paganorum
2566 1994 2850 2053 tormentis
2895 1988 3267 2061 conquassari,
3296 2003 3395 2042 nec
3425 2000 3617 2041 carna-

2034 2094 2164 2149 lium
2192 2092 2423 2147 fratrum
2471 2087 2751 2157 exemplis,
2775 2098 2877 2139 nec
2914 2082 3143 2154 propria:
3189 2076 3497 2148 fragilitatis
3526 2090 3617 2129 se-

2036 2184 2203 2257 gnitia
2233 2182 2487 2236 titubare.
2519 2178 2657 2235 Sunt
2690 2178 2921 2239 etenim,
2970 2172 3062 2243 qui
3097 2171 3258 2225 etiam
3307 2167 3483 2221 verbis
3513 2180 3609 2219 ne»

2038 2253 2165 2345 gant
2215 2286 2333 2326 esse
2384 2268 2567 2324 losum
2622 2265 2792 2320 filium
2834 2262 2976 2326 Dei,
3017 2259 3202 2330 quales
3252 2255 3404 2312 multi
3450 2253 3617 2307 fuisse

2036 2362 2335 2435 produntur
2362 2375 2426 2416 eo
2461 2359 2578 2429 ipso
2604 2365 2864 2425 tempore,
2895 2367 3001 2423 quo
3022 2352 3138 2406 haec
3161 2346 3431 2405 scribebat
3453 2345 3614 2399 Joan-

2039 2472 2175 2520 nes;
2208 2463 2333 2511 sunt
2374 2454 2503 2517 item
2541 2450 2632 2520 qui
2660 2447 2989 2505 confitentur
3013 2443 3196 2499 verbis
3229 2449 3287 2497 et
3327 2439 3485 2494 factis
3525 2451 3621 2493 ne-

2039 2557 2186 2619 gant,
2218 2546 2356 2600 unde
2384 2545 2541 2607 bene,
2564 2541 2655 2611 qui
2702 2553 2843 2593 nunc
2868 2538 2978 2591 ait:
3015 2534 3321 2603 Quicunque
3350 2528 3617 2598 confessus

2042 2637 2222 2707 fuerit,
2249 2635 2498 2706 quoniam
2540 2630 2697 2686 Iesus
2726 2638 2802 2683 est
2840 2626 2985 2697 ﬁlius
3009 2624 3131 2688 Dei,
3155 2622 3295 2676 Deus
3322 2621 3378 2674 in
3404 2635 3464 2674 eo
3500 2633 3617 2671 ma-

2042 2738 2148 2792 net,
2175 2737 2224 2782 et
2257 2729 2367 2797 ipse
2407 2726 2462 2779 in
2495 2725 2604 2779 Deo
2633 2722 2684 2790 (Ι
2713 2720 2875 2776 Joan.
2917 2717 3011 2788 tv),
3044 2717 3158 2786 ipse
3182 2713 3342 2785 paulo
3371 2710 3620 2780 superius

2042 2821 2209 2877 dicit:
2249 2817 2307 2873 Si
2334 2816 2615 2886 diligamus
2661 2813 2911 2875 invicem,
2957 2808 3101 2862 Deus
3152 2807 3208 2859 in
3235 2803 3381 2857 nobis
3408 2808 3621 2861 manet,

2043 2909 2326 2965 insinuans
2350 2902 2589 2975 profecto
2612 2901 2738 2970 quia
2777 2899 3005 2969 quisque
3035 2895 3375 2952 dilectionem
3406 2890 3461 2944 in
3510 2887 3622 2943 fra-

2045 3008 2157 3056 tres
2184 2998 2369 3061 babet,
2397 2994 2487 3049 illo
2512 2992 2698 3047 Jesnm
2723 2989 2821 3044 Dei
2847 3003 2970 3044 esse
2993 2986 3162 3041 filium
3196 2989 3443 3037 testatur.

2113 3092 2183 3147 Et
2212 3090 2540 3162 cognovimus
2589 3092 2639 3138 et
2684 3082 2944 3137 credimus
2988 3075 3195 3133 veritati
3219 3115 3234 3139 ,
3271 3087 3430 3143 quam
3474 3068 3626 3122 habet

2044 3187 2187 3243 Deus
2211 3160 2471 3240 innubis.
2502 3176 2865 3249 Cognovimus
2885 3172 3011 3244 quia
3045 3168 3204 3225 Jesns
3228 3173 3312 3223 est
3351 3163 3492 3217 filius
3505 3160 3625 3224 Dei,

344 3280 559 3335 Verum
583 3279 711 3348 quia
880 3276 1016 3333 visio
1039 3250 1093 3330 in
1114 3273 1295 3330 futuro
1333 3282 1604 3344 speratur,
1628 3271 1756 3342 quid
1777 3285 1943 3343 agen-

2052 3287 2105 3337 et
2134 3277 2260 3349 quia
2281 3274 2441 3331 Pater
2462 3271 2612 3329 misit
2642 3283 2764 3326 eum
2793 3266 3114 3322 salvatorem
3144 3256 3353 3321 mundi,
3381 3263 3437 3309 et
3461 3250 3630 3308 credi-

345 3372 480 3426 dum
512 3379 596 3425 est
628 3368 803 3432 nobis,
828 3367 955 3421 dum
980 3366 1157 3421 adhuc
1179 3364 1457 3421 constituti
1484 3365 1538 3418 in
1570 3378 1798 3433 corpore
1841 3376 1939 3431 pe-

349 3462 698 3532 regrinamur
742 3475 775 3515 a
824 3459 1072 3523 Domino,
1100 3472 1208 3528 quo
1251 3456 1445 3512 solatio
1507 3455 1805 3520 utendum,
1848 3452 1936 3508 ubi

351 3556 537 3611 divina
566 3555 794 3618 visione,
816 3552 1047 3607 necdum
1088 3550 1215 3605 licet
1245 3547 1485 3622 perfrui?

430 3645 494 3700 Si
520 3643 803 3713 diligamus
832 3642 1085 3704 invicem,
1139 3638 1280 3695 Deus
1309 3638 1364 3693 in
1395 3636 1542 3692 nobis
1590 3643 1786 3689 manet.
1834 3632 1943 3689 Sed

354 3751 523 3793 tremo
567 3742 721 3804 putet
770 3734 907 3789 hanc
935 3730 1281 3787 dilectionem
1318 3729 1372 3784 in
1401 3743 1508 3800 qua
1547 3728 1688 3782 Deus
1724 3734 1903 3780 manet
1925 3764 1942 3789 ,

354 3825 572 3895 abjecta
595 3832 651 3879 et
682 3823 949 3878 desidiosa
978 3821 1212 3891 quadam
1235 3819 1667 3882 mansuetudine,
1698 3818 1806 3871 imo
1834 3830 1943 3870 non

354 3916 801 3983 mansuetudine,
821 3917 916 3972 sed
958 3914 1277 3971 remissione
1321 3920 1376 3966 et
1402 3910 1724 3983 negligentia
1770 3923 1945 3963 reser-

358 4013 500 4077 vari,
524 4026 634 4065 non
658 4018 741 4064 est
769 4010 872 4064 ista
895 4008 1157 4073 Charitas,
1183 4005 1279 4061 sed
1308 4003 1553 4076 languor,
1582 4001 1790 4057 ferveat
1808 4001 1944 4055 cha-

357 4103 502 4159 ritas
551 4101 619 4156 ad
645 4099 1040 4171 corrigendum,
1066 4097 1135 4151 ad
1178 4094 1572 4151 emendandum
1594 4106 1651 4147 se
1674 4132 1691 4156 ,
1744 4090 1791 4145 si
1819 4087 1943 4144 boni

358 4209 550 4250 mores
568 4192 857 4257 delectant,
880 4192 928 4245 si
950 4189 1076 4245 mali
1100 4187 1474 4250 emendentur,
1497 4184 1859 4255 corrigantur.
1885 4179 1946 4234 Si

359 4301 500 4356 ergo
532 4285 818 4355 diligamus
837 4282 1068 4337 invicem
1092 4279 1304 4335 sincera
1333 4285 1391 4332 et
1416 4273 1794 4345 disciplinabili
1821 4272 1949 4327 eba-

361 4379 551 4441 ritate,
582 4376 721 4430 Deus
740 4375 797 4429 in
824 4372 978 4428 nobis
1008 4377 1219 4433 manet,
1264 4366 1517 4438 operibus
1544 4364 1761 4435 quidem
1782 4362 1949 4432 ipsius

363 4466 656 4524 cbaritatis
674 4462 1071 4529 manifestatus,
1101 4458 1349 4532 quamvis
1388 4455 1624 4512 nondum
1664 4453 1951 4509 visibiliter

365 4574 660 4632 apparens.

445 4653 517 4708 Et
546 4650 773 4706 charitas
800 4649 915 4721 ejus
937 4648 993 4702 in
1021 4645 1166 4701 nobis
1206 4641 1436 4715 perfecta
1473 4649 1567 4697 est.
1593 4638 1954 4707 Qumrendum

368 4753 581 4809 autem,
608 4741 874 4813 quomodo
894 4740 1040 4795 dicat
1075 4735 1468 4808 perfectionem
1500 4732 1696 4788 divina:
1719 4729 1956 4784 cbarita-

372 4839 448 4892 tis
480 4835 533 4888 in
570 4841 752 4890 mutua
777 4831 1061 4887 dilectione
1089 4826 1406 4887 consistere,
1436 4839 1558 4878 cum
1603 4820 1860 4878 Dominus
1898 4819 1954 4875 in

371 4923 666 4995 Evangelia
692 4920 1022 4993 pronuntiet,
1042 4932 1150 4971 non
1169 4930 1288 4969 esse
1310 4928 1590 4985 magnum,
1611 4911 1654 4965 si
1670 4909 1957 4980 diligamus

372 5034 495 5080 eos,
519 5016 608 5087 qui
629 5029 728 5069 nos
754 5012 1011 5082 diligunt,
1056 5007 1162 5064 nisi
1187 5006 1253 5062 ad
1274 5004 1523 5060 inimicos
1551 5003 1716 5058 etiam
1742 5001 1807 5057 de
1837 4999 1958 5071 qui-

373 5112 484 5165 bus
510 5106 598 5161 bic
619 5104 832 5174 penitus
859 5109 1039 5156 tacere
1062 5097 1308 5161 videtur,
1335 5095 1523 5149 eadem
1561 5092 1778 5148 dilectio
1825 5106 1952 5162 per-

377 5202 575 5269 tingat,
599 5197 703 5251 nisi
731 5194 871 5249 forte
901 5192 1047 5261 ipsos
1068 5188 1318 5244 inimicos
1358 5182 1582 5239 fraterni
1636 5181 1843 5237 amoris
1872 5180 1957 5235 in-

379 5291 521 5346 tuitu
546 5288 770 5359 diligere
792 5284 1073 5347 debemus,
1096 5278 1345 5335 videlicet
1376 5282 1435 5330 ut
1475 5290 1583 5329 non
1613 5287 1826 5341 semper
1856 5269 1960 5325 ini-

380 5382 508 5438 mici
536 5384 872 5444 remaneant,
896 5376 991 5431 sed
1015 5372 1339 5444 resipiscam
1360 5385 1388 5424 a
1412 5366 1607 5423 diaboli
1636 5363 1844 5435 laqueis
1863 5378 1962 5418 no-

378 5475 572 5542 bisque
598 5485 858 5544 germano
877 5467 1083 5523 foedere
1118 5462 1430 5519 socientur:
1463 5458 1522 5514 Si
1545 5457 1848 5528 diligamus,
1872 5456 1959 5511 in—

2046 3342 2170 3425 mus
2219 3363 2495 3428 charitati,
2524 3376 2687 3433 quam
2727 3357 2892 3414 habet
2936 3354 3079 3408 Deus
3104 3352 3158 3405 in
3188 3348 3365 3412 nobis,
3403 3344 3530 3415 quia
3556 3342 3628 3395 vi-

2046 3460 2244 3516 delicet
2270 3472 2394 3513 cum
2412 3454 2637 3510 haberet
2664 3451 2906 3513 unicum,
2926 3446 3097 3502 noluit
3118 3443 3267 3498 illum
3297 3453 3418 3496 esse
3437 3451 3627 3500 unum,

2048 3550 2141 3607 sed
2173 3556 2233 3604 ut
2269 3547 2464 3601 fratres
2524 3543 2751 3598 haberet
2800 3535 3074 3607 adoptavit
3103 3533 3199 3599 illi,
3235 3531 3327 3601 qui
3362 3543 3487 3585 cum
3536 3524 3628 3581 illo

2047 3641 2383 3715 possiderent
2406 3637 2573 3691 vitam
2610 3641 2893 3688 aeternam.

2118 3734 2259 3788 Deus
2307 3729 2538 3784 charitas
2566 3734 2660 3779 est.
2689 3720 2808 3776 Jam
2837 3717 3082 3789 superius
3118 3713 3256 3770 dixit
3297 3707 3456 3776 illud,
3496 3721 3627 3764 ecce

2049 3828 2247 3882 iterum
2293 3820 2464 3886 dicit,
2519 3815 2749 3886 amplius
2773 3811 2871 3868 tibi
2906 3826 3013 3865 non
3067 3806 3241 3878 potuit
3264 3797 3632 3859 commendari

2049 3918 2307 3980 Charitas,
2333 3917 2584 3984 quam'ut
2616 3908 2885 3965 diceretur
2911 3904 3053 3958 Deus
3076 3939 3093 3967 ,
3133 3886 3275 3954 forte
3300 3908 3499 3950 munus
3535 3888 3632 3945 Dei

2050 4014 2459 4077 contempturus
2485 4017 2627 4066 eras,
2653 3996 2897 4068 nunquid
2928 4002 2983 4050 et
3007 3994 3176 4047 Deum
3204 3984 3540 4044 contemnis?

2122 4098 2191 4153 Et
2218 4071 2308 4171 qui
2331 4104 2503 4151 manet
2531 4094 2587 4148 in
2610 4092 2865 4146 charitate
2889 4088 2945 4141 in
2984 4085 3094 4138 Deo
3118 4092 3314 4144 manet,
3333 4088 3380 4131 et
3416 4076 3555 4129 Deus
3578 4071 3639 4127 in

2051 4210 2130 4247 eo.
2154 4164 2405 4247 Vicissim
2432 4186 2487 4240 in
2501 4199 2560 4240 se
2582 4182 2826 4239 habitant
2849 4176 2939 4248 qui
2966 4174 3206 4230 continet
3217 4178 3273 4226 et
3290 4168 3381 4238 qui
3394 4164 3639 4221 contine-

2056 4293 2161 4347 tur,
2187 4281 2398 4337 babitas
2422 4277 2475 4332 in
2505 4276 2638 4339 Deo,
2670 4272 2764 4327 sed
2790 4278 2850 4325 ut
2875 4264 3226 4328 continearis,
3254 4258 3466 4316 habitat
3495 4257 3551 4310 in
3579 4263 3641 4308 te

2053 4346 2217 4440 Deus,
2240 4372 2335 4428 sed
2356 4378 2419 4425 ut
2436 4367 2731 4428 contineat,
2764 4378 2833 4417 ne
2865 4359 3053 4423 cadas,
3081 4355 3208 4426 quia
3245 4353 3324 4408 sic
3346 4346 3637 4420 Apostolus

2054 4466 2122 4522 de
2178 4437 2295 4534 ipsa
2337 4458 2604 4516 cbaritate
2654 4454 2835 4509 dicit:
2873 4447 3117 4504 Charitas
3172 4456 3440 4513 nunquam
3493 4437 3634 4491 cadit

2135 4529 2258 4610 (ἕο-ν.
2292 4553 2414 4621 xui)
2435 4591 2450 4617 ,
2473 4545 2742 4620 quomodo
2766 4542 2913 4597 cadit
2937 4551 3098 4609 quem
3119 4535 3364 4593 continet
3388 4529 3565 4587 Deus?

1976 4602 2030 4662 Β
2057 4555 2109 4627 (l
2135 4555 2258 4610 Cor.
2292 4555 2414 4621 sui)
2435 4591 2450 4617 ,
2473 4555 2742 4620 quomooo
2766 4555 2913 4597 cauit
2937 4555 3098 4609 quem
3119 4555 3364 4593 continet
3388 4555 3530 4587 ueus
3546 4555 3561 4581 ι

2127 4646 2195 4701 Et
2223 4646 2281 4702 in
2301 4645 2396 4699 hoc
2421 4642 2647 4713 perfecta
2659 4646 2733 4694 est
2753 4634 2984 4690 charitas
2999 4630 3284 4692 nobiscum,
3306 4635 3361 4681 ut
3385 4621 3637 4694 ﬁduciam

2056 4740 2360 4802 habeamus,
2373 4744 2479 4791 etc.
2506 4729 2763 4802 Quisquis
2779 4723 3032 4783 fiduciam
3052 4720 3213 4776 habet
3230 4720 3284 4773 in
3304 4718 3390 4773 die
3411 4713 3597 4785 judicii
3619 4751 3635 4776 ,

2056 4830 2296 4904 perfecta
2316 4836 2401 4883 est
2423 4827 2477 4881 in
2503 4824 2593 4880 illo
2623 4821 2879 4878 charitas.
2900 4815 3040 4882 Quid
3062 4820 3147 4868 est
3165 4811 3364 4865 habere
3381 4807 3636 4861 fiduciam

2056 4901 2110 4975 in
2136 4920 2223 4976 die
2238 4917 2464 4989 iudicii?
2487 4930 2594 4971 non
2620 4913 2832 4975 timere,
2847 4923 2916 4967 ne
2942 4906 3122 4962 veniat
3136 4904 3252 4959 dies
3267 4901 3487 4971 iudicii;
3513 4914 3637 4956 cum

2058 5011 2202 5066 enim
2229 5008 2405 5079 primo
2417 5007 2538 5077 quis
2567 5004 2635 5061 ad
2663 5000 3032 5075 paenitendum
3059 5010 3138 5064 se,
3160 4997 3227 5052 de
3251 4994 3405 5079 malis
3428 4991 3641 5047 actibus
3681 5011 3692 5019 -

2058 5078 2406 5163 converterit,
2435 5097 2624 5167 incipit
2651 5096 2842 5150 timere
2878 5091 3023 5148 diem
3054 5078 3264 5161 iudicii,
3292 5100 3360 5140 ne
3394 5081 3645 5138 videlicet

2057 5199 2352 5264 apparente
2373 5189 2521 5259 justo
2540 5186 2744 5256 judice,
2762 5184 2876 5255 ipse
2896 5183 3180 5239 damnetur
3199 5195 3211 5231 :
3230 5189 3485 5248 processu
3514 5187 3643 5227 vero

2058 5284 2212 5340 bonae
2231 5277 2658 5339 conversationis
2671 5277 2944 5331 animatus
2963 5274 3135 5330 discet
3158 5285 3265 5326 non
3290 5269 3481 5324 timere
3502 5261 3647 5334 quod

2061 5374 2309 5439 timebat,
2342 5373 2433 5427 sed
2468 5369 2648 5440 potius
2682 5375 2891 5438 optare,
2919 5372 2979 5421 ut
2998 5364 3179 5419 veniat
3205 5361 3292 5416 ille
3313 5357 3647 5414 desideratus

2062 5462 2273 5522 cunctis
2301 5460 2570 5533 gentibus,
2594 5469 3027 5528 speranssecum
3054 5452 3256 5508 sanctis
3285 5445 3477 5503 merito
3494 5441 3649 5495 bonae

379 5563 518 5634 quit,
544 5561 784 5624 invicem,
806 5558 947 5612 Deus
968 5557 1026 5610 in
1055 5552 1202 5637 nobis
1224 5558 1421 5614 manet,
1451 5558 1497 5602 et
1520 5546 1750 5601 charitas
1778 5543 1892 5613 ejus
1913 5544 1960 5598 in

2067 5555 2299 5612 actionis
2321 5567 2440 5608 esse
2461 5550 2853 5608 coronandum.
2886 5546 3040 5604 Unde
3074 5551 3256 5598 autem
3309 5532 3560 5591 fiduciam
3591 5529 3651 5585 in

384 5621 531 5709 nobis
578 5621 804 5723 perfecta
833 5658 929 5703 est.
958 5645 1139 5715 Incipe
1168 5628 1408 5714 diligere,
1434 5633 1960 5723 perficerisgca‘pisti

2069 5646 2155 5703 die
2173 5642 2366 5714 judicii
2407 5641 2604 5698 habere
2648 5654 2959 5712 possumus,
2990 5633 3201 5705 plenius
3222 5621 3498 5683 subdcndo
3526 5635 3648 5675 ma-

385 5706 631 5816 diligere,
647 5706 811 5811 erupit
840 5741 894 5795 in
921 5749 972 5794 te
1001 5706 1144 5791 Deus
1172 5706 1524 5799 iiab'itare,’ut
1554 5706 1849 5798 pcrfcc’tius
1871 5724 1969 5780 ha-

388 5839 607 5897 bitando
637 5836 800 5893 faciat
827 5842 876 5889 te
909 5829 1229 5917 perfectum.

2075 5734 2321 5790 nifestat.

2149 5826 2286 5892 Quia
2321 5828 2451 5881 sicut
2483 5824 2571 5878 ille
2620 5832 2721 5885 es',
2779 5830 2826 5873 et
2857 5833 2947 5872 nos
2978 5827 3158 5869 sumus
3206 5811 3259 5864 in
3297 5807 3392 5862 hoc
3439 5800 3659 5863 mundo.
