3954 6200
323 366 427 423 547

1624 364 1984 425 εΗΑΒΑϐΒΙ
2019 364 2313 422 ABBATlS

3502 365 3611 421 348

319 486 729 558 Nnnquidvero
754 492 933 559 potest
973 487 1139 541 homo
1179 500 1299 541 esse
1327 485 1470 541 siem
1505 485 1683 542 Deus?
1732 483 1829 541 sed
1855 490 1912 537 et
1938 485 1991 545 Α
2087 481 2203 539 Nos
2228 500 2358 555 ergo
2379 483 2660 556 diligam
2697 483 2890 553 Deum,
2918 484 3173 557 quoniam
3199 499 3313 555 ipse
3360 485 3510 555 prior
3532 485 3615 540 di-

320 579 633 636 meminisse
655 585 892 649 oportet,
914 577 1060 648 quod
1085 584 1140 633 et
1182 592 1348 648 supra
1373 577 1580 633 dictum
1602 584 1693 633 est
1714 617 1730 642 ,
1779 575 1908 644 quia

320 689 425 729 non
450 688 663 743 semper
681 671 751 726 ad
774 669 1144 740 inqualitatem
1167 670 1388 738 dicitur,
1403 669 1499 726 sed
1521 670 1663 726 sicut
1684 668 1907 735 dicitur,

320 768 389 823 ad
419 768 711 837 quamdam
748 765 1183 831 similitudinem,
1229 763 1503 836 quomodo
1530 763 1677 820 enim
1726 762 1923 820 dicis:

321 858 473 913 Sicut
499 872 661 913 aures
688 858 863 912 habeo
887 857 962 911 ita
986 855 1154 911 habet
1182 863 1238 911 et
1271 856 1450 925 imago
1472 895 1487 920 ,
1525 853 1769 923 nunquid
1796 867 1914 927 0mg

319 952 450 1006 nino
474 951 595 1006 sic?
631 951 728 1006 sed
754 958 937 1006 tamen
967 950 1104 1005 dicis
1131 949 1290 1005 sicut.
1320 948 1476 1003 Sicut
1509 960 1641 1018 ergo
1666 945 1796 1002 facti
1821 962 1914 1001 su-

318 1058 440 1099 mus
465 1042 533 1098 ad
566 1042 856 1113 imaginem
885 1040 1004 1107 Dei,
1034 1055 1205 1111 quare
1228 1055 1337 1096 non
1361 1040 1503 1096 sicut
1529 1038 1672 1094 Deus
1700 1052 1909 1103 sumus,

320 1154 427 1193 non
462 1138 531 1194 ad
554 1137 942 1207 aequalitatem,
968 1136 1062 1191 sed
1092 1151 1191 1207 pro
1214 1136 1376 1191 modo
1405 1142 1614 1193 nostro.
1634 1134 1761 1189 Inde
1781 1147 1916 1203 ergo

318 1229 474 1285 nobis
510 1231 673 1284 datur
708 1227 906 1283 ﬁducia
934 1229 1007 1282 in'
1036 1228 1122 1283 die
1142 1227 1352 1296 iudicii,
1382 1228 1511 1298 quia
1534 1227 1674 1283 sicut
1698 1226 1789 1282 ille
1804 1232 1911 1292 est,

317 1327 375 1375 et
400 1306 501 1373 nos
530 1331 720 1374 sumus
748 1319 802 1372 in
833 1319 939 1373 hoc
979 1318 1201 1382 mundo,
1226 1319 1491 1374 imitando
1518 1317 1768 1373 videlicet
1791 1333 1919 1387 pers-

316 1410 607 1465 lectionem
642 1408 952 1464 dilectionis
974 1408 1031 1462 in
1059 1407 1282 1474 mundo,
1307 1407 1460 1477 cujus
1482 1408 1573 1463 ille
1609 1409 1914 1479 exemplum

315 1502 473 1557 nobis
500 1500 742 1570 quotidie
764 1500 971 1570 praebet
1000 1500 1068 1554 de
1097 1500 1256 1554 coelo.
1288 1501 1366 1554 De
1412 1515 1516 1568 qua
1570 1498 1811 1554 salvator
1857 1499 1912 1554 in

316 1590 643 1660 Evangelio:
672 1588 906 1659 Diligite,
932 1589 1142 1658 inquit,
1171 1590 1414 1643 inimicos
1438 1598 1655 1654 vestros,
1687 1599 1735 1643 et
1765 1597 1912 1645 orate

315 1699 413 1753 pro
442 1682 866 1754 persequentibus
910 1697 1017 1746 vos,
1071 1690 1127 1734 ut
1162 1681 1278 1735 sitis
1308 1680 1407 1749 ﬁlii
1422 1678 1602 1734 Patris
1641 1681 1798 1735 vestri
1823 1681 1913 1751 qui

316 1776 372 1828 in
401 1775 541 1830 caelis
567 1786 662 1841 est,
693 1777 783 1846 qui
806 1774 970 1830 solem
1000 1792 1157 1830 suum
1199 1776 1329 1829 oriri
1354 1775 1505 1844 facit,
1543 1792 1702 1847 super
1750 1776 1914 1830 bonos

2011 574 2138 629 ιεκῆ
2167 590 2285 630 nos.
2317 575 2636 647 Diiigamus,
2664 577 2924 647 quoniam
2951 577 3067 647 ipse
3093 577 3248 648 prior
3274 576 3467 633 dilexit
3490 594 3609 647 nos,

2010 680 2137 720 nam
2166 667 2309 722 unde
2338 666 2710 739 diiigeremus,
2738 668 2844 723 nisi
2875 668 2968 725 ille
2993 668 3146 737 prior
3181 668 3463 725 dilexisset
3487 685 3609 728 nos.

2012 752 2150 813 Hinc
2177 758 2325 813 enim
2362 759 2480 829 ipse
2507 759 2564 814 in
2593 759 2889 830 Evangelio
2910 759 3078 815 dicit:
3106 759 3233 817 Non
3259 776 3350 815 eos
3398 776 3481 817 me
3504 762 3613 817 els-

2011 849 2176 920 gistis,
2204 850 2302 905 sed
2322 867 2417 921 ego
2441 850 2572 922 elegi
2599 868 2689 907 vos
2710 850 2896 923 (Joan.
2925 849 3071 922 xv).
3101 851 3183 908 ita
3204 860 3388 907 autem
3424 853 3610 924 perfe-

2012 940 2085 995 cti
2119 941 2324 998 erimus
2354 942 2409 996 in
2447 942 2735 1009 charitate,
2777 942 2826 998 si
2853 941 3312 1012 quemadmodum
3341 943 3475 998 nulli
3529 946 3611 1001 al-

2014 1034 2204 1099 terius,
2231 1034 2337 1089 uisi
2360 1033 2554 1089 salutis
2580 1044 2785 1090 nostrae
2812 1033 3010 1105 gratia,
3048 1034 3200 1106 prior
3226 1033 3320 1091 ille
3344 1050 3449 1090 nos
3474 1034 3612 1092 dile-
3648 1017 3666 1033 ’

2012 1126 2110 1188 xit,
2139 1139 2239 1181 nos
2262 1139 2480 1196 quoque
2512 1125 2593 1180 ita
2614 1140 2741 1182 eum
2776 1126 2979 1182 nullius
3010 1127 3111 1192 rei,
3135 1127 3242 1182 nisi
3288 1127 3376 1183 sui
3396 1135 3608 1185 tantum

2015 1217 2216 1273 amoris
2239 1216 2589 1273 dilexerimus
2629 1217 2875 1274 obtentu.
2904 1218 3107 1274 Verum
3134 1219 3264 1289 quia
3311 1228 3469 1287 sunt,
3512 1224 3609 1293 qui

2012 1307 2183 1363 verbo
2210 1315 2369 1363 tenus
2396 1308 2567 1364 Deum
2602 1306 2855 1379 diligunt,
2882 1308 3129 1365 consulte
3149 1307 3531 1381 subiungitur:

2085 1396 2145 1453 Si
2174 1400 2292 1469 quis
2315 1398 2530 1463 dixerit,
2556 1398 2812 1469 quoniam
2846 1397 3019 1469 diligo
3060 1397 3260 1463 Deum,
3312 1406 3419 1455 etc.
3452 1399 3611 1457 Unde

2013 1490 2304 1559 probamus
2320 1489 2466 1560 quod
2490 1489 2724 1545 mendax
2748 1497 2856 1545 est.
2880 1488 3022 1544 Audi
3046 1508 3061 1543 :
3094 1488 3199 1555 Qui
3226 1491 3364 1546 enim
3391 1508 3496 1547 non
3515 1491 3609 1546 di-

2014 1581 2127 1652 ligit
2157 1582 2375 1652 fratrem
2395 1598 2551 1636 suum
2587 1598 2742 1654 quem
2762 1580 2919 1647 uidet,
2946 1581 3118 1636 Deum
3145 1597 3299 1652 quem
3342 1599 3445 1637 non
3466 1583 3608 1637 videt

2011 1675 2273 1745 quomodo
2298 1682 2469 1745 potest
2486 1674 2747 1745 diligere?
2774 1673 2914 1741 Quid
2938 1675 3104 1745 ergo?
3150 1674 3255 1742 Qui
3285 1675 3462 1746 diligit
3492 1676 3609 1732 fra-

2016 1774 2153 1821 trem
2180 1781 2360 1832 suum,
2391 1766 2564 1838 diligit
2588 1767 2785 1830 Deum,
2810 1780 3035 1823 necesse
3062 1775 3165 1833 est,
3191 1775 3254 1821 ut
3297 1769 3391 1836 qui
3418 1768 3612 1839 diligat

316 1876 365 1920 et
384 1864 574 1931 malos,
603 1834 812 1936 alpini:
844 1881 1003 1936 super
1026 1865 1205 1935 justas
1250 1875 1300 1919 et
1330 1834 1560 1935 injustas
1583 1834 1800 1936 (itania.
1833 1864 1911 1938 v).
1942 1834 1989 1894 Β
2016 1856 2210 1924 Deum,
2268 1857 2455 1928 diligat
2492 1834 2674 1928 ipsam
2722 1857 3103 1922 dilectionem.
3151 1834 3485 1913 Deus—enim
3517 1834 3612 1913 vdi—

391 1961 570 2017 Timor
616 1979 720 2016 non
750 1972 824 2016 est
848 1963 902 2015 in
928 1961 1204 2015 eharitate.
1233 1960 1291 2015 in
1333 1961 1424 2015 tali
1452 1961 1704 2016 videlicet
1737 1961 1917 2017 chari-

318 2063 451 2119 tate,
481 2068 604 2124 qua:
631 2054 699 2109 ad
754 2054 1112 2109 imitationem
1162 2054 1357 2109 divinae
1390 2054 1653 2109 bonitatis
1678 2095 1692 2121 ,
1750 2055 1915 2110 etiam

318 2146 553 2201 inimicis
577 2146 916 2209 benefacere,
944 2147 1121 2201 ethos
1146 2145 1369 2217 diligere
1394 2146 1564 2201 novit.

388 2236 496 2293 Sed
519 2236 753 2308 perfecta
802 2237 1035 2291 Charitas
1075 2236 1219 2305 foras
1254 2237 1409 2290 mittit
1455 2237 1712 2291 timorem.
1760 2236 1917 2293 Illum

317 2328 527 2384 scilicet
554 2328 827 2390 timorem,
859 2326 925 2382 de
953 2341 1062 2396 quo
1100 2327 1339 2381 dicitur:
1378 2325 1600 2380 Initium
1646 2327 1917 2397 sapientiae

316 2423 476 2478 timor
497 2421 732 2476 Domini.
763 2420 881 2488 Quo
913 2421 1067 2475 timet
1113 2420 1345 2489 quisque
1372 2460 1387 2481 ,
1442 2419 1707 2489 incipiens
1748 2434 1914 2490 opera

310 2512 555 2583 iustitiae,
583 2527 654 2566 ne
679 2513 862 2566 veniat
880 2511 1107 2581 iustitia:
1133 2510 1413 2565 districtus
1440 2508 1629 2577 iudex,
1651 2517 1709 2564 et
1739 2510 1785 2565 si
1814 2511 1918 2564 mi-

316 2620 422 2660 nus
447 2604 769 2674 castigatum
804 2601 1105 2664 inveniens,
1135 2602 1376 2656 damnat.
1404 2599 1496 2655 illi
1531 2601 1773 2656 Charitas
1800 2600 1915 2671 pel-

317 2696 382 2751 lit
414 2694 581 2760 ioras,
611 2709 731 2765 qua:
756 2709 854 2763 pro
884 2694 1080 2747 merito
1102 2693 1353 2763 iustitim,
1387 2692 1638 2747 ﬁduciam
1664 2693 1830 2747 habet
1859 2694 1914 2748 in

318 2786 407 2841 die
449 2783 659 2854 iudicii,
694 2782 791 2839 sed
836 2790 892 2837 et
934 2781 1284 2860 praesentium
1337 2781 1727 2836 adversitatum
1759 2781 1918 2836 timo-

316 2891 434 2931 rem
482 2874 722 2947 perfecta
747 2875 985 2930 Charitas
1011 2873 1160 2944 elicit
1187 2888 1252 2929 ex
1279 2874 1479 2938 animo,
1510 2886 1671 2944 quam
1713 2875 1915 2930 habere

318 2970 616 3040 quterebat,
640 2967 920 3038 qui’Deum
943 2966 1272 3036 supplicans,
1302 2966 1410 3019 ait:
1442 2965 1484 3017 A
1501 2967 1686 3020 timore
1713 2968 1915 3021 inimici

323 3059 467 3129 eripe
493 3058 727 3112 animam
757 3072 962 3121 meam;
992 3070 1154 3124 quam
1186 3055 1419 3109 habebat
1447 3055 1539 3124 qui
1577 3056 1747 3109 dixit:
1783 3056 1913 3121 Quis

321 3139 415 3203 nos
442 3148 710 3219 separabit
731 3165 763 3201 a
790 3147 1046 3200 charitate
1071 3144 1306 3198 Christi?
1323 3145 1614 3211 tribulatio,
1643 3149 1911 3218 angustia,

318 3239 507 3307 fames,
543 3253 612 3291 an
640 3236 950 3307 perset-utio,
976 3252 1045 3289 an
1073 3235 1307 3302 auditas,
1337 3252 1407 3290 an
1450 3235 1741 3308 periculum
1765 3278 1780 3305 ,
1843 3254 1914 3292 an

317 3329 528 3401 gladius
555 3328 734 3401 (Rom.
758 3327 924 3400 vui)?

390 3419 653 3487 Quoniam
699 3421 856 3474 timor
881 3437 1085 3492 poenam
1134 3421 1308 3476 habet.
1352 3420 1590 3492 Torquet
1639 3436 1738 3477 eor
1780 3437 1915 3478 con-

315 3511 543 3568 scientia
579 3521 949 3583 peccatorum,
986 3512 1226 3567 nondum
1277 3512 1417 3567 facta
1450 3521 1535 3568 est
1566 3512 1910 3582 iustiﬁcatio,

317 3606 441 3660 ideo
466 3606 521 3660 in
548 3604 759 3676 psalmo
785 3604 852 3659 de
879 3605 996 3675 ipsa
1023 3603 1375 3675 perfectionis
1398 3604 1609 3673 iustitia
1643 3624 1656 3660 :
1688 3605 1916 3662 Conter-

314 3694 447 3760 tisti,
479 3693 676 3763 inquit,
707 3692 976 3763 planctum
1003 3710 1175 3747 meum
1203 3693 1259 3748 in
1306 3693 1558 3763 gaudium
1603 3695 1752 3760 mihi,
1784 3712 1913 3750 con-

317 3784 493 3838 cidiin
519 3798 728 3837 saccum
759 3798 949 3846 meum,
980 3791 1027 3835 et
1082 3782 1404 3852 pra’cinxisti
1443 3800 1524 3836 me
1578 3783 1766 3838 la'titia
1792 3824 1807 3850 ,
1855 3794 1913 3839 ut

318 3884 523 3930 cantem
556 3873 650 3928 tibi
678 3873 902 3945 gloriam
942 3889 1113 3927 meam
1159 3883 1216 3927 ut
1253 3891 1357 3928 non
1386 3891 1708 3945 compungar
1736 3875 1909 3948 (Psal.

317 3964 496 4036 χιιι),
522 3964 573 4019 id
611 3973 714 4030 est,
752 3978 857 4018 non
888 3964 997 4029 sit,
1064 3964 1207 4034 quod
1259 3966 1499 4021 stimulet
1524 3967 1911 4022 conscientiam

317 4071 514 4111 meam.
543 4054 798 4110 Stimuiat
824 4054 1009 4117 timor,
1038 4054 1131 4109 sed
1164 4054 1272 4109 noli
1296 4055 1506 4121 timere,
1537 4056 1704 4111 intrat
1726 4056 1911 4113 chari-

316 4153 402 4205 tas
427 4160 548 4215 qua:
575 4152 730 4200 sanat
755 4144 897 4214 quod
934 4144 1182 4199 vulnerat
1206 4144 1389 4200 timor.

390 4233 496 4302 Qui
544 4243 720 4290 autem
771 4234 918 4289 timet
966 4251 1069 4289 non
1113 4246 1189 4290 est
1238 4236 1497 4308 perfectus
1540 4238 1598 4293 in
1634 4240 1908 4298 charitate.

316 4326 453 4396 Quia
502 4326 759 4381 nimirum
790 4325 955 4380 timor
990 4341 1207 4396 pinnam
1238 4328 1441 4393 habet,
1484 4332 1735 4398 quamvis
1769 4333 1913 4387 sicut

316 4418 611 4474 sectionem
640 4416 837 4472 medici
865 4416 1014 4471 salus
1044 4426 1229 4488 optata
1254 4459 1268 4482 ,
1310 4419 1385 4473 ita
1418 4420 1692 4489 timorem,
1731 4424 1910 4479 chari-

316 4516 402 4560 tas
432 4505 739 4605 desiderata
785 4504 1165 4574 subsequatur.
1218 4504 1329 4561 Nec
1379 4509 1557 4575 putari
1614 4510 1793 4571 debet,
1824 4510 1909 4566 bis
1934 4544 1989 4605 Β

316 4598 460 4654 beati
512 4595 738 4652 Joannis
783 4598 1127 4653 sermonibus
1176 4613 1298 4654 esse
1334 4601 1668 4656 contrarium
1694 4643 1710 4667 ,
1763 4607 1909 4673 quod

314 4690 601 4745 Psalmista
628 4691 761 4746 dicit
789 4708 803 4744 :
836 4688 1017 4745 Timor
1053 4689 1266 4744 Domini
1299 4700 1509 4747 sanctus
1559 4706 1827 4763 permanet
1853 4698 1910 4752 in

316 4781 565 4836 sweulum
606 4780 788 4836 swculi
838 4778 1199 4855 (Psal.xvm).
1256 4782 1373 4838 Duo
1408 4799 1642 4855 namque
1669 4794 1797 4840 sunt
1836 4788 1909 4841 ti-

316 4887 519 4938 mores,
547 4888 689 4928 unus
737 4887 846 4943 quo
874 4874 1066 4928 timent
1102 4874 1354 4930 homines
1382 4876 1572 4941 Deum,
1598 4892 1668 4932 ne
1692 4877 1909 4933 mittan-

318 4972 409 5017 tur
433 4962 488 5017 in
516 4963 821 5034 gehennam
853 4982 866 5017 :
901 4965 1018 5035 ipse
1051 4972 1137 5020 est
1172 4965 1335 5020 timor
1359 4965 1466 5032 ille,
1496 4967 1588 5038 qui
1617 4968 1911 5024 introducit

317 5056 659 5111 cbaritalem.
698 5054 805 5112 Sed
839 5057 920 5113 sic
947 5057 1117 5123 venit,
1156 5067 1219 5113 ut
1242 5068 1434 5125 exeat;
1486 5062 1534 5116 si
1560 5060 1705 5116 enim
1731 5062 1911 5121 adimo

316 5153 540 5215 propter
564 5158 757 5217 poenas
792 5147 953 5204 times
997 5148 1166 5204 Deum
1191 5190 1206 5215 ,
1257 5149 1495 5208 nondum
1548 5167 1718 5218 amas,
1745 5168 1909 5224 quem

317 5242 397 5295 sic
421 5238 601 5294 times.
653 5236 770 5295 Non
808 5242 951 5296 bona
990 5242 1287 5309 desideras,
1318 5244 1413 5299 sed
1441 5245 1581 5299 mala
1606 5260 1787 5313 caves,
1815 5249 1908 5304 sed

313 5347 381 5387 ex
418 5345 484 5387 eo
512 5330 655 5402 quod
707 5332 848 5388 mala
885 5349 1067 5400 caves,
1097 5336 1326 5407 corrigis
1353 5344 1426 5402 te,
1454 5345 1511 5393 et
1548 5339 1742 5410 incipis
1764 5340 1906 5396 bona

315 5426 644 5484 desiderare.
675 5425 811 5484 Cum
848 5429 991 5486 bona
1017 5430 1327 5487 desiderare
1352 5434 1605 5504 coeperis,
1635 5435 1741 5490 erit
1768 5435 1821 5491 in
1854 5444 1908 5492 te

316 5515 481 5572 timor
503 5526 746 5586 sanctus,
790 5519 879 5576 ille
926 5522 1148 5587 scilicet,
1205 5538 1273 5578 ne
1307 5524 1422 5594 ipsa
1470 5526 1610 5581 bona
1642 5527 1903 5596 amittas;

316 5620 425 5661 non
475 5616 535 5663 ut
569 5610 807 5668 mittaris
833 5612 886 5666 in
914 5613 1351 5685 gebennam,sed
1378 5628 1444 5670 ne
1467 5623 1518 5672 te
1537 5600 1749 5672 deserat
1773 5633 1907 5688 prm-

317 5700 491 5840 Zentia
510 5700 746 5773 Domini,
774 5722 935 5777 quem
966 5708 1311 5780 amplecteris
1337 5750 1350 5777 ,
1401 5718 1453 5766 et
1478 5719 1739 5768 aucrnum
1799 5711 1904 5769 frui

356 5787 614 5840 csidcras.

356 5787 614 5849 csidcras.

2017 1949 2176 2004 lectio
2200 1956 2303 2015 est,
2335 1958 2389 2004 et
2418 1964 2488 2004 ne
2522 1949 2646 2019 quis
2672 1949 2854 2005 dicere
2881 1950 3110 2005 auderet
3138 1966 3152 2003 :
3179 1949 3247 2003 Et
3275 1950 3405 2019 quid
3429 1951 3614 2006 obstat

2016 2041 2240 2112 diligere
2270 2040 2463 2107 Deum,
2486 2042 2653 2097 etiam
2683 2041 2730 2098 si
2785 2057 2891 2097 non
2916 2041 3086 2112 diligo
3136 2040 3406 2097 fratrem?
3461 2052 3612 2099 recte

2016 2132 2295 2188 subdidit:

2084 2222 2156 2277 Et
2182 2228 2279 2279 hoc
2315 2224 2623 2280 mandatum
2656 2224 2906 2280 habemus
2955 2243 2988 2280 a
3019 2224 3163 2292 Deo,
3210 2235 3264 2280 ut
3306 2226 3397 2297 qui
3423 2225 3603 2297 diligit

2016 2313 2206 2381 Deum,
2231 2315 2418 2385 diligat
2439 2326 2487 2369 et
2510 2315 2731 2385 fratrem
2780 2333 2954 2371 suum:
3000 2316 3281 2384 Quomodo
3302 2317 3446 2372 enim
3484 2317 3611 2371 dili-

2016 2409 2100 2480 gis
2123 2423 2270 2473 eum,
2298 2407 2452 2476 cujus
2475 2408 2636 2464 odisti
2664 2410 3015 2465 mandatum?
3048 2410 3183 2476 Quis
3208 2416 3292 2465 est
3312 2410 3405 2480 qui
3426 2409 3606 2464 dicat:

2016 2499 2188 2571 Diligo
2222 2502 2628 2571 imperatorem,
2655 2503 2752 2557 sed
2786 2502 2875 2557 odi
2908 2502 3054 2573 leges
3077 2501 3228 2571 eius,
3274 2517 3379 2557 non
3411 2503 3485 2556 ita
3521 2509 3612 2556 est

2015 2608 2179 2649 verus
2200 2594 2294 2648 Dei
2324 2603 2556 2660 amator,
2581 2594 2676 2649 sed
2698 2594 2838 2660 vide,
2869 2594 3064 2664 inquit,
3084 2596 3209 2666 quia
3235 2594 3484 2650 mandata
3507 2603 3611 2648 tua

2016 2685 2203 2752 dilexi,
2231 2686 2479 2753 Domine,
2499 2695 2554 2741 et
2576 2685 2699 2742 ideo
2717 2685 3051 2741 conﬁdenter
3076 2686 3356 2759 adiungit,
3405 2684 3463 2741 in
3507 2695 3607 2740 tua

2016 2779 2383 2834 misericordia
2410 2779 2618 2848 civiﬁca
2650 2794 2731 2833 me
2756 2776 2930 2851 (Psal.
2962 2776 3175 2849 cxvm).

2296 2902 2301 2907 ~
2372 2886 2711 2927 ενλκοειιυδί
2748 2884 2929 2936 Lucis,
2969 2884 3088 2924 car.
3130 2885 3241 2924 xvi.

2094 2983 2112 3015 ι
2147 2963 2322 3018 Homo
2361 2963 2581 3033 quidam
2618 2968 2738 3017 erat
2773 2962 2944 3027 dives,
2967 2960 3062 3031 qui
3104 2959 3432 3016 induebatur
3479 2958 3608 3031 pur-

2023 3070 2043 3107 t
2080 3069 2214 3125 pura
2235 3061 2292 3110 et
2326 3055 2510 3124 bysso.
2542 3053 2611 3107 Et
2638 3053 2961 3123 epulabatur
3012 3052 3256 3122 quotidie
3305 3052 3602 3122 splendide.

2022 3165 2042 3198 ι
2079 3147 2147 3201 Et
2180 3153 2301 3200 erat
2340 3145 2561 3215 quidam
2611 3144 2891 3200 mendicus
2936 3145 3153 3200 nomine
3201 3145 3471 3212 Lazarus,
3509 3149 3607 3217 qui

2026 3256 2044 3288 ι
2070 3235 2289 3306 iacebat
2315 3236 2384 3291 ad
2407 3235 2632 3306 ianuam
2655 3232 2771 3303 eius
2799 3232 3071 3291 ulceribus
3105 3235 3296 3306 plenus
3318 3276 3336 3302 ,
3375 3237 3609 3306 cupiens

2021 3346 2039 3379 ‹
2071 3328 2305 3384 saturari
2339 3328 2405 3383 de
2427 3327 2605 3392 micis,
2628 3341 2748 3396 quae
2776 3328 3041 3384 cadebant
3067 3329 3134 3384 de
3160 3329 3364 3385 mensis
3396 3329 3606 3394 divitis,

2021 3438 2041 3471 ι
2072 3429 2131 3474 et
2160 3434 2321 3474 nemo
2354 3419 2433 3473 illi
2464 3419 2645 3475 dabat.
2699 3416 2805 3472 Sed
2828 3427 2884 3473 et
2910 3433 3075 3474 canes
3096 3420 3387 3475 veniebant
3414 3428 3470 3476 et
3501 3420 3610 3475 lin-

2020 3529 2038 3563 i
2060 3500 2274 3584 rgebaut
2302 3512 2481 3568 ulcera
2511 3510 2652 3580 eius.
2674 3511 2900 3567 Factum
2923 3522 3008 3567 est
3026 3520 3231 3578 autem,
3259 3520 3319 3567 ut
3361 3528 3611 3569 morere-

2021 3622 2041 3655 r
2079 3610 2167 3658 tur
2202 3603 2500 3669 mendicus,
2529 3610 2585 3659 et
2631 3611 2941 3674 portaretur
2987 3605 3056 3659 ab
3081 3604 3287 3675 angelis
3327 3605 3383 3658 in
3425 3604 3610 3659 sinum

2021 3712 2043 3746 ι
2074 3695 2327 3749 Abrahae.
2366 3695 2612 3750 Mortuus
2659 3703 2746 3751 est
2778 3703 2960 3751 autem
2992 3703 3049 3751 et
3076 3695 3248 3761 dives,
3276 3703 3332 3751 et
3363 3694 3612 3765 sepultus

2021 3805 2040 3838 ι
2073 3787 2232 3841 estin
2257 3786 2488 3843 inferno.
2539 3786 2776 3842 Elevans
2804 3795 2985 3842 autem
3021 3786 3206 3843 oculos
3233 3802 3361 3843 suos
3380 3803 3503 3843 cum
3525 3800 3613 3841 es-

2020 3894 2041 3927 ι
2072 3886 2158 3933 set
2190 3878 2245 3933 in
2291 3879 2606 3943 tormentis,
2644 3879 2779 3934 vidit
2804 3878 3081 3934 Abraham
3111 3895 3142 3934 a
3169 3879 3326 3951 longe
3356 3887 3407 3934 et
3436 3877 3614 3933 Laza-

2021 3984 2040 4017 ι
2075 3983 2196 4022 rum
2222 3968 2274 4022 in
2301 3969 2421 4022 sinu
2455 3966 2590 4037 eius.
2640 3968 2711 4023 Et
2753 3968 2868 4038 ipse
2912 3968 3157 4025 clamans
3210 3970 3395 4025 dixit:
3441 3969 3613 4025 Pater

2020 4075 2040 4108 t
2072 4057 2370 4123 Abraham,
2397 4058 2661 4115 miserere
2696 4061 2825 4125 mei,
2864 4069 2922 4116 et
2945 4061 3099 4116 mitte
3124 4060 3411 4128 Lazarum,
3433 4070 3493 4116 ut
3522 4063 3610 4117 in-

2020 4170 2039 4202 c
2078 4151 2249 4222 tingat
2287 4160 2593 4208 extremum
2620 4152 2774 4223 digiti
2808 4152 2888 4208 sui
2938 4153 2992 4206 in
3032 4166 3254 4223 aquam,
3281 4161 3343 4208 ut
3380 4154 3613 4225 refrige-

2020 4260 2039 4293 ‹
2078 4252 2161 4299 ret
2196 4243 2433 4315 linguam
2456 4259 2633 4299 meam
2659 4286 2675 4311 ,
2732 4244 2861 4314 quia
2894 4244 3110 4300 crucior
3139 4246 3193 4300 in
3215 4246 3320 4302 hac
3363 4244 3603 4302 ﬂamma.

2019 4354 2038 4388 ι
2073 4336 2142 4391 Et
2167 4336 2305 4391 dixit
2330 4336 2409 4391 illi
2437 4336 2712 4392 Abraham
2740 4355 2753 4391 :
2782 4336 2887 4392 Fili
2922 4337 3247 4405 recordare,
3289 4339 3417 4409 quia
3448 4354 3609 4397 rece-

2020 4448 2039 4480 ι
2070 4430 2198 4500 pisti
2221 4430 2365 4485 bona
2392 4430 2448 4485 in
2498 4430 2609 4486 vita
2634 4436 2749 4495 tua,
2778 4438 2835 4485 et
2867 4430 3110 4487 Lazarus
3149 4432 3400 4488 similiter
3434 4433 3602 4489 maia.

2019 4540 2037 4572 ι
2072 4520 2225 4578 Nunc
2251 4530 2434 4577 autem
2464 4523 2555 4577 hic
2578 4522 2919 4591 consolatur,
2959 4533 3018 4579 tu
3045 4541 3175 4581 vero
3199 4526 3482 4583 cruciaris.
3534 4526 3608 4582 Et

2017 4633 2036 4666 ι
2074 4615 2130 4670 in
2175 4615 2262 4671 bis
2289 4615 2540 4671 omnibus
2589 4616 2735 4670 inter
2772 4630 2872 4671 nos
2902 4624 2958 4673 et
3001 4634 3101 4674 vos
3141 4620 3306 4675 chaos
3345 4634 3607 4689 magnum

2016 4724 2036 4757 ι
2074 4705 2348 4762 ﬁrmatum
2398 4714 2501 4772 est,
2532 4706 2609 4761 ita
2657 4715 2716 4761 ut
2738 4708 2793 4762 bi
2847 4708 2938 4777 qui
2975 4709 3164 4764 volunt
3198 4711 3327 4766 hinc
3366 4712 3610 4767 transire

2017 4816 2036 4848 ι
2070 4798 2138 4853 ad
2173 4812 2268 4853 vos
2288 4812 2396 4853 non
2423 4798 2671 4867 possint,
2724 4813 2900 4869 neque
2924 4799 3050 4857 inde
3079 4801 3186 4856 huc
3238 4810 3606 4861 transmeare.

2016 4905 2035 4938 ι
2073 4887 2141 4942 Ει
2166 4888 2277 4943 ait:
2308 4886 2460 4959 Rogo
2480 4904 2612 4960 ergo
2637 4897 2712 4956 te,
2743 4898 2920 4961 pater,
2950 4898 3011 4945 ut
3047 4892 3237 4947 mittas
3262 4908 3383 4948 eum
3410 4894 3465 4950 in
3507 4896 3611 4954 do-

2018 4997 2036 5030 ι
2074 4992 2223 5034 mum
2244 4980 2417 5050 patris
2447 4980 2573 5035 mei.
2609 4980 2796 5037 Habeo
2827 4981 2970 5037 enim
2998 4984 3238 5054 quinque
3264 4984 3460 5042 fratres
3482 5028 3499 5053 ,
3540 4996 3612 5046 ut

2016 5088 2036 5121 ι
2073 5078 2304 5126 testetur
2323 5070 2451 5136 illis,
2477 5087 2547 5127 ne
2574 5081 2629 5127 et
2654 5072 2758 5142 ipsi
2794 5073 3013 5127 veniant
3036 5073 3090 5128 in
3117 5075 3294 5130 locmn
3316 5077 3460 5132 hunc
3491 5087 3615 5135 tor-

2015 5181 2034 5213 ‹
2067 5171 2390 5219 mentorum.
2430 5163 2499 5218 Et
2532 5164 2609 5219 ait
2639 5163 2713 5220 illi
2737 5162 3015 5220 Abraham
3041 5183 3057 5219 ε
3082 5165 3297 5221 Habent
3332 5166 3517 5225 Mosen
3546 5179 3612 5225 et

2014 5275 2034 5307 ε
2065 5256 2359 5327 prephetas
2395 5272 2410 5311 :
2440 5256 2662 5311 audiant
2693 5255 2831 5312 illos.
2860 5255 2930 5310 At
2959 5255 3049 5313 ille
3085 5256 3404 5315 dixit:'Non
3444 5268 3613 5330 pater

2013 5365 2033 5399 ι
2067 5346 2360 5414 Abraham,
2389 5346 2483 5403 sed
2514 5347 2560 5402 si
2592 5347 2714 5417 quis
2736 5362 2799 5403 ex
2826 5348 3056 5403 mortuis
3090 5348 3302 5406 ieritad
3341 5364 3455 5417 eos,
3485 5365 3612 5421 pm-

2019 5456 2037 5490 ι
2071 5439 2356 5494 nitentium
2386 5447 2567 5510 agent.
2597 5438 2690 5493 Ait
2716 5446 2898 5495 autem
2949 5439 3025 5495 illi
3051 5459 3064 5495 :
3105 5440 3163 5496 Si
3193 5442 3375 5499 Mosen
3396 5450 3453 5499 et
3476 5458 3609 5515 pro-

2020 5548 2039 5581 ι
2075 5532 2267 5600 phetas
2303 5547 2411 5586 non
2446 5532 2692 5597 audiunt,
2717 5546 2895 5602 neque
2921 5531 2968 5588 si
2997 5534 3121 5604 quis
3149 5548 3215 5588 ex
3243 5535 3474 5591 mortuis
3507 5549 3603 5592 re-

2022 5638 2040 5672 t
2070 5623 2390 5692 surruerit,
2414 5624 2659 5679 credent.
2696 5642 2715 5676 ι

2086 5710 2258 5767 Homo
2307 5713 2522 5783 quidam
2550 5724 2661 5769 erat
2708 5714 2870 5779 dives,
2915 5724 3018 5771 etc.
3049 5715 3149 5787 (Ex
3177 5716 3365 5786 Beda.)
3393 5716 3596 5788 Purpu-

2014 5821 2128 5861 ram
2176 5805 2310 5876 regii
2352 5805 2565 5862 habitus
2596 5821 2715 5862 esse
2749 5806 2984 5863 colorem
3029 5808 3255 5863 marinis
3296 5825 3326 5864 ο
3364 5809 3608 5881 conchy-
