3954 6200
274 369 391 429 549

1098 346 1618 411 COLLECTIONES
1652 343 1722 403 IN
1761 338 2141 411 EPISTOLAS
2181 337 2266 393 ET
2307 328 2718 391 EV’ANGELIA.

3439 318 3549 374 350

278 483 381 549 liis
416 478 665 539 tinctam,
689 481 851 531 nemo
876 467 989 522 fere
1040 470 1127 519 est
1162 462 1257 531 qui
1283 458 1511 515 dubitet.
1556 454 1689 510 Nam
1732 467 1865 508 eon-
1891 455 1945 514 Α
1966 454 2093 502 ante
2119 444 2237 517 ejus
2260 443 2484 513 ianuam
2531 456 2639 495 non
2668 435 2952 506 iacuisset,
2982 432 3028 489 si
3060 437 3299 487 remotus
3335 429 3552 496 fuisset,

1598 546 1608 549 _
1738 543 1752 549 _
1825 541 1837 549 .
2001 537 2015 549 α
2077 536 2091 549 .
2188 535 2200 547 ο
2317 533 2328 545 -
2409 547 2449 549 γ,
2482 547 2491 549 _
2532 537 2666 549 A__-.
2699 528 2809 549 -2---
2859 523 3024 549 --..l:-
3052 522 3355 549 :mnA-s..nn
3412 518 3552 549 Dm;

285 573 461 646 cbylia
492 567 641 623 ferro
692 557 1016 618 circumcisa
1043 555 1318 625 lacrymas
1358 546 1612 621 purpurei
1672 541 1871 601 coloris

288 642 487 735 quibus
528 658 652 710 lana
698 653 938 724 tingatur
986 645 1257 702 emittunt.
1287 642 1511 712 Byssum
1547 648 1677 690 vero
1704 646 1873 704 genus

290 719 377 810 ἐει
400 748 673 820 quoddam
693 719 813 808 lini,
837 738 1064 796 nimium
1087 732 1304 793 candidi
1328 738 1383 787 et
1398 719 1875 792 mollissimi,quod

293 844 469 902 Graeci
506 839 763 900 ππάτιον
786 837 1000 888 vocant.
1049 826 1419 881 Admonuerat
1442 832 1571 888 ergo
1619 811 1878 868 Dominus

291 950 456 1007 supra
483 932 661 987 facere
675 925 877 991 amicos
903 921 968 976 de
983 929 1291 974 mammona
1305 905 1624 979 iniquitatis,
1638 901 1729 973 qui
1755 913 1880 956 cum

298 994 498 1079 tib-hac
515 1018 625 1075 vita
644 1011 1023 1091 defecerimus,
1056 1002 1319 1072 recipiant
1344 1013 1444 1053 nos
1483 996 1537 1051 in
1575 1000 1777 1047 aeterna
1801 994 1882 1040 ta-

301 1074 589 1171 bernacula
610 1086 785 1177 :quod
819 1098 1102 1156 audientes
1121 1088 1383 1148 Pharismi
1413 1081 1748 1142 deridebant.
1777 1074 1885 1131 Ve-

303 1223 425 1265 rum
455 1202 544 1260 ille
568 1215 690 1272 quae
712 1197 1087 1267 proposuerat,
1118 1181 1382 1253 exemplis
1417 1186 1668 1232 astruens
1704 1176 1887 1227 osten-

304 1297 405 1359 dit,
442 1293 563 1346 ideo
577 1255 832 1344 iiivit-em-
850 1284 1206 1350 purpuratum
1238 1263 1705 1327 irremcdiabilitcr
1743 1255 1887 1327 apud

307 1383 514 1439 inferos
548 1386 773 1439 tortum,
800 1370 924 1443 quia
956 1346 1253 1438 pauperem
1290 1358 1559 1412 Lazarum
1607 1368 1638 1405 a
1687 1364 1794 1419 quo
1832 1346 1888 1424 in

309 1475 436 1529 vitae
465 1463 807 1534 tabernacula
844 1437 1010 1527 recipi
1043 1460 1247 1525 posset,
1274 1448 1511 1504 amicum
1546 1440 1648 1497 sibi
1692 1437 1888 1523 facere

310 1529 644 1637 neglexerat.
669 1552 925 1612 Nonnulli
951 1520 1130 1604 autem
1177 1549 1368 1615 putant
1387 1541 1652 1609 prmcepta
1679 1520 1890 1586 Veteris

312 1620 645 1712 Testamenti
678 1643 1002 1702 districtiora
1031 1650 1149 1693 esse
1174 1648 1335 1705 quam
1382 1628 1536 1684 Novi.
1566 1625 1673 1680 Sed
1720 1622 1774 1677 hi
1803 1620 1889 1674 ni-

313 1744 514 1799 mirum
566 1733 861 1806 improvida
902 1724 1336 1785 consideratione
1371 1719 1648 1775 falluntur.
1691 1712 1753 1767 In
1804 1709 1893 1765 illo

1971 537 2019 593 si
2042 536 2161 608 ejus
2187 533 2364 603 inopia
2390 547 2498 587 non
2523 537 2670 585 esset
2694 528 2812 598 ejus
2855 523 3028 580 oculis
3052 522 3380 590 importuna.
3411 518 3556 574 Rur-

1972 643 2066 684 sus
2086 625 2134 681 si
2164 624 2322 693 longe
2361 628 2508 678 esset
2533 620 2685 676 dives
2705 619 2774 673 ab
2796 615 2969 672 oculis
2995 613 3229 669 uleerosi
3274 611 3553 682 pauperis,

1973 720 2241 777 minorem
2272 715 2561 771 tolerasset
2570 711 2926 768 tentationem
2941 721 3147 778 pauper
3170 706 3225 763 in
3240 704 3442 768 animo,
3463 703 3559 757 sed

1976 810 2105 866 dum
2130 822 2360 879 egenum
2377 815 2432 863 et
2451 805 2755 860 ulceratum
2785 807 2912 856 ante
2935 798 3156 867 ianuam
3188 794 3371 851 divitis
3387 801 3444 849 et
3468 793 3560 846 de-

1978 901 2125 961 liciis
2155 897 2465 954 amuentem
2499 894 2703 965 posuit,
2730 894 2791 947 in
2820 908 2929 947 una
2978 890 3276 957 eademque
3305 901 3386 949 re,
3410 890 3465 938 et
3493 897 3563 936 ex

1978 990 2189 1047 visione
2235 986 2490 1057 pauperis
2548 999 2659 1040 non
2708 980 3035 1044 miserantis,
3076 977 3233 1035 diviti
3285 972 3564 1030 cumulum

1983 1079 2348 1147 damnationis
2398 1076 2606 1141 intulit,
2657 1083 2714 1131 et
2762 1088 2979 1130 rursum
3028 1087 3095 1127 ex
3140 1069 3349 1125 visione
3382 1065 3567 1122 divitis

1984 1178 2249 1227 tentatum
2289 1167 2529 1238 quotidie
2555 1178 2849 1235 pauperem
2881 1160 3148 1233 probavit,
3178 1158 3269 1214 cui
3290 1164 3438 1213 certe
3465 1169 3566 1225 po-

1986 1266 2130 1317 terat
2155 1258 2223 1313 ad
2252 1270 2467 1328 poenam
2511 1254 2755 1310 sull‘teere
2782 1258 3094 1323 paupertas,
3126 1249 3291 1303 etiam
3330 1247 3376 1301 si
3403 1258 3569 1301 sarum

1988 1349 2197 1404 fuisset.
2228 1346 2465 1405 Rursum
2492 1344 2797 1401 sulfecisset
2818 1341 3100 1412 aegritudo,
3126 1339 3291 1393 etiam
3319 1337 3365 1392 si
3392 1333 3572 1391 subsi-

1988 1442 2137 1497 dium
2164 1440 2399 1495 adesset.
2439 1437 2545 1491 Sed
2586 1444 2648 1491 ut
2684 1434 3007 1503 probaretur
3060 1429 3293 1498 amplius
3341 1440 3568 1495 pauper,

1990 1530 2150 1587 simul
2181 1532 2325 1587 hunc
2351 1538 2407 1583 et
2428 1537 2717 1597 paupertas
2743 1532 2798 1580 et
2823 1522 3093 1595 aegritudo
3114 1519 3391 1583 tabefecit,
3412 1526 3574 1586 atque

1992 1623 2213 1690 insuper
2232 1618 2452 1673 videbat
2478 1614 2856 1686 procedentem
2890 1611 3113 1666 divitem
3162 1609 3352 1663 cuneis
3392 1604 3580 1661 fulciri

1993 1709 2435 1780 obsequentibus,
2471 1715 2527 1765 et
2567 1718 2625 1760 se
2655 1704 2710 1759 in
2737 1703 3053 1759 infirmitate
3084 1707 3141 1755 et
3164 1698 3347 1767 inopia
3369 1713 3407 1751 a
3429 1696 3582 1751 nullo

313 1834 461 1889 enim
495 1844 603 1885 non
643 1823 878 1889 tenacia,
904 1820 997 1876 sed
1035 1818 1220 1888 rapina
1261 1812 1544 1873 multatur,
1577 1806 1650 1861 ibi
1683 1820 1769 1858 res
1811 1802 1895 1856 in-
1924 1811 1971 1870 Β
1997 1798 2231 1855 visitari.
2257 1797 2391 1852 Nam
2437 1796 2566 1865 quia
2594 1809 2755 1849 nemo
2784 1792 2833 1848 ei
2873 1792 2939 1847 ad
2990 1790 3316 1844 visitandum
3369 1788 3576 1850 aderat,

309 1925 459 1996 juste
485 1918 690 1974 subL'tta
730 1912 1068 1969 restitutione
1094 1903 1377 1978 quadrupli
1409 1900 1647 1972 punitur.
1681 1894 1780 1949 ilic
1809 1907 1898 1945 au-

319 2023 433 2068 tem
470 2008 621 2064 dives
647 2006 768 2070 iste,
798 2017 903 2056 non
930 1997 1217 2053 abstulisse
1240 1993 1416 2047 aliena
1463 1981 1898 2058 reprehenditur,

319 2102 417 2159 sed
444 2097 663 2171 propria
689 2110 795 2148 non
819 2091 1028 2146 dedisse
1055 2105 1069 2153 ;
1116 2101 1215 2140 nec
1246 2082 1445 2137 dicitur
1471 2077 1596 2149 quia
1622 2073 1678 2128 vi
1716 2085 1903 2141 quem-

318 2194 469 2265 piam
498 2168 784 2262 oppressit,
808 2181 901 2237 sed
935 2179 1061 2251 quia
1102 2177 1154 2231 in
1188 2172 1425 2242 acceptis
1476 2168 1637 2222 rebus
1666 2179 1725 2219 se
1752 2168 1907 2217 extu-

323 2260 407 2339 lit.
440 2260 578 2337 Hinc
592 2292 744 2347 ergo,
774 2275 900 2328 hinc
928 2281 1270 2338 summopere
1294 2260 1649 2332 colligendum
1674 2262 1775 2319 est,
1803 2270 1908 2322 qua

322 2388 487 2443 pmna
514 2341 820 2424 multandus
871 2361 969 2425 sit,
1010 2358 1102 2429 qui
1132 2357 1304 2410 aliena
1352 2349 1565 2419 diripit,
1614 2348 1657 2402 si
1711 2341 1908 2399 inferni

326 2435 680 2523 damnatione
707 2456 1005 2528 percutitur
1025 2493 1039 2518 ,
1074 2448 1166 2521 qui
1189 2445 1403 2518 propria
1430 2458 1538 2497 non
1573 2438 1817 2509 largitur.
1845 2435 1912 2491 Et

327 2564 462 2613 sunt
486 2550 722 2609 nonnulli
765 2548 855 2620 qui
888 2545 1092 2600 cultum
1122 2537 1399 2595 subtilium
1447 2533 1915 2605 pretiosarumque

328 2647 567 2702 vestium
598 2657 703 2697 non
726 2618 920 2712 putant
967 2648 1086 2690 esse
1120 2638 1417 2703 peccatum.
1464 2624 1616 2692 Quod
1642 2622 1687 2676 si
1729 2618 1915 2674 videli-

331 2925 505 2985 f’eros,
542 2891 704 2990 bysso
725 2921 780 2970 et
805 2925 1038 2985 purpura
1066 2907 1285 2962 indutus
1309 2900 1518 2961 fuisset,
1544 2909 1703 2950 nemo
1726 2891 1921 2962 quippe

332 3013 665 3069 vestimenta
685 3005 974 3078 prrecipua,
991 2999 1095 3053 nisi
1122 2996 1190 3051 ad
1217 2996 1432 3049 inanem
1456 2986 1681 3060 gloriam
1709 2980 1919 3053 qumrit.

332 3098 603 3162 Videlicet
627 3107 688 3151 ut
705 3091 1075 3152 bonorabilior
1102 3084 1310 3143 ueteris
1334 3096 1451 3136 esse
1472 3078 1744 3138 videatur,
1762 3084 1926 3141 quam

335 3193 557 3263 culpam
587 3199 872 3260 possumus
900 3179 1091 3236 melius
1119 3175 1282 3231 etiam
1310 3186 1377 3225 ex
1404 3170 1616 3225 diverso
1644 3161 1914 3231 colligere,
1946 3151 1990 3212 C

334 3286 472 3356 quia
500 3281 544 3336 si
584 3276 815 3348 alxjectio
858 3272 982 3327 vilis
1030 3262 1328 3323 indumenti
1364 3260 1537 3315 virtus
1593 3270 1699 3311 non
1746 3256 1919 3312 esset,

340 3342 690 3443 évangelisia
704 3369 769 3422 de
786 3366 992 3422 Joanne
1018 3377 1123 3415 non
1152 3352 1534 3414 diceret:Erat
1556 3347 1774 3403 indutus
1802 3342 1926 3414 pilis

339 3464 699 3524 camelorum.
733 3458 840 3514 Sed
874 3453 1166 3511 notandum
1207 3446 1361 3502 nobis
1384 3450 1710 3512 magnopere
1732 3442 1849 3500 est,
1871 3434 1927 3487 in

342 3571 449 3613 ore
468 3552 710 3609 veritatis
738 3550 802 3604 de
825 3544 1055 3617 superbo
1078 3539 1259 3603 divite,
1274 3544 1329 3591 et
1357 3535 1422 3589 de
1452 3529 1641 3587 humili
1668 3537 1925 3599 paupere,

347 3654 587 3718 quantus
638 3641 711 3696 sit
765 3615 900 3702 ordo
934 3629 1278 3691 narrationis.
1336 3624 1476 3679 Ecce
1513 3619 1657 3676 enim
1692 3615 1887 3673 dicitur
1913 3631 1943 3685 ς.

352 3709 532 3793 ίὶωηο
551 3733 765 3805 quidam
793 3737 903 3783 erat
929 3726 1091 3779 dives.
1120 3720 1188 3775 Et
1209 3716 1454 3791 protinus
1480 3709 1727 3767 subditur
1751 3723 1764 3758 :

431 3827 499 3881 Et
527 3834 638 3879 erat
676 3820 889 3890 quidam
922 3813 1212 3876 mendicus,
1256 3806 1462 3863 nomine
1488 3802 1746 3856 Lazarus.
1775 3793 1934 3851 Certe

352 3920 415 3974 in
446 3916 639 3988 populo
685 3912 860 3967 solent
895 3906 1112 3963 nomina
1159 3901 1378 3958 divitum
1409 3895 1528 3966 plus
1556 3905 1716 3963 quam
1743 3903 1939 3959 paupe-

355 3984 485 4066 rum
512 3984 656 4063 sciri.
684 4000 824 4073 Quid
851 4008 936 4057 est
973 4012 1124 4067 ergo,
1147 3992 1289 4063 quod
1312 3988 1571 4044 Dominus
1596 3984 1662 4040 de
1704 3992 1939 4052 paupere

354 4110 419 4157 et
445 4099 609 4155 divite
646 4070 870 4150 verbum
924 4088 1146 4150 faciens,
1200 4096 1396 4137 nomen
1421 4075 1674 4147 pauperis
1704 4070 1852 4136 dicit,
1885 4078 1939 4124 et

356 4207 563 4251 nomen
608 4186 790 4244 divitis
839 4198 947 4238 non
1000 4177 1152 4241 dicit,
1208 4172 1312 4229 nisi
1361 4168 1503 4241 quod
1546 4166 1684 4220 Deus
1711 4160 1942 4220 humiles

360 4283 540 4345 u’ovit,
566 4288 726 4352 atque
760 4272 1039 4345 approbat,
1064 4274 1118 4322 et
1152 4263 1412 4335 superbos
1441 4259 1671 4330 ignorat.
1704 4253 1859 4309 Unde
1888 4258 1945 4304 et

362 4341 687 4445 quibusdam
726 4341 810 4421 de
831 4341 1221 4418 miraculorum
1250 4352 1447 4410 virtute
1487 4341 1943 4417 superbientibus,

366 4433 426 4522 iii
473 4464 578 4518 fine
622 4461 863 4517 dicturus
892 4461 975 4510 est
1013 4468 1027 4506 :
1059 4446 1253 4504 Nescia
1290 4460 1378 4500 vos
1407 4440 1543 4497 unde
1580 4438 1695 4493 sitis
1723 4433 1937 4508 (Matth.

364 4553 493 4625 vn).
532 4548 796 4605 Discedite
825 4560 856 4599 a
880 4558 986 4607 me,
1014 4553 1202 4596 omnes
1239 4532 1473 4605 operarii
1520 4526 1840 4598 iniquitatis.
1872 4522 1943 4577 At

368 4614 565 4700 contra
594 4637 725 4694 Mosi
756 4636 956 4691 dicitur
986 4649 999 4685 :
1036 4628 1173 4684 Novi
1198 4636 1247 4681 te
1276 4641 1341 4680 ea:
1372 4621 1578 4676 nomine
1609 4616 1806 4689 (Exod.
1838 4614 1947 4685 nt).

370 4736 468 4790 Ait
489 4746 617 4803 ergo
638 4730 704 4785 de
732 4727 897 4784 divite
922 4742 935 4777 :
962 4720 1135 4775 Homo
1155 4716 1401 4790 quidam;
1423 4712 1490 4767 de
1514 4722 1751 4781 paupere
1775 4722 1788 4758 :
1820 4704 1952 4775 Ege—

374 4840 479 4880 nus
515 4822 720 4877 nomine
766 4818 1044 4879 Lazarus;
1076 4826 1142 4865 ac
1171 4809 1215 4864 si
1243 4812 1426 4876 aperte
1452 4803 1617 4867 dicat,
1660 4809 1948 4869 pauperem

378 4912 640 4972 humilem
660 4911 793 4972 scio,
819 4906 1108 4977 superbum
1136 4899 1357 4956 divitem
1379 4893 1581 4949 nescio.
1605 4891 1757 4945 Illum
1779 4885 1956 4956 cogni-

383 5015 500 5060 tum
536 5017 636 5072 per
660 4997 1103 5071 approbationem
1137 4988 1334 5052 habeo,
1383 4985 1527 5039 hunc
1564 4996 1662 5054 per
1689 4978 1953 5051 judicium

385 5091 782 5165 reprobationis
806 5089 1014 5160 ignoro.

460 5160 566 5251 Qui
601 5181 815 5253 jacebat
866 5178 934 5233 ad
977 5177 1206 5247 januam
1251 5170 1386 5241 ejus,
1440 5163 1703 5221 ulceribus
1752 5160 1957 5233 plenus,

385 5252 864 5346 cupiemisaturari
907 5266 974 5322 de
1015 5264 1183 5330 micis,
1235 5275 1353 5333 qua:
1403 5255 1657 5311 cadebant
1688 5252 1750 5305 de
1782 5265 1961 5305 mensa

386 5339 590 5433 diuitis,
620 5363 710 5419 sed
760 5367 809 5416 et
857 5374 1011 5415 canes
1056 5353 1321 5410 ueniebant
1356 5357 1405 5405 et
1452 5345 1714 5416 lingebant
1747 5339 1962 5396 uulnera

390 5466 529 5536 ejus.
572 5461 770 5516 Plenus
798 5453 1071 5513 ulceribus
1106 5447 1390 5503 mendicus
1427 5442 1686 5510 Lazarus,
1719 5443 1843 5490 ante
1881 5431 1966 5487 Ja-

394 5570 559 5612 nuam
595 5551 780 5608 divitis
817 5548 987 5618 jacet,
1025 5557 1130 5614 qua
1179 5540 1245 5595 de
1281 5551 1342 5591 rc
1390 5549 1518 5600 una,

391 5646 594 5717 judicia
631 5641 884 5713 explevit.

399 5737 802 5795 excusationem
836 5732 1008 5798 dives,
1038 5727 1083 5783 si
1109 5723 1344 5780 Lazarus
1370 5731 1572 5791 pauper
1595 5721 1648 5769 et
1676 5715 1971 5775 ulcerosus,

2001 1898 2271 1946 testantur
2294 1902 2471 1950 canes,
2506 1886 2609 1954 qui
2638 1884 2865 1939 licenter
2902 1880 3131 1936 vulnera
3166 1878 3461 1948 lingebant.
3494 1877 3576 1929 Ex

1999 1998 2107 2038 una
2126 1996 2254 2052 ergo
2280 1995 2361 2046 re,
2390 1977 2733 2047 omnipotens
2760 1975 2924 2037 Deus,
2954 1971 3060 2027 duo
3080 1969 3283 2038 judicia
3310 1967 3575 2028 exhibuit,

2004 2076 2129 2130 dum
2156 2074 2424 2128 Lazarum
2453 2081 2748 2141 pauperem
2776 2071 2901 2119 ante
2934 2062 3157 2133 ianuam
3186 2058 3372 2114 divitis
3399 2056 3585 2125 jacere

2004 2162 2271 2235 permisit,
2301 2168 2361 2214 ut
2391 2166 2447 2215 et
2472 2157 2624 2213 dives
2650 2154 2869 2224 impius,
2889 2150 3261 2207 damnationis
3289 2146 3392 2203 sibi
3422 2160 3586 2213 auge-

2007 2261 2092 2308 ret
2120 2252 2398 2307 ultionem.

2082 2341 2306 2401 Factum
2343 2349 2418 2394 est
2442 2346 2619 2393 autem
2644 2345 2697 2389 ut
2723 2340 3016 2389 moreretur
3043 2328 3339 2392 mendicus,
3369 2334 3419 2381 et
3457 2340 3587 2396 por-

2011 2445 2212 2491 taretur
2257 2433 2321 2487 ab
2358 2430 2556 2502 angelis
2586 2430 2642 2483 in
2691 2427 2863 2482 sinum
2917 2423 3161 2479 Abrahaz.
3222 2420 3466 2475 Mortuus
3513 2426 3589 2472 est

2013 2535 2190 2581 autem
2227 2533 2275 2578 et
2310 2522 2468 2583 dives,
2518 2529 2565 2575 et
2596 2516 2831 2589 sepultus
2871 2525 2946 2569 est
2981 2514 3035 2567 in
3063 2512 3289 2581 inferno.
3330 2508 3434 2581 (Ex
3482 2509 3594 2562 Au-

2015 2614 2184 2689 gust.)
2234 2614 2398 2669 Sinus
2422 2612 2654 2667 Abrahae
2683 2609 2897 2680 requies
2930 2614 3016 2661 est
3063 2605 3348 2659 beatorum
3385 2615 3591 2671 panpe-

2019 2720 2162 2769 rum,
2192 2716 2427 2773 quorum
2455 2706 2541 2754 est
2578 2711 2805 2766 regnum
2839 2693 3120 2757 caelorum,
3173 2705 3280 2760 quo
3304 2698 3424 2760 post
3452 2691 3592 2743 hanc

1838 2800 1918 2853 in-
2018 2798 2183 2855 vitam
2232 2793 2586 2862 recipiuntur.
2616 2786 2900 2857 Sepultum
2930 2782 3126 2839 inferni
3154 2796 3436 2851 pmnarum
3466 2796 3596 2848 pro-

2021 2883 2282 2949 funditas,
2318 2896 2439 2952 quae
2462 2876 2724 2950 superbos
2743 2882 2799 2929 et
2832 2871 3286 2928 immisericordes
3309 2876 3431 2939 post
3456 2868 3599 2921 hanc

2021 2978 2188 3033 vitam
2218 2976 2462 3032 devorat.

2096 3072 2321 3127 Elevans
2346 3076 2520 3122 autem
2550 3062 2727 3118 oculos
2754 3076 2878 3115 suos
2918 3074 3038 3114 cum
3070 3063 3199 3110 esset
3224 3055 3281 3107 in
3306 3049 3600 3112 turmalis,

2022 3165 2147 3220 vidit
2182 3160 2445 3217 Abraham
2486 3175 2518 3211 a
2556 3154 2724 3224 longe,
2765 3160 2815 3205 et
2842 3149 3108 3205 Lazarum
3133 3147 3189 3199 in
3216 3144 3337 3198 sinu
3377 3141 3514 3210 ejus,
3555 3146 3602 3191 et

2022 3260 2131 3329 ipse
2166 3254 2401 3311 clamans
2423 3249 2558 3304 dixit
2587 3262 2603 3301 :
2628 3242 2791 3298 Pater
2818 3240 3107 3301 Abraham,
3136 3235 3380 3290 miserere
3422 3229 3523 3284 mei
3552 3236 3603 3282 et

2024 3348 2168 3400 mitte
2217 3343 2503 3402 Lazarum,
2537 3344 2596 3390 ut
2637 3334 2860 3403 intingat
2918 3338 3207 3383 extremum
3237 3321 3385 3393 digiti
3429 3321 3510 3373 sui
3550 3320 3609 3371 in

2026 3452 2216 3508 aquam
2245 3442 2293 3487 et
2326 3430 2594 3501 refrigeret
2640 3424 2875 3494 linguam
2916 3434 3107 3481 meam,
3137 3415 3261 3485 quia
3303 3411 3508 3465 crucior
3553 3410 3612 3461 in

2028 3498 2125 3583 hac
2154 3498 2392 3594 ﬂamma.
2413 3498 2469 3574 07
2478 3522 2681 3587 quanta
2698 3520 2784 3569 est
2808 3508 3113 3565 sublimitas
3126 3503 3453 3574 iudiciorum
3471 3498 3566 3552 Dei
3587 3498 3600 3550 !

2029 3634 2063 3673 ο
2092 3630 2253 3687 quam
2293 3610 2540 3667 districto
2565 3606 2743 3678 agitur
2773 3605 3035 3659 bonorum
3060 3607 3280 3653 actuum
3316 3591 3611 3649 malorum-

2031 3683 2138 3778 que
2175 3702 2499 3761 retributio!
2546 3698 2707 3756 Certe
2754 3693 3001 3765 superius
3029 3691 3233 3747 dictum
3257 3694 3363 3751 est,
3393 3684 3520 3754 quia
3558 3683 3612 3735 in

2032 3800 2136 3854 hac
2172 3797 2283 3851 vita
2316 3793 2558 3849 Lazarus
2605 3788 2861 3844 cadentes
2904 3783 3077 3839 micas
3104 3781 3170 3835 de
3202 3792 3389 3833 mensa
3432 3772 3619 3829 divitis

2035 3890 2329 3962 quaerebat,
2362 3893 2417 3940 et
2462 3897 2620 3939 nemo
2658 3879 2738 3935 illi
2765 3878 2946 3934 dabat.
2972 3874 3125 3931 Nunc
3150 3872 3216 3927 de
3238 3866 3505 3938 supplicio
3531 3865 3617 3918 di-

2036 3954 2162 4039 vitis
2191 3980 2407 4043 dicitur,
2437 3976 2563 4047 quia
2587 3974 2653 4029 de
2673 3979 2918 4027 extremo
2949 3966 3114 4035 digito
3140 3961 3336 4017 Lazari
3365 3954 3623 4023 distillari

2037 4093 2233 4148 aquam
2268 4076 2322 4129 in
2365 4088 2460 4127 ore
2482 4085 2583 4126 suo
2608 4065 2963 4135 concupiscit.
2995 4060 3103 4127 Qui
3120 4072 3250 4128 ergo
3286 4070 3485 4109 mensae
3510 4066 3629 4105 sum-

2039 4168 2124 4224 vel
2159 4165 2382 4221 minima
2431 4161 2561 4214 dare
2600 4155 2795 4218 noluit,
2829 4153 2882 4207 in
2928 4149 3144 4205 inferno
3185 4146 3414 4217 positus,
3448 4155 3621 4210 usque

2042 4256 2109 4310 ad
2129 4253 2349 4308 minima
2378 4246 2666 4318 quaerenda
2690 4241 2965 4314 pervenit.
3001 4236 3106 4293 Sed
3137 4233 3436 4291 notandum
3466 4230 3631 4285 valde

2041 4355 2151 4410 est,
2192 4341 2321 4412 quid
2363 4339 2435 4395 sit
2485 4334 2629 4407 quod
2667 4335 2821 4389 dives
2862 4332 2917 4386 in
2953 4330 3077 4402 igne
3124 4325 3353 4396 positus,
3386 4321 3627 4391 linguam

2032 4444 2203 4493 ‘suam
2230 4428 2540 4500 refrigerari
2570 4427 2727 4497 petit.
2772 4423 2886 4478 Mos
2908 4421 3105 4491 quippe
3132 4426 3216 4474 cst
3235 4414 3376 4472 sacri
3405 4411 3633 4481 eloquii,

2047 4535 2110 4580 ut
2144 4519 2434 4592 aliquando
2477 4516 2624 4571 aliud
2665 4514 2833 4579 dicat,
2874 4510 2967 4568 sed
2994 4526 3059 4565 ex
3089 4508 3280 4564 eodem
3311 4500 3630 4560 dictoraliud

2051 4622 2259 4677 innuat.
2287 4612 2551 4684 Superius
2577 4616 2757 4662 autem
2788 4607 2933 4660 hunc
2961 4603 3252 4672 superbum
3277 4597 3498 4652 divitem
3528 4595 3632 4648 Do-

2051 4708 2232 4765 minus
2258 4721 2363 4760 non
2387 4700 2709 4771 loquacitate
2742 4702 3047 4759 vacantem,
3075 4693 3310 4753 dixerat,
3333 4688 3427 4744 sed
3448 4702 3635 4755 super-

2052 4800 2155 4854 ﬂue
2183 4795 2577 4853 convivantcm.
2617 4790 2806 4858 Neque
2831 4789 2976 4842 hunc
3004 4786 3072 4840 de
3101 4783 3426 4853 loquacitate
3448 4794 3634 4833 narra-

2053 4890 2152 4953 vit,
2183 4887 2277 4943 sed
2323 4900 2446 4940 cum
2483 4881 2721 4936 elatione
2755 4886 2811 4933 et
2848 4875 3060 4930 tenacia
3101 4873 3168 4928 de
3198 4871 3464 4927 edacitate
3512 4883 3639 4937 pec-

2058 4992 2237 5033 casse.
2282 4972 2390 5028 Sed
2431 4972 2556 5041 quia
2605 4967 2881 5024 abundare
2935 4965 2992 5018 in
3039 4961 3302 5018 conviviis
3340 4958 3639 5028 loquacitas

2061 5068 2230 5125 solet.
2268 5065 2316 5118 is
2359 5062 2451 5132 qui
2488 5060 2580 5115 hic
2620 5056 2759 5111 male
2783 5053 3102 5109 convivatus
3129 5050 3351 5113 dicitur,
3381 5046 3521 5115 apud
3552 5046 3639 5098 in-

2065 5159 2206 5215 feros
2231 5153 2448 5226 gravius
2478 5150 2530 5205 in
2560 5147 2741 5216 lingua
2772 5141 2962 5197 ardere
3004 5139 3339 5212 perhibetur.
3382 5136 3486 5191 Sed
3514 5148 3639 5188 cum

2066 5247 2216 5319 gravi
2240 5224 2413 5299 ‘valde
2455 5254 2653 5310 pavore
2679 5235 3016 5308 pensandum
3051 5240 3155 5295 est,
3198 5229 3341 5300 quod
3376 5224 3641 5295 Sequitur.

2140 5340 2208 5393 Et
2237 5336 2367 5391 dixit
2411 5332 2487 5387 illi
2532 5330 2796 5384 Abraham
2823 5341 2840 5379 :
2880 5324 3008 5391 Fili,
3037 5322 3330 5383 recordare,
3361 5316 3483 5387 quia
3502 5327 3645 5366 rece-

2068 5433 2190 5504 pisti
2211 5431 2345 5483 bona
2373 5428 2427 5480 in
2456 5426 2559 5480 rita
2591 5431 2705 5488 tua,
2726 5429 2775 5477 et
2797 5418 3039 5474 Lazarus
3058 5412 3298 5471 similiter
3315 5404 3475 5467 mala,
3507 5416 3645 5456 nunc

1570 5529 1830 5586 Dominus
1866 5526 1972 5581 duo
2072 5532 2246 5578 autem
2300 5518 2382 5571 hic
2426 5512 2749 5574 consolatur,
2793 5519 2849 5562 tu
2895 5524 3013 5563 rero
3041 5499 3314 5558 cruciaris.
3339 5494 3476 5550 Ecce
3500 5489 3647 5546 enim

936 5584 987 5608 ,η
1025 5584 1130 5614 Ψ...
1180 5584 1244 5595 ..ν
1286 5584 1341 5591 ,ν
1395 5584 1518 5600 ,πή
1574 5584 1595 5585 κ
1628 5584 1663 5586 η

936 5634 1226 5691 Habuissct
1271 5627 1417 5684 enim
1465 5624 1694 5679 fortasse
1740 5619 1973 5689 aliquam
2075 5629 2196 5669 cum
2227 5609 2420 5666 dicitur
2451 5623 2462 5659 :
2497 5600 2750 5671 Recepisti
2780 5600 2911 5653 bona
2951 5598 3006 5649 in
3032 5593 3134 5647 vita
3157 5600 3270 5651 tua,
3298 5584 3568 5670 indicatur
3591 5587 3648 5635 et

2078 5706 2227 5761 dives
2257 5700 2376 5763 istc,
2408 5703 2461 5749 et
2496 5691 2622 5748 boni
2662 5687 2861 5757 aliquid
2902 5683 3175 5747 habuisse,
3222 5690 3283 5731 ex
3316 5690 3421 5746 quo
3451 5674 3505 5729 in
3547 5674 3650 5729 hac
