3940 6206
274 289 371 344 555

1081 278 1596 337 COLLECTIONES
1634 277 1699 335 1N
1742 277 2124 336 EPISTOLAS
2160 280 2249 335 ET
2289 280 2700 336 EV’ANGELIA.

3412 284 3517 341 536

273 419 417 460 vare.
450 399 529 457 lbi
551 413 682 471 ergo
707 396 935 469 amplius
965 396 1194 461 ardebit,
1224 396 1317 452 ubi
1350 411 1408 451 se
1436 394 1671 450 ostendit
1702 394 1841 449 scire
1868 399 1922 458 Α
2018 397 2131 452 Nos
2159 399 2385 463 scimus,
2412 398 2502 468 qui
2528 397 2772 453 translati
2807 414 2987 452 sumus
3029 396 3093 453 de
3133 407 3298 452 morte
3334 401 3403 455 ad
3443 402 3524 458 ui-

274 496 410 570 quod
433 493 616 549 facere
640 490 829 547 noluit.
860 489 941 545 Ab
961 498 1206 544 extremo
1244 488 1395 559 digiti
1425 504 1484 545 se
1514 487 1661 558 tangi
1701 485 1845 541 desi-

274 586 441 651 derat,
496 581 624 657 quia
673 578 891 636 aeternis
926 578 1204 649 suppliciis
1237 576 1415 642 datus,
1451 584 1605 647 Optat
1654 590 1848 647 opera-

272 678 412 733 tione
430 673 730 746 justorum,
777 670 862 725 vel
888 669 1077 723 ultima
1112 667 1451 739 participari.
1487 665 1585 720 Cui
1617 679 1845 735 respon-

269 768 441 830 detur,
469 764 613 839 quod
652 764 705 818 in
735 762 838 818 hac
872 762 983 815 vita
1008 761 1147 815 bona
1201 758 1484 830 receperit,
1518 756 1644 827 quia
1687 770 1849 811 omne

269 873 424 914 suum
450 853 730 927 gaudium,
755 850 1064 907 felicitatem
1105 847 1474 903 transitoriam
1514 846 1726 919 putavit
1752 846 1849 902 ha-

272 948 415 1003 bere.
451 942 773 999 liic'etenim
806 947 1031 1011 possunt
1052 937 1256 1006 etjusti
1284 938 1426 992 bona
1463 936 1724 1007 recipere,
1750 948 1851 988 nec

271 1044 452 1090 tamen
481 1033 600 1088 haec
625 1031 868 1101 recipere
913 1029 969 1083 in
998 1027 1525 1096 recompensatione,
1566 1025 1692 1096 quia
1722 1024 1850 1081 dum

272 1124 516 1189 meliora,
551 1122 604 1178 id
652 1130 757 1187 est,
808 1128 1010 1176 aeterna
1058 1124 1338 1189 appetunt,
1388 1132 1575 1172 eorum
1622 1115 1846 1187 judicio,

270 1231 389 1286 qua:
416 1214 545 1270 licet
599 1213 743 1268 bona
783 1209 1091 1275 adfuerant,
1150 1224 1274 1264 cum
1312 1208 1516 1263 sanctis
1567 1207 1852 1262 desideriis

271 1315 520 1371 :estuant,
536 1305 679 1360 bona
706 1303 928 1358 minime
948 1301 1220 1357 videntur.
1252 1300 1397 1355 Inter
1413 1300 1530 1355 hinc
1554 1299 1851 1354 notandum

269 1406 367 1460 est,
416 1396 557 1466 quod
591 1395 640 1448 ei
691 1394 889 1448 dicitur
945 1410 958 1447 :
1022 1390 1306 1450 Memento.
1363 1391 1461 1460 ﬁli.
1508 1391 1651 1446 Ecce
1705 1390 1849 1445 enim

270 1489 543 1544 Abraham
576 1487 744 1541 tilium
772 1494 949 1549 vocat,
979 1500 1138 1555 quem
1166 1493 1344 1539 tamen
1375 1467 1403 1538 ξι
1434 1491 1704 1539 tormento
1740 1498 1849 1537 non

268 1580 485 1641 liberat,
517 1577 772 1648 quoniam
815 1571 975 1642 hujus
1013 1572 1245 1628 infidelis
1272 1572 1454 1643 pepuli
1480 1573 1850 1641 praecedentes

270 1678 454 1742 patres
477 1666 684 1733 fideles,
706 1664 835 1737 quia
858 1664 1055 1718 multos
1080 1678 1110 1717 a
1137 1677 1233 1717 sua
1257 1661 1362 1717 ﬁde
1385 1661 1633 1717 deviasse
1665 1660 1847 1715 consi-

1946 494 2075 553 tam,
2105 487 2351 557 quoniam
2374 488 2641 559 diligimus
2667 488 2876 557 fratres.
2909 486 3079 545 Nemo
3120 504 3178 544 se
3213 488 3279 545 de
3307 489 3523 548 virtuti-

1945 576 2048 632 bus
2071 576 2204 637 falso
2234 577 2479 644 extollat,
2496 592 2658 633 nemo
2685 593 2903 631 suarum
2936 578 3126 633 virium
3149 587 3523 649 paupertatem

1946 670 2087 726 ultra
2126 673 2347 727 modum
2390 679 2613 727 metuat.
2648 670 2906 741 Apertum
2946 670 3038 725 dat
3072 669 3363 740 judicium,
3404 674 3525 743 qui-
3596 709 3600 712 -

1948 775 2160 831 cunque
2189 760 2428 817 fraterna
2462 762 2749 818 dilectione
2774 762 2965 831 plenus
2999 769 3111 828 est,
3141 764 3265 832 quia
3304 764 3371 819 ad
3406 780 3526 821 sor-

1949 858 2061 904 tem
2085 848 2381 904 electorum
2423 851 2684 919 pertinet,
2717 850 2842 920 quia
2885 851 3184 920 portionem
3229 854 3429 911 habere
3467 854 3521 911 in

1951 948 2095 994 terra
2125 940 2420 995 viventium
2446 941 2661 996 meruit.

2022 1028 2126 1096 Qui
2163 1045 2266 1084 non
2298 1030 2471 1101 diligit
2507 1031 2756 1101 fratrem,
2785 1042 2957 1086 manet
2989 1032 3045 1087 in
3079 1042 3263 1088 morte.
3296 1034 3523 1091 Mortem

1951 1120 2144 1175 animat
2169 1121 2316 1175 dicit.
2347 1120 2540 1176 Anima
2561 1121 2703 1176 enim
2728 1138 2845 1191 qure
2864 1123 3176 1192 peccaverit,
3201 1124 3314 1193 ipsa
3343 1125 3528 1179 morie-

1950 1220 2040 1264 tur
2066 1209 2280 1280 (Ezeclt.
2311 1210 2499 1282 xvm).
2539 1211 2660 1266 Vita
2695 1212 2891 1282 quippe
2924 1213 3134 1277 carnis,
3171 1215 3348 1268 anima
3370 1256 3384 1280 ,
3413 1215 3523 1269 vita

1951 1300 2143 1354 animae
2169 1299 2312 1357 Deus
2345 1309 2448 1355 est.
2494 1300 2637 1357 Mors
2661 1302 2935 1371 corporis,
2975 1304 3225 1359 amittere
3261 1305 3520 1369 animam,

1950 1405 2097 1447 mors
2124 1391 2335 1457 animae,
2365 1392 2617 1447 amittere
2642 1392 2831 1446 Deum.
2866 1391 3019 1457 Unde
3044 1402 3272 1459 constat,
3303 1396 3444 1463 quod
3470 1396 3524 1450 in

1950 1481 2130 1535 anima
2160 1483 2358 1536 mortui
2392 1497 2581 1536 omnes
2608 1482 2663 1535 in
2695 1483 2799 1536 hac
2827 1481 2945 1535 luce
2975 1483 3271 1548 nascimur,
3301 1486 3524 1539 trahen-

1950 1581 2031 1628 tes
2060 1588 2127 1628 ex
2156 1573 2326 1627 Adam
2357 1572 2618 1644 originale
2647 1580 2926 1642 peccatum
2948 1614 2962 1635 ,
2995 1575 3087 1628 sed
3118 1573 3320 1630 Christi
3353 1577 3521 1644 gratia

1951 1660 2200 1716 fidelibus
2223 1662 2590 1731 regenerando
2618 1661 2796 1731 agitur
2820 1670 2881 1715 ut
2910 1661 2965 1715 in
2989 1661 3167 1716 anima
3192 1663 3373 1718 vivere
3397 1679 3524 1732 pos-

268 1763 482 1825 derant,
510 1776 606 1817 eos
629 1758 773 1814 nulla
806 1757 1178 1827 compassione
1209 1771 1241 1810 a
1279 1755 1565 1811 tormentis
1590 1753 1846 1824 eripiunt,
1876 1744 1925 1804 B
1954 1750 2081 1805 sint.
2117 1750 2351 1806 Verbum
2386 1751 2757 1821 baptismatis,
2790 1759 2844 1805 et
2881 1750 3003 1806 fidei
3042 1753 3385 1822 mysterium,
3422 1753 3528 1808 illis

269 1870 405 1924 quos
432 1861 610 1907 tamen
632 1865 731 1921 per
758 1863 980 1905 carnem
1024 1847 1165 1902 filios
1192 1851 1602 1915 recognoscant.
1654 1843 1712 1897 in
1738 1851 1849 1897 tor-

269 1943 470 1999 mentis
514 1951 696 1998 autem
724 1939 875 1995 dives
900 1938 1124 2007 positus,
1154 1936 1391 2006 quinque
1425 1950 1485 1990 se
1513 1933 1710 1988 fratres
1751 1933 1850 1988 ha-

268 2034 399 2088 bere
418 2031 689 2104 perhibet,
717 2028 842 2099 quia
867 2028 1130 2098 superbus
1156 2027 1297 2081 idem
1316 2023 1573 2079 Iudaicus
1599 2022 1845 2094 populus,

269 2125 361 2193 qui
376 2139 445 2178 ex
468 2136 664 2194 magna
678 2118 792 2188 jam
814 2127 969 2189 parte
994 2117 1279 2173 damnatus
1299 2122 1401 2170 est.
1432 2114 1709 2184 Sequaces
1723 2126 1851 2167 suos

270 2228 409 2284 quos
436 2226 601 2283 super
634 2218 836 2265 terram
860 2208 1093 2278 reliquit,
1120 2207 1358 2277 quinque
1387 2204 1633 2260 sensibus
1654 2217 1847 2274 corpo-

269 2306 345 2360 ris
396 2303 604 2361 deditos
646 2300 817 2357 novit.
877 2298 1138 2366 Quinario
1181 2312 1310 2366 ergo
1364 2309 1591 2350 numero
1648 2291 1849 2348 fratres

269 2398 407 2467 quas
450 2394 744 2464 reliquerat
779 2392 1049 2462 exprimit,
1081 2390 1204 2460 quia
1228 2404 1322 2447 eos
1349 2388 1417 2443 ad
1444 2385 1742 2457 spiritalem
1765 2384 1850 2439 in-

271 2485 623 2556 telligentiam
647 2498 752 2536 non
775 2494 1081 2551 assurgere,
1103 2479 1158 2534 in
1190 2476 1402 2533 inferno
1428 2476 1635 2547 positus
1662 2475 1846 2546 gemit.

270 2580 417 2636 Petit
444 2586 506 2633 ut
540 2577 609 2631 ad
634 2590 730 2631 eos
754 2573 990 2629 Lazarus
1016 2572 1284 2643 mittatur,
1315 2569 1402 2625 cui
1423 2568 1566 2638 quod
1594 2567 1774 2622 Mosen
1796 2573 1853 2621 et

270 2672 566 2742 prophetas
602 2667 838 2722 habeant
869 2663 1088 2720 dicitur.
1119 2661 1227 2718 Sed
1267 2650 1345 2715 ait
1380 2677 1394 2713 :
1435 2657 1574 2725 Quia
1604 2674 1706 2711 non
1738 2671 1850 2709 cre-

270 2761 425 2825 dunt,
456 2758 560 2812 nisi
604 2756 720 2828 quis
746 2770 810 2809 ex
846 2754 1062 2809 mortuis
1092 2748 1453 2805 "surrexerit.
1482 2745 1580 2801 Cui
1604 2745 1851 2816 protinus

270 2848 631 2920 respondetur
658 2863 674 2900 :
708 2844 764 2901 Si
791 2842 974 2898 Mosen
995 2852 1043 2897 et
1062 2841 1340 2913 prophetas
1355 2854 1461 2891 non
1485 2836 1728 2898 audiunt,
1758 2849 1851 2887 nec

272 2944 314 2997 si
359 2942 477 3012 quis
504 2956 569 2995 ex
596 2937 815 2992 mortuis
849 2932 1210 2997 resurrexerit,
1260 2928 1464 2984 credent
1485 2926 1551 2981 ei.
1596 2923 1756 2981 Certe
1785 2923 1851 2978 de

272 3032 425 3088 biose
483 3030 686 3085 veritas
719 3027 907 3082 dicit:
940 3021 997 3078 Si
1040 3020 1314 3076 crederetis
1359 3015 1519 3082 Mosi,
1573 3012 1850 3069 crederetis

1953 1842 2082 1898 solis
2118 1828 2368 1912 prodest,
2410 1842 2531 1898 illos
2566 1842 2632 1897 de
2676 1852 2849 1897 morte
2887 1841 3089 1911 trajicit
3127 1844 3195 1897 ad
3230 1844 3395 1899 vitam
3434 1845 3526 1913 qui

1951 1933 2162 1988 sincera
2203 1942 2385 1988 mente
2422 1933 2651 2003 diligunt
2692 1931 2911 1988 fratres.
2956 1933 3132 2003 Atque
3169 1934 3290 1990 ideo
3336 1944 3529 1991 notan-

1952 2022 2111 2088 dum,
2142 2023 2287 2092 quod
2319 2037 2425 2079 non
2452 2023 2531 2089 ait
2558 2040 2572 2077 :
2607 2021 2707 2091 Qui
2744 2038 2850 2078 non
2877 2023 3050 2094 diligit
3078 2033 3336 2080 venturus
3359 2034 3442 2080 est
3472 2026 3529 2084 in

1952 2120 2214 2178 mortem,
2247 2112 2402 2182 quasi
2433 2113 2499 2167 de
2537 2128 2697 2183 paena
2735 2121 2995 2183 perpetua
3032 2112 3367 2184 loqueretur,
3408 2130 3527 2183 qua:

1951 2211 2121 2258 restat
2162 2202 2542 2273 peccatoribus
2569 2203 2626 2259 in
2663 2202 2876 2270 futuro,
2922 2203 3014 2259 sed
3054 2204 3144 2275 qui
3189 2221 3293 2259 non
3334 2204 3528 2276 diligit,

1951 2294 2143 2364 inquit,
2169 2304 2342 2348 manet
2366 2294 2420 2348 in
2446 2304 2630 2361 morte,
2665 2297 2717 2349 in
2752 2295 2837 2350 illa
2878 2296 3064 2368 utique
3093 2304 3301 2363 morte,
3332 2299 3399 2354 de
3423 2315 3528 2368 qua

1949 2388 2110 2442 etiam
2128 2388 2179 2442 in
2204 2389 2306 2443 hac
2321 2387 2427 2443 vita
2450 2388 2493 2443 si
2518 2387 2714 2445 fratres
2728 2387 2964 2460 perfecte
2992 2378 3214 2455 amaret,
3233 2406 3528 2463 exsurgere

1948 2486 2145 2547 posset.
2182 2478 2317 2534 illnc
2345 2479 2541 2533 etenim
2572 2478 2713 2534 Deus
2750 2480 2802 2534 in
2840 2480 3158 2551 Apocalypsi
3197 2499 3210 2534 :
3249 2480 3445 2537 Beatus
3481 2491 3530 2535 et

1949 2578 2158 2622 sanctus
2186 2569 2276 2640 qui
2300 2568 2453 2625 habet
2479 2586 2620 2639 spem
2643 2569 2699 2624 in
2722 2571 3097 2625 resurrectione
3125 2572 3295 2642 prima
3314 2611 3329 2636 ,
3364 2572 3421 2626 in
3448 2572 3530 2627 his

1949 2660 2177 2715 secunda
2206 2676 2346 2714 mors
2383 2676 2487 2717 non
2510 2660 2662 2715 habet
2687 2671 2989 2732 potestatem
3015 2660 3197 2734 (Apoc.
3228 2662 3342 2734 xx).

2023 2756 2207 2811 Omnis
2242 2758 2331 2827 qui
2373 2757 2485 2812 odit
2532 2757 2748 2827 fratrem
2791 2775 2978 2825 suum,
3013 2760 3275 2815 homicida
3309 2768 3385 2813 est
3417 2757 3530 2831 (Ex

1949 2846 2221 2919 August.).
2253 2845 2313 2904 Si
2340 2849 2722 2905 contemnebat
2741 2848 2970 2919 quisque
2992 2849 3175 2904 odium
3200 2848 3527 2915 fraternum,

1932 2937 2193 3011 nunquid
2231 2945 2286 2992 et
2329 2936 2681 2993 homicidium
2710 2937 2765 2992 in
2803 2939 2967 2995 corde
3003 2953 3103 2994 suo
3128 2946 3533 3007 contempturus

1953 3029 2071 3084 est?
2095 3027 2214 3083 Non
2240 3036 2420 3084 movet
2448 3044 2640 3084 manus
2669 3029 2736 3083 ad
2761 3029 3118 3085 occidendum
3145 3030 3416 3084 hominem
3435 3071 3451 3095 ,
3478 3038 3536 3084 et

271 3120 454 3191 utique
490 3127 539 3172 et
580 3116 737 3181 mihi;
776 3114 841 3169 de
881 3128 964 3166 me
1008 3110 1144 3165 enim
1192 3107 1281 3162 ille
1321 3103 1526 3176 scripsit
1561 3102 1743 3177 (Joan.
1771 3101 1847 3175 v).

1962 3119 2226 3175 homicida
2259 3117 2371 3188 jam
2408 3126 2622 3179 tenetur
2660 3135 2691 3175 a
2728 3119 2986 3187 Domino,
3022 3120 3157 3175 vivit
3197 3120 3313 3187 ille,
3344 3127 3400 3175 et
3431 3092 3537 3176 iste

270 3208 534 3280 [inpletur
575 3219 703 3275 ergo
742 3202 883 3273 quod
907 3215 1004 3271 per
1028 3198 1258 3253 Abraha:
1278 3195 1683 3267 responsionem
1716 3192 1854 3247 dici-

274 3310 385 3357 tur.
434 3300 518 3355 Ex
553 3296 785 3352 mortuis
824 3292 968 3349 enim
993 3290 1255 3346 Dominus
1282 3286 1598 3352 resurrexit,
1637 3286 1733 3342 sed
1760 3283 1855 3340 Ju-

273 3394 465 3448 daicns
485 3388 733 3460 populus,
762 3383 891 3455 quia
919 3381 1055 3438 Mosi
1092 3382 1314 3437 credere
1341 3377 1534 3443 noluit,
1567 3377 1618 3432 ei
1665 3377 1850 3440 etiam,

274 3483 369 3553 qui
433 3477 730 3535 resurrexit
790 3489 859 3529 ex
924 3473 1170 3539 mortuis,
1236 3468 1457 3526 credere
1510 3468 1852 3538 contempsit.

274 3573 523 3642 Curaque
595 3567 730 3623 Mosi
798 3566 960 3621 verba
1017 3562 1339 3635 spiritaliter
1400 3558 1700 3631 intelligere
1765 3570 1855 3613 re-

274 3662 416 3726 nuit,
476 3659 547 3713 ad
588 3658 759 3713 Deum
803 3656 869 3711 de
906 3668 1015 3725 quo
1061 3651 1235 3708 Moses
1269 3651 1481 3706 locutus
1521 3649 1719 3704 fuerat.
1750 3658 1858 3701 non

275 3751 548 3825 pervenit.
1160 3791 1168 3799 .

474 3836 891 3897 HEBDOMADA
924 3836 990 3892 ill
1021 3833 1197 3892 POST
1230 3830 1655 3889 PENTECOST.

267 3932 537 3989 EPISTOLA
580 3946 745 3987 PBIIA
793 3944 951 3985 ΒΕΔΊΊ
1004 3941 1221 3983 ιολκμιε
1268 3938 1554 3991 Ανοετοιι,
1604 3939 1723 3979 CAP.
1774 3937 1857 3978 111.

355 4044 377 4077 ι
410 4024 592 4080 Nolite
641 4021 830 4077 mirari
868 4021 915 4075 si
945 4019 1060 4075 odit
1086 4033 1184 4074 vos
1218 4016 1468 4073 mundus.
1508 4013 1619 4071 Nos
1660 4014 1861 4070 scimus

289 4140 306 4173 ι
332 4119 596 4191 quoniam
622 4113 871 4170 translati
901 4126 1088 4167 sumus
1116 4111 1182 4166 de
1210 4117 1381 4164 morte
1409 4108 1478 4163 ad
1505 4108 1699 4171 vitam,
1727 4119 1862 4175 quo-

282 4232 301 4265 ι
333 4214 485 4268 niam
514 4208 789 4279 diligimus
814 4204 1033 4260 fratres.
1079 4203 1180 4271 Qui
1208 4218 1315 4258 non
1352 4200 1554 4271 diligit,
1586 4205 1771 4253 manet
1806 4197 1862 4252 in

283 4325 303 4356 ι
336 4310 537 4358 auerte.
564 4298 755 4355 Omnis
774 4296 868 4367 qui
891 4296 1006 4351 odit
1027 4294 1250 4349 fratrem
1271 4309 1448 4359 suum,
1468 4290 1736 4371 homicida
1757 4298 1859 4356 est,

285 4413 304 4445 ι
334 4401 394 4449 et
438 4390 595 4447 scitis
639 4389 767 4458 quia
812 4387 992 4443 omnis
1031 4386 1304 4443 homicida
1342 4401 1448 4441 non
1492 4384 1655 4440 habet
1694 4384 1863 4438 vitam

1949 3210 2062 3282 jam
2089 3209 2404 3267 interfector
2421 3209 2718 3281 iudicatur.

2025 3301 2097 3356 Et
2122 3303 2265 3357 scitis
2294 3302 2541 3375 quoniam
2578 3304 2745 3359 omnis
2773 3303 3036 3359 homicida
3062 3320 3164 3361 non
3192 3303 3343 3359 habet
3378 3304 3539 3360 vitam

1955 3389 2205 3448 (sternam
2250 3393 2305 3446 in
2343 3410 2397 3447 se
2446 3402 2761 3448 manentem.
2817 3394 2884 3448 Et
2932 3393 3022 3449 hic
3052 3407 3149 3463 per
3189 3392 3348 3448 fidem
3396 3394 3539 3449 inter

1957 3491 2177 3539 sanctos
2205 3482 2388 3538 vivere
2418 3483 2681 3549 cernitur,
2714 3497 2823 3538 non
2852 3483 3016 3538 habet
3048 3481 3101 3537 in
3136 3497 3194 3536 se
3220 3490 3535 3553 perpetuam

1956 3574 2124 3631 vitam
2148 3582 2474 3630 manentem.
2504 3573 2641 3630 Nam
2675 3574 2768 3630 ubi
2806 3574 3179 3630 retributionis
3209 3582 3421 3645 tempus
3446 3575 3540 3630 ad-

1955 3664 2165 3729 veniet,
2196 3679 2320 3719 cum
2353 3662 2484 3719 Cain
2519 3664 2611 3735 qui
2638 3678 2705 3721 ex
2729 3662 2962 3737 maligno
2993 3670 3141 3729 erat,
3172 3662 3536 3728 damnabitur,

1958 3752 2122 3808 etiam
2149 3753 2243 3825 qui
2272 3753 2547 3809 homicidii
2577 3768 2777 3825 genere
2802 3760 3038 3818 tenetur,
3070 3759 3131 3807 ut
3155 3752 3447 3819 discordet,
3478 3761 3537 3809 ut

1958 3842 2248 3910 dissideat,
2279 3851 2336 3900 et
2368 3858 2557 3916 pacem
2593 3859 2719 3900 cum
2747 3841 3007 3899 fratribus
3043 3857 3150 3897 non
3181 3841 3398 3898 habeat.
3429 3841 3543 3897 No-

1958 3934 2182 3992 tandum
2209 3935 2353 3992 enim
2392 3937 2536 4006 quod
2565 3951 2673 3991 non
2702 3935 2779 3990 ait
2817 3934 3088 3999 absolute,
3131 3933 3401 3988 homicida
3430 3949 3538 3988 non

1959 4023 2124 4079 habet
2147 4023 2319 4079 vitam
2344 4024 2399 4079 in
2428 4038 2488 4080 se
2514 4032 2844 4089 manentem,
2877 4023 2974 4079 sed
3000 4022 3196 4086 omnis,
3222 4021 3416 4092 inquit,
3444 4021 3542 4077 ho-

1958 4114 2191 4178 micida,
2233 4113 2439 4170 scilicet
2486 4129 2595 4168 non
2625 4113 2774 4171 solus
2802 4113 2895 4169 ille
2923 4112 3017 4182 qui
3055 4111 3234 4177 ferro,
3264 4126 3452 4166 verum
3484 4121 3542 4168 et

1961 4202 2052 4257 ille
2076 4203 2170 4273 qui
2199 4202 2322 4259 odio
2348 4202 2572 4257 fratrem
2602 4201 2927 4271 insequitur.

2033 4294 2102 4348 In
2129 4293 2227 4349 hoc
2256 4294 2589 4365 cognovimus
2614 4293 2921 4348 charitatem
2944 4292 3063 4359 Dei,
3085 4301 3192 4348 etc.
3215 4292 3400 4360 Qualis
3420 4308 3541 4364 per-

1966 4386 2106 4442 fecta
2131 4385 2369 4441 Charitas
2397 4400 2518 4441 esse
2545 4384 2736 4440 debeat
2772 4385 2826 4439 in
2862 4384 3047 4449 nobis,
3076 4383 3374 4441 Dominicte
3414 4400 3540 4456 pas-

282 4501 304 4535 ο
333 4494 601 4537 sternam
629 4452 686 4534 in
716 4491 776 4534 se
810 4484 1138 4532 manentem.
1180 4476 1239 4531 in
1270 4474 1374 4531 hoc
1408 4484 1587 4530 autem
1611 4473 1864 4545 cognovi-
1887 4452 1941 4513 D
1966 4478 2133 4535 sionis
2160 4478 2407 4550 exemplo
2449 4478 2753 4536 didicimus.
2783 4478 3038 4548 Maiorem
3067 4494 3297 4550 namque
3324 4452 3431 4536 hac
3460 4480 3541 4537 di-

283 4594 305 4627 ι
334 4589 459 4630 mus
483 4573 806 4644 charitatem
834 4571 966 4637 Dei,
1011 4569 1264 4639 quoniam
1298 4567 1390 4624 ille
1415 4581 1514 4638 pro
1548 4566 1705 4622 nobis
1745 4565 1862 4621 ani-

283 4684 304 4716 s
336 4681 486 4720 mam
516 4678 672 4720 suam
696 4661 899 4733 posuit,
928 4667 985 4715 et
1026 4674 1126 4715 nos
1161 4658 1421 4714 debemus
1461 4671 1563 4728 pro
1603 4654 1863 4712 fratribus

284 4774 308 4805 ι
340 4752 559 4811 animas
592 4766 817 4825 ponere.
862 4750 965 4818 Qui
1013 4749 1265 4806 habuerit
1306 4745 1667 4804 substantiam
1703 4746 1865 4818 hujus

290 4865 310 4899 s
345 4847 568 4912 mundi,
598 4852 655 4901 et
686 4842 883 4899 viderit
911 4840 1135 4897 fratrem
1170 4855 1327 4895 suum
1362 4838 1743 4895 necessitatem
1767 4852 1865 4907 pa-

288 4960 313 4993 s
347 4938 571 4993 dentem
588 4976 603 5003 ,
632 4943 690 4991 et
724 4933 981 4991 clauserit
1012 4933 1221 4987 viscera
1246 4944 1343 4987 sua
1372 4930 1442 4985 ab
1476 4944 1562 4994 eo,
1597 4929 1866 4999 quomodo

290 5051 313 5083 ι
339 5029 584 5085 charitas
616 5027 712 5083 Dei
738 5033 919 5082 manet
943 5024 999 5079 in
1020 5024 1126 5079 eo?
1165 5021 1345 5078 Filioli
1369 5021 1507 5088 mei,
1546 5036 1656 5076 non
1684 5018 1871 5091 diliga-

293 5139 315 5172 ι
348 5135 470 5176 mus
499 5118 689 5183 verbo,
720 5131 900 5188 neque
923 5116 1137 5186 lingua,
1168 5113 1266 5170 sed
1287 5127 1452 5184 opere
1479 5118 1536 5168 et
1559 5112 1806 5168 veritate.
1843 5128 1863 5163 ι

371 5211 553 5266 Nolite
600 5210 789 5265 mirari
848 5209 895 5263 si
934 5208 1042 5263 odit
1103 5221 1190 5261 vos
1234 5202 1458 5259 mundus
1506 5199 1619 5275 (Ex
1667 5197 1866 5273 Beda).

286 5304 556 5359 blandum
601 5302 889 5359 dilectores
936 5298 1121 5354 mundi
1169 5296 1317 5353 dicit.
1369 5293 1481 5351 Nec
1529 5293 1834 5348 mirandum
1851 5331 1867 5358 ,

285 5396 424 5466 quia
449 5396 544 5467 qui
581 5402 767 5450 amant
800 5394 1092 5458 mundum,
1132 5387 1356 5445 fratrem
1393 5403 1424 5443 a
1462 5385 1648 5442 mundi
1687 5396 1872 5441 amore

282 5496 633 5557 separatum,
678 5494 735 5543 et
770 5484 1080 5541 caelestibus
1121 5488 1333 5537 tantum
1370 5477 1649 5535 desideriis
1687 5477 1866 5533 inten-

291 5586 446 5642 tum,
479 5584 664 5632 amare
686 5592 791 5631 non
810 5573 1041 5645 possint.
1082 5570 1424 5627 Abominatio
1448 5577 1532 5626 est
1565 5569 1709 5627 enim
1749 5582 1873 5641 pec-

287 5670 472 5725 caturi
521 5668 742 5739 religio,
780 5676 840 5721 ut
869 5665 1149 5737 Scriptura
1175 5669 1426 5718 testatur.

1966 4568 2250 4627 lectionem
2277 4585 2440 4626 nemo
2464 4569 2657 4635 habet,
2687 4580 2751 4627 ut
2776 4571 3012 4627 animam
3042 4586 3192 4627 suam
3223 4579 3387 4642 ponat
3422 4573 3543 4645 quis

1966 4674 2067 4731 pro
2108 4660 2299 4716 amicis
2331 4660 2464 4717 suis.
2507 4660 2663 4718 Unde
2700 4670 2755 4717 et
2789 4660 2990 4718 Paulus
3026 4662 3103 4718 ait
3143 4680 3158 4718 :
3199 4661 3543 4720 Commendat

1968 4760 2143 4806 autem
2180 4750 2319 4807 Deus
2347 4767 2499 4807 suam
2528 4751 2836 4808 charitatem
2861 4753 2916 4807 in
2947 4753 3125 4820 nobis,
3153 4754 3400 4824 quoniam
3425 4771 3543 4809 cum

1969 4842 2142 4898 adhuc
2167 4853 2462 4915 peccatores
2489 4859 2738 4912 essemus,
2764 4842 3003 4899 Christus
3022 4861 3116 4917 pro
3137 4846 3284 4901 nobis
3309 4856 3544 4903 mortuus

1968 4944 2042 4990 est
2071 4934 2242 5008 (Rom.
2270 4934 2346 5008 v).
2372 4935 2523 4991 lianc
2545 4936 2736 4994 beatus
2772 4937 2964 4994 Petrus
3001 4940 3199 4996 habere
3226 4940 3542 4998 monebatur

1971 5038 2092 5079 cum
2106 5024 2331 5080 Domino
2342 5024 2555 5082 dicente
2572 5044 2585 5079 :
2606 5023 2780 5093 Petre,
2794 5043 2941 5082 amas
2955 5027 3224 5098 mePpasce
3238 5045 3355 5084 oves
3372 5046 3543 5095 meas;

1971 5115 2249 5188 respondit
2275 5132 2335 5172 se
2378 5132 2593 5185 amare,
2622 5118 2910 5191 statimque
2936 5119 3135 5175 audivit
3164 5134 3179 5174 :
3212 5118 3343 5176 Cum
3371 5132 3543 5177 autem

1970 5207 2232 5274 senueris,
2263 5206 2505 5261 extendes
2540 5223 2727 5263 manus
2761 5217 2912 5278 tuas,
2941 5217 2990 5262 et
3022 5207 3159 5263 alius
3194 5217 3243 5263 te
3267 5210 3467 5278 cinget,
3492 5216 3542 5264 et

1973 5297 2124 5351 ducet
2148 5313 2250 5368 quo
2283 5306 2339 5351 tu
2375 5313 2477 5351 non
2515 5298 2609 5351 vis.
2646 5296 2763 5353 Hoc
2796 5308 2971 5353 autem
3003 5298 3132 5354 dixit
3170 5292 3275 5371 (ait
3307 5299 3550 5369 Evange-

1972 5384 2126 5459 iium)
2145 5386 2471 5457 significans,
2494 5404 2598 5459 qua
2621 5397 2787 5443 morte
2808 5387 3193 5458 clari/icaturus
3218 5397 3347 5442 esset
3378 5386 3542 5440 Deum

1976 5476 2158 5550 (Joan.
2181 5477 2406 5550 ultimo).
2432 5477 2529 5533 Cui
2552 5479 2695 5534 enim
2721 5495 2960 5535 amorem
2982 5477 3254 5536 confitenti
3277 5490 3402 5531 suas
3418 5490 3542 5532 oves

1978 5571 2416 5637 commendarat,
2445 5588 2570 5628 cum
2609 5574 2664 5627 in
2693 5573 3058 5630 testimonium
3088 5569 3312 5642 perfecti
3347 5573 3543 5627 amoris

1979 5662 2212 5716 animam
2238 5678 2387 5717 suam
2413 5678 2510 5734 pro
2532 5663 2733 5718 eisicm
2759 5661 2948 5717 ovibus
2970 5672 3169 5730 ponere
3194 5659 3439 5716 docebat.
