3954 6200
401 371 509 428 355

1687 344 2041 408 SMARAGDI
2079 342 2371 401 ABBATIS

3579 336 3683 395 536

476 483 545 538 Et
575 495 669 537 nos
706 472 949 533 debemus
980 473 1184 528 animas
1220 485 1314 541 pro
1356 466 1608 538 fratribus
1638 479 1847 536 ponere.
1880 458 1987 515 Sed
2013 460 2067 521 Α
2092 456 2167 522 di,
2199 456 2254 510 in
2281 468 2389 525 quo
2418 453 2677 508 nimirum
2698 466 2797 508 nos
2819 465 3024 518 sumus,
3051 449 3193 506 sicut
3203 448 3522 520 jamdudum
3546 447 3684 508 Pan.

405 574 550 631 dicet
567 570 707 626 forte
733 565 927 636 aliquis
950 579 965 617 :
987 563 1054 618 Et
1072 559 1342 633 quomodo
1361 572 1581 627 possum
1607 553 1808 609 habere
1829 552 1988 607 istam

407 660 763 723 charitatem?
791 657 909 714 Noli
930 657 1038 711 cito
1057 654 1123 709 de
1145 659 1197 706 te
1226 652 1537 720 desperare,
1569 645 1709 701 forte
1735 651 1861 698 nata
1886 648 1992 707 est,

408 756 503 812 sed
529 750 765 808 nondum
799 745 1039 819 perfecta
1068 751 1169 798 est.
1204 740 1359 795 Nutri
1387 753 1506 794 eam
1526 778 1541 802 ,
1573 750 1641 791 ne
1679 731 1994 790 sull‘ocetur.

406 854 462 902 et
487 843 650 902 unde,
682 837 884 908 inquis,
913 835 1059 898 novi,
1093 843 1277 888 natam
1305 832 1358 885 in
1390 845 1476 885 me
1502 843 1622 885 esse
1652 827 1993 889 cbaritatem,

409 947 573 1004 quam
601 928 876 985 nutriam?
905 925 1029 980 audi
1058 922 1342 993 sequentia
1372 936 1387 975 :

481 1023 585 1089 Qui
612 1019 851 1075 habuerit
878 1016 1222 1072 substantiam
1253 1012 1468 1078 mundi,
1499 1021 1548 1067 et
1573 1011 1756 1065 viderit
1782 1008 1998 1078 fratrem

410 1129 564 1168 suum
607 1109 962 1163 necessitatem
1009 1103 1202 1157 habere
1227 1145 1241 1168 ,
1291 1111 1396 1158 etc.
1436 1102 1578 1156 Ecce
1621 1098 1764 1153 unde
1812 1095 2004 1165 incipit

411 1201 671 1264 charitas,
703 1198 748 1253 si
778 1195 1017 1251 nondum
1047 1209 1107 1248 es
1132 1193 1357 1248 idoneus
1382 1190 1519 1246 mori
1549 1204 1648 1259 pro
1680 1187 1868 1251 fratre,
1889 1184 2000 1252 iam

410 1292 635 1347 idoneus
661 1295 778 1343 esto
803 1285 934 1339 dare
956 1283 1021 1339 de
1048 1282 1157 1336 tuis
1184 1280 1533 1336 facultatibus
1561 1277 1741 1332 fratri.
1773 1274 1832 1330 Si
1855 1275 2002 1329 enim

414 1381 571 1436 fratri
602 1378 907 1434 molestiam
932 1372 1157 1445 patienti
1181 1387 1286 1426 non
1311 1369 1656 1439 compateris,
1680 1381 1789 1422 non
1815 1366 2003 1435 utique

404 1471 616 1534 Patris,
648 1485 714 1524 ex
748 1482 855 1538 quo
880 1466 1038 1520 ambo
1082 1461 1389 1534 regenerati
1430 1461 1600 1526 estis,
1627 1458 1867 1515 ebaritas
1889 1470 2006 1536 ma-

413 1571 508 1619 net
533 1563 587 1616 in
616 1568 691 1615 te.

486 1649 673 1706 Filioli
714 1651 847 1714 mei,
879 1664 983 1702 non
1022 1646 1303 1717 diligamus
1341 1644 1491 1700 verba
1534 1659 1626 1698 nec
1664 1641 1875 1714 lingua,
1914 1641 2005 1696 sed

417 1760 567 1814 apere
592 1752 638 1796 et
674 1741 904 1796 veritate.
934 1738 1107 1809 Opere
1136 1735 1414 1801 videlicet,
1450 1741 1511 1789 ut
1547 1748 1671 1788 cum
1702 1731 1876 1787 frater
1913 1739 2006 1786 aut

2093 548 2178 604 lus
2211 553 2445 602 testatur
2465 587 2480 612 ,
2518 544 2704 602 dicens
2741 559 2755 598 :
2794 542 2907 599 Nos
2941 545 2998 597 in
3030 560 3159 615 quos
3203 542 3336 614 ﬁnes
3370 543 3682 601 swculorum

2094 638 2427 694 devenerunt.
2463 636 2521 692 Si
2555 651 2684 707 ergo
2714 635 2827 707 jam
2874 636 3008 689 hora
3037 651 3210 691 (πωπω
3247 644 3334 691 est
3361 650 3485 691 cum
3521 651 3684 693 voca-

2094 749 2237 799 mur,
2266 739 2421 787 tanto
2461 732 2640 785 minus
2679 729 2937 784 debemus
2975 743 3237 785 excusare
3272 729 3524 785 convivio
3568 727 3689 796 Dei,

2096 832 2299 896 quanto
2346 824 2741 894 prepinqnasse
2784 819 2896 889 jam
2946 820 3222 897 cernimus
3266 820 3432 874 finem
3480 820 3686 875 saeculi.

2095 916 2305 972 Idcirco
2344 922 2525 969 autem
2564 914 2667 968 hoc
2710 911 3016 967 convivium
3059 910 3185 979 Dei,
3225 927 3332 966 non
3376 912 3685 981 prandium,

2099 1009 2193 1065 sed
2222 1023 2378 1064 etena
2402 1014 2652 1072 vocatur,
2688 1005 2813 1076 quia
2839 1011 2961 1075 post
2994 1002 3277 1073 prandium
3308 1016 3462 1058 cteua
3500 1009 3672 1061 restat

2099 1099 2168 1154 Et
2202 1098 2326 1169 quia
2367 1105 2630 1153 aeternum
2668 1096 2764 1150 Dei
2802 1093 3108 1149 convivium
3151 1093 3310 1147 nobis
3347 1092 3401 1147 in
3445 1103 3701 1149 extremo

2101 1190 2514 1264 praeparabitur,
2544 1197 2751 1243 rectum
2782 1187 2883 1243 fuit
2912 1195 2970 1241 ut
3004 1187 3107 1241 hoc
3135 1200 3242 1240 non
3282 1185 3571 1255 prandium
3601 1187 3700 1240 sed

2102 1299 2258 1341 ctena
2288 1289 2596 1337 vocaretur.
2634 1276 2743 1337 Sed
2777 1277 2900 1348 quis
2936 1292 3035 1347 per
3066 1277 3211 1331 hunc
3245 1289 3488 1333 servum,
3535 1270 3631 1343 qui
3665 1289 3697 1329 a

2102 1372 2493 1447 patrefamilias
2519 1369 2587 1426 ad
2610 1368 2947 1425 invitandum
2969 1366 3222 1429 mittitur,
3250 1366 3353 1420 nisi
3376 1362 3699 1435 praedicato-

2107 1486 2228 1528 rum
2255 1468 2389 1524 ordo
2417 1467 2679 1538 signatur.
2701 1462 2783 1516 Ad
2806 1461 3175 1531 repellendum
3207 1467 3387 1515 autem
3418 1457 3695 1513 fastidium

2108 1568 2385 1622 nostrum,
2419 1555 2535 1626 jam
2574 1562 2762 1626 parata
2801 1560 2927 1606 sunt
2963 1549 3178 1613 omnia,
3215 1550 3341 1619 quia
3378 1548 3445 1602 ad
3486 1549 3699 1604 abster-

2107 1653 2341 1725 gendum
2372 1647 2570 1704 mentis
2599 1654 2799 1701 nostrae
2822 1654 3083 1713 teporem,
3108 1641 3162 1695 in
3186 1655 3341 1695 cmna
3365 1638 3579 1695 Domini
3610 1639 3700 1695 ille

2108 1741 2267 1797 nobis
2294 1737 2586 1810 singularis
2613 1750 2785 1807 agnus
2816 1733 3027 1789 occisus
3055 1740 3168 1799 est,
3195 1730 3287 1801 qui
3326 1730 3450 1785 tulit
3472 1738 3700 1801 peccata

415 1848 572 1889 soror
601 1831 731 1885 nudi
765 1838 912 1893 sunt,
938 1838 992 1883 et
1015 1829 1255 1898 indigent
1278 1827 1423 1881 victu
1448 1824 1783 1895 quotidiano,
1816 1825 2003 1879 demus
2031 1819 2079 1879 Β
2106 1833 2315 1895 mundi,

415 1924 519 1989 eis,
544 1938 665 1994 quae
692 1920 999 1977 necessaria
1028 1928 1154 1975 sunt
1177 1914 1410 1989 corpori.
1435 1915 1718 1984 Similiter,
1748 1932 1871 1971 cum
1897 1914 2006 1987 Spi-

415 2014 662 2069 ritalibus
699 2010 857 2066 donis
899 2024 993 2065 eos
1040 2024 1201 2081 egere
1245 2000 1641 2078 conspicimus,
1686 2012 2008 2076 prazstemus

416 2120 605 2161 eorum
648 2101 961 2158 necessitati
1003 2116 1123 2170 quae
1162 2113 1470 2171 possumus.
1517 2097 1759 2154 Veritate
1803 2108 2006 2171 autem,

418 2208 480 2253 ut
528 2196 719 2252 eadem
760 2195 839 2250 eis
880 2192 1148 2248 beneficia
1191 2190 1423 2260 simplici
1462 2187 1766 2243 intensione
1808 2184 2008 2256 largia-

418 2305 566 2354 mur,
590 2297 643 2344 et
672 2302 779 2341 non
807 2292 1028 2356 propter
1053 2282 1267 2337 laudem
1296 2283 1586 2336 humanam
1606 2320 1621 2346 ,
1652 2293 1757 2333 non
1792 2286 2012 2348 propter

416 2380 753 2452 iactantiam,
788 2376 895 2432 non
928 2374 994 2430 ad
1024 2374 1278 2443 injuriam
1302 2371 1533 2426 aliorum
1552 2411 1567 2435 ,
1597 2368 1689 2440 qui
1716 2367 2011 2437 majoribus

418 2470 631 2541 praediti
653 2466 992 2531 substantiis,
1012 2464 1085 2519 nil
1109 2463 1216 2518 tale
1238 2461 1485 2517 fecerint.
1503 2459 1846 2527 Qurecunque
1867 2455 2012 2510 enim

423 2568 580 2617 mens
605 2555 910 2626 hujusmodi
945 2553 1112 2609 naevis
1138 2551 1397 2617 inficitur,
1427 2551 1479 2604 in
1502 2550 1604 2604 bac
1631 2548 1840 2619 puritas
1866 2546 2010 2602 veri-

419 2650 550 2704 tatis
589 2647 836 2702 habitare
875 2660 981 2699 non
1019 2643 1191 2707 valet,
1244 2641 1463 2696 tametsi
1500 2652 1663 2709 opera
1706 2636 2013 2692 dilectionis

420 2739 683 2812 proximis
732 2737 1043 2807 impendere
1088 2734 1319 2789 videtur.
1364 2732 1424 2786 ln
1491 2730 1597 2786 hoc
1664 2728 2014 2799 cognovimus

421 2830 677 2901 quoniam
709 2843 774 2884 ex
799 2826 1029 2881 veritate
1055 2839 1261 2888 sumus,
1291 2820 1344 2877 id
1363 2829 1468 2886 est,
1501 2835 1624 2876 cum
1647 2833 1811 2888 opera
1840 2818 1894 2871 in
1924 2830 2016 2870 ve-

421 2923 585 2977 ritate
617 2920 876 2985 facimus,
918 2924 1068 2989 patet
1102 2905 1231 2986 quia
1266 2922 1333 2968 ex
1372 2912 1603 2967 veritate
1650 2923 1867 2974 sumus,
1894 2923 2015 2977 quae

422 3014 567 3070 Deus
604 3021 715 3078 est,
743 3020 804 3067 ut
851 3020 977 3083 pote
1015 3009 1106 3080 qui
1143 3007 1260 3077 ejus
1299 3005 1685 3078 perfectionem
1717 3016 1816 3073 pro
1854 3001 2014 3056 modo

423 3113 612 3163 nostro
641 3104 939 3158 imitamur.
1664 3108 1667 3111 ν

460 3188 469 3196 ’
781 3204 1119 3247 evanescunt
1157 3205 1328 3256 ιῠοιε,
1355 3204 1471 3246 ειν.
1511 3200 1654 3244 le.

504 3302 523 3333 ι
569 3281 741 3336 Homo
769 3282 986 3351 quidam
1016 3279 1144 3334 fecit
1171 3289 1382 3335 coenam
1410 3293 1690 3350 magnam,
1721 3286 1775 3333 et
1804 3277 2015 3333 vocavit

433 3392 451 3425 ι
498 3373 715 3428 multos.
741 3373 808 3427 Et
833 3372 981 3427 misit
1008 3386 1224 3427 servum
1264 3386 1419 3426 suum
1460 3371 1595 3425 hora
1631 3382 1800 3427 ccenae
1832 3368 2015 3423 dicere

435 3484 453 3517 ι
500 3466 741 3521 invitatis
765 3470 826 3520 ut
851 3463 1126 3529 venirent,
1156 3464 1282 3534 quia
1303 3464 1417 3535 jam
1444 3471 1633 3535 parata
1663 3472 1787 3517 sunt
1809 3461 2010 3516 omnia.

434 3578 452 3611 ι
495 3559 563 3613 Et
592 3564 873 3626 cmperunt
898 3570 955 3610 se
983 3554 1143 3610 simul
1169 3570 1355 3610 omnes
1381 3570 1661 3610 excusare.
1689 3552 1905 3609 Primus
1928 3555 2010 3610 di-

435 3668 452 3699 ι
501 3648 577 3701 xit
609 3665 623 3701 :
657 3646 849 3702 Villam
886 3645 1025 3711 emi,
1067 3652 1122 3700 et
1158 3647 1379 3700 necesse
1418 3644 1593 3700 habeo
1632 3643 1815 3710 exire,
1846 3653 1900 3698 et
1935 3645 2014 3699 vi-

433 3766 451 3790 .
497 3740 621 3794 dere
648 3737 793 3792 illam
815 3778 829 3803 ,
873 3752 1002 3807 rogo
1029 3744 1083 3792 te
1123 3737 1262 3791 habe
1292 3750 1377 3790 me
1415 3745 1753 3791 excusatum.
1784 3736 1848 3790 Et
1877 3736 2015 3791 alter

435 3850 453 3882 ‹
500 3830 636 3884 dixit
661 3846 674 3883 :
699 3828 835 3899 Juga
873 3828 1034 3883 boum
1075 3828 1181 3883 emi
1205 3827 1464 3898 quinque,
1490 3835 1624 3882 eteo
1648 3828 1879 3898 probare
1902 3828 2007 3892 illa,

436 3940 455 3973 ί
501 3935 631 3991 rogo
668 3927 721 3973 te
755 3918 895 3975 babe
922 3933 1007 3974 me
1031 3928 1366 3975 excusatum.
1396 3919 1463 3973 Et
1491 3919 1628 3973 alius
1654 3920 1791 3975 dixit
1820 3938 1832 3974 :
1871 3920 2014 3977 Uxo-

436 4031 455 4063 ι
500 4026 611 4065 rem
636 4010 783 4076 duxi,
809 4017 862 4064 et
892 4010 1011 4065 ideo
1038 4024 1144 4064 non
1171 4023 1391 4079 possum
1419 4008 1622 4063 venire.
1660 4006 1727 4062 Et
1763 4022 2014 4065 reversus

438 4122 455 4155 ι
498 4118 718 4167 servus,
758 4101 1023 4157 nuntiavit
1053 4102 1269 4157 domino
1301 4116 1418 4156 suo.
1445 4100 1598 4155 Tune
1629 4101 1801 4157 iratus
1829 4108 2011 4171 pater-

437 4215 455 4247 ‹
499 4195 727 4251 familias
756 4193 893 4249 dixit
926 4208 1084 4249 servo
1113 4209 1210 4249 suo
1243 4212 1255 4246 ε
1284 4188 1384 4247 Exi
1413 4192 1522 4247 cito
1551 4192 1603 4246 in
1631 4192 1837 4262 plateas
1860 4202 1913 4246 et
1934 4192 2013 4247 vi—

436 4304 454 4336 ι
498 4302 591 4341 eos
635 4285 901 4350 civitatis,
950 4294 1004 4363 et
1046 4299 1308 4355 pauperes
1348 4300 1412 4339 ac
1467 4283 1699 4348 debiles,
1746 4299 1919 4340 cmcos
1959 4292 2013 4338 et

438 4397 455 4428 ι
502 4376 721 4433 claudos
748 4376 996 4449 introduc
1020 4377 1145 4431 huc.
1178 4376 1247 4431 Et
1278 4377 1352 4430 ait
1378 4391 1567 4432 servus
1600 4395 1612 4429 :
1645 4375 1902 4441 Domine,
1934 4376 2013 4432 fa-

438 4487 455 4518 ι
499 4478 644 4523 ctum
674 4475 756 4524 est
789 4477 847 4523 ut
879 4468 1188 4539 imperasti,
1222 4479 1276 4523 et
1309 4468 1485 4523 adhuc
1524 4468 1673 4523 locus
1701 4475 1804 4523 est.
1837 4466 1905 4523 Et
1938 4468 2013 4522 ait

438 4578 454 4609 ι
502 4562 759 4617 Dominus
787 4572 943 4616 servo
979 4576 994 4613 :
1025 4559 1125 4615 Exi
1152 4561 1205 4615 in
1237 4561 1353 4615 vias
1381 4568 1437 4615 et
1463 4575 1638 4631 sepes,
1669 4568 1724 4614 et
1753 4559 2014 4630 compelle

439 4669 456 4701 ι
504 4651 727 4716 intrare,
756 4660 816 4704 ut
847 4649 1134 4720 impleatur
1159 4649 1349 4705 domus
1376 4664 1515 4703 mea.
1547 4648 1679 4702 Dico
1711 4657 1889 4702 autem
1920 4665 2014 4703 vo-

439 4759 457 4791 c
504 4741 587 4796 bis
623 4741 765 4812 quod
805 4756 963 4794 nemo
1012 4740 1251 4794 virorum
1290 4739 1501 4795 illorqu
1552 4739 1642 4809 qui
1679 4739 1852 4794 vocati
1889 4744 2014 4793 sunt

438 4850 457 4883 ι
501 4833 737 4903 gustabit
766 4848 976 4887 orenam
1008 4847 1205 4887 meam.
1244 4851 1262 4883 ι
1698 4815 1704 4818 4

504 4920 676 4976 Homo
701 4922 915 4994 quidam
936 4923 1057 4994 fecit
1079 4939 1277 4977 caenam
1302 4938 1567 4993 magnam,
1591 4930 1638 4976 et
1665 4922 1857 4976 vocavit
1878 4921 2013 4978 ntul-

433 5020 511 5066 tos
539 5011 638 5085 (Ex
668 5012 934 5087 Hieron.).
985 5015 1117 5083 Quis
1161 5016 1263 5070 iste
1305 5024 1390 5071 est
1434 5017 1625 5082 homo,
1668 5014 1768 5070 nisi
1802 5016 1919 5085 ille,
1950 5018 2017 5074 de

433 5098 661 5174 qub~per
692 5106 1012 5175 prOphetam
1038 5108 1238 5163 dicitur
1271 5126 1283 5162 :
1321 5108 1391 5162 Et
1414 5108 1568 5163 homo
1590 5117 1685 5174 est,
1716 5118 1764 5162 et
1792 5110 1908 5179 quis
1937 5127 2018 5164 co—

433 5205 638 5267 gnoscet
665 5198 824 5251 eum?
852 5198 952 5266 Qui
983 5198 1110 5254 fecit
1138 5215 1351 5256 orenam
1384 5216 1636 5272 magnam
1656 5242 1670 5267 ,
1701 5201 1827 5270 quia
1855 5202 2017 5257 satie-

436 5297 596 5342 tatem
636 5287 792 5343 nobis
821 5288 1046 5346 interna:
1071 5290 1371 5346 dulcedinis
1404 5293 1760 5362 praeparavit,
1794 5292 1884 5362 qui
1922 5308 2016 5348 vo-

432 5391 521 5440 cat
549 5382 766 5449 multos,
793 5383 887 5439 sed
899 5384 1054 5454 pauci
1080 5385 1321 5450 veniunt,
1337 5385 1461 5456 quia
1483 5400 1868 5455 nonnunquam
1892 5384 2013 5455 ipsi,

434 5474 525 5545 qui
552 5474 601 5529 ei
629 5489 727 5544 per
758 5473 914 5530 fidem
949 5475 1175 5545 subjecti
1204 5484 1360 5543 sunt,
1392 5485 1595 5532 aeterno
1628 5476 1745 5547 ejus
1769 5474 2018 5531 convivio

435 5565 577 5620 male
606 5567 836 5622 vivendo
867 5568 1266 5624 contradicunt.

505 5653 575 5708 Et
600 5657 738 5712 misit
777 5675 981 5714 servum
1020 5674 1174 5715 suum
1210 5657 1342 5713 hora
1380 5674 1537 5714 ruente
1582 5657 1755 5714 dicere
1789 5658 2019 5713 invitatis

439 5754 496 5797 ut
524 5747 768 5817 venirent,
795 5758 902 5808 etc.
933 5750 1071 5821 Quid
1098 5751 1234 5807 hora
1260 5765 1449 5820 catum,
1481 5751 1585 5808 nisi
1615 5749 1737 5807 linis
1758 5759 1843 5808 est
1864 5766 2022 5807 mun-

2040 4524 2093 4584 D

2178 1923 2248 1977 Et
2292 1927 2551 1999 creperum
2596 1915 2755 1971 simul
2797 1931 2974 1969 omnes
3015 1928 3287 1967 excusare.
3340 1910 3515 1968 Ofi‘ert
3560 1911 3703 1966 Deus

2108 2014 2250 2086 quod
2280 2011 2459 2084 rogari
2488 2000 2692 2090 debuit,
2727 2022 2835 2062 non
2864 2013 3084 2077 rogatus
3115 2004 3246 2059 dare
3276 2002 3392 2058 vult
3415 2003 3562 2074 quod
3609 2003 3698 2058 vix

2109 2102 2319 2175 sperari
2356 2106 2569 2172 poterat
2604 2097 2732 2169 quia
2796 2096 3109 2166 dignaretur
3145 2091 3330 2163 largiri
3370 2091 3695 2161 postulatus.

2109 2195 2489 2252 Coutemnitur
2524 2204 2689 2251 vero,
2738 2194 2961 2260 paratas
3011 2184 3233 2253 delicias
3280 2183 3701 2239 resurrectionis

2110 2298 2328 2346 alterna:
2357 2284 2666 2357 denuntiat,
2703 2289 2759 2357 et
2787 2289 2969 2335 tamen
3005 2276 3163 2333 simul
3188 2290 3376 2333 omnes
3413 2281 3698 2334 excusant,

2112 2378 2206 2434 sed
2233 2377 2421 2433 dicunt
2448 2372 2614 2444 aliqui
2654 2384 2918 2428 excusare
2955 2362 3234 2432 nolumus,
3275 2366 3343 2420 ad
3384 2364 3515 2419 illud
3554 2364 3698 2419 enim

2112 2482 2365 2547 superna:
2405 2463 2718 2521 refectionis
2757 2459 3093 2524 convivium,
3124 2466 3176 2549 et
3200 2457 3382 2512 vocari
3420 2466 3475 2511 et
3503 2470 3702 2526 perve-

2112 2562 2231 2617 nire
2261 2552 2614 2632 gratulamur.
2646 2553 2748 2621 Qui
2776 2568 2964 2609 verum
2991 2550 3235 2623 profecto
3265 2550 3482 2615 dicunt,
3520 2549 3567 2604 si
3594 2563 3703 2603 non

2112 2656 2234 2726 plus
2265 2661 2479 2709 terrena
2507 2666 2670 2721 quam
2718 2648 2959 2706 caelestia
2987 2647 3235 2717 diligunt,
3267 2647 3312 2701 si
3337 2661 3442 2701 non
3469 2644 3710 2716 amplius

2114 2747 2278 2801 rebus
2326 2742 2703 2814 corporalibus
2748 2756 2911 2812 quam
2966 2737 3297 2809 spiritalibus
3324 2744 3705 2811 occupantur.

2117 2837 2271 2893 Unde
2296 2837 2633 2905 bicquoqne
2664 2834 2778 2905 ipsa
2824 2831 3203 2888 excusantium
3232 2844 3393 2885 causa
3428 2826 3709 2899 subjungio

2115 2935 2229 2993 tur,
2259 2941 2381 2981 cum
2409 2925 2658 2995 protinus
2684 2920 3018 2978 subinfertur
3057 2939 3069 2973 :

2189 3015 2404 3072 Primus
2424 3016 2557 3070 dixit
2576 3014 2625 3068 ei
2653 3027 2671 3065 :
2714 3010 2901 3066 Villam
2925 3011 3048 3075 emi,
3073 3019 3121 3063 et
3148 3024 3349 3085 necesse
3377 3007 3544 3061 habeo
3565 3006 3709 3061 exire

2117 3109 2289 3164 videre
2314 3107 2481 3171 illam,
2514 3113 2619 3161 etc.
2653 3103 2793 3172 Quid
2823 3117 2920 3173 per
2948 3100 3130 3156 villam
3150 3139 3165 3165 ,
3192 3098 3297 3153 nisi
3335 3106 3554 3153 terrena
3580 3096 3710 3151 sub-

2040 3173 2089 3236 (ἶ
2120 3199 2316 3254 stantia
2343 3197 2675 3267 designatur.
2704 3192 2845 3248 Exiit
2876 3206 3007 3261 ergo
3034 3189 3219 3247 videre
3242 3189 3447 3256 villam,
3478 3189 3572 3259 qui
3592 3187 3709 3247 sola

2116 3288 2389 3344 exteriora
2418 3286 2625 3356 cogitat
2648 3290 2869 3355 propter
2894 3280 3275 3338 substantiam.

2187 3379 2256 3433 Et
2286 3378 2421 3433 alter
2442 3377 2576 3431 dixit
2603 3393 2621 3431 :
2652 3374 2795 3447 luga
2827 3374 2981 3428 boum
3014 3373 3115 3427 emi
3148 3371 3396 3444 quinque,
3426 3379 3477 3424 et
3499 3386 3562 3424 eo
3584 3384 3707 3439 pro-

2116 3473 2240 3529 bare
2264 3470 2379 3537 illa,
2408 3486 2532 3541 rogo
2555 3479 2626 3533 te,
2651 3478 2757 3525 etc.
2790 3467 2929 3535 Quid
2958 3467 3197 3537 quinque
3218 3461 3363 3535 jugis
3389 3462 3576 3528 boum,
3602 3458 3711 3517 nisi

2115 3565 2353 3634 quinque
2380 3562 2625 3631 corporis
2660 3576 2853 3617 sensus
2886 3557 3219 3629 accipimus?
3245 3556 3337 3625 qui
3378 3563 3528 3610 recte
3567 3569 3708 3625 quo-

2115 3669 2220 3725 que
2254 3655 2385 3725 juga
2424 3653 2600 3709 vocati
2642 3659 2799 3715 sunt,
2844 3651 3061 3721 quia.in
3099 3659 3333 3718 utroque
3372 3661 3504 3702 sexu
3537 3645 3710 3712 gemi-

2074 3796 2077 3800 t
2116 3750 2333 3797 nantur.
2366 3742 2469 3809 Qui
2505 3742 2759 3796 videlicet
2803 3738 3111 3810 corporales
3145 3754 3367 3803 sensus,
3397 3738 3524 3808 quia
3559 3751 3708 3791 com-

2114 3832 2451 3903 prehendere
2515 3831 2769 3886 nesciunt
2815 3829 3025 3884 interna
3050 3869 3064 3894 ,
3123 3827 3220 3900 sed
3267 3826 3383 3882 sola
3428 3826 3707 3881 exteriora

2116 3933 2465 3999 cognoscunt,
2496 3930 2551 3979 et
2577 3924 2889 3979 deserentes
2918 3920 3128 3986 intima,
3160 3934 3223 3974 ea
3249 3934 3370 3989 quae
3394 3925 3546 3971 extra
3579 3924 3709 3973 sunt

2118 4024 2363 4089 tangunt,
2395 4023 2542 4070 recte
2574 4030 2673 4085 per
2712 4028 2805 4070 eos
2837 4012 3126 4071 curiositas
3151 4012 3489 4081 designatur.
3527 4008 3707 4064 Grave

2116 4122 2349 4179 namque
2379 4106 2711 4163 curiositatis
2738 4114 2825 4161 est
2845 4105 3066 4170 vitium,
3096 4121 3218 4175 qua:
3246 4106 3377 4161 dum
3416 4104 3709 4174 cujuslibet

2117 4211 2355 4259 mentem
2402 4201 2469 4255 ad
2505 4199 2933 4268 investigandum
2981 4199 3147 4252 vitam
3189 4196 3422 4267 proximi
3465 4195 3708 4253 exterius

2117 4292 2302 4357 ducit,
2334 4304 2547 4360 semper
2573 4290 2623 4344 ei
2653 4303 2753 4347 sua
2780 4286 2968 4341 intima
3007 4286 3310 4342 abscondit.
3350 4286 3579 4355 Propter
3604 4287 3709 4343 hoc

2118 4380 2374 4451 namque,
2401 4389 2457 4436 et
2485 4380 2551 4443 de
2574 4378 2776 4434 eisdem
2806 4377 3047 4447 quinque
3073 4375 3219 4446 jugis
3255 4378 3419 4432 boum
3454 4377 3659 4432 dicitur
3686 4395 3701 4433 :

2120 4473 2199 4527 Eo
2234 4473 2453 4545 probare
2487 4469 2614 4535 illa,
2653 4469 2778 4540 quia
2821 4468 3074 4523 videlicet
3109 4468 3401 4539 aliquando
3430 4469 3708 4538 pertinere

2120 4565 2366 4637 probatio
2399 4562 2468 4618 ad
2499 4561 2868 4617 curiositatem
2897 4559 3055 4615 solet.
3083 4557 3190 4619 Sed
3216 4559 3535 4627 notandum,
3560 4562 3705 4632 quod

2122 4665 2181 4713 et
2206 4656 2251 4711 is
2285 4655 2377 4725 qui
2400 4659 2620 4724 propter
2649 4651 2861 4717 villam,
2885 4658 2941 4706 et
2970 4651 3017 4706 is
3044 4652 3134 4720 qui
3169 4660 3389 4721 propter
3424 4654 3705 4722 probanda

2113 4747 2245 4819 juga
2270 4747 2452 4813 boum,
2470 4759 2501 4797 a
2531 4756 2687 4798 ctena
2712 4742 2796 4797 sui
2822 4743 3128 4801 invitatoris
3155 4752 3400 4809 excusat,
3416 4744 3584 4805 verba
3608 4746 3704 4801 bu-

2119 4834 2363 4911 militatis
2385 4831 2678 4904 permiscet
2702 4830 2904 4886 dicens.

2191 4925 2333 4997 Rogo
2355 4923 2570 4989 te,ltabe
2597 4938 2679 4976 me
2701 4932 3027 4987 excusatum.
3049 4923 3185 4981 Dum
3204 4926 3352 4981 enim
3377 4926 3533 4994 dicit,
3550 4943 3699 4999 rogo.

2117 5025 2173 5073 et
2203 5024 2385 5071 tamen
2415 5014 2600 5071 venire
2626 5016 2943 5081 contemnit,
2978 5016 3258 5074 humilitas
3279 5027 3439 5073 sonat
3462 5019 3517 5073 in
3547 5034 3698 5084 voce.

2115 5106 2366 5178 superbia
2401 5098 2740 5173 inlactione,
2779 5114 2833 5162 et
2874 5121 3002 5163 ecce
3052 5106 3157 5162 hoc
3209 5107 3467 5177 dijudicat
3502 5125 3699 5179 pravus

2117 5199 2345 5271 quisque
2385 5213 2507 5252 cum
2549 5196 2733 5263 audit,
2789 5212 2892 5253 nec
2937 5207 3117 5253 tamen
3162 5214 3227 5254 ea
3276 5214 3397 5270 qua:
3440 5200 3700 5272 diiudicat

2117 5305 2276 5363 agere
2307 5288 2535 5344 desistit.
2560 5286 2695 5342 Nam
2725 5288 2853 5342 dum
2879 5288 3100 5344 cuilibet
3124 5305 3377 5360 perverse
3414 5294 3594 5363 agenti
3618 5294 3697 5349 di-

2117 5384 2292 5440 cimus
2317 5400 2328 5434 :
2354 5380 2710 5445 Convertere,
2736 5378 3023 5435 Dominum
3051 5395 3307 5450 sequere,
3332 5385 3595 5443 mundum
3618 5397 3699 5441 re—

2118 5475 2334 5544 linque,
2370 5474 2460 5528 ubi
2492 5473 2670 5538 hunc,
2700 5472 2804 5527 nisi
2832 5473 2901 5527 ad
2937 5472 3517 5535 Dominicamcmnam
3551 5491 3703 5535 voca-

2118 5565 2278 5622 mus?
2309 5564 2414 5620 Sed
2441 5562 2569 5618 dum
2598 5563 2922 5634 respondet,
2951 5580 3047 5622 ora
3080 5582 3180 5638 pro
3208 5583 3333 5634 me,
3359 5568 3485 5639 quia
3517 5581 3713 5637 pecca-

2120 5666 2209 5713 tor
2240 5671 2391 5724 snm,
2416 5656 2521 5711 hoc
2555 5653 2737 5710 facere
2774 5669 2884 5711 non
2924 5673 3176 5729 possum,
3213 5660 3345 5729 quid
3382 5659 3527 5715 aliud
3573 5659 3708 5730 agit.

2122 5749 2227 5807 nisi
2256 5756 2413 5821 rogat
2436 5757 2489 5804 et
2515 5747 2776 5804 excusat?
2804 5746 2998 5804 Dicens
3029 5764 3263 5821 namque
3288 5759 3545 5821 peccator
3566 5763 3711 5818 sum,
