3954 6200
242 296 338 353 .557

1055 281 1577 342 COLLECTIONES
1612 282 1681 340 IN
1715 281 2098 340 EPISTOLAS
2136 284 2225 340 ET
2264 284 2679 342 EVANGELIA.

3412 287 3517 345 358

238 407 599 466 humilitatem
642 400 899 458 insinuat.
940 396 1285 472 Subjungens
1326 405 1544 464 autem,
1577 396 1826 454 converti
1852 398 1907 459 Α
1928 393 2121 465 ligunt,
2145 395 2242 451 sed
2266 396 2383 450 hrec
2411 393 2593 451 facere
2620 394 2922 460 desistunt,
2955 395 3042 450 his
3075 403 3136 450 ut
3162 396 3415 466 superius
3442 398 3528 454 di-

236 516 339 555 non
372 510 616 568 possum,
647 491 957 563 superbiam
989 491 1350 547 demonstrat.

306 589 374 644 Et
401 588 543 642 alius
578 585 712 640 dixit
739 598 758 637 :
792 581 1023 638 Uxorem
1061 582 1219 646 duxi,
1250 591 1298 636 et
1333 582 1449 637 ideo
1482 597 1587 636 non
1619 596 1830 650 possum

237 681 430 736 venire.
457 678 598 746 Quid
627 690 726 747 per
750 689 978 729 uxorem
1014 673 1117 728 nisi
1149 673 1401 744 voluptas
1428 674 1609 728 carnis
1634 672 1832 742 accipi-

239 769 357 826 tur?
381 767 520 824 Nam
558 766 807 836 quamvis
838 764 1044 819 bonum
1083 764 1155 819 sit
1189 762 1527 835 conjugium,
1562 770 1729 833 atque
1763 761 1832 817 ad

237 861 641 936 propagandam
684 858 926 915 sobolem
959 857 1300 928 providentia
1341 857 1520 912 divina
1571 856 1832 911 constitu-

237 966 373 1024 tum,
402 952 648 1011 nonnulli
678 961 861 1007 tamen
886 966 994 1006 non
1023 964 1123 1021 per
1146 951 1252 1005 hoc
1293 948 1680 1005 fecunditatem
1706 964 1832 1019 pro-

238 1046 323 1113 lis,
347 1046 445 1103 sed
465 1043 732 1100 desideria
758 1048 1018 1111 expetunt
1035 1039 1347 1111 voluptatis,
1370 1048 1426 1095 et
1447 1038 1570 1095 ideo
1591 1053 1691 1109 per
1714 1054 1831 1093 rem

236 1136 436 1206 iustam
464 1133 761 1207 significari
795 1139 976 1202 potest
1003 1146 1111 1186 non
1148 1131 1447 1203 incongrue
1479 1146 1571 1186 res
1603 1130 1827 1202 injusta.

237 1227 320 1283 Ad
341 1240 560 1281 orenam
586 1240 688 1280 nos
730 1238 864 1294 ergo
892 1220 1078 1278 aeterni
1106 1222 1342 1278 convivii
1364 1237 1612 1277 summus
1643 1231 1829 1293 pater-

236 1317 470 1374 familias
498 1316 716 1381 invitat,
744 1314 841 1371 sed
863 1314 989 1370 dum
1016 1314 1162 1369 hunc
1186 1321 1404 1369 terrena
1424 1328 1556 1369 cura
1579 1320 1828 1383 occupat,

236 1410 389 1466 illum
421 1408 586 1463 alieni
615 1416 773 1462 actus
810 1405 978 1478 sagax
1006 1404 1266 1476 cogitatio
1294 1407 1559 1461 devastat.
1594 1404 1831 1460 Alterius

235 1503 402 1559 etlam
429 1509 668 1557 mentem
689 1498 943 1568 voluptas
958 1496 1194 1553 carnalis
1219 1496 1486 1567 inquinat,
1514 1494 1832 1551 fastidiosus

235 1594 469 1664 quisque
494 1590 563 1645 ad
586 1597 804 1645 :eterna:
828 1588 954 1656 vitae
980 1586 1169 1657 epulas
1196 1601 1303 1641 non
1330 1584 1571 1641 festinat.

302 1688 376 1742 Et
398 1702 633 1742 reversus
652 1700 852 1749 servus,
878 1680 1136 1737 nuntiavit
1165 1680 1277 1736 htcc
1297 1679 1512 1733 domino
1530 1695 1649 1734 suo.
1683 1677 1830 1734 Tunc

235 1779 405 1833 iratus
438 1773 824 1847 paterfamilias
857 1771 991 1828 dixit
1013 1787 1159 1826 servo
1179 1786 1276 1825 suo
1302 1809 1316 1823 .
1342 1768 1451 1824 Exi
1489 1771 1591 1823 cito
1633 1769 1690 1824 in
1710 1768 1828 1839 pla-
1856 1751 1906 1812 Β

233 1879 368 1933 leas,
414 1878 463 1921 et
508 1866 650 1920 vicos
674 1863 901 1919 civitatis
923 1903 939 1928 ,
983 1877 1235 1932 pauperes
1268 1877 1330 1915 ac
1350 1858 1567 1927 debiles,
1588 1876 1753 1915 ctecos
1780 1868 1830 1914 ct

234 1958 457 2023 claudos
486 1956 731 2011 introduc
766 1956 887 2009 huc.
931 1953 1072 2009 Ecce
1110 1953 1204 2023 qui
1249 1960 1477 2007 terrente
1513 1953 1831 2015 substantia:

232 2051 356 2123 plus
376 2046 529 2119 justo
552 2047 793 2113 incubat,
822 2045 1009 2101 venire
1040 2044 1108 2099 ad
1133 2043 1469 2101 Dominicam
1496 2058 1713 2099 cuinam
1740 2059 1829 2099 re-

234 2149 424 2207 cusat,
451 2139 546 2210 qui
580 2138 767 2194 labore
803 2134 1195 2191 incuriositatis
1234 2133 1482 2198 insudat,
1525 2141 1829 2204 praeparata

233 2234 363 2288 vita:
399 2230 661 2286 alimenta
701 2226 945 2292 fastidit,
977 2223 1071 2295 qui
1098 2222 1409 2279 carnalibus
1432 2222 1715 2279 desideriis
1742 2222 1829 2277 in-

234 2326 437 2389 haret,
483 2320 744 2393 spiritalis
788 2317 1022 2374 convivii
1059 2315 1246 2387 epulas
1278 2315 1504 2384 respuit.
1535 2314 1671 2382 Quia
1700 2330 1831 2386 ergo

234 2416 425 2472 venire
449 2410 671 2482 superbi
693 2417 953 2474 renuunt,
974 2421 1244 2478 pauperes
1262 2405 1553 2477 eliguntur,
1574 2421 1674 2462 cur
1692 2406 1832 2463 hoc?

233 2507 341 2563 nisi
375 2504 508 2577 quia
536 2504 691 2575 juxta
731 2501 887 2557 Pauli
929 2515 1152 2565 vocem,
1194 2500 1409 2570 inﬁrma
1450 2499 1636 2556 mundi
1679 2498 1831 2571 elegit

232 2600 399 2665 Deus,
430 2608 491 2652 ut
518 2595 810 2666 confundat
834 2593 997 2664 fortia
1020 2591 1072 2666 (Ι
1098 2592 1222 2649 Cor.
1246 2591 1309 2664 ι).
1339 2580 1613 2661 Pauperes
1648 2600 1831 2648 autem

232 2700 288 2749 et
310 2689 523 2749 debiles
550 2688 827 2755 dicuntur,
855 2686 949 2756 qui
969 2685 1175 2755 judicio
1199 2700 1300 2741 suo
1331 2686 1475 2755 apud
1513 2685 1832 2757 semetipsos

230 2779 441 2837 infirmi
475 2787 623 2834 sunt.
658 2776 796 2832 Nam
823 2791 1089 2848 pauperes
1114 2786 1170 2832 et
1188 2776 1344 2846 quasi
1375 2775 1544 2831 fortes
1567 2783 1715 2842 sunt,
1738 2777 1831 2848 qui

231 2880 287 2927 et
310 2871 478 2942 positi
515 2871 572 2925 in
608 2874 929 2940 paupertate
964 2867 1301 2937 superbiuut.
1345 2865 1486 2921 Caici
1521 2879 1650 2921 vero
1682 2873 1831 2931 sunt,

229 2963 327 3033 qui
373 2961 589 3017 nullum
633 2958 834 3031 ingenii
880 2957 1061 3013 lumen
1107 2957 1330 3013 habent.
1371 2955 1559 3013 Claudi
1597 2969 1830 3026 quoque,

232 3057 327 3127 qui
366 3061 553 3110 rectos
594 3066 817 3124 gressus
859 3051 917 3106 in
953 3050 1267 3120 operatione
1313 3065 1422 3105 non
1463 3049 1690 3115 habent,
1737 3049 1833 3104 sed

229 3148 369 3204 dum
390 3161 613 3205 morum
640 3144 774 3199 vitia
805 3143 862 3198 in
896 3144 1265 3199 membrorum
1302 3141 1581 3197 debilitate
1617 3142 1834 3212 signan-

232 3246 347 3306 tur,
393 3236 644 3308 profecto
680 3235 854 3307 liquet
897 3234 1024 3304 quia
1067 3234 1208 3290 sicut
1245 3233 1323 3288 illi
1365 3240 1681 3302 peccatores
1728 3231 1837 3287 fue-

230 3339 402 3396 runt,
429 3328 527 3399 qui
567 3327 750 3384 vocati
789 3325 976 3382 venire
1021 3324 1342 3388 noluerunt,
1393 3325 1469 3378 ita
1518 3323 1575 3380 hi
1619 3336 1836 3393 quoque

230 3431 560 3497 peccatores
583 3432 728 3485 sunt,
754 3421 849 3491 qui
874 3419 1183 3476 invitantur
1207 3427 1264 3475 et
1296 3418 1539 3473 veniunt.
1569 3416 1676 3473 Sed
1703 3432 1834 3488 pec-

232 3528 458 3574 catores
493 3514 714 3586 superbi
760 3521 1107 3584 respuuntur,
1157 3517 1213 3566 et
1253 3518 1571 3582 peccatores
1605 3510 1837 3567 humiles

233 3610 535 3682 eliguntur.
556 3608 681 3667 ,Hos
713 3608 897 3678 itaque
921 3606 1075 3678 eligit
1110 3605 1405 3673 Dominus,
1438 3612 1577 3677 quos
1609 3607 1838 3676 despicit

230 3698 496 3755 mundus.
530 3697 668 3765 Quia
703 3697 1022 3768 plerumque
1068 3696 1185 3767 ipsa
1234 3697 1513 3769 despectio
1560 3698 1836 3753 hominem

231 3797 465 3855 revocat
487 3790 559 3847 ad
584 3788 953 3858 semetipsum.
981 3786 1259 3857 Pauperes
1285 3795 1342 3842 et
1368 3787 1599 3853 debiles,
1627 3789 1757 3843 caeci
1782 3796 1839 3843 et

229 3883 421 3941 claudi
455 3890 723 3937 vocantur
747 3888 802 3936 et
826 3880 1084 3945 veniunt,
1122 3880 1249 3949 quia
1285 3878 1488 3932 infirmi
1522 3878 1724 3948 quique
1755 3887 1840 3937 at-

228 3989 345 4043 que
374 3973 432 4027 in
450 3971 558 4027 hoc
586 3970 791 4027 mundo
813 3969 1054 4039 despecti
1080 3968 1403 4039 plerumque
1426 3977 1578 4024 tanto
1607 3969 1838 4025 celerius

230 4080 434 4122 vocem
462 4063 559 4121 Dei
585 4063 833 4128 audiunt,
854 4069 1062 4131 quanto
1088 4068 1145 4114 et
1164 4060 1218 4115 in
1241 4061 1346 4115 hoc
1377 4061 1583 4115 mundo
1605 4074 1714 4116 non
1741 4060 1840 4115 ha-

228 4156 377 4211 bent
396 4152 493 4210 ubi
522 4152 879 4216 delectentur,
910 4150 1006 4206 sed
1042 4149 1220 4205 ductis
1244 4151 1314 4204 ad
1349 4162 1561 4205 cmnam
1587 4151 1841 4220 pauperi-

224 4247 366 4311 bus,
400 4243 531 4315 quid
558 4258 696 4314 puer
721 4240 1015 4310 subjungat
1037 4239 1322 4295 audiamus
1355 4257 1369 4293 :

302 4333 561 4395 Domine,
587 4331 790 4402 factum
807 4340 882 4384 est
903 4338 961 4401 ut
984 4328 1274 4399 imperasti,
1300 4337 1350 4383 et
1369 4327 1543 4382 adhuc
1566 4327 1713 4383 locus
1738 4338 1835 4385 est.

230 4423 407 4479 ﬁniti
430 4422 567 4479 tales
600 4422 670 4477 ad
705 4421 1041 4477 Dominicam
1071 4433 1283 4475 omnem
1308 4433 1378 4475 ex
1406 4417 1591 4474 Iudaea
1626 4418 1839 4475 collecti

228 4521 395 4577 sunt,
428 4512 523 4568 sed
547 4510 837 4567 multitudo
862 4525 984 4581 quae
1010 4524 1077 4566 ex
1116 4508 1414 4565 Israelitico
1442 4508 1641 4579 populo
1660 4510 1843 4564 credi-

222 4606 357 4670 dit,
401 4602 579 4660 locum
621 4601 844 4672 superni
880 4598 1115 4659 convivii
1156 4614 1265 4654 non
1308 4599 1572 4669 implevit.
1616 4600 1848 4655 intravit

214 4695 351 4767 iam
389 4692 693 4765 frequentia
719 4691 1030 4751 Iudaeorum
1051 4725 1068 4759 ,
1096 4692 1192 4748 sed
1218 4690 1396 4749 adhuc
1424 4693 1578 4748 locus
1599 4703 1684 4749 est
1700 4734 1715 4760 ,
1742 4709 1842 4748 va-

213 4795 329 4845 ωε
354 4786 419 4842 in
444 4800 614 4859 regno
642 4784 733 4841 ubi
754 4784 956 4854 suscipi
976 4783 1170 4839 debeat
1190 4784 1556 4841 numerositas
1577 4785 1840 4856 gentium,

218 4878 397 4936 unde
421 4886 477 4935 et
501 4878 680 4934 eidem
705 4890 867 4932 servo
890 4876 1090 4932 dicitur
1115 4894 1129 4930 :

306 4969 428 5024 Exi
455 4971 514 5024 in
537 4970 651 5024 uias
670 4978 719 5023 et
744 4983 911 5039 scpcs,
950 4977 1000 5023 et
1024 4966 1275 5039 compelle
1290 4970 1493 5025 intrare
1510 5011 1526 5037 ,
1549 4981 1606 5025 ut
1628 4973 1846 5044 implea-

218 5072 328 5117 tur
380 5061 570 5115 donius
615 5075 752 5115 mea.
776 5058 920 5115 Cum
944 5060 1014 5115 de
1032 5059 1170 5115 vicis
1197 5067 1254 5115 et
1290 5059 1485 5131 plateis
1520 5065 1591 5119 ad
1628 5078 1841 5121 canam

216 5153 511 5208 Dominus
541 5151 767 5218 invitat,
803 5151 955 5206 illum
990 5151 1242 5209 videlicet
1275 5153 1536 5225 populum
1574 5156 1840 5229 designat,

215 5245 334 5317 qui
372 5254 557 5300 tenere
586 5243 761 5316 legem
786 5245 891 5301 sub
919 5243 1124 5298 urbana
1154 5246 1568 5302 conversatione
1594 5261 1840 5306 noverat.

212 5336 393 5392 Cum
432 5350 565 5393 vero
602 5335 864 5393 convivas
905 5350 1036 5391 suos
1072 5334 1250 5407 colligi
1286 5350 1356 5391 ex
1394 5336 1498 5393 viis
1537 5347 1591 5394 et
1628 5340 1844 5410 sepihus

1933 486 2133 553 ximus,
2162 485 2481 558 plerumque
2504 487 2789 558 contingit,
2810 493 2872 541 ut
2899 501 2992 542 eos
3016 489 3068 542 in
3093 488 3406 544 carnalibus
3432 490 3527 547 de-

1932 575 2150 633 sideriis
2180 577 2328 644 suis,
2373 578 2560 633 mundi
2588 577 2749 647 hujus
2797 578 3100 635 adversitas
3143 580 3322 635 feriat.
3371 580 3529 651 Saepe

1932 683 2166 737 namque
2195 675 2292 723 aut
2327 668 2485 740 longa
2509 668 2826 740 aegritudine
2862 669 3177 735 tabescunt,
3211 680 3306 725 aut
3343 670 3526 728 afﬂicti

1932 760 2147 829 injuriis
2172 762 2495 827 concidunt,
2534 771 2628 817 aut
2663 763 2909 832 percussi
2940 763 3280 834 gravioribus
3314 763 3528 820 damnis

1931 853 2262 928 affliguntur,
2289 856 2385 911 sed
2409 856 2502 926 qui
2529 858 2678 926 ipsos
2706 857 2762 911 in
2787 856 2903 912 suis
2926 856 3209 912 desideriis
3235 859 3527 928 reprehen-

1931 948 2123 1005 dentes
2146 949 2215 1004 ad
2246 948 2535 1004 Dominum
2567 949 2732 1005 corda
2757 956 3102 1004 convertunt.
3128 948 3231 1017 Qui
3261 965 3392 1022 ergo
3421 951 3529 1004 hu-

1923 1038 2017 1108 jus
2043 1040 2228 1095 mundi
2259 1040 2682 1095 adversitatibus
2709 1038 2900 1107 fracti,
2935 1040 3002 1096 ad
3041 1041 3136 1095 Dei
3170 1056 3413 1096 amorem
3443 1056 3530 1096 re-

1933 1131 2117 1196 deunt,
2142 1140 2307 1202 atque
2331 1146 2373 1185 at
2390 1133 2675 1202 praesentis
2699 1131 2825 1187 vitae
2848 1132 3131 1188 desideriis
3160 1134 3525 1204 corriguntur,

1933 1223 2063 1293 quid
2098 1224 2188 1279 isti
2228 1223 2334 1278 nisi
2373 1223 2786 1293 compelluntur,
2838 1233 2898 1278 ut
2938 1224 3180 1279 intrent?
3221 1224 3329 1280 Sed
3373 1225 3531 1282 valde

1933 1322 2017 1369 est
2055 1314 2335 1369 tremenda
2384 1315 2676 1382 sententia,
2717 1329 2839 1385 qua:
2874 1315 3126 1387 protinus
3166 1316 3527 1373 subinfertur.

1933 1404 2028 1460 Ait
2059 1405 2206 1460 enim
2239 1422 2254 1459 :

2005 1496 2137 1550 Dico
2164 1506 2339 1551 autem
2368 1499 2511 1552 vobis
2529 1538 2544 1563 ,
2573 1498 2715 1569 quod
2752 1515 2903 1553 nemo
2931 1498 3161 1552 uirorum
3190 1496 3405 1553 illorum
3434 1500 3526 1571 qui

1934 1590 2281 1656 oocatisunt,
2313 1601 2420 1648 etc.
2452 1593 2591 1649 Ecce
2621 1608 2721 1665 per
2746 1608 2806 1649 se
2832 1600 3026 1660 vocat,
3056 1609 3155 1665 per
3185 1595 3405 1666 angelos
3434 1609 3532 1650 vo-

1936 1688 2060 1745 cat,
2105 1694 2205 1750 per
2242 1683 2515 1753 apostolos
2545 1693 2732 1751 vocat,
2777 1685 3097 1755 plerumque
3124 1700 3224 1757 per
3266 1687 3529 1743 miracula

1934 1778 2120 1836 vocat,
2158 1770 2477 1842 plerumque
2508 1788 2607 1843 per
2640 1772 2848 1846 ﬂagella
2878 1782 3066 1840 vocat,
3104 1774 3397 1845 aliquando
3434 1792 3533 1846 per

1933 1867 2122 1921 mundi
2150 1865 2314 1938 hujus
2342 1883 2603 1939 prospera
2626 1877 2808 1934 vocat,
2835 1868 3125 1938 aliquando
3151 1883 3249 1939 per
3274 1871 3525 1941 adversa.

1934 1954 2104 2012 Nemo
2138 1966 2473 2023 contemnat,
2501 1974 2570 2015 ne
2602 1960 2730 2015 dum
2757 1970 2984 2017 vocatus
3007 1971 3250 2029 excusat,
3281 1978 3409 2018 cum
3436 1978 3533 2020 vo-

1934 2047 2098 2103 luerit
2123 2049 2328 2104 intrare
2349 2063 2458 2104 non
2480 2050 2676 2106 valeat.

2111 2186 2533 2244 HEBDOMADA
2570 2156 2667 2244 nu
2693 2187 2871 2246 POST
2908 2186 3336 2246 PENTECOST.

2158 2315 2333 2357 Ειηδτ.
2376 2314 2538 2357 ΒΕΔΤῘ
2574 2317 2735 2356 PETRI
2769 2316 3060 2369 Λροετοιι,
3102 2318 3222 2359 CAP.
3258 2319 3312 2358 ν.

2010 2429 2030 2462 t
2072 2409 2443 2465 Humiliamini
2477 2411 2580 2466 sub
2600 2411 2810 2482 potenti
2837 2426 2999 2466 manu
3029 2412 3160 2477 Dei,
3183 2419 3244 2467 ut
3271 2427 3369 2468 vos
3392 2414 3535 2468 exal-

1936 2519 1960 2553 α
2008 2507 2087 2557 tet
2111 2504 2167 2555 in
2194 2507 2439 2572 tempore
2461 2500 2789 2556 visitationis
2811 2541 2825 2567 ,
2861 2515 3077 2556 omnem
3115 2501 3535 2559 sollicitudinem

1940 2607 1962 2642 ι
2006 2597 2242 2645 vestram
2262 2588 2613 2661 projici'entes
2639 2590 2692 2645 in
2715 2606 2862 2657 eum,
2886 2591 3141 2661 quoniam
3168 2592 3272 2662 ipsi
3299 2606 3428 2648 cura
3449 2601 3536 2648 est

1942 2701 1960 2733 ι
2004 2681 2074 2738 de
2096 2682 2269 2738 vobis.
2305 2682 2486 2738 Sobrii
2526 2692 2699 2739 estote
2741 2694 2797 2740 et
2835 2684 3082 2755 vigilate,
3120 2687 3250 2756 quia
3281 2688 3537 2744 adversa—

1941 2791 1961 2823 ς
2006 2773 2120 2828 rius
2153 2781 2340 2847 vester
2374 2774 2622 2829 diabolus
2654 2783 2908 2844 tanquam
2940 2776 3025 2831 leo
3068 2778 3287 2848 rugiens
3314 2779 3535 2847 circuit,

1942 2884 1962 2917 ι
2004 2880 2254 2936 quaerens
2274 2880 2435 2936 quem
2465 2865 2711 2932 devoret,
2739 2867 2827 2921 cui
2859 2868 3096 2922 resistite
3126 2867 3298 2923 fortes
3324 2869 3377 2923 in
3403 2866 3529 2934 fide,

1942 2974 1963 3007 ι
2006 2956 2243 3012 scientes
2276 2955 2521 3011 eamdem
2548 2956 2857 3026 passionem
2880 2958 2951 3024 ei,
2983 2972 3105 3027 quae
3133 2959 3189 3013 in
3216 2960 3418 3015 mundo
3448 2971 3534 3017 est

1942 3065 1962 3098 ι
2007 3056 2206 3104 vestrm
2224 3045 2554 3102 fraternitati
2576 3047 2715 3102 fieri.
2748 3047 2890 3103 Deus
2916 3057 3097 3104 autem
3125 3050 3302 3105 omnis
3320 3050 3533 3120 gratiae,

1944 3157 1965 3190 ο
2009 3140 2100 3209 qui
2126 3140 2341 3195 vocavit
2364 3155 2462 3196 vos
2493 3142 2546 3197 in
2561 3148 2820 3199 aeternam
2842 3157 2997 3198 suam
3019 3142 3268 3214 gloriam,
3299 3145 3355 3201 in
3377 3144 3536 3203 Chri-

1944 3252 1962 3285 ι
2004 3241 2091 3289 sto
2120 3231 2275 3300 Iesu,
2306 3235 2578 3291 modicum
2605 3250 2819 3306 passos.
2849 3236 2967 3306 ipse
3016 3236 3292 3307 perﬁciet,
3337 3239 3531 3295 confir-

1943 3344 1963 3377 ι
2009 3324 2206 3393 mabit,
2248 3328 2642 3398 solidabitque,
2689 3328 2793 3398 ipsi
2834 3329 3003 3400 gloria
3046 3338 3100 3386 et
3145 3329 3434 3402 imperium
3481 3334 3535 3389 in

1942 3439 1962 3473 ι
2009 3421 2206 3477 stabula
2237 3422 2581 3477 saeculorum.
2612 3422 2804 3479 Amen.

2009 3508 2386 3564 Humiliamini
2421 3510 2516 3564 sub
2547 3511 2743 3581 potenti
2774 3526 2933 3565 manu
2972 3510 3101 3577 Dei,
3136 3522 3193 3565 ut
3218 3529 3304 3567 vos
3342 3513 3535 3569 exultet

1935 3602 1992 3656 in
2016 3610 2246 3672 tempore
2270 3600 2629 3656 tribulationis
2649 3643 2662 3665 ,
2689 3609 2793 3656 etc.
2834 3600 2984 3657 Hanc
3022 3619 3149 3674 ergo
3177 3606 3408 3675 gratiam
3438 3605 3537 3661 htt-

1938 3691 2157 3747 milibns
2176 3693 2399 3756 tribuit,
2432 3700 2493 3746 ut
2526 3708 2632 3762 quo
2659 3693 2833 3764 magis
2857 3694 3124 3749 humiliati
3156 3694 3384 3759 fuerint,
3412 3713 3537 3768 pro-

1936 3793 2061 3855 pter
2099 3783 2275 3854 ipsum
2312 3791 2556 3855 tempore
2596 3785 2943 3851 certaminis,
2986 3801 3050 3842 eo
3072 3787 3363 3865 gloriosius
3389 3791 3537 3847 exal-

1940 3882 2124 3929 tentur
2151 3875 2221 3929 ab
2255 3875 2405 3944 ipso,
2432 3882 2677 3945 tempore
2714 3876 3106 3932 retributionis.
3135 3878 3318 3936 Potest
3350 3889 3533 3938 autem

1938 3965 2244 4021 hmniliatio
2271 3965 2375 4021 hoc
2402 3966 2457 4021 in
2488 3965 2609 4021 loco
2642 3965 2939 4023 multifarie
2974 3968 3176 4039 accipi,
3206 3970 3310 4027 hoc
3339 3980 3452 4038 est,
3482 3983 3538 4028 et

1938 4071 2003 4111 ea
2029 4072 2133 4127 qua
2156 4057 2419 4127 incipiens
2445 4056 2677 4128 quisque
2695 4057 2783 4111 via
2804 4058 3220 4131 virtutum,‘pro
3247 4062 3533 4119 abluendis

1939 4162 2059 4219 quae
2079 4149 2431 4204 commiserat
2455 4147 2695 4218 peccatis
2729 4149 3023 4203 salubriter
3059 4151 3329 4218 atteritur,
3361 4162 3416 4207 et
3443 4153 3532 4209 illa

1938 4256 2059 4310 quin
2080 4248 2377 4310 spontanea
2397 4239 2595 4294 mentis
2618 4238 2902 4294 devotione
2928 4255 2958 4293 a
2983 4238 3400 4309 perfectiorihus
3424 4244 3535 4301 Deo

1941 4330 2025 4385 vel
2062 4329 2329 4400 proximis
2368 4330 2423 4383 in
2462 4344 2594 4399 pace
2631 4329 2920 4385 exhibetur
2955 4347 3136 4387 rerum
3177 4335 3536 4392 circumstan-

1943 4421 2107 4486 tium,
2153 4435 2256 4477 nec
2283 4438 2392 4477 non
2429 4430 2483 4477 et
2519 4436 2584 4477 ea
2618 4430 2724 4492 qua
2767 4424 3169 4483 incursantibus
3201 4432 3536 4500 persecutio-

1943 4527 2075 4568 num
2120 4512 2466 4578 turbinibus,
2517 4513 2754 4570 invietus
2801 4528 2901 4585 per
2947 4518 3226 4588 patientia:
3276 4520 3532 4581 virtutem

1945 4606 2159 4660 animus
2182 4614 2446 4660 armatur.
2478 4605 2636 4662 Omni
2663 4616 2845 4663 autem
2866 4612 3051 4682 generi
3077 4613 3285 4670 devotae
3318 4598 3533 4672 humili~

1947 4699 2073 4753 tatis
2101 4712 2312 4753 merces
2341 4698 2583 4754 succedit
2628 4699 2716 4755 illa
2742 4743 2758 4769 ,
2809 4711 2872 4758 ut
2913 4705 3007 4774 qui
3048 4720 3107 4761 se
3152 4715 3393 4778 tempore
3423 4726 3535 4768 sua:

1944 4789 2398 4861 peregrinationis
2418 4790 2703 4847 humiliant
2723 4835 2737 4859 ,
2772 4800 3014 4867 tempore
3060 4798 3386 4879 visitationis
3416 4802 3535 4875 ejus

1947 4881 2271 4937 exaltentur.
3124 4880 3131 4885 ’

2017 4970 2193 5027 Sobrii
2223 4980 2412 5039 estote,
2440 4973 2676 5045 vigilate,
2709 4978 2834 5046 quia
2861 4976 3193 5035 adversarius
3222 4993 3389 5039 uester
3416 4985 3537 5043 dia-

1947 5061 2094 5116 bolus
2118 5073 2367 5135 tanquam
2396 5063 2475 5119 leo
2519 5066 2727 5136 rugiens
2754 5068 2942 5122 circuit
2983 5087 3222 5141 quwrens
3255 5093 3407 5147 quem
3437 5079 3531 5134 de-

1944 5162 2102 5207 voret.
2144 5152 2202 5208 ln
2242 5152 2402 5223 hujus
2450 5156 2788 5226 expositione
2832 5160 3113 5216 sententia:
3153 5180 3260 5220 non
3309 5180 3533 5237 nostra,

1944 5256 2135 5298 verum
2156 5243 2300 5299 beati
2316 5243 2574 5316 Cypriani
2600 5246 2738 5302 dicta
2767 5263 3047 5317 ponamus.
3076 5254 3302 5325 Circuit,
3335 5262 3530 5327 inquit,

1945 5335 2035 5390 ille
2064 5350 2163 5391 nos
2188 5335 2447 5407 singulos,
2479 5342 2535 5391 et
2555 5343 2809 5409 tanquam
2839 5341 3011 5398 hostis
3035 5344 3251 5403 clausus
3278 5349 3532 5406 obsidens

205 5426 533 5501 precipit,
567 5425 829 5482 nimirum
867 5434 1139 5498 agrestem
1175 5426 1433 5497 populum
1468 5428 1748 5501 colligere,
1791 5432 1844 5488 id

204 5528 322 5575 est.
344 5556 369 5583 ,
416 5517 672 5587 gentilem
708 5516 923 5587 quaerit.
964 5515 1268 5572 Notandum
1305 5531 1437 5574 vero
1478 5520 1622 5588 quod
1659 5521 1713 5576 in
1746 5521 1846 5578 hac

208 5609 577 5665 invitatione
609 5608 806 5674 tertia,
838 5623 947 5663 non
984 5607 1184 5664 dicitur
1209 5608 1409 5677 invita,
1447 5610 1544 5665 sed
1584 5613 1848 5684 compelle

207 5705 484 5758 intrare.
511 5699 654 5758 Nam
681 5707 809 5757 sunt
832 5699 1099 5769 nonnulli,
1131 5699 1223 5771 qui
1248 5699 1389 5757 bona
1414 5698 1659 5761 facienda
1691 5704 1851 5762 intel-

1947 5445 2152 5494 muros,
2184 5429 2431 5498 explorat
2481 5442 2538 5486 et
2578 5439 2765 5500 tentat,
2801 5450 2868 5489 an
2896 5437 2967 5492 sit
2995 5455 3122 5511 pars
3158 5441 3332 5510 aliqua
3364 5458 3534 5498 ntem—

1947 5521 2165 5577 brorum
2205 5523 2384 5578 minus
2421 5525 2661 5595 stabilis,
2690 5537 2745 5585 ct
2783 5531 2961 5588 minus
2990 5532 3125 5599 lida,
3157 5533 3311 5604 cujus
3346 5536 3531 5593 auditu

1949 5615 2016 5668 ad
2059 5614 2316 5671 interiora
2358 5626 2698 5688 penetratur,
2733 5621 2893 5679 offert
2926 5625 3095 5680 oculis
3135 5623 3338 5680 formas
3366 5625 3535 5686 illices

1947 5716 2003 5763 et
2028 5706 2214 5765 faciles
2242 5708 2571 5783 voluptates,
2596 5722 2653 5770 ut
2681 5714 2797 5773 visu
2820 5716 3063 5773 destruat
3082 5718 3409 5789 castitatem,
3440 5738 3535 5779 au-
