3954 6200
406 306 513 365 359

1696 286 2045 344 SMARAGDI
2081 281 2377 338 ABBATIS

3562 274 3669 332 560

411 435 497 477 res
518 431 619 490 per
639 427 898 472 canoram
924 411 1185 467 musicam
1215 415 1413 468 tentat,
1447 412 1505 459 ut
1546 404 1597 458 vi
1629 403 1747 458 soni
1780 398 1986 455 dulcia-
2014 401 2065 457 Α
2163 394 2266 461 Qui
2313 392 2510 490 uocati!
2553 406 2687 490 nos,
2722 399 2859 490 etc.-
2875 388 3059 490 Gloria
3290 383 3447 490 istius
3492 388 3673 445 saeculi

410 511 488 566 ris
515 507 757 563 auditum
785 502 989 564 solvat,
1014 509 1070 555 et
1101 497 1308 554 molliat
1330 494 1696 554 Christianum
1725 491 1986 561 vigorem,

414 599 651 670 linguam
681 592 925 650 convicio
950 595 1227 659 provocat,
1255 600 1478 642 manum
1496 582 1707 653 injuriis
1726 580 1994 636 lacessen—

415 690 559 745 tibus
598 686 665 742 ad
693 682 1046 755 petulantiam
1075 679 1238 735 caedis
1265 678 1516 749 instigat,
1544 684 1603 730 ut
1632 673 1996 729 fraudatorem

416 780 598 844 faciat,
644 777 794 833 lucra
821 773 1060 845 «opponit
1103 768 1337 839 injusta,
1388 777 1449 824 ut
1490 767 1727 824 animam
1769 761 1997 833 pecunia

416 869 623 939 capiat,
649 864 847 936 ingerit
874 861 1175 933 perniciosa
1202 857 1540 928 compendia.
1565 855 1809 911 llonores
1829 859 2001 906 terre-

416 976 517 1016 nos
562 956 866 1029 promittit,
906 963 966 1009 ut
1001 953 1169 1008 cmlos
1209 951 1445 1014 adimat,
1485 946 1722 1009 ostendit
1743 943 1915 1007 falsa,
1941 949 2003 995 ut

420 1066 547 1106 vera
584 1046 880 1117 subripiat,
919 1054 975 1099 et
1008 1058 1132 1098 cum
1166 1041 1395 1101 latenter
1430 1054 1538 1097 non
1578 1041 1759 1106 potest
1793 1031 1999 1101 fallere,

420 1147 606 1212 aperte
641 1138 882 1192 minatur
917 1142 1185 1190 terrorem
1224 1129 1454 1188 turbida:
1486 1123 1881 1198 perseeutionis
1920 1121 2004 1176 in-

421 1241 664 1298 tentans,
701 1231 770 1285 ad
803 1227 1150 1285 debellandos
1188 1237 1375 1281 servos
1430 1221 1527 1277 Dei
1565 1218 1838 1288 inquietus
1865 1227 2007 1270 sem-

424 1342 539 1398 per,
567 1334 621 1381 et
649 1339 865 1392 semper
894 1320 1151 1397 infestus,
1176 1319 1230 1375 in
1257 1331 1388 1389 pace
1414 1311 1702 1375 subdolus,
1731 1310 1785 1364 in
1818 1320 2007 1398 perse-

426 1397 640 1470 cutione
661 1413 947 1468 violentus.
963 1410 1341 1478 Quemobrem,
1363 1413 1554 1462 contra
1575 1416 1766 1461 omnes
1785 1397 2005 1461 diaboli,

425 1506 509 1560 vel
535 1504 756 1560 fallaces
795 1502 1019 1557 insidias
1039 1540 1055 1566 ,
1095 1499 1181 1554 vel
1217 1505 1434 1569 apertas
1462 1495 1639 1550 minas
1672 1500 1818 1547 stare
1852 1489 2011 1543 debet

431 1595 726 1647 instructus
750 1574 1005 1656 animus,
1037 1597 1092 1643 et
1124 1595 1366 1642 armatur
1398 1592 1507 1639 tam
1540 1589 1764 1653 paratus
1800 1591 2013 1646 semper

429 1684 497 1736 ad
523 1682 947 1763 repugnandum,
969 1694 1132 1752 quam
1151 1685 1235 1733 est
1255 1676 1325 1732 ad
1350 1674 1772 1746 impugnandum
1797 1682 2013 1740 semper

429 1784 649 1842 paratus
674 1772 949 1826 inimicus.

501 1861 602 1917 Cui
628 1863 848 1917 resistite
873 1861 1033 1929 fortes
1061 1860 1113 1913 in
1136 1859 1272 1932 ﬁde,
1302 1858 1522 1913 scientes
1549 1854 1783 1911 eamdem
1808 1852 2011 1923 passio-

432 1968 548 2005 nem
575 1951 643 2016 ei,
691 1966 808 2020 qua:
858 1952 911 2004 in
946 1947 1141 2003 mundo
1170 1956 1262 2011 est,
1298 1954 1482 2001 vestra:
1524 1942 1840 2016 fraternitati
1862 1940 2011 2010 ﬁeri,

433 2051 538 2097 etc.
571 2040 769 2107 Tanto,
800 2041 994 2111 inquit,
1024 2038 1276 2093 fortiores
1298 2045 1468 2093 estote
1491 2037 1544 2091 iu
1572 2034 1697 2097 ﬁde,
1721 2041 1872 2088 tanto
1901 2045 2015 2087 ma-

431 2134 601 2206 jorem
623 2136 765 2189 habe
794 2143 844 2189 te
875 2132 1126 2188 ﬁduciam
1158 2133 1226 2187 ad
1252 2130 1584 2203 superandus
1608 2127 1807 2183 diaboli
1829 2140 2016 2182 versu-

436 2226 571 2289 tias,
600 2233 802 2295 quanto
839 2232 1087 2290 constat,
1115 2223 1238 2294 quia
1279 2239 1385 2277 non
1427 2236 1523 2276 vos
1554 2219 1652 2274 soli
1703 2217 2014 2283 tentamini,

435 2315 531 2369 sed
569 2315 685 2384 ipsa
722 2314 901 2383 passio
943 2328 1062 2383 quae
1094 2328 1192 2368 vos
1220 2311 1410 2382 fatigat
1429 2352 1444 2371 ,
1471 2310 1522 2366 ei
1546 2323 1761 2380 quoque
1782 2322 1904 2377 quae
1924 2322 2021 2377 per

439 2414 607 2463 totum
639 2405 893 2459 mundum
919 2414 1003 2460 est
1032 2404 1288 2461 Ecclesiae
1311 2403 1533 2468 Christi,
1556 2409 1750 2459 vestra:
1777 2398 2023 2457 videliCet

437 2497 766 2552 fraternitati
809 2498 1112 2555 communis
1148 2506 1264 2562 est,
1304 2506 1361 2552 et
1399 2498 1527 2567 quia
1569 2510 1598 2549 a
1638 2493 2024 2550 constitutions

438 2590 627 2644 mundi
653 2604 865 2661 semper
897 2591 1038 2661 passi
1065 2599 1190 2645 sunt
1206 2589 1585 2662 justi,pudeat
1610 2603 1705 2645 vos
1730 2587 1874 2644 solos
1909 2601 2022 2657 prae

437 2679 689 2736 omnibus
711 2678 981 2736 sustinere
1002 2695 1110 2735 non
1134 2696 1314 2752 posse.

997 2788 1116 2826 ΑΗΔ
1150 2787 1457 2828 ειροειτιο.

512 2861 884 2919 Humiliamini
910 2862 1006 2916 sub
1032 2863 1230 2935 potenti
1260 2879 1420 2918 manu
1449 2861 1568 2917 Dei.
1594 2860 1649 2917 ld
1672 2869 1776 2927 cst,
1808 2861 1910 2917 sub
1933 2875 2028 2931 po—

442 2961 639 3011 testate
672 2952 789 3019 Dei,
821 2967 1013 3009 manus
1039 2952 1184 3009 enim
1210 2953 1306 3009 Dei
1328 2961 1383 3008 et
1410 2952 1554 3008 ﬁlius
1576 2960 1629 3008 et
1654 2958 1895 3022 potestas
1913 2949 2029 3019 ejus

443 3042 778 3113 intelligitur.
820 3041 990 3097 Filius
1026 3041 1118 3097 ubi
1158 3041 1234 3096 ait
1264 3057 1278 3094 :
1310 3040 1507 3095 Emitte
1539 3057 1752 3097 manum
1788 3050 1934 3094 tuam
1964 3041 2029 3095 de

2092 482 2403 553 temporalis
2429 490 2534 545 est,
2559 489 2615 537 et
2638 480 2807 551 gloria
2832 477 2998 533 futuri
3027 475 3209 532 saeculi
3238 484 3463 531 acterna.

2163 574 2230 630 In
2264 573 2472 629 Christo
2494 572 2625 628 Jesu
2653 572 2878 625 Domino
2906 578 3105 624 nostro.
3136 567 3192 622 ld
3219 576 3333 633 est,
3362 582 3464 640 per
3498 570 3680 626 incar-

2095 664 2371 719 nationem
2395 661 2525 717 Jesu
2552 660 2755 715 Christi
2781 658 2995 713 Domini
3025 658 3217 712 nostri.

2168 756 2433 811 Modicum
2456 770 2662 826 passos.
2687 753 2746 808 ld
2770 760 2886 817 est,
2917 760 3043 823 post
3068 753 3340 809 modicam
3373 753 3685 826 passionem

2098 847 2153 903 in
2192 858 2450 903 aeternam
2491 859 2753 900 vocamur
2803 845 3065 913 requiem.
3119 842 3192 899 Ut
3230 843 3362 897 illud
3408 845 3691 915 propheti-

2097 954 2221 995 cum
2254 956 2267 992 :
2310 937 2492 993 Videte
2518 938 2642 1009 quia
2668 935 2869 991 modice
2890 934 3125 990 laboravi
3143 976 3157 1000 ,
3192 944 3242 990 et
3270 936 3443 991 inveni
3466 935 3691 992 multam

2100 1032 2229 1087 mihi
2258 1033 2507 1102 requiem.

2173 1120 2293 1192 Ipse
2315 1120 2570 1191 perﬁciet,
2598 1118 2953 1188 conﬁrmabit,
2980 1116 3245 1175 solidabit.
3275 1115 3533 1175 Perticiet
3573 1133 3697 1175 eor-

2103 1227 2253 1285 pore,
2285 1211 2629 1267 confirmabit
2656 1211 2861 1273 animo,
2891 1209 3144 1265 solidahit
3172 1210 3362 1280 spiritu
3386 1252 3400 1276 ,
3429 1212 3544 1267 sive
3573 1227 3699 1282 per-

2105 1302 2253 1359 ficiet
2294 1300 2519 1372 praemio
2546 1308 2770 1354 interno.
2813 1296 3171 1353 Conlirmabit
3216 1299 3270 1353 in
3320 1313 3486 1368 opere
3514 1299 3698 1361 bono,

2107 1393 2357 1450 solidabit
2380 1393 2438 1448 in
2473 1391 2578 1447 ﬁde
2611 1391 2667 1446 in
2693 1390 2911 1446 Christo
2941 1386 3069 1443 Iesu
3106 1389 3333 1444 Domino
3364 1398 3579 1451 nostro,
3610 1390 3702 1445 cui

2107 1495 2195 1545 est
2221 1485 2393 1557 gloria
2419 1494 2479 1540 et
2509 1484 2797 1555 imperium
2826 1482 2882 1537 in
2909 1481 3103 1536 saecula
3134 1480 3471 1537 saeculorum.
3495 1479 3697 1537 Amen.

2474 1609 2815 1651 EVANGELIUII
2851 1607 3002 1649 ιῑιοιε
3024 1633 3039 1658 ,
3077 1607 3196 1647 CAP.
3239 1606 3326 1646 XV.

2186 1708 2207 1743 ι
2252 1689 2422 1744 Erant
2461 1686 2955 1758 appropinquantes
2993 1682 3062 1738 ad
3105 1681 3288 1737 Jesum
3331 1681 3607 1753 publicani
3655 1691 3706 1738 et

2118 1797 2138 1831 ι
2182 1783 2523 1849 peccatores,
2565 1781 2626 1828 ut
2657 1772 2907 1828 audirent
2952 1771 3124 1825 illum.
3172 1769 3240 1824 Et
3288 1770 3708 1825 murmurahant

2118 1889 2136 1922 ι
2181 1860 2441 1925 Pharisaei
2471 1873 2526 1922 et
2562 1864 2755 1920 scribae
2784 1863 3057 1927 dicentes,
3092 1861 3214 1932 quia
3255 1858 3344 1916 hic
3386 1868 3706 1930 peccatores

2119 1980 2140 2015 ι
2184 1960 2378 2030 recipit
2407 1968 2460 2013 et
2493 1956 2934 2013 manducatcum
2961 1952 3084 2007 illis.
3128 1951 3197 2007 Et
3223 1951 3301 2006 ait
3332 1951 3398 2005 ad
3446 1948 3569 2005 illos
3616 1966 3711 2021 pa-

2121 2072 2139 2104 ‹
2184 2051 2425 2107 rabulam
2460 2050 2620 2104 istam
2655 2046 2840 2101 dicens
2884 2061 2899 2098 :
2934 2042 3064 2111 Quis
3105 2058 3173 2098 ex
3218 2042 3373 2097 vobis
3406 2042 3570 2095 homo
3620 2041 3710 2110 qui

2121 2162 2140 2195 ι
2181 2144 2344 2199 habet
2368 2150 2585 2198 centum
2609 2153 2768 2201 oves,
2799 2144 2855 2191 et
2882 2136 2927 2191 si
2954 2132 3251 2206 perdiderit
3281 2148 3443 2188 unam
3478 2146 3544 2187 ex
3579 2132 3708 2197 illis,

2123 2252 2140 2286 ι
2186 2247 2368 2289 nonne
2391 2231 2611 2287 dimittit
2630 2228 2920 2299 nonaginta
2942 2241 3133 2281 novem
3156 2224 3209 2279 in
3232 2225 3467 2289 deserto,
3484 2231 3541 2278 et
3564 2223 3714 2277 vadit

2125 2344 2143 2374 ι
2189 2323 2259 2377 ad
2286 2321 2437 2375 illam
2484 2334 2605 2390 quas
2639 2318 2899 2389 perierat,
2942 2316 3113 2372 donec
3154 2312 3395 2369 inveniat
3427 2313 3612 2368 illam?
3653 2313 3713 2368 Et

2126 2433 2144 2465 ‹
2191 2426 2312 2469 cum
2345 2411 2612 2467 invenerit
2633 2425 2775 2475 eam,
2805 2407 3034 2478 imponit
3062 2406 3119 2460 in
3144 2405 3401 2460 humeros
3422 2418 3553 2460 suos
3584 2420 3715 2474 gau-

2127 2525 2146 2556 s
2189 2505 2323 2559 dens
2349 2509 2407 2556 et
2433 2501 2657 2555 veniens
2685 2499 2901 2554 domum
2922 2538 2936 2561 ,
2967 2502 3232 2552 convocat
3259 2494 3464 2549 amicos
3489 2500 3547 2548 et
3573 2494 3713 2549 vicl-

2128 2610 2149 2646 ί
2190 2608 2311 2661 nos,
2330 2593 2517 2648 dicens
2546 2578 2689 2646 illis':
2715 2587 3176 2662 Congratulamini
3199 2586 3351 2651 mihi,
3380 2586 3508 2656 quia
3530 2586 3717 2641 inveni

2128 2701 2150 2735 ι
2195 2695 2350 2738 ovem
2396 2696 2574 2736 meam
2618 2690 2742 2750 quae
2783 2678 3038 2749 perierat.
3082 2677 3212 2733 Dico
3257 2676 3407 2732 vobis
3443 2676 3598 2747 quod
3650 2677 3719 2731 ita

2131 2793 2150 2825 ι
2192 2771 2446 2845 gaudium
2484 2771 2590 2826 erit
2626 2770 2681 2824 in
2708 2768 2846 2824 ctelo
2883 2782 3046 2838 super
3078 2781 3191 2823 uno
3224 2773 3511 2837 peccatore
3540 2765 3719 2836 paeni—

2131 2883 2151 2917 ι
2195 2861 2425 2919 tentiam
2452 2867 2664 2929 agente,
2687 2872 2851 2927 quam
2889 2871 3054 2926 super
3087 2856 3377 2926 nonaginta
3408 2868 3612 2910 novem
3638 2854 3725 2923 ju-

2133 2975 2152 3008 s
2193 2955 2314 3019 stis,
2342 2952 2436 3022 qui
2467 2967 2575 3006 non
2610 2950 2850 3021 indigent
2874 2948 3211 3018 poenitentia.
3251 2948 3360 3002 Aut
3380 2961 3502 3018 quae
3526 2947 3723 3003 mulier

2137 3063 2155 3096 ι
2202 3044 2409 3101 habens
2440 3041 2693 3111 dragmas
2738 3041 2954 3104 decem,
3008 3039 3055 3095 sl
3098 3037 3394 3109 perdiderit
3438 3038 3723 3110 dragmam

445 3133 581 3197 allo,
617 3104 757 3202 eripe
792 3148 873 3185 me
903 3141 951 3186 et
990 3131 1153 3185 libera
1187 3147 1287 3184 me.
1326 3129 1575 3186 Potestas
1611 3129 1702 3187 ubi
1736 3128 1870 3186 dicit
1914 3148 1926 3184 :
1962 3130 2029 3186 In
2054 3104 2101 3167 ο
2135 3152 2155 3186 ι
2197 3147 2381 3197 unam,
2409 3104 2589 3188 nonne
2621 3130 2868 3186 accendit
2890 3104 3165 3185 lucernam
3186 3130 3456 3186 etevertit
3476 3104 3722 3195 domum,

445 3240 633 3277 manus
661 3233 777 3276 tuas
799 3222 1103 3277 commendo
1130 3223 1369 3293 spiritum
1396 3238 1589 3286 meum,
1617 3231 1673 3276 ct
1703 3221 1922 3279 similia.

521 3313 588 3368 Ut
617 3331 703 3369 vos
723 3314 934 3370 exultet.
959 3312 1148 3371 Omnis
1172 3315 1319 3371 enim
1344 3314 1422 3370 ait
1441 3313 1790 3384 Evangelium
1815 3331 1828 3369 :
1853 3314 1958 3380 Qui
1977 3331 2031 3371 se

446 3404 712 3471 huntiliat,
743 3404 1084 3460 exaltabitur.

516 3494 587 3551 In
613 3505 840 3567 tempore
860 3496 1191 3554 uisitationis.
1221 3495 1280 3551 id
1303 3502 1407 3562 est,
1437 3495 1493 3551 in
1519 3495 1606 3551 die
1624 3495 1834 3565 judicii.

521 3582 740 3641 Omnem
775 3585 1179 3643 sollicitudinem
1213 3596 1455 3652 vestram,
1481 3594 1586 3643 etc.
1618 3587 1691 3651 Ut
1712 3588 1781 3645 ab
1809 3602 1877 3644 eo
1899 3589 2033 3644 edu-

450 3676 593 3741 cati,
645 3675 881 3733 inimicis
923 3675 1139 3733 fortiter
1186 3677 1444 3734 resistere
1483 3677 1730 3733 valeatis.
1773 3678 1930 3735 lecta
1979 3679 2036 3735 in

449 3768 640 3834 Deum,
665 3769 741 3822 ait
770 3766 1077 3834 Psalmista,
1099 3785 1280 3823 curam
1305 3779 1473 3834 tuam,
1500 3778 1549 3825 et
1577 3770 1686 3840 ipse
1714 3778 1764 3826 te
1790 3771 2032 3827 enutriet.

525 3857 786 3923 Quoniam
817 3857 917 3928 ipsi
940 3874 1068 3912 cura
1088 3868 1162 3913 est
1185 3858 1249 3913 de
1278 3858 1441 3913 vobis.
1479 3858 1633 3916 Oculi
1654 3860 1799 3915 enim
1822 3860 2037 3919 Domini

452 3963 614 4019 super
645 3946 821 4017 justos
855 3956 911 4003 et
938 3963 1098 4005 aures
1132 3947 1248 4018 ejus
1282 3949 1350 4005 ad
1379 3964 1572 4021 preces
1603 3965 1823 4016 eorum,
1856 3960 1913 4008 et
1942 3950 2038 4021 qui

453 4040 628 4112 tangit
653 4055 767 4106 eos,
799 4039 952 4111 quasi
982 4040 1075 4112 qui
1103 4040 1275 4113 tangit
1297 4040 1554 4111 pupillam
1579 4040 1721 4096 oculi
1745 4039 1883 4111 ejus.

524 4130 701 4188 Sobrii
744 4139 922 4186 estote.
969 4129 1027 4186 1d
1071 4138 1187 4197 est,
1230 4131 1545 4205 temperati,
1588 4132 1854 4189 sobrietas
1891 4131 2041 4191 enim

453 4223 808 4295 temperantia
834 4221 1168 4293 intelligitur.

532 4312 778 4386 Vigilate.
821 4313 947 4370 llam
986 4313 1261 4384 vigilantia
1306 4315 1603 4386 spiritualis
1650 4329 1758 4373 non
1806 4316 2042 4375 carnalis

457 4403 793 4477 intelligitur,
826 4421 931 4460 non
972 4413 1050 4460 est
1077 4405 1223 4461 nobis
1251 4405 1550 4461 colluctatio
1568 4447 1583 4472 ,
1611 4406 1690 4461 ait
1716 4390 2039 4477 Apostolus,

456 4497 704 4551 adversus
731 4512 943 4550 carnem
968 4505 1015 4550 et
1040 4498 1347 4567 sanguinem
1364 4537 1380 4564 ,
1414 4497 1507 4554 sed
1540 4499 1792 4555 adversus
1821 4500 2030 4570 spiritu.

457 4588 532 4643 les
557 4586 833 4658 nequitias.

533 4676 672 4743 Quia
708 4676 1039 4731 adversarius
1076 4686 1240 4732 vester
1274 4677 1516 4733 diabolus
1535 4720 1552 4745 ,
1597 4687 1704 4735 etc.
1738 4677 2044 4748 Aliquando

461 4765 704 4822 diabolus
744 4764 830 4821 leo
869 4771 1089 4837 propter
1131 4773 1346 4837 apertas
1388 4768 1790 4837 persecutiones
1822 4767 2037 4823 dicitur.

460 4854 764 4925 Aliquando
784 4855 948 4910 draco
968 4864 1189 4926 propter
1206 4856 1445 4911 occultas
1466 4857 1687 4911 insidias
1708 4857 2038 4912 nominatur.

532 4946 632 5001 Cui
671 4946 893 5005 resistite
926 4947 1085 5018 fortes
1124 4948 1179 5002 in
1222 4946 1347 5017 ﬁde.
1402 4947 1663 5018 Exemplo
1710 4947 1913 5004 Christi
1957 4964 2042 5020 re:

464 5037 706 5093 sistentis
736 5037 790 5091 in
821 5036 1035 5094 deserto
1063 5037 1297 5093 diabolo.

537 5127 768 5183 Scientes
805 5128 1037 5183 eamdem
1071 5131 1397 5201 passionem,
1440 5141 1545 5186 etc.
1578 5130 1635 5186 Id
1676 5140 1759 5187 est
1796 5133 2043 5188 eamdem

464 5219 788 5290 passionem,
813 5235 973 5290 quam
996 5235 1091 5276 vos
1115 5221 1412 5284 sustinetis,
1445 5230 1500 5275 et
1522 5236 1585 5276 ea
1612 5235 1733 5291 quae
1757 5222 1812 5277 in
1841 5223 2044 5278 mundo

464 5319 549 5366 est
569 5320 762 5367 vestrm
784 5310 1161 5378 fraternitatis,
1185 5330 1306 5386 qua:
1329 5322 1412 5371 est
1437 5313 1757 5371 universalis
1778 5314 2039 5382 Ecclesia,

466 5403 735 5459 sustinere
754 5420 860 5459 non
885 5414 1082 5461 cessat.

535 5492 678 5548 Deus
705 5503 875 5548 autem
902 5496 1070 5548 omnis
1089 5495 1293 5564 gratiae.
1315 5494 1370 5550 ld
1400 5505 1511 5561 est,
1541 5494 1888 5553 multiformis
1923 5511 2048 5568 gra-

468 5584 557 5639 tia:
571 5600 584 5638 :
599 5583 769 5641 Omne
785 5586 927 5641 enim
949 5585 1170 5651 bonum,
1195 5586 1338 5655 quod
1352 5586 1513 5643 homo
1535 5588 2047 5659 babetpergratiam

470 5675 584 5741 Dei,
614 5685 672 5731 ut
695 5677 894 5732 habent
917 5676 1128 5748 accipit.

2064 4456 2118 4517 D

2134 3242 2155 3274 ι
2199 3231 2256 3278 et
2276 3222 2469 3293 quaerit
2500 3221 2806 3293 diligenter,
2837 3221 3008 3277 donec
3038 3222 3294 3278 inveniat.
3322 3221 3389 3276 Et
3419 3237 3543 3278 eum
3577 3223 3725 3277 inve-

2137 3337 2156 3368 ι
2199 3314 2365 3379 nerit,
2395 3320 2659 3369 convocat
2684 3312 2891 3368 amicas
2912 3320 2968 3368 et
2989 3312 3198 3367 vicinas
3226 3312 3412 3368 dicens
3436 3331 3451 3366 :
3482 3311 3729 3385 Congra-

2137 3424 2156 3456 ι
2199 3404 2445 3461 tulamini
2471 3402 2635 3468 mihi,
2664 3403 2794 3474 quia
2818 3402 2998 3457 inveni
3022 3403 3326 3473 dragmam,
3355 3417 3517 3472 quam
3546 3403 3729 3473 perdi-

2140 3514 2160 3548 t
2204 3494 2409 3553 (ieram.
2440 3492 2521 3549 lta
2546 3492 2670 3549 dico
2696 3492 2849 3547 vobis
2867 3532 2882 3557 ,
2905 3491 3161 3564 gaudium
3189 3492 3297 3547 erit
3318 3492 3372 3546 in
3392 3492 3534 3548 celo
3562 3506 3731 3563 super

2141 3603 2160 3637 ι
2201 3600 2311 3640 uno
2331 3591 2616 3654 peccatore
2640 3583 3017 3653 pmnitentiam
3046 3591 3260 3652 agente.
3300 3600 3320 3635 ι

2205 3676 2378 3731 Erant
2408 3675 2885 3747 appropinquantes
2913 3673 2981 3729 ad
3007 3672 3191 3729 Iesum
3225 3673 3493 3746 publicani
3523 3682 3578 3730 et
3615 3692 3733 3747 pee-

2137 3776 2360 3833 eatores,
2390 3773 2495 3823 etc.
2527 3764 2664 3834 Quia
2693 3781 2805 3821 non
2820 3765 2996 3823 solum
3013 3763 3197 3835 justus
3219 3779 3447 3837 peccare
3463 3780 3567 3836 per
3589 3768 3739 3823 iner-

2138 3862 2268 3919 tiam
2286 3900 2299 3924 ,
2329 3857 2425 3918 sed
2458 3867 2515 3914 et
2540 3867 2811 3929 peccator,
2841 3858 3164 3929 resipiscere
3200 3872 3303 3929 per
3328 3858 3613 3914 solertiam
3639 3874 3734 3930 po-

2138 3958 2279 4017 test,
2321 3958 2608 4021 postquam
2654 3949 2736 4006 sal
2782 3947 3105 4029 infamatum
3152 3947 3301 4005 foras
3342 3949 3484 4004 mitti
3524 3949 3735 4007 debere

2138 4049 2420 4101 narratum
2467 4049 2570 4106 est,
2616 4056 2744 4097 mox
2778 4041 3137 4112 ptenitentnm
3188 4041 3386 4115 cohors
3435 4042 3592 4098 intus
3636 4043 3733 4097 ad—

2139 4132 2328 4197 missa,
2368 4130 2721 4197 describitur,
2761 4131 2855 4202 qui
2895 4131 2962 4187 ad
2996 4132 3322 4187 audiendum
3352 4131 3451 4189 Dei
3494 4135 3732 4189 verbum

2140 4222 2656 4294 appropinquantes,
2693 4237 2802 4277 non
2839 4221 3015 4277 solum
3053 4223 3123 4278 ad
3154 4221 3604 4292 colloquendum,
3634 4222 3735 4279 sed

2140 4314 2306 4373 etiam
2344 4313 2415 4369 ad
2447 4313 2883 4370 convescendunt
2932 4313 3138 4383 recepti
3184 4321 3332 4378 sum,
3362 4313 3507 4383 quod
3536 4315 3735 4370 viden-

2144 4414 2228 4463 tes
2288 4403 2551 4460 Pharisaei
2616 4404 2892 4475 dedignati
2958 4414 3103 4470 sunt,
3131 4404 3257 4473 quia
3325 4417 3454 4459 vera
3513 4403 3738 4474 justiti:

2145 4495 2575 4565 compassionem
2645 4494 2811 4550 habet
2833 4534 2849 4561 ,
2917 4493 3053 4550 falsa
3116 4494 3332 4563 justiti:
3385 4493 3739 4572 dedignatio-

2146 4602 2293 4653 nem,
2337 4586 2588 4656 quamvis
2627 4593 2685 4641 et
2718 4586 2854 4657 justi
2897 4585 3107 4642 soleant
3153 4594 3304 4642 recte
3346 4586 3739 4655 peccatoribus

2146 4678 2447 4751 indignari;
2479 4677 2575 4734 sed
2602 4677 2749 4733 aliud
2787 4685 2874 4734 est
2911 4680 3054 4748 quod
3083 4678 3262 4750 agitur
3283 4687 3409 4750 typo
3436 4678 3739 4747 superbia,

2146 4770 2295 4826 aliud
2336 4769 2454 4825 seio
2493 4768 2828 4840 disciplinae;
2860 4768 2957 4825 sed
3003 4771 3130 4840 quia
3166 4769 3295 4840 aegri
3345 4774 3524 4833 erant,
3567 4769 3651 4824 ita
3678 4774 3742 4822 nt

2147 4876 2321 4931 aegros
2348 4876 2407 4916 se
2433 4875 2556 4916 esse
2582 4861 2879 4927 nescirent,
2908 4870 3187 4931 quatenus
3207 4863 3351 4933 qmd
3377 4871 3538 4919 erant
3564 4874 3745 4933 agno-

2144 4958 2378 5015 scerent,
2420 4949 2659 5006 caelestis
2695 4964 2791 5005 eos
2817 4951 3063 5006 medicus
3093 4950 3308 5007 blandis
3336 4951 3595 5007 fomentis
3641 4965 3743 5004 cu-

2145 5048 2249 5101 rat,
2274 5037 2567 5107 benignum
2599 5036 2925 5114 παράδειγμα
2942 5036 3148 5106 objicit,
3179 5047 3233 5094 et
3268 5039 3320 5094 in
3349 5054 3541 5096 eorum
3567 5038 3744 5094 corde

2141 5126 2384 5182 vulneris
2410 5134 2679 5182 tumorem
2699 5126 2919 5197 premit.
2947 5125 3040 5182 Ait
3064 5143 3339 5199 namque:

2216 5216 2347 5283 Quis
2393 5232 2459 5271 ex
2500 5215 2642 5272 vobis
2686 5216 2862 5282 homo,
2902 5218 3170 5288 quilubet
3209 5229 3417 5276 centum
3455 5237 3596 5284 ores,
3622 5228 3743 5275 etc.

2145 5307 2286 5363 Ecce
2322 5306 2462 5361 mira
2496 5306 2900 5376 dispensatione
2939 5308 3161 5378 pietatis
3192 5310 3601 5366 similitudinem
3631 5309 3748 5365 Ve-

2148 5399 2283 5454 ritas
2311 5397 2477 5465 dedit,
2507 5412 2672 5468 quam
2698 5406 2756 5452 et
2786 5398 2838 5453 in
2861 5415 2921 5455 se
2952 5399 3069 5470 ipso
3094 5401 3258 5458 homo
3287 5404 3745 5474 recognosceret.

2146 5499 2202 5547 et
2228 5499 2410 5545 tamen
2444 5490 2561 5546 haec
2588 5490 2901 5559 specialiter
2925 5491 2994 5547 ad
3030 5491 3205 5561 ipsum
3234 5500 3517 5549 auctorem
3546 5492 3749 5548 horni-

2147 5598 2276 5637 num
2305 5582 2620 5653 pertineret.
2658 5579 2793 5648 Quia
2821 5584 2965 5638 en'uu
2991 5587 3339 5641 centenarias
3364 5600 3628 5641 numerus
3653 5594 3753 5641 est

2150 5672 2441 5745 perfectus,
2477 5674 2590 5743 ipse
2617 5682 2833 5729 centum
2870 5688 3000 5731 oves
3041 5676 3231 5731 habuit
3259 5691 3385 5733 cum
3414 5674 3747 5746 angelorum
