3954 6200
263 321 359 380 561

1084 316 1600 374 COLLECTIONES
1637 315 1703 372 IN
1744 314 2123 372 EPISTOLAS
2161 315 2249 370 ET
2290 315 2706 376 EVANGELIA.

3421 323 3530 380 562

263 432 626 495 substantiam
661 440 716 488 et
744 430 1024 484 hominum
1053 433 1280 496 creavit,
1311 432 1405 486 sed
1432 446 1537 484 una
1565 429 1682 485 ovis
1709 438 1840 484 tunc
1867 432 1916 491 Α
1941 429 2017 484 cit
2046 429 2099 483 in
2134 428 2274 485 cmlo
2308 430 2584 501 gaudium,
2612 431 2830 502 quando
2857 431 2959 486 hoc
2986 430 3129 501 quod
3166 433 3307 489 male
3339 441 3526 508 gessit,

261 526 446 597 periit,
476 523 695 594 quando
729 523 1006 592 peccando
1040 523 1202 576 homo
1249 537 1452 592 pascua
1493 522 1620 576 vita:
1650 520 1846 576 dereli-

261 617 397 688 quit.
416 613 638 668 Dimisit
653 619 835 666 autem
851 611 1145 682 nonaginta
1167 624 1360 665 novem
1380 625 1509 665 oves
1530 610 1584 663 in
1607 609 1842 670 deserto,

261 708 390 780 quia
441 705 566 760 illos
615 717 859 760 summos
911 702 1227 770 angelorum
1277 703 1478 756 choros
1528 699 1746 768 reliquit
1791 699 1846 752 in

262 797 420 853 ccio.
489 794 602 849 Cur
647 801 830 847 autem
883 792 1081 847 omium
1129 792 1400 847 desertum
1447 800 1694 855 vocatur,
1741 789 1846 844 nisi

262 888 406 960 quod
432 887 710 943 desertum
736 885 941 940 dicitur
973 884 1310 938 derelictum.
1347 883 1498 938 Tunc
1525 892 1706 937 autem
1729 896 1845 937 c0:-

262 980 371 1034 lum
404 979 572 1033 homo
601 975 860 1039 deseruit,
890 989 1012 1030 cum
1043 975 1306 1044 peccavit.
1345 975 1404 1028 ln
1425 975 1641 1029 deserto
1665 984 1846 1028 autem

264 1069 562 1139 nonaginta
584 1081 778 1120 novem
804 1081 934 1120 oves
960 1065 1588 1134 remanserant,quando
1617 1065 1671 1118 in
1699 1073 1847 1118 terra

262 1155 526 1211 Dominus
552 1168 717 1208 unam
738 1154 1036 1222 quaerebat,
1065 1154 1193 1222 quia
1223 1154 1560 1208 rationabilis
1584 1162 1848 1208 creatura:

264 1260 550 1308 numerus,
576 1243 892 1312 angelorum
917 1243 1168 1298 videlicet
1203 1251 1256 1298 et
1283 1243 1584 1308 hominum,
1624 1258 1743 1312 qua:
1780 1243 1848 1297 ad

262 1334 554 1390 videndum
583 1332 756 1386 Deum
806 1333 1023 1387 condita
1058 1331 1556 1404 fuerat,‘pereunte
1602 1335 1844 1399 homine,

261 1431 386 1479 erat
421 1422 844 1487 imminutus,°et
879 1429 940 1475 ut
974 1420 1214 1490 perfecta
1251 1437 1462 1476 summa
1490 1424 1671 1478 ovium
1710 1423 1848 1477 inte-

263 1521 518 1586 graretur
569 1513 625 1567 in
671 1511 834 1577 coelo,
887 1513 1051 1567 homo
1106 1513 1351 1582 perditus
1401 1512 1746 1582 quarebatur
1792 1513 1848 1568 in

267 1614 436 1661 terra.

335 1716 407 1771 Et
449 1732 570 1770 cum
608 1716 860 1771 inuenerit
899 1715 1049 1769 illam
1085 1715 1302 1786 imponit
1344 1716 1401 1770 in
1438 1717 1680 1770 humeros
1723 1732 1846 1770 suos

1947 535 2046 589 per
2069 519 2469 589 pmnitentiam,
2497 522 2718 576 damnat
2747 521 2996 592 injustus.

2015 610 2118 662 Aut
2146 625 2264 680 qua
2299 610 2490 664 mulier
2511 612 2704 666 habens
2739 614 2987 683 dragmas
3026 615 3225 682 decem,
3267 621 3314 674 si
3352 622 3530 690 perdi-

1945 699 2082 753 derit
2117 700 2392 770 dragmam
2427 717 2614 766 unam,
2644 710 2750 758 etc.
2792 703 2895 769 Qui
2930 705 3179 776 signatur
3215 723 3314 778 per
3342 722 3530 782 pasto-

1945 801 2059 841 rem
2078 828 2092 853 ,
2121 787 2238 857 ipse
2264 796 2322 843 et
2352 803 2449 858 per
2475 790 2757 845 mulierem
2780 831 2795 857 ,
2833 792 2946 862 ipse
2974 797 3116 848 enim
3148 797 3310 863 Deus,
3340 800 3453 869 ipse
3477 813 3534 858 et

1948 878 2042 933 Dei
2089 879 2376 947 sapientia,
2420 879 2547 948 quia
2596 880 2776 950 imago
2821 884 3142 953 exprimitur
3183 887 3237 941 in
3283 890 3528 961 dragma.

1946 962 2139 1019 Mulier
2174 966 2452 1037 dragmam
2481 967 2716 1036 perdidit
2742 970 2957 1038 quando
2988 972 3172 1039 homo,
3212 978 3304 1046 qui
3342 979 3530 1032 condi-

1948 1063 2037 1110 tus
2062 1056 2129 1110 ad
2156 1057 2446 1128 imaginem
2469 1057 2564 1112 Dei
2593 1056 2790 1123 fuerat,
2814 1064 3088 1129 peccando
3117 1080 3148 1118 a
3177 1066 3534 1125 similitudine

1948 1148 2031 1203 sui
2066 1149 2366 1203 conditoris
2406 1150 2650 1204 recessit.
2685 1149 2794 1205 Sed
2827 1155 3076 1209 accendit
3120 1158 3314 1212 mulier
3350 1159 3530 1215 lucer-

1947 1255 2098 1305 nam,
2135 1242 2260 1310 quia
2312 1243 2576 1312 sapientia
2621 1241 2716 1296 Dei
2763 1246 3015 1314 apparuit
3061 1247 3115 1302 in
3169 1249 3528 1308 humanitate.

1947 1331 2192 1386 Lucerna
2217 1332 2414 1401 quippe
2455 1333 2634 1387 lumen
2671 1333 2726 1386 in
2760 1341 2900 1391 testa
2931 1345 3033 1391 est.
3077 1338 3284 1395 Lumen
3313 1357 3443 1396 vero
3475 1343 3532 1397 in

1948 1430 2106 1486 testa,
2137 1430 2222 1478 est
2247 1423 2501 1478 divinitas
2531 1424 2584 1478 in
2612 1439 2798 1480 carne.
2832 1427 3074 1481 Accensa
3101 1436 3282 1483 autem
3308 1431 3533 1486 lucerna

1947 1513 2150 1569 everrit
2169 1513 2413 1579 domum,
2443 1517 2567 1584 quia
2603 1532 2748 1581 mox,
2779 1527 2838 1572 ut
2861 1518 2978 1586 ejus
3004 1520 3260 1576 divinitas
3287 1537 3384 1592 per
3407 1539 3532 1578 car-

1948 1619 2072 1658 nem
2100 1604 2317 1671 claruit,
2344 1607 2523 1660 omnis
2555 1621 2614 1662 se
2643 1618 2830 1662 nostra
2861 1609 3196 1665 conscientia
3219 1615 3531 1679 concussit;

1948 1694 2142 1753 domus
2177 1711 2413 1766 namque
2449 1699 2740 1766 everritur,
2769 1717 2892 1756 cum
2931 1704 3370 1760 consideratione
3413 1723 3536 1763 rea-

261 1811 521 1883 gmem.
545 1807 712 1863 Ovem
746 1808 800 1862 in
827 1807 1068 1862 humeris
1095 1807 1370 1877 imposuit,
1402 1809 1528 1878 quia
1556 1809 1846 1862 humanam
1873 1795 1921 1853 Β
1949 1793 2036 1839 tus
2083 1786 2166 1883 sui
2209 1787 2468 1883 humana-
2521 1791 2857 1883 conscientia
2904 1794 3275 1860 perturbatur.
3331 1796 3533 1852 Eversa

262 1911 518 1982 naturam
554 1899 856 1970 suscipiens
882 1908 1104 1969 peccata
1141 1909 1329 1956 nostra
1368 1901 1482 1971 ipse
1515 1904 1772 1970 portavit.

335 2016 407 2070 Et
445 2017 651 2070 veniens
687 2014 922 2077 domum,
959 2021 1206 2067 convocat
1242 2014 1459 2078 amicos,
1489 2021 1595 2068 etc.
1627 2013 1848 2068 Inventa

260 2107 469 2170 ove.ad
493 2106 714 2161 domum
757 2104 935 2169 rediit,
965 2103 1093 2173 quia
1134 2112 1321 2174 pastor
1365 2111 1570 2168 noster,
1600 2113 1853 2173 reparato

260 2197 506 2264 homine,
549 2195 618 2250 ad
668 2210 891 2266 regnum
939 2194 1159 2250 caeleste
1206 2193 1389 2260 rediit,
1421 2193 1508 2246 ubi
1548 2194 1754 2248 amicos
1798 2203 1854 2248 et

261 2289 476 2343 vicinos
523 2287 763 2352 invenit,
813 2287 933 2342 illos
973 2286 1226 2341 videlicet
1270 2285 1588 2356 angelorum
1633 2286 1849 2350 choros,

263 2379 359 2450 qui
403 2377 567 2433 amici
605 2377 722 2448 ejus
749 2387 892 2442 sunt,
925 2377 1051 2448 quia
1093 2377 1427 2430 voluntatem
1456 2376 1573 2446 ejus
1602 2377 1853 2430 continue

265 2471 320 2525 in
341 2486 441 2525 sua
464 2469 762 2525 stabilitate
781 2469 1112 2524 custodiunt.
1133 2468 1305 2524 Vicini
1331 2483 1545 2538 quoque
1569 2468 1685 2538 ejus
1704 2475 1850 2532 sunt,

264 2563 393 2633 quia
443 2561 693 2616 claritate
739 2561 964 2616 visionis
1009 2560 1154 2615 illius
1213 2575 1310 2614 sua
1359 2560 1678 2615 assiduitate
1723 2575 1850 2629 per-

264 2652 548 2719 fruuntur,
591 2661 648 2708 et
681 2653 974 2708 notandum
1013 2651 1158 2721 quod
1197 2666 1303 2706 non
1341 2651 1486 2706 dicat
1515 2649 1854 2720 congratula-

264 2744 399 2799 tnini
430 2743 520 2798 ovi
551 2743 802 2808 iuventte,
833 2742 928 2797 sed
950 2742 1104 2807 mihi,
1136 2742 1280 2812 quia,
1317 2741 1584 2806 videlicet,
1625 2738 1743 2808 ejus
1771 2748 1855 2795 est

265 2832 526 2904 gaudium
553 2832 662 2886 vita
692 2840 900 2897 nostra,
947 2839 1002 2886 et
1033 2846 1156 2885 cum
1188 2846 1287 2885 nos
1319 2830 1387 2884 ad
1412 2829 1610 2885 caelum
1646 2829 1855 2885 reduci—

264 2939 409 2991 mur,
441 2923 839 2979 solemnitatem
867 2921 1067 2977 laetitiae
1090 2921 1233 2976 illius
1267 2919 1570 2991 implemus.

339 3058 474 3113 Dico
517 3058 681 3122 vobis,
720 3058 860 3129 quod
900 3058 978 3111 ita
1018 3057 1272 3128 gaudium
1315 3056 1414 3111 erit
1453 3056 1508 3110 in
1549 3055 1697 3122 caelo,
1741 3062 1848 3114 etc.

1949 1891 2078 1932 vero
2106 1878 2264 1932 domo
2293 1878 2566 1933 invenitur
2591 1880 2838 1951 dragma,
2867 1883 2993 1952 quia
3023 1883 3151 1938 dum
3181 1888 3534 1954 perturbatur

1949 1968 2276 2022 conscientia
2307 1968 2563 2034 hominis,
2591 1981 2876 2041 reparatur
2904 1974 2957 2028 in
2987 1974 3207 2029 homine
3232 1977 3529 2034 similitudo

1950 2056 2271 2111 conditoris.
2653 2035 2671 2041 —
2831 2035 2839 2052 ’
3145 2054 3148 2056 ⁷

2023 2141 2091 2202 Et
2114 2166 2231 2202 cum
2253 2151 2526 2218 invenerit,
2547 2165 2796 2209 convocat
2817 2159 3037 2224 amicas,
3061 2167 3164 2215 etc.
3195 2160 3326 2227 Qum
3349 2163 3536 2219 amica;

1951 2235 2034 2290 vel
2063 2237 2293 2292 vicina?
2338 2238 2444 2292 nisi
2481 2239 2585 2294 illa:
2609 2250 2908 2310 potestates
2956 2256 3082 2301 sunt
3123 2249 3395 2316 caelestes,
3419 2248 3532 2319 jam

1953 2328 2200 2396 superius
2229 2328 2405 2395 dictat,
2442 2344 2563 2400 quae
2604 2341 2754 2388 tanto
2794 2351 3040 2405 supernae
3081 2340 3358 2408 sapientia
3377 2341 3534 2412 juxta

1954 2424 2100 2483 sunt,
2136 2427 2342 2487 quanto
2386 2420 2437 2475 ei
2466 2437 2564 2491 per
2599 2425 2828 2494 gratiam
2857 2428 3130 2483 continuae
3168 2429 3393 2486 visionis
3441 2447 3540 2502 ap-

1953 2508 2348 2578 propinquant;
2399 2512 2495 2566 sed
2538 2513 2856 2570 intuendum
2895 2532 2994 2572 cur
3035 2518 3140 2573 ista
3191 2521 3388 2575 mulier
3439 2523 3535 2576 de-

1954 2611 2074 2652 cem
2100 2597 2354 2669 dragmas
2374 2601 2630 2657 habuisse
2647 2604 2981 2672 perhibetur.
2997 2607 3326 2679 Angelorum
3342 2613 3539 2681 quippe

1957 2693 2013 2740 et
2051 2687 2330 2743 hominum
2360 2698 2610 2746 naturam
2631 2693 2699 2748 ad
2723 2698 3154 2764 cognoscendum
3193 2713 3252 2753 se
3279 2700 3540 2758 Dominus

1957 2776 2217 2842 condidit,
2245 2792 2407 2847 quam
2434 2779 2560 2834 dum
2607 2783 2907 2838 consistere
2950 2785 3017 2839 ad
3059 2787 3419 2843 aeternitatem
3445 2804 3542 2845 vo-

1958 2867 2078 2933 luit,
2115 2882 2236 2921 eam
2262 2869 2448 2939 procul
2477 2869 2642 2926 dubio
2669 2873 2737 2927 ad
2765 2888 2918 2928 suam
2952 2875 3358 2932 similitudinem
3388 2894 3541 2935 crea-

1958 2956 2056 3011 vit.
2082 2955 2278 3011 Decem
2302 2973 2432 3013 vero
2456 2959 2706 3031 dragmas
2735 2961 2923 3017 habuit
2948 2964 3158 3030 mulier,
3188 2967 3314 3034 quia
3343 2983 3540 3024 novem

1959 3053 2085 3102 sunt
2107 3045 2325 3100 ordines
2354 3047 2699 3118 angelorum;
2732 3051 2827 3105 sed
2855 3060 2910 3105 ut
2939 3053 3300 3122 compleretur
3337 3056 3540 3113 electo-

265 3149 397 3205 Plus
436 3150 507 3204 de
543 3149 822 3204 conversis
863 3149 1262 3218 peccatoribus,
1293 3163 1455 3218 quam
1485 3151 1552 3204 de
1585 3148 1855 3204 stantibus
1880 3141 1926 3206 C
1957 3155 2079 3195 ιίιω
2103 3155 2381 3206 numerus.
2411 3142 2573 3197 homo
2602 3143 2844 3199 decimus
2874 3153 3094 3202 creatus
3137 3156 3239 3213 est,
3267 3150 3360 3219 qui
3410 3165 3544 3206 con-

263 3237 434 3308 justis
487 3236 745 3307 gaudium
795 3237 851 3290 in
896 3236 1078 3302 caelo,
1126 3236 1256 3306 quia
1299 3235 1619 3306 plerumque
1662 3236 1717 3290 hi
1764 3237 1855 3306 qui

268 3328 435 3385 nullis
463 3343 526 3383 se
545 3341 834 3398 oppressos
859 3334 1205 3396 peccatorum
1232 3326 1461 3382 molibus
1483 3327 1685 3391 sciunt,
1712 3335 1860 3382 stant

271 3420 492 3488 quidem
539 3418 598 3472 in
622 3418 707 3472 via
738 3415 988 3486 justitiaz,
1013 3417 1160 3471 nulla
1190 3417 1376 3472 illicita
1404 3426 1739 3488 perpetrant,
1765 3419 1859 3473 sed

272 3519 460 3565 tamen
510 3509 580 3563 ad
629 3509 908 3564 caelestem
947 3508 1181 3578 patriam
1217 3509 1379 3564 anxie
1414 3525 1521 3564 non
1567 3511 1857 3576 anhelant,

273 3607 538 3669 tantoque
563 3599 666 3653 sibi
702 3599 758 3652 in
790 3599 951 3653 rebus
980 3597 1144 3654 licitis
1177 3615 1334 3654 usum
1362 3601 1624 3670 praebent,
1655 3607 1861 3668 quanto

275 3706 338 3748 se
359 3699 710 3763 perpetrasse
732 3690 920 3745 illicita
947 3690 1094 3745 nulla
1129 3692 1513 3758 meminerunt,
1540 3700 1594 3746 et
1623 3692 1860 3762 plerum-

276 3797 384 3853 que
421 3782 566 3852 pigri
615 3788 898 3836 remanent
944 3781 1013 3836 ad
1053 3783 1357 3836 exercenda
1402 3783 1542 3837 bona
1565 3783 1856 3851 praecipua,

275 3872 405 3942 quia
454 3871 616 3926 valde
665 3870 842 3926 securi
892 3877 1052 3934 sunt,
1104 3870 1248 3940 quod
1297 3870 1440 3925 nulla
1487 3871 1862 3926 commiserint

277 3962 422 4017 mala
451 3961 726 4033 graviora.
757 3960 827 4016 At
847 3969 1035 4017 contra
1067 3977 1451 4032 nonnunquam
1475 3963 1529 4017 hi
1558 3963 1651 4033 qui
1679 3978 1738 4017 se
1765 3963 1861 4017 ali-

277 4066 388 4122 qua
429 4051 622 4106 illicita
659 4051 835 4123 egisse
870 4051 1255 4117 meminerunt,
1282 4066 1350 4106 ex
1390 4053 1509 4121 ipso
1550 4068 1648 4108 suo
1678 4053 1862 4108 dolore

277 4142 622 4214 compuncti,
649 4141 996 4196 inardescunt
1020 4142 1088 4196 ad
1113 4156 1353 4196 amorem
1379 4142 1515 4208 Dei,
1548 4157 1776 4212 seseque
1806 4143 1859 4196 in

280 4234 498 4304 magnis
536 4231 829 4286 virtutibus
869 4238 1146 4286 exercent.
1180 4230 1348 4302 Magis
1394 4246 1524 4302 ergo
1560 4231 1628 4286 de
1663 4247 1858 4300 pecca-

283 4334 402 4379 tore
439 4337 728 4387 converso,
757 4337 918 4391 quam
956 4322 1022 4377 de
1056 4329 1234 4376 stante
1257 4321 1405 4390 justo
1433 4323 1686 4393 gaudium
1720 4323 1780 4376 ﬁt
1808 4323 1862 4376 in

281 4417 448 4481 caelo,
480 4415 607 4484 quia
640 4422 697 4468 et
730 4413 838 4468 dux
866 4413 919 4468 in
953 4411 1158 4483 praelia,
1191 4413 1313 4483 plus
1337 4428 1461 4468 eum
1491 4413 1712 4468 militem
1743 4414 1863 4468 dili-

1959 3232 2121 3288 ditori
2146 3248 2266 3298 suo,
2292 3247 2390 3288 nec
2417 3241 2540 3303 post
2566 3234 2777 3304 culpam
2802 3237 2986 3305 periit,
3014 3238 3140 3308 quia
3164 3240 3308 3294 hunc
3334 3249 3543 3296 :eterna

1957 3322 2222 3393 sapientia
2246 3337 2346 3391 per
2375 3338 2595 3378 carnem
2619 3325 2895 3380 miraculis
2925 3343 3215 3385 coruscans
3241 3345 3308 3385 ex
3336 3331 3543 3388 lumine

1958 3421 2112 3468 testae
2138 3414 2430 3484 reparavit.

2029 3501 2116 3556 Ita
2156 3481 2272 3556 dico
2315 3503 2484 3568 vobis,
2523 3481 2776 3573 gaudium
2817 3507 2916 3559 erit
2959 3523 3136 3561 coram
3181 3510 3402 3579 angelis,
3427 3520 3537 3567 etc.

1960 3593 2338 3669 Pmnitentiam
2366 3609 2546 3665 agere,
2578 3605 2661 3650 est
2683 3603 2738 3649 et
2763 3605 3072 3666 perpetrata
3101 3599 3238 3654 mala
3261 3601 3542 3673 plangere,

1959 3690 2016 3738 et
2046 3683 2345 3755 plangenda
2381 3700 2488 3740 non
2527 3693 2860 3754 perpetrare.
2904 3686 3166 3758 Namqui
3204 3690 3283 3746 sic
3317 3691 3420 3746 alia
3450 3693 3544 3749 de-

1959 3775 2158 3845 plorat,
2188 3784 2248 3829 ut
2278 3783 2454 3831 tamen
2481 3777 2585 3831 alia
2615 3780 2936 3846 committat,
2967 3781 3141 3838 adhuc
3163 3784 3540 3852 paenitentiam

1962 3881 2124 3938 agere
2169 3875 2265 3922 aut
2313 3867 2560 3938 ignorat,
2606 3877 2700 3924 aut
2743 3870 3063 3926 dissimulat.
3114 3873 3253 3940 Quid
3303 3877 3448 3931 enim
3497 3877 3544 3932 si

1959 3965 2181 4027 peccata
2211 3958 2333 4027 quis
2373 3957 2601 4014 luxuriae
2641 3958 2855 4025 deﬂeat,
2889 3969 2944 4015 et
2982 3969 3160 4017 tamen
3211 3963 3387 4020 adhuc
3415 3981 3543 4020 ava-

1961 4048 2100 4103 ritia:
2131 4049 2351 4104 testibus
2396 4049 2646 4114 anhelat;
2674 4059 2766 4102 aut
2794 4049 2923 4120 quid
2950 4050 3189 4118 prodest,
3219 4053 3265 4106 si
3302 4054 3398 4108 irae
3425 4053 3542 4109 cul-

1961 4152 2059 4206 pas
2077 4137 2191 4207 jam
2219 4138 2416 4208 lugeat,
2462 4146 2517 4191 et
2548 4147 2726 4193 tamen
2754 4140 2927 4194 adhuc
2964 4139 3182 4194 invidia:
3216 4141 3424 4197 facibus
3457 4152 3538 4197 ta-

1962 4227 2166 4282 bescat.
2211 4226 2316 4281 Sed
2355 4227 2534 4281 minus
2570 4235 2653 4281 est
2690 4227 2848 4283 valde
2887 4229 3031 4298 quod
3070 4228 3320 4295 dicimus,
3352 4242 3412 4286 ut
3449 4235 3541 4303 qui

1962 4326 2184 4388 peccata
2207 4317 2452 4388 deplorat
2480 4319 2743 4388 plorando
2785 4320 3008 4375 minime
3035 4322 3358 4377 committat.
3402 4323 3540 4380 Nam

1963 4410 2308 4481 cogitandum
2340 4424 2680 4484 summopere
2704 4419 2808 4475 est,
2839 4420 2897 4466 ut
2924 4412 3016 4482 qui
3053 4429 3110 4468 se
3137 4413 3322 4470 illicita
3354 4418 3545 4472 memi-

277 4506 386 4576 git,
414 4504 508 4574 qui
531 4514 658 4574 post
678 4502 857 4573 fugam
887 4517 1140 4557 reversus
1164 4503 1375 4556 hostem
1405 4501 1620 4558 fortiter
1641 4504 1858 4574 premit,
1889 4490 1942 4548 D
1968 4504 2050 4558 nit
2085 4503 2442 4567 commisisse,
2481 4518 2511 4556 a
2549 4503 2871 4573 quibusdam
2910 4505 3074 4561 etiam
3125 4505 3288 4562 licitis
3331 4509 3548 4563 studeat

277 4609 452 4663 quam
501 4594 653 4647 illum
705 4594 796 4664 qui
843 4607 1119 4662 nunquam
1167 4601 1318 4664 terga
1355 4593 1606 4663 praabuit,
1645 4603 1699 4648 et
1727 4609 1864 4646 nun-
1969 4592 2262 4657 abstinere,
2291 4601 2558 4663 quatenus
2594 4609 2691 4663 per
2742 4594 2843 4650 hoc
2879 4596 3148 4651 conditori
3190 4611 3288 4652 suo
3328 4597 3547 4653 satisfa-

277 4699 454 4754 quam
481 4681 685 4751 aliquid
712 4681 926 4737 fortiter
949 4681 1095 4738 fecit.
1129 4681 1234 4737 Sed
1265 4683 1409 4736 inter
1443 4683 1558 4736 hzec
1585 4681 1864 4737 sciendum
1967 4683 2098 4748 ciat,
2125 4690 2185 4736 ut
2208 4683 2299 4752 qui
2346 4685 2616 4739 commisit
2639 4674 2930 4754 prohibita,
2970 4687 3288 4758 sibimetipsi
3334 4689 3548 4744 abscin-

1971 4776 2099 4831 dere
2125 4775 2315 4832 debeat
2344 4777 2506 4831 etiam
2536 4779 2844 4834 commissa.

2112 4884 2532 4942 BEBDOMADA
2583 4889 2627 4943 V
2676 4888 2851 4944 POST
2889 4889 3407 4946 PENTECOSTEN.

1975 4994 2168 5033 LECTIO
2204 4993 2473 5034 EPISTOLE
2511 4997 2668 5035 BEATI
2705 4997 2862 5043 PAULI
2894 4996 3147 5037 APOS'I'OLI
3182 4999 3249 5036 AD
3284 4998 3552 5048 ROHANOS,

2632 5066 2748 5105 CAP.
2791 5065 2907 5108 VIII.

278 4782 401 4838 est,
429 4773 555 4844 quia
595 4781 722 4828 sunt
750 4774 994 4843 plerique
1015 4774 1146 4845 justi
1174 4774 1231 4828 in
1257 4776 1487 4843 quorum
1509 4775 1621 4828 vita
1657 4781 1865 4828 tantum

276 4873 383 4922 est
403 4865 769 4937 gaudiumfut
797 4865 879 4921 eis
906 4866 1158 4936 quaelibet
1183 4875 1528 4936 peccatorum
1552 4867 1867 4935 paenitentia

280 4957 532 5028 praeponi
566 4955 873 5012 nullatenus
909 4957 1101 5026 possit.
1151 4956 1288 5012 Nam
1329 4957 1485 5011 multi
1511 4965 1567 5011 et
1594 4957 1863 5012 nullorum

279 5048 401 5105 sibi
428 5047 694 5102 malorum
721 5055 846 5104 sunt
871 5048 1094 5112 conscii,
1123 5056 1180 5102 et
1207 5057 1389 5102 tamen
1418 5048 1473 5101 in
1505 5049 1639 5101 tanti
1668 5048 1880 5102 ardoris

278 5138 586 5194 amictione
613 5154 674 5193 se
698 5146 958 5203 exerunt,
991 5154 1052 5193 ac
1079 5138 1124 5193 si
1156 5139 1393 5209 peccatis
1429 5139 1679 5193 omnibus
1714 5153 1881 5207 angu-
2053 5155 2071 5188 ι
2118 5138 2379 5193 Existimo
2407 5140 2551 5194 enim
2583 5139 2727 5208 quod
2755 5154 2860 5193 non
2888 5147 3014 5194 sunt
3043 5141 3324 5213 condigna:
3345 5143 3557 5212 passio-

277 5238 528 5287 stentur.
558 5229 765 5286 Cuncta
789 5229 955 5284 etiam
991 5229 1138 5284 licita
1165 5237 1445 5299 respuunt,
1473 5232 1542 5284 ad
1570 5229 1878 5298 despectum
1982 5247 2000 5278 ε
2047 5239 2145 5282 nes
2180 5227 2340 5296 hujus
2372 5229 2630 5297 temporis
2669 5228 2736 5282 ad
2781 5226 3017 5284 futuram
3055 5231 3277 5303 gloriam
3319 5248 3439 5301 qua:
3469 5246 3557 5286 re-

279 5321 487 5378 mundi
515 5321 820 5376 sublimiter
853 5320 1232 5391 accinguntur,
1264 5320 1514 5375 lamentis
1541 5320 1794 5392 gaudent,
1827 5319 1882 5374 in
1984 5337 2002 5370 ι
2047 5319 2315 5374 velabitur
2339 5320 2393 5372 in
2421 5319 2597 5374 nobis.
2642 5318 2776 5374 Nam
2801 5323 3136 5392 exspectatio
3173 5329 3437 5378 creaturae
3474 5335 3563 5375 re-

281 5413 512 5470 cunctis
546 5413 866 5482 semetipsos
890 5412 1192 5476 humiliant,
1225 5420 1280 5466 et
1307 5413 1450 5468 sicut
1483 5411 1723 5466 nonnulli
1753 5425 1877 5480 pec-
1988 5427 2007 5459 ‹
2051 5409 2374 5463 velationem
2416 5408 2648 5464 filiorum
2674 5411 2770 5466 Dei
2816 5419 3114 5483 exspectat.
3145 5410 3384 5465 Vanitati
3413 5409 3559 5464 enim

281 5508 426 5557 cata
466 5516 708 5571 operum,
742 5502 822 5557 sic
862 5501 964 5571 ipsi
1006 5511 1229 5571 peccata
1273 5502 1658 5573 cogitationum
1698 5501 1878 5571 deplo—
1989 5519 2008 5552 ι
2052 5508 2302 5554 creatura
2332 5497 2568 5567 subjecta
2599 5510 2682 5556 est
2706 5519 2812 5558 non
2835 5504 3040 5568 volens,
3073 5501 3166 5557 sed
3191 5507 3413 5570 propter
3435 5513 3560 5554 eum

283 5599 448 5645 rant.
482 5591 619 5648 Hinc
647 5608 778 5662 ergo
807 5591 1166 5662 colligendum
1195 5600 1301 5657 est,
1331 5601 1592 5662 quantum
1615 5592 1728 5648 Deo
1751 5609 1879 5665 gau-
1991 5612 2009 5646 ι
2055 5593 2149 5663 qui
2177 5592 2408 5663 subjecit
2435 5608 2554 5648 eam
2587 5595 2640 5649 in
2675 5575 2789 5666 spe,
2823 5595 2947 5665 quia
2982 5603 3038 5650 et
3066 5594 3182 5663 ipsa
3211 5597 3461 5646 creatura
3497 5589 3566 5647 li-

285 5682 454 5736 dium
494 5684 676 5745 faciat,
705 5673 920 5750 quando
952 5681 1228 5738 humiliter
1253 5681 1456 5754 plangit
1490 5681 1688 5752 justus,
1723 5683 1767 5737 si
1803 5681 1881 5736 fa-
1993 5704 2016 5737 ιΔ
2057 5683 2336 5740 berabilur
2380 5700 2409 5738 a
2445 5686 2704 5740 servitute
2751 5683 3111 5754 corruptionis
3158 5681 3212 5736 in
3251 5679 3564 5736 libertatem

706 5779 979 5838 Parnm.
1030 5775 1162 5836 Cll.
3091 5776 3167 5835 1‘3
