3954 6200
259 333 357 387 565

1065 322 1584 381 COLLECTIUNES
1620 321 1685 375 ΙΝ
1727 319 2110 375 EPISTOLAS
2151 320 2236 375 ET
2281 319 2696 375 EVANGELIA.

3409 323 3512 379 566

259 442 493 501 Parturit
535 454 665 511 ergo
711 447 767 494 et
808 445 1063 493 creatura
1121 451 1216 491 eos
1257 449 1394 505 quos
1441 441 1721 504 regenerat
1770 431 1836 485 ad
1868 437 1915 493 Α
1941 431 2192 502 apostoli,
2215 432 2474 502 primitias
2495 433 2706 502 spiritus
2729 431 2995 497 habentes,
3027 432 3117 502 qui
3148 434 3302 490 electi
3330 451 3517 494 smnus

258 537 508 590 salutem.

326 626 454 682 Non
489 623 669 680 solum
699 632 876 677 autem
913 621 1031 688 illa,
1057 621 1148 676 sed
1182 629 1230 674 et
1267 636 1364 676 nos
1404 620 1523 692 ipsi,
1551 629 1654 676 etc.
1706 617 1837 672 illud

258 718 436 789 potius
475 715 530 769 in
567 714 672 768 hac
706 711 1056 783 intelligimus
1080 710 1376 776 sententia,
1416 711 1562 780 quod
1593 725 1712 763 cum
1750 723 1838 762 se—

259 806 493 862 cundum
535 819 622 867 ea,
663 817 785 872 qua:
828 801 1078 870 superius
1125 801 1504 863 disseruimus,
1541 798 1696 852 multi
1731 800 1840 854 sint

259 896 478 966 spiritus
503 892 910 958 ministeriales,
941 892 995 946 in
1027 891 1390 946 ministerium
1417 889 1593 954 missi,
1621 897 1848 959 propter‘

259 999 350 1040 eos
396 985 500 1054 qui
539 982 909 1038 hareditatem
953 981 1174 1050 capiunt
1224 980 1448 1045 salutis,
1495 981 1596 1035 sub
1644 980 1842 1049 quibus

261 1090 426 1146 agens
460 1073 832 1142 unusquisque
868 1072 1230 1137 credentium,
1261 1071 1406 1125 velut
1437 1072 1538 1126 sub
1572 1071 1842 1126 tutoribus

259 1175 308 1220 et
344 1164 797 1235 procuratoribus
842 1163 1160 1228 instituitur,
1206 1178 1377 1232 usque
1411 1164 1479 1217 ad
1515 1163 1847 1233 prmﬁnitum

261 1266 476 1328 tempus
521 1273 551 1310 a
594 1264 768 1324 patre,
801 1255 904 1310 hoc
951 1263 1056 1320 est,
1109 1270 1390 1325 usquequo
1432 1256 1500 1309 ad
1547 1255 1839 1324 legitimam

259 1359 474 1404 atatem
506 1348 702 1401 anima:
730 1345 1081 1416 perfectionis
1119 1347 1419 1412 advenerit,
1452 1347 1543 1401 ubi
1584 1348 1706 1417 quis
1725 1347 1840 1414 jam

260 1453 646 1510 supergressus
673 1437 924 1506 spiritum
949 1436 1250 1500 servitutis,
1283 1451 1444 1505 quem
1475 1446 1759 1507 acceperat
1788 1438 1850 1492 in-

260 1535 479 1596 timore,
511 1548 544 1586 a
568 1546 675 1601 quo
705 1531 851 1586 velut
881 1531 934 1585 in
964 1528 1253 1600 predagogo
1285 1539 1619 1595 servaretur,
1651 1532 1846 1603 dignus

259 1626 493 1682 edicitur
533 1624 782 1694 accipere
822 1621 1126 1693 adeptionis
1160 1621 1412 1691 spiritum
1441 1621 1696 1691 primitia:
1731 1623 1843 1691 spi—

260 1722 418 1784 ritus,
450 1734 548 1789 per
570 1733 734 1787 quem
765 1717 1055 1786 adoptatus
1093 1715 1149 1770 in
1183 1714 1352 1770 ﬁlium
1378 1715 1551 1784 possit
1585 1730 1705 1770 esse
1733 1717 1846 1786 pri-

1939 523 2008 578 ad
2057 524 2179 590 hoc,
2226 531 2286 578 ut
2330 525 2597 593 primitias
2634 525 2866 594 Spiritus
2917 529 3309 598 acciperemus,
3360 534 3517 586 etiam

1939 615 2039 684 ipsi
2076 614 2215 668 intra
2266 631 2359 668 nos
2399 615 2669 684 gemimus.
2727 615 2785 673 In
2839 625 3066 685 tantum,
3125 619 3320 690 inquit,
3372 623 3518 677 nulla

1940 715 2187 761 creatura
2219 713 2322 770 est,
2361 721 2481 775 qua:
2527 705 2801 761 doloribus
2833 717 2888 762 et
2931 711 3220 778 gemitibus
3250 721 3430 778 vacet,
3461 722 3524 769 ut

1939 796 2103 849 etiam
2136 812 2232 850 nos
2264 797 2383 864 ipsi,
2415 797 2506 865 qui
2545 812 2752 851 summa
2782 799 2849 851 ab
2867 797 3072 870 Spiritu
3102 812 3292 858 sancto
3322 812 3381 858 ct"
3413 804 3526 859 clo-

1940 893 2026 940 cta
2044 885 2179 939 dona
2202 888 2560 954 percepimus,
2580 895 2758 944 tamen
2781 899 3157 959 exspectantes
3179 895 3522 965 adoptionem

1943 973 2208 1040 ﬁliorum,
2254 975 2307 1029 id
2357 986 2470 1038 est,
2526 977 2946 1046 perfectionem,
3005 996 3099 1036 eos
3145 998 3282 1052 quos
3329 985 3524 1041 docere

1941 1073 1996 1119 et
2037 1066 2309 1120 instruere
2351 1066 2500 1121 missi
2553 1083 2758 1130 sumus,
2801 1069 2971 1125 donec
3009 1073 3288 1130 videamus
3333 1091 3427 1130 eos
3470 1077 3523 1130 iu

1944 1164 2153 1210 tantum
2185 1158 2482 1226 proﬁcere,
2525 1167 2586 1212 ut
2625 1161 2871 1230 adoptari
2917 1174 3226 1220 mereantur
3267 1166 3320 1221 in
3363 1167 3522 1232 ﬁlios,

1944 1247 2252 1301 necessario
2283 1247 2523 1302 dolemus
2560 1257 2616 1302 et
2647 1251 2933 1321 gemimus.
2978 1253 3171 1310 Adhuc
3215 1265 3392 1312 tamen
3437 1259 3530 1312 ad-

1944 1336 2123 1391 dimus
2148 1348 2204 1391 et
2240 1339 2480 1392 tertium.
2519 1339 2664 1393 idem
2703 1341 2816 1411 ipse
2850 1344 3046 1398 iterum
3074 1345 3362 1414 Apostolus
3397 1348 3530 1403 dicit

1944 1426 2011 1481 de
2055 1428 2284 1482 Domino
2329 1427 2457 1484 Jesu
2506 1431 2764 1496 Christo,
2826 1436 2950 1502 quia
3015 1437 3086 1491 sit
3136 1438 3529 1508 primogenitus

1945 1520 2123 1575 omnis
2153 1531 2433 1586 creaturas,
2476 1539 2544 1577 ne
2575 1523 2716 1578 forte
2743 1540 2871 1594 ergo
2911 1534 2971 1580 ut
3016 1527 3104 1581 ille
3138 1529 3530 1599 primOgenitus

1945 1610 2142 1664 dicitur
2170 1611 2346 1666 omnis
2371 1615 2731 1668 creaturae-ad
2753 1616 3040 1683 quamdam
3069 1618 3330 1672 rationem
3365 1621 3530 1675 etiam

1946 1700 2238 1755 multorum
2282 1703 2572 1772 spirituum
2617 1705 2829 1760 dicatur
2876 1708 3129 1777 primitize
3150 1711 3385 1781 Spiritus
3411 1727 3535 1767 sane

260 1799 874 1872 mimorumEcdesi‘m,
901 1807 993 1876 qui
1026 1807 1078 1861 in
1109 1806 1263 1863 οωιίε
1286 1815 1369 1861 εει
1398 1807 1616 1862 sociari.
1648 1806 1715 1860 Ει
1737 1807 1843 1861 sic-
1873 1801 2084 1866 Bctus.
2130 1791 2187 1846 Si
2224 1809 2353 1848 vero
2381 1795 2524 1864 quod
2555 1795 2725 1850 dixit':
2763 1797 2833 1850 Et
2871 1813 2965 1853 nos
3001 1801 3098 1870 ipsi
3130 1803 3391 1871 primitias
3424 1805 3533 1872 spi-

261 1912 317 1956 ut
370 1901 598 1955 multum
645 1897 826 1953 diﬂ‘ert
875 1898 1042 1952 ﬁlium
1091 1912 1211 1953 esse
1272 1913 1433 1968 quam
1487 1912 1724 1962 servum,
1769 1897 1846 1951 ita

260 1992 494 2046 multum
529 1989 711 2044 ditl'ert
753 2004 784 2043 a
822 1989 1266 2046 ministerialibus
1306 1987 1587 2059 spiritibus
1615 1988 1848 2057 Spiritus

259 2089 507 2146 sanctus,
544 2079 701 2150 cujus
729 2079 1000 2149 primitias
1026 2078 1227 2133 Paulus
1269 2093 1392 2134 cum
1437 2078 1552 2133 suis
1582 2077 1850 2134 similibus

261 2172 466 2228 habere
493 2187 554 2226 se
582 2171 736 2225 dicit.
792 2169 944 2226 Unus
970 2171 1059 2225 hic
1086 2170 1278 2224 modus
1313 2171 1407 2236 sit,
1441 2185 1550 2240 quo
1583 2171 1852 2226 sermonis

260 2263 428 2332 hujus
469 2260 886 2332 intelligentiam:
924 2261 1200 2331 potuimus
1230 2260 1508 2332 indagare.
1562 2261 1851 2316 Videamus

260 2367 405 2406 nunc
439 2360 494 2406 et
518 2350 703 2406 alium.
731 2351 984 2422 Legimus
1009 2351 1152 2422 apud
1179 2351 1352 2420 ipsum
1380 2350 1684 2420 apostolum
1712 2349 1852 2405 Pau-

261 2443 398 2509 lum,
426 2444 567 2498 dona
591 2443 676 2498 vel
696 2444 902 2515 gratias
929 2444 1104 2499 sancti
1122 2442 1376 2514 Spiritus,
1403 2442 1602 2496 multos
1630 2441 1852 2510 spiritus

260 2533 556 2598 nominari,
593 2549 716 2588 cum
744 2533 877 2587 dicit
900 2550 914 2585 :
942 2532 1100 2588 Nunc
1129 2542 1324 2597 autem,
1351 2532 1600 2603 quoniam
1632 2530 1852 2585 tumula-

261 2633 398 2678 tores
419 2625 543 2677 estis
563 2623 902 2694 spiritalium,
927 2623 1329 2690 aediﬁcationem
1345 2621 1594 2677 Ecclesia
1612 2623 1849 2693 quaerite,

261 2723 312 2766 ut
362 2712 640 2767 abundetis
681 2713 732 2786 (Ι
775 2710 900 2767 Cor.
932 2712 1066 2786 xw).
1105 2713 1175 2768 Et
1223 2712 1355 2767 item
1403 2712 1576 2786 alibi:
1623 2710 1851 2782 Spiritus

259 2804 637 2874 prophetarum
674 2804 943 2874 prophetis
985 2803 1207 2873 subjecti
1248 2814 1370 2858 sunt
1640 2804 1848 2880 (Ibid.).

262 2894 541 2963 subjectos
584 2895 768 2951 dicens
812 2896 1036 2967 spiritus
1088 2897 1506 2966 prephetarum,
1539 2911 1649 2950 non
1695 2896 1852 2966 quasi

262 2987 477 3042 meliori
524 2986 842 3052 inferiores,
894 2987 988 3042 sed
1042 3002 1142 3057 pro
1184 3003 1251 3042 eo
1293 2988 1444 3057 quod
1484 2987 1694 3043 habens
1730 2989 1854 3058 quis

262 3079 568 3148 prophetia:
610 3079 882 3146 spiritum,
933 3093 1043 3133 non
1093 3079 1296 3134 invitus
1344 3078 1492 3148 loqui
1526 3079 1755 3150 cogitur,
1793 3088 1854 3134 ut

1947 1883 2076 1937 ritus
2095 1885 2363 1951 habentes,
2390 1887 2457 1940 de
2494 1888 2745 1943 omnibus
2789 1889 3010 1954 dictum,
3045 1894 3137 1962 qui
3182 1895 3410 1963 gratiam
3437 1897 3531 1949 ba-

1947 1973 2133 2040 ptismi
2166 1976 2442 2029 consecuti
2481 1978 2755 2044 videntur,
2791 1981 3048 2050 accipies,
3084 1984 3408 2051 sper..ndum
3450 1994 3535 2040 est

1949 2062 2098 2128 illud,
2144 2064 2298 2134 quod:
2327 2067 2469 2121 idem
2499 2069 2777 2136 apostolus
2809 2071 2982 2125 dixit:
3022 2074 3176 2137 Quod
3207 2075 3254 2129 si
3287 2077 3534 2147 primitiis

1951 2167 2148 2211 sancta:
2169 2168 2217 2211 et
2240 2174 2436 2225 massa,
2460 2171 2509 2215 et
2542 2163 2588 2215 si
2623 2163 2779 2216 radis:
2803 2176 2988 2218 sancta
3011 2175 3055 2219 et
3080 2168 3212 2221 rami
3234 2168 3406 2238 (Rom.
3431 2170 3532 2240 ιι),

1951 2247 2093 2316 quod
2127 2257 2182 2304 et
2220 2251 2265 2304 si
2306 2251 2381 2304 ita
2412 2252 2504 2317 sit,
2543 2262 2725 2308 tamen
2764 2256 2932 2325 ipsius
2971 2272 3184 2324 massas,
3227 2260 3416 2331 inqua
3457 2263 3537 2316 vi-

1951 2340 2112 2395 detur
2153 2342 2382 2396 indicari
2425 2344 2712 2400 multitudo
2755 2347 3015 2414 ﬁdelium,
3051 2351 3304 2421 primitiae
3350 2367 3538 2409 ncces-

1952 2431 2097 2486 sario
2142 2433 2468 2489 videbantur
2509 2437 2563 2490 in
2599 2436 2870 2507 Apostolis
2919 2441 3215 2508 collocatae,
3261 2445 3340 2499 sic
3392 2446 3537 2500 enim

1952 2522 2211 2592 scriptum
2239 2535 2322 2579 est
2347 2543 2360 2578 :
2389 2525 2526 2591 Quia
2561 2525 2884 2585 iit-Ecclesia
2916 2533 3090 2601 posuit
3113 2533 3276 2599 Deus,
3311 2537 3536 2605 primum

1953 2616 2233 2683 apostolos,
2277 2619 2508 2671 secundo
2543 2621 2844 2690 prophetas,
2879 2624 3032 2678 tertio
3055 2625 3296 2681 doctores
3321 2628 3535 2700 (Epltes.

1955 2710 2051 2779 iv).
2099 2707 2188 2760 Isti
2227 2722 2360 2777 ergo
2399 2709 2576 2778 primo
2622 2712 2741 2766 loco
2780 2715 3058 2769 constituti
3114 2726 3277 2787 sunt,
3317 2734 3541 2792 compc-

1955 2804 2132 2850 tcnter
2157 2797 2425 2865 primitias
2453 2801 2648 2870 gratim
2678 2802 2951 2872 spiritales
2981 2805 3182 2861 habere
3226 2808 3536 2864 credentur.

2024 2886 2370 2957 Adoptionem
2407 2889 2644 2960 ﬁliorum
2678 2891 2778 2946 Dei
2820 2905 3195 2966 exspectantes.
3248 2897 3402 2954 Nunc
3425 2898 3538 2967 jam

1952 2977 2232 3034 videamus
2257 2983 2531 3049 quomodo
2552 2981 2904 3053 adoptionem
2946 2985 3180 3041 ﬁliorum
3221 2999 3539 3059 exspectare

1955 3084 2015 3125 se
2061 3071 2242 3138 dicat,
2293 3073 2384 3142 qui
2440 3073 2498 3127 in
2548 3076 2918 3145 superioribus
2979 3078 3114 3133 dixit
3167 3097 3181 3132 :
3250 3079 3388 3146 Quia
3434 3083 3544 3152 ipse

264 3170 358 3238 ini,
404 3172 502 3243 qui
541 3172 744 3228 habent
780 3173 1006 3242 spiritus
1052 3172 1396 3239 immundos;
1425 3173 1522 3229 sed
1557 3189 1680 3228 cum
1735 3173 1852 3227 vult
1880 3164 1924 3226 ί]
1955 3162 2170 3231 spiritus
2210 3165 2562 3219 testimonium
2602 3166 2775 3220 νεάάῆ
2816 3170 3030 3238 spiritui
3071 3180 3270 3237 nostro,
3301 3173 3423 3244 quia
3453 3189 3546 3227 8U-

263 3271 317 3317 et
345 3263 492 3317 ratio
527 3261 787 3331 postulat,
802 3262 950 3328 dicit,
977 3277 1101 3317 cum
1126 3277 1256 3318 vero
1285 3263 1466 3319 dicere
1493 3270 1854 3332 opportunum

265 3370 373 3409 non
403 3353 698 3418 videbitur,
729 3353 868 3419 silet,
899 3354 1039 3409 bene
1065 3353 1244 3409 sciens
1269 3353 1398 3424 quia
1429 3360 1642 3423 tempus
1674 3354 1747 3408 sit
1773 3354 1853 3408 lo-

267 3445 470 3515 quendi
502 3452 559 3499 et
604 3452 818 3516 tempus
844 3446 1076 3500 tacendi.
1124 3445 1192 3499 Et
1223 3445 1344 3501 ideo
1371 3460 1479 3500 non
1507 3445 1572 3500 ad
1603 3443 1854 3513 injuriam

267 3538 490 3602 dicitur,
538 3539 665 3609 quia
708 3539 987 3610 prophetis
1031 3538 1262 3609 subjecti
1307 3547 1435 3594 sunt
1482 3539 1724 3609 spiritus,
1761 3539 1857 3594 sed

269 3631 336 3685 ad
370 3631 855 3701 dispensationem,
895 3633 1040 3688 sicut
1063 3641 1121 3686 et
1158 3631 1292 3686 illud
1322 3631 1522 3686 dictum
1560 3632 1856 3701 accipimus

266 3719 335 3776 de
363 3720 652 3776 Salvatore
683 3739 698 3774 :
725 3720 862 3788 Quia
899 3729 1029 3777 tunc
1057 3731 1107 3776 et
1129 3723 1236 3792 ipse
1265 3721 1411 3790 ﬁlius
1451 3721 1714 3792 subjectus
1756 3725 1854 3777 erit

265 3810 315 3864 ei
349 3812 441 3882 qui
480 3810 580 3864 sibi
629 3810 862 3865 subdidit
890 3811 1068 3865 omnia
1109 3809 1160 3882 (I
1185 3808 1305 3864 Cor.
1338 3813 1460 3881 xv);
1505 3819 1561 3866 et
1594 3811 1684 3866 hic
1710 3812 1857 3866 enim

265 3899 562 3970 subjectus,
616 3914 726 3954 non
778 3899 932 3968 quasi
989 3897 1213 3954 inferior
1269 3899 1467 3954 dicitur
1521 3916 1537 3952 :
1589 3900 1858 3968 quomodo

266 3991 416 4044 enim
467 3988 694 4044 inferior
737 3989 842 4044 dici
889 3997 1090 4061 potest,
1136 3991 1229 4060 qui
1261 3989 1405 4046 ﬁlius
1442 3999 1546 4057 est,
1587 4000 1646 4046 et
1677 3991 1860 4046 omnia

264 4089 352 4135 est
409 4096 533 4150 qua:
583 4087 774 4150 pater:
807 4079 998 4135 Omnia
1051 4081 1220 4146 enim,
1268 4080 1443 4150 inquit
1474 4121 1490 4146 ,
1552 4091 1721 4150 pater,
1766 4091 1860 4136 tua

264 4188 385 4226 mea
409 4183 575 4237 sunt;
604 4171 702 4227 sed
724 4172 778 4226 in
812 4173 897 4228 bis
926 4187 1064 4242 quos
1104 4172 1247 4242 patri
1277 4172 1462 4226 subdit
1486 4174 1769 4228 credentes
1803 4173 1860 4227 in

266 4275 354 4327 se,
383 4263 645 4332 quoniam
681 4263 736 4317 in
785 4277 1109 4332 unoquoque
1163 4263 1403 4333 ipsorum
1446 4279 1508 4319 se
1543 4278 1664 4319 esse
1705 4264 1856 4330 dicit,

265 4364 322 4409 et
364 4369 425 4409 se
468 4354 523 4409 iu
561 4353 643 4408 eis
684 4353 815 4409 dicit
854 4353 1082 4419 esurire,
1113 4361 1169 4408 et
1206 4353 1358 4408 sitire
1395 4361 1450 4408 et
1482 4354 1686 4410 nudum
1713 4369 1856 4422 esse,

266 4462 442 4516 seque
467 4447 618 4516 pasci
647 4446 702 4501 in
731 4447 833 4512 eis,
863 4446 917 4500 in
942 4446 1022 4501 eis
1050 4445 1218 4511 indui,
1244 4447 1551 4516 proﬁtetur.
1577 4447 1782 4502 Idcirco
1804 4456 1859 4502 et

265 4539 325 4594 in
380 4540 492 4596 illis
541 4541 660 4610 ipse
701 4540 899 4596 dicitur
939 4554 1068 4596 esse
1112 4537 1410 4607 subjectus,
1455 4541 1552 4596 sed
1594 4541 1712 4595 haec
1761 4555 1860 4610 per

267 4647 566 4686 excessum
621 4631 908 4700 quemdam
959 4630 1109 4686 dicta
1166 4631 1296 4685 sint.
1363 4629 1517 4686 Nunc
1565 4639 1745 4686 autem
1795 4632 1862 4686 ad

263 4722 614 4790 propositum
661 4723 964 4778 redeamus.
1017 4723 1166 4778 Dona
1213 4738 1342 4796 ergo
1387 4725 1602 4781 diversa
1641 4726 1864 4795 spiritus

265 4828 299 4865 a
328 4812 506 4867 Paulo
534 4812 690 4868 multi
715 4815 938 4884 spiritus
971 4815 1330 4886 appellantur,
1363 4816 1558 4872 horum
1600 4818 1703 4872 hoc
1725 4817 1864 4872 mul-

267 4911 464 4956 torum
497 4903 762 4958 donorum
791 4904 1051 4974 quidquid
1085 4913 1191 4971 est,
1225 4921 1502 4960 summum
1527 4915 1582 4962 et
1608 4921 1862 4978 magnum

268 4992 400 5046 sine
429 4991 872 5064 dubio,Apostoli
899 4997 1176 5051 consecuti
1201 5005 1348 5061 sunt,
1375 5005 1436 5051 ut
1457 4997 1634 5052 idonei
1660 5008 1864 5064 essent,

266 5082 428 5136 sicut
456 5091 513 5136 et
547 5083 663 5153 ipse
686 5083 886 5141 Paulus
910 5085 1040 5141 dicit
1069 5105 1082 5140 :
1110 5085 1344 5140 Hinistri
1365 5086 1510 5140 Noui
1530 5086 1863 5154 Testamenti,

265 5185 322 5228 et
376 5185 436 5228 ut
476 5176 671 5246 replere
729 5180 932 5248 possint
970 5178 1315 5250 Evangelia":
1355 5179 1421 5234 ab
1459 5179 1757 5234 Jerusalem
1808 5181 1869 5235 in

266 5269 510 5321 circuitu
548 5287 708 5340 usque
749 5271 818 5324 ad
857 5271 1135 5342 Illyricum
1178 5271 1263 5341 (ΙΙ
1285 5269 1410 5326 Cor.
1439 5270 1546 5343 ut).
1584 5271 1700 5327 Hoc
1735 5287 1866 5342 ergo

266 5359 432 5426 quod
479 5359 532 5413 in
575 5361 657 5416 eis
697 5377 810 5432 pra:
859 5364 1074 5418 caeteris
1115 5363 1402 5419 sublimius
1448 5370 1504 5418 et
1548 5363 1866 5436 praeclarius

267 5447 542 5503 collatum
570 5459 656 5505 est
677 5452 852 5507 sancti
866 5449 1102 5522 Spiritus
1126 5451 1348 5518 donum,
1377 5452 1574 5507 merito
1597 5453 1868 5521 primitias

269 5537 718 5610 sanctiSpin'tus
754 5542 1066 5613 appellavit.
1097 5542 1166 5597 Et
1206 5543 1327 5597 ideo
1347 5542 1517 5598 dicit:
1548 5541 1658 5597 Sed
1692 5550 1742 5596 et
1771 5559 1866 5597 nos

268 5624 418 5694 ἱρά,
454 5626 507 5680 in
535 5645 642 5698 quo
687 5631 991 5700 specialiter
1018 5632 1304 5702 designare
1346 5632 1562 5687 videtur
1606 5631 1861 5701 apostoli-

271 5730 426 5774 cam
465 5718 820 5790 dignitatem:
860 5721 996 5787 Nos,
1040 5722 1234 5792 inquit,
1277 5737 1408 5794 ergo
1451 5722 1574 5794 ipsi,
1618 5722 1721 5778 hoc
1761 5731 1864 5791 est,

1883 4510 1936 4568 D

1955 3267 2072 3306 mus
2109 3253 2214 3321 ﬁlii
2249 3254 2366 3307 Dei.
2429 3254 2496 3308 Et
2543 3256 2738 3312 iterum
2775 3277 2786 3310 :
2823 3258 3098 3325 Quomodo
3140 3262 3546 3334 redemptionem

1955 3346 2190 3414 corporis
2217 3357 2423 3415 sperat;
2452 3349 2545 3418 qui
2588 3349 2643 3403 in
2690 3350 2816 3406 aliis
2857 3352 3291 3409 dixitzlﬂtristus
3330 3371 3424 3410 nos
3463 3373 3547 3410 re-

1955 3435 2148 3502 demit;
2174 3438 2274 3494 sed'
2293 3447 2354 3493 ut
2377 3441 2510 3494 mihi
2541 3441 2776 3508 videtur,
2806 3443 2922 3512 ipse
2948 3445 3052 3500 hoc
3078 3459 3144 3500 eo
3169 3460 3421 3503 sermone
3449 3449 3542 3517 qui

1955 3529 2010 3582 in
2035 3531 2490 3599 consequentibus
2525 3532 2758 3588 habetur
2803 3526 3036 3590 absolvit-
3062 3555 3074 3568 ·
3099 3537 3176 3590 ait
3224 3538 3369 3592 enim
3397 3556 3411 3594 :
3439 3539 3542 3610 Spe

1954 3617 2086 3674 salvi
2123 3620 2254 3688 facti
2285 3638 2498 3688 sumus;
2536 3625 2682 3693 quod
2727 3641 2858 3697 ergo
2917 3625 3014 3682 ﬁlii
3067 3645 3276 3696 sumus,
3318 3641 3373 3684 et
3399 3633 3546 3702 quod

1956 3712 2219 3782 redempti
2253 3729 2456 3780 sumus,
2490 3724 2545 3770 et
2569 3718 2711 3786 quod
2742 3718 2933 3773 saivati
2967 3735 3174 3785 sumus,
3207 3722 3261 3775 in
3291 3738 3385 3793 spe
3413 3739 3546 3779 con-

1957 3803 2119 3858 sistit.
2149 3804 2202 3858 Ν
2209 3821 2306 3858 unc
2330 3808 2468 3860 enim
2496 3808 2729 3864 videmus
2753 3827 2846 3880 per
2869 3812 3136 3881 speculum
3165 3814 3219 3869 in
3244 3817 3545 3886 magmate,

1955 3910 2054 3965 per
2097 3897 2374 3966 speculum
2417 3912 2571 3970 ergo,-
2611 3908 2666 3955 et
2704 3901 2759 3954 in
2797 3903 3084 3974 aenigmate
3131 3905 3460 3975 accepimus,
3494 3914 3550 3960 et

1957 3987 2300 4057 adoptionem
2341 3998 2396 4044 et
2437 3991 2884 4060 redemptionem,
2934 3995 3140 4048 advenit
3187 3995 3332 4050 enim
3378 3995 3548 4065 pleni~

1957 4078 2084 4131 tudo
2117 4087 2426 4149 temporum,
2459 4089 2506 4134 et
2531 4081 2674 4134 misit
2697 4081 3043 4137 DeusFilium
3071 4099 3227 4138 suum
3257 4085 3455 4154 factum
3484 4099 3552 4140 ea:

1955 4167 2192 4234 muliere,
2235 4169 2435 4238 factum
2475 4170 2570 4222 sub
2612 4169 2744 4241 lege,
2787 4183 2844 4225 ut
2877 4188 2964 4225 eos
3001 4174 3091 4244 qui
3125 4173 3222 4227 sub
3253 4175 3366 4246 lege
3394 4185 3549 4230 erant

1957 4261 2255 4327 redimeret,
2289 4271 2348 4314 ut
2381 4262 2714 4332 adoptionem
2747 4263 2980 4331 ﬁliorum
3015 4265 3362 4336 recipercmus
3395 4265 3542 4339 (Gal.

1957 4353 2052 4425 tv).
2095 4353 2410 4423 Recipimus
2436 4369 2565 4424 ergo
2595 4356 2959 4425 adoptionem,
2989 4359 3082 4413 sed
3121 4360 3280 4416 istam
3311 4378 3432 4433 qua:
3462 4374 3545 4418 est

1959 4461 2058 4517 per
2099 4447 2376 4515 speculum
2429 4448 2482 4501 in
2527 4448 2830 4518 amigmate,
2889 4465 3022 4505 cum'
3063 4462 3243 4508 autem
3293 4457 3549 4511 venerint

1963 4553 2082 4606 quae
2107 4538 2343 4608 perfecta
2369 4547 2514 4605 sunt,
2549 4547 2678 4595 tunc
2709 4541 3050 4610 adoptionem
3085 4543 3225 4600 l'acic
3254 4545 3322 4600 ad
3354 4545 3548 4602 faciem

1965 4641 2378 4698 consequemur.

2037 4719 2464 4790 Redemptionem
2487 4723 2724 4793 corporis
2744 4724 2928 4789 nostri,
2953 4733 3057 4781 etc.
3082 4725 3234 4794 Quod
3262 4737 3444 4784 autem
3469 4728 3551 4783 di-

1965 4811 2044 4864 xit
2072 4811 2497 4882 redemptionem
2524 4814 2769 4884 corporis
2796 4815 2990 4880 nostri,
3016 4830 3118 4887 ego
3144 4817 3380 4873 arbitror
3404 4820 3549 4888 quod

1968 4902 2132 4956 totius
2157 4901 2414 4956 Ecclesiae
2447 4903 2718 4958 indicetur
2753 4921 2967 4975 corpus,
3012 4909 3162 4963 sicut
3192 4916 3252 4963 ct‘
3281 4910 3408 4965 alibi
3438 4911 3545 4965 ait:

1981 4988 2079 5045 Vos
2120 5001 2292 5047 autem
2315 4995 2439 5047 estis
2475 5010 2665 5065 corpus
2696 4993 2894 5050 Christi
2933 5007 2982 5051 et
3022 5000 3253 5054 membra
3293 5017 3362 5054 ea:
3399 5012 3551 5072 parte

1967 5083 2301 5158 (I'Car.xu‘)'.
2336 5083 2508 5140 Omne
2531 5099 2662 5158 ergo
2681 5102 2878 5158 corpus
2897 5090 3153 5147 Ecclesiae
3177 5092 3548 5148 redimendum

1966 5186 2148 5245 sperat
2190 5177 2478 5246 Apostolus
2501 5218 2514 5242 ,
2559 5194 2659 5232 nec
2711 5188 2868 5249 putat
2918 5197 3080 5251 posse
3135 5199 3256 5253 qua:
3307 5185 3548 5255 perfecta

1966 5274 2111 5330 sunt,
2139 5267 2271 5323 dare
2294 5269 2520 5338 singulis
2550 5269 2852 5341 quibusque
2887 5275 3167 5341 membris,
3197 5271 3302 5330 nisi
3332 5275 3548 5330 univer—

1969 5368 2088 5410 sum
2138 5372 2337 5427 corpus
2387 5360 2446 5413 in
2488 5375 2654 5414 unum
2698 5359 2860 5416 fuerit
2911 5375 3316 5436 congregatum;
3363 5363 3548 5418 Potest

1968 5455 2148 5502 autem
2186 5457 2242 5503 et
2301 5450 2378 5504 sic
2431 5451 2686 5524 intelligi,
2731 5463 2791 5509 ut
2831 5457 3253 5528 redemptionem
3302 5454 3549 5522 corporis
3585 5467 3590 5472 '

1967 5541 2142 5595 nostri
2201 5540 2400 5597 dixerit
2448 5544 2593 5598 illam
2640 5563 2758 5616 qua:
2806 5548 2860 5602 in
2913 5549 3311 5604 resurrectione
3367 5544 3549 5601 futura

1968 5639 2074 5696 est,
2103 5647 2226 5686 cum
2256 5649 2364 5688 non
2393 5635 2566 5690 solum
2613 5637 2831 5704 animae,
2867 5640 2960 5692 sed
2995 5647 3049 5692 et
3076 5647 3300 5706 corpora
3333 5637 3550 5693 venient

1971 5731 2098 5777 ante
2126 5724 2366 5780 tribunal
2387 5715 2612 5794 Christi,
2641 5735 2702 5782 ut
2743 5736 2982 5799 reportet
3033 5728 3399 5800 unusquisque
3424 5745 3550 5799 pro-
