3954 6200
351 331 454 387 567

1669 302 2020 360 SMARAGDI
2058 298 2350 355 ABBATIS

3530 290 3632 349 368

354 442 473 513 pria
499 436 745 508 corporis
767 440 926 506 prout
955 429 1118 502 gessit
1143 425 1232 499 (11
1250 423 1403 478 Conv
1438 421 1478 491 ).
1511 416 1741 489 Explicit
1789 430 1946 486 expo-
1975 419 2022 476 Α
2060 409 2446 467 irrationabilis
2492 417 2740 464 creatura
2787 405 3014 478 gloriam
3061 403 3298 460 ﬁliorum
3327 403 3426 459 Dei
3455 418 3636 459 mere-

353 533 474 587 sitio
501 528 768 599 Origcnis.

425 620 546 692 (Ea:
579 593 826 688 August.)
875 612 1089 667 Nullum
1133 618 1218 664 est
1258 613 1522 662 creaturae
1569 612 1744 672 genus
1799 593 1944 666 quod

355 729 464 768 non
495 712 547 766 in
575 710 794 765 homine
830 706 1002 776 possit
1043 701 1284 774 agnosci,
1321 714 1385 752 ac
1415 698 1459 752 si
1486 694 1666 750 omnis
1693 698 1946 745 creatura

2044 502 2194 556 bitur
2222 501 2492 555 obtinere.

2118 594 2329 650 Scimus
2350 595 2487 649 enim
2508 591 2648 664 quod
2669 593 2836 646 omnis
2860 600 3129 654 creatura,
3145 597 3252 644 etc.
3277 588 3397 643 Non
3419 587 3642 652 caelum,

2044 698 2150 738 non
2195 693 2365 749 terra,
2411 699 2520 740 non
2582 697 2764 747 mare,
2826 696 2933 736 non
2999 680 3181 749 aliqua
3247 679 3646 735 irrationabilis

360 805 416 859 in
461 817 527 856 eo
585 772 942 870 congemiscit
982 803 1038 850 et
1083 772 1245 856 dolet,
1282 788 1667 845 revelationem
1714 781 1949 835 ﬁliorum
2039 784 2322 842 creatura,
2353 777 2447 832 sed
2475 775 2677 846 angeli,
2708 789 2801 844 qut
2830 774 2970 828 sicut
3002 772 3239 843 gaudent
3268 787 3432 842 super
3462 772 3646 842 poeni-

356 897 454 954 Dei
480 869 820 964 exspectans,
848 904 968 960 quae
993 901 1090 956 per
1118 881 1365 953 corporis
1402 878 1568 932 etiam
1597 869 1950 928 resurrectio-

358 1005 485 1047 nem
510 997 565 1044 et
595 987 641 1042 si
680 1001 787 1041 non
823 982 879 1036 in
905 979 1157 1036 omnibus
1192 972 1524 1035 hominibus,
1555 966 1734 1023 omnis
1771 972 1951 1019 tamen

359 1103 391 1142 a
415 1081 784 1154 corruptionis
815 1078 1078 1135 servitute
1111 1070 1452 1132 liberabitur,
1486 1063 1615 1134 quia
1641 1069 1698 1116 et
1721 1055 1954 1126 singulis

361 1179 539 1235 omnis
582 1149 696 1242 est;
727 1181 784 1230 et
813 1173 858 1226 si
897 1184 1005 1240 quo
1041 1166 1149 1221 alio
1187 1161 1347 1218 modo
1397 1163 1571 1227 potest
1619 1153 1760 1208 idem
1803 1149 1956 1203 locus

362 1269 782 1342 apostolicarum
832 1263 1140 1318 litterarum
1193 1250 1442 1321 intelligi,
1494 1262 1600 1302 non
1658 1252 1835 1298 tamen
1887 1255 1954 1294 ex

363 1362 556 1420 iisdem
597 1359 780 1416 verbis
829 1365 1171 1422 consequens
1211 1354 1314 1409 est,
1356 1352 1414 1397 ut
1464 1338 1635 1394 solem
1680 1343 1736 1390 et
1772 1333 1956 1387 lunam

364 1464 421 1512 et
461 1452 638 1509 sidera
675 1445 1086 1518 congemiscere
1132 1438 1440 1498 credamus,
1469 1431 1642 1485 donec
1681 1427 1736 1480 in
1776 1421 1958 1479 saeculi

367 1545 529 1600 finem
576 1556 607 1594 a
649 1514 1016 1604 corruptionis
1059 1527 1320 1584 servitute
1364 1523 1681 1577 liberentur.
1733 1514 1959 1582 Quidam

367 1637 533 1690 etiam
583 1632 662 1686 sic
714 1629 902 1684 dicunt
945 1623 1118 1678 Adam
1167 1626 1221 1673 et
1259 1617 1426 1672 Evam
1465 1627 1585 1667 esse
1631 1618 1958 1669 creaturam,

366 1744 466 1799 per
493 1741 632 1796 quos
675 1720 932 1792 primitiae
975 1711 1196 1769 humani
1237 1707 1452 1781 generis
1491 1709 1790 1773 procreata:
1830 1697 1957 1762 sint,

2047 871 2273 928 tentiam
2311 877 2552 940 agentes,
2584 869 2658 922 ita
2687 867 2873 922 dolent
2908 878 3074 934 super
3098 864 3343 918 converti
3370 864 3641 919 nolentes.

2053 961 2180 1016 Sive
2213 961 2382 1016 etiam
2420 960 2600 1014 omnis
2638 965 2888 1013 creatura
2937 955 3232 1026 promiscui
3284 954 3545 1011 Ecclesiae
3581 955 3648 1008 ll-

2053 1052 2251 1107 dclium
2306 1051 2492 1120 populi
2549 1049 2945 1119 intelliguntur,
2983 1057 3047 1102 ut
3087 1047 3216 1103 illud
3275 1065 3288 1102 :
3344 1047 3651 1103 Praedicate

2054 1143 2408 1213 Evangelium
2443 1141 2590 1196 omni
2628 1149 2912 1195 creatum.

2129 1233 2252 1288 Non
2274 1233 2443 1289 solum
2471 1243 2646 1287 autem
2666 1231 2780 1286 illa.
2813 1231 2870 1286 ιιι
2890 1239 2994 1297 est,
3025 1231 3289 1301 angelica,
3325 1246 3447 1302 qua!
3475 1231 3639 1286 nobis

2059 1326 2348 1396 benignior
2376 1333 2490 1390 est,
2541 1323 2628 1378 vel
2667 1322 2759 1377 illa
2789 1323 3068 1377 hominum
3093 1337 3214 1392 quae
3239 1321 3451 1392 plebeia
3479 1329 3567 1376 est
3593 1327 3650 1376 et

2060 1419 2302 1484 indocta,
2330 1417 2425 1474 sed
2452 1417 2616 1471 etiam
2651 1431 2751 1470 nos
2780 1416 2882 1484 ipsi
2909 1415 3159 1485 discipuli
3183 1413 3408 1478 Christi,
3441 1414 3536 1483 qui
3564 1427 3652 1469 su-

2060 1527 2182 1567 mus
2208 1511 2466 1583 primitias
2493 1505 2898 1578 adquisitionis,
2930 1514 2985 1562 et
3006 1505 3268 1575 praeclara
3289 1505 3649 1567 charismata,

2060 1603 2208 1657 velut
2243 1600 2497 1672 primitiae
2531 1599 2788 1669 spiritus,
2831 1597 2977 1651 unde
3018 1596 3278 1650 mundum
3319 1595 3650 1659 ditaremus,

2065 1694 2398 1764 accepimus,
2426 1697 2712 1760 exspectat
2730 1688 3158 1758 redemptionem
3185 1685 3431 1756 corporis
3449 1685 3653 1751 nostri,

369 1778 759 1888 quosjscrpens
791 1809 917 1864 olim
946 1819 1041 1876 spe
1067 1778 1388 1862 divinitatis,
1424 1793 1654 1849 vanitati
1682 1789 1957 1858 subjectos
1985 1784 2032 1843 B
2060 1785 2112 1839 id
2137 1794 2220 1840 est
2245 1784 2410 1839 totius
2454 1781 2748 1846 Ecclesiae,
2785 1794 2906 1849 qua:
2941 1778 2996 1832 in
3034 1785 3299 1833 acternum
3337 1783 3421 1831 est
3457 1789 3660 1846 regna.

369 1878 704 1973 corruptioni
748 1896 942 1953 fecerit
979 1890 1283 1953 deservire,
1345 1900 1454 1940 non
1495 1898 1593 1953 per
1635 1878 1956 1948 semetipsos

369 1997 542 2053 solum
577 1999 894 2064 peccantes,
937 1987 1033 2042 sed
1075 1992 1266 2052 et'per
1303 1975 1572 2047 serpentis
1613 1973 1952 2030 instinctum,

307 2129 310 2132 .
369 2099 427 2145 et
453 2061 871 2158 ipsi,_inquiunt,
895 2077 1290 2136 liberabuntur,
1317 2077 1378 2125 ut
1404 2064 1739 2135 corruptioni
1767 2061 1960 2116 mortis

371 2151 515 2234 ultr-a
548 2151 656 2232 non
677 2151 954 2229 serviant.
984 2166 1212 2223 Omnem
1247 2162 1411 2217 etiam
1444 2163 1750 2213 creaturam
1775 2151 1962 2206 dicunt

372 2283 495 2324 esse
532 2280 667 2330 eos,
711 2260 1024 2332 quicunque
1079 2261 1205 2308 ante
1255 2249 1549 2304 adventum
1592 2239 1796 2297 Christi
1827 2237 1961 2305 justi

373 2361 616 2422 fuerunt,
643 2353 768 2424 quia
797 2349 981 2419 et‘ipsi
1004 2345 1242 2402 nondum
1269 2337 1618 2408 accipientes,
1645 2336 1965 2401 exspectant

376 2451 487 2505 Deo
517 2419 617 2520 pro
641 2419 800 2502 nobis
825 2439 1017 2496 melius
1044 2433 1246 2505 aliquid
1271 2427 1608 2500 providente,
1647 2435 1756 2476 non
1786 2419 1960 2483 solum

376 2511 562 2596 autem
612 2536 713 2601 illi,
756 2532 851 2588 sed
893 2537 950 2584 et
990 2543 1090 2583 nos
1122 2525 1224 2596 ipsi
1269 2523 1323 2576 in
1367 2530 1598 2588 quorum
1639 2511 1830 2568 diebus
1873 2525 1962 2564 re-

377 2626 704 2699 demptionis
728 2626 1071 2681 sacramenta
1100 2613 1367 2684 completa
1395 2615 1551 2673 sunt,
1580 2605 1708 2674 quia
1733 2601 1963 2657 necdum

378 2693 646 2785 tenemus,
671 2715 768 2772 sed
794 2713 848 2768 in
871 2707 1131 2782 spesalvi
1163 2705 1293 2760 facti
1323 2714 1534 2764 sumus,
1561 2693 1812 2766 quamvis
1844 2705 1965 2762 qute

378 2809 534 2868 multi
565 2806 852 2877 cupierunt
880 2799 1015 2870 justi
1045 2797 1253 2860 videre,
1284 2791 1604 2848 viderimus.

937 2905 1063 2947 ΑιιΑ
1099 2900 1402 2944 εχροειτιο.

452 2992 713 3050 Existimo
751 2988 890 3044 enim
919 2984 1059 3057 quod
1097 2999 1200 3037 non
1235 2989 1356 3035 sunt
1381 2976 1654 3046 condigna
1673 2973 1963 3046 passiones,

381 3098 489 3147 etc.
540 3087 702 3150 Hinc,
730 3081 848 3137 vult
891 3079 1132 3134 futuram
1179 3075 1409 3146 gloriam
1455 3069 1860 3134 commendare,
1905 3074 1965 3121 ut

383 3182 676 3249 praesentes
708 3184 998 3242 pressuras
1028 3165 1241 3221 facilius
1269 3163 1586 3218 toleremus.

453 3269 536 3326 Ad
573 3269 810 3340 futuram
854 3262 1078 3334 gloriam
1107 3300 1122 3325 ,
1183 3272 1299 3330 qua:
1347 3251 1660 3309 revelabitur
1697 3251 1756 3305 in
1795 3249 1963 3304 nobis.

384 3365 510 3420 Ideo
563 3360 696 3417 dicit
732 3355 1080 3418 revelabitur,
1127 3351 1255 3421 quia
1293 3347 1455 3403 modo
1497 3343 1816 3401 abscondita
1864 3350 1968 3406 est,

390 3475 515 3516 cum
564 3455 783 3514 Christo
831 3453 885 3508 in
936 3448 1082 3512 Deo,
1129 3453 1184 3500 et
1231 3443 1470 3500 nondum
1538 3437 1787 3510 apparuit
1842 3435 1972 3506 quid

387 3555 612 3615 erimus,
649 3549 843 3604 scimus
891 3543 1038 3600 enim
1078 3541 1203 3613 quia
1246 3553 1367 3594 cum
1413 3533 1735 3607 apparuerit,
1774 3529 1974 3586 similes

386 3647 436 3701 ei
497 3642 720 3706 erimus,
755 3635 1002 3710 quoniam
1059 3629 1345 3687 videbimus
1397 3642 1516 3682 eum
1571 3624 1725 3680 sicuti
1785 3631 1861 3676 est
1917 3619 1973 3692 (Ι

324 3752 334 3766 ‘
389 3734 554 3790 Joau.
598 3728 704 3802 ut).

464 3822 608 3877 Nam
647 3817 961 3890 exspectatio
1019 3822 1295 3869 creatura.
1339 3806 1552 3864 Diversi
1604 3807 1750 3861 hunc
1793 3803 1974 3858 locum

393 3911 626 3969 diversis
659 3907 837 3964 modis
875 3913 1190 3975 exponunt:
1220 3901 1336 3956 sive
1383 3897 1561 3953 omnis
1604 3901 1854 3950 creatura
1893 3907 1978 3947 re-

393 4000 748 4061 surrectionis
778 4007 990 4068 tempus
1019 3999 1321 4064 exspectat,
1350 3990 1477 4060 quia
1518 3997 1649 4043 tunc
1693 3987 1747 4040 in
1786 3984 1979 4040 melius

393 4095 837 4159 commutabitur,
869 4089 1084 4161 quando
1121 4086 1228 4141 erit
1262 4083 1460 4140 cmlum
1499 4094 1722 4143 novum,
1752 4084 1808 4132 et
1835 4084 1978 4130 terra

394 4201 555 4251 nova,
599 4193 654 4240 et
693 4190 844 4247 tunc,
889 4177 944 4234 id
981 4184 1085 4242 est,
1142 4175 1197 4229 in
1248 4181 1492 4242 tempore
1544 4164 1978 4228 resurrectionis,

394 4277 654 4335 revelatio
693 4271 973 4346 apparebit
1007 4267 1240 4324 ﬁliorum
1270 4264 1387 4320 Dei.
1435 4261 1562 4318 Sive
1610 4259 1789 4315 omnis
1829 4273 1982 4314 crea-

396 4378 538 4432 tura,
584 4365 639 4422 id
666 4373 752 4422 est
795 4359 1076 4419 rationalis
1118 4356 1384 4429 angelica,
1431 4354 1536 4408 hoc
1573 4352 1627 4406 in
1673 4348 1982 4406 hominibus

396 4466 678 4530 exspectat
700 4454 933 4526 impleri.
959 4452 1153 4507 Petrus
1175 4449 1321 4504 enirn
1341 4447 1494 4512 dicit,
1518 4443 1741 4515 angelos
1755 4441 1979 4513 gloriam
2007 4480 2060 4542 Β

398 4553 707 4610 desiderare
734 4555 1064 4603 sanctarum.

479 4637 712 4694 Vanitati
754 4636 894 4690 enim
931 4641 1174 4687 creatura
1204 4627 1438 4698 subjecta
1477 4633 1573 4679 est.
1615 4623 1672 4679 ld
1699 4630 1801 4686 est,
1832 4635 1980 4676 crea-

403 4743 522 4790 tura
549 4731 786 4786 humana
812 4720 1244 4798 praevaricatioui
1270 4725 1356 4775 est
1379 4716 1657 4788 peccando
1682 4711 1943 4781 subjecta.

479 4821 603 4878 Non
643 4817 837 4876 uolens.
873 4814 930 4872 Id
971 4820 1075 4882 est,
1112 4827 1220 4866 non
1248 4808 1468 4881 propria
1496 4806 1796 4868 voluntate,
1829 4803 1924 4856 sed
1951 4817 1982 4856 a

403 4919 655 4982 serpente
680 4909 927 4978 decepta,
961 4918 1057 4975 spe
1090 4901 1180 4958 illa
1207 4915 1315 4971 qua
1349 4898 1632 4953 audierat:
1659 4892 1825 4948 Eritis
1849 4891 1984 4946 sicut

404 5007 506 5068 dii,
528 5005 747 5059 scientes
774 4999 965 5054 bonum
988 5005 1037 5051 et
1065 4991 1264 5049 malum
1290 4987 1550 5064 (Genau).

479 5095 586 5152 Sed
616 5101 825 5166 propter
849 5106 968 5145 eum
999 5089 1088 5160 qui
1120 5083 1339 5155 subjecit
1367 5083 1424 5136 in
1447 5096 1554 5150 spe.
1597 5076 1727 5143 Quae
1751 5082 1834 5130 est
1869 5074 1984 5142 ipsa

407 5203 553 5261 spes,
596 5163 721 5241 audi
752 5180 1054 5252 sequentia,
1083 5176 1210 5248 quia
1249 5182 1306 5230 et
1342 5173 1457 5242 ipsa
1496 5175 1747 5225 creatura
1791 5163 1987 5220 libera-

406 5255 556 5336 bitur
591 5293 621 5333 a
645 5273 991 5344 corruptione
1023 5265 1322 5331 servitutis,
1352 5277 1513 5334 quam
1541 5257 1746 5315 audivit
1771 5255 1986 5326 quando

409 5375 460 5430 ei
487 5369 749 5427 Dominus
786 5365 863 5420 ait
893 5381 906 5417 :
935 5362 1105 5416 Terra
1141 5374 1223 5424 es,
1262 5364 1316 5414 et
1350 5355 1406 5410 in
1443 5361 1645 5409 terram
1690 5349 1827 5415 ibis,
1867 5361 1987 5416 qua

410 5460 732 5530 intelligitur
763 5451 1038 5523 corruptio
1068 5444 1281 5506 mortis.

481 5549 548 5604 In
569 5528 830 5603 libertate.
857 5542 928 5599 Ut
953 5539 1214 5596 Dominus
1241 5535 1356 5592 ait:
1383 5533 1538 5591 Siros
1551 5530 1716 5588 Filius
1740 5528 1990 5585 liberave-

413 5639 506 5702 rit,
529 5654 644 5692 vere
663 5635 812 5691 liberi
833 5634 954 5690 estis
974 5629 1160 5702 (Joan.
1177 5628 1321 5702 vui).
1351 5671 1354 5676 .

485 5725 681 5782 Gloria:
708 5724 941 5795 ﬁliorum
965 5722 1084 5777 Dei.
1118 5719 1231 5799 soli
1270 5718 1415 5776 enim
1455 5717 1723 5783 homines,
1747 5728 1855 5770 non
1889 5711 1995 5768 alia

2059 1883 2175 1928 tura
2198 1888 2324 1929 cum
2346 1873 2582 1928 Christo.

2424 2001 2766 2043 EVANGELIUII
2803 1999 2991 2049 ιυωε,
3031 1997 3151 2038 CAP.
3193 1994 3269 2036 Vl.

2137 2097 2156 2131 α
2190 2079 2378 2134 Estote
2407 2075 2831 2136 misericordes,
2879 2074 3020 2128 sicut
3062 2078 3117 2127 et
3145 2071 3309 2127 Pater
3336 2075 3521 2124 vester
3547 2067 3658 2124 mi-

2067 2190 2086 2222 σ
2122 2172 2357 2226 sericors
2385 2176 2490 2224 est.
2529 2166 2706 2222 Nolite
2734 2167 3003 2237 judicare,
3031 2171 3086 2218 et
3109 2177 3216 2217 non
3245 2159 3652 2231 judicabimini.

2065 2283 2082 2314 ‹
2115 2262 2292 2318 Nolite
2321 2261 2685 2316 condemnare
2709 2264 2765 2310 et
2783 2271 2892 2311 non
2917 2250 3430 2311 condemuabimini.
3452 2249 3655 2305 Dimit-

2069 2374 2088 2404 ι
2120 2354 2237 2416 tite,
2267 2359 2323 2407 et
2351 2349 2720 2413 dimittemini,
2747 2349 2892 2411 date,
2914 2354 2969 2401 et
2990 2346 3208 2401 dabitur
3226 2345 3400 2408 vobis,
3430 2360 3658 2400 mensu-

2070 2461 2087 2494 ι
2115 2457 2229 2497 ram
2264 2443 2462 2496 bonam
2510 2445 2566 2493 et
2611 2436 2947 2501 confertam,
2998 2445 3056 2492 et
3099 2437 3445 2505 coagitatam,
3471 2444 3526 2490 et
3556 2452 3656 2504 su-

2070 2554 2088 2586 ‹
2117 2532 2522 2604 pereﬁluentem
2577 2531 2783 2586 dabunt
2830 2531 2882 2585 in
2923 2529 3101 2586 sinum
3133 2539 3393 2584 vestrum.
3444 2529 3659 2585 Eadem

2069 2646 2087 2678 ι
2119 2627 2318 2698 quippe
2360 2639 2614 2680 mensura
2660 2638 2766 2693 qua
2809 2623 2981 2677 mensi
3033 2622 3282 2686 fueritis,
3329 2619 3660 2676 remetietur

2072 2741 2089 2772 ι
2119 2721 2292 2776 vobis.
2313 2720 2537 2775 Dicebat
2563 2725 2743 2772 autem
2773 2716 2882 2772 illis
2907 2715 3318 2771 similitudinem
3345 2731 3357 2767 :
3391 2711 3658 2783 Nunquid

2071 2830 2089 2862 ‹
2117 2817 2298 2882 potest
2329 2823 2506 2865 caecus
2547 2822 2750 2862 ctncum
2781 2806 3016 2862 ducere?
3061 2818 3242 2859 nonne
3287 2802 3447 2856 ambo
3488 2801 3542 2855 in
3581 2798 3661 2854 fo-

2073 2924 2091 2956 ‹
2119 2918 2276 2958 veam
2297 2901 2532 2958 cadunt?
2558 2899 2677 2954 Non
2707 2908 2790 2955 est
2809 2897 3105 2970 discipulus
3122 2912 3284 2967 supra
3308 2895 3655 2966 magistrum.

2074 3013 2092 3045 ς
2123 2992 2406 3049 Perfectus
2432 2998 2610 3046 autem
2637 2990 2817 3045 omnis
2845 2989 2950 3044 erit
2979 3029 2993 3054 ,
3037 2987 3084 3043 si
3129 2988 3200 3043 sit
3227 2986 3367 3041 sicut
3395 2985 3662 3056 magister

2077 3105 2096 3137 ι
2125 3085 2259 3155 ejus.
2285 3083 2424 3151 Quid
2443 3091 2622 3137 autem
2642 3083 2792 3137 vides
2812 3072 3073 3137 festucam
3094 3081 3149 3134 in
3169 3079 3326 3136 oculo
3347 3078 3534 3133 fratris
3554 3078 3660 3144 tui,

2075 3195 2094 3228 ι
2125 3177 2333 3231 trabem
2365 3182 2546 3230 autem
2577 3187 2698 3244 quas
2726 3173 2781 3227 in
2811 3171 2968 3227 oculo
3006 3179 3099 3226 tuo
3124 3180 3226 3234 est,
3269 3185 3378 3225 non
3410 3169 3663 3224 conside-

2076 3286 2094 3317 ε
2124 3266 2250 3321 ras?
2287 3265 2395 3318 Aut
2443 3263 2714 3334 quomodo
2754 3270 2910 3333 potes
2957 3261 3137 3317 dicere
3173 3259 3329 3314 fratri
3359 3266 3452 3314 tuo
3486 3257 3665 3313 :Fra-

2078 3375 2096 3408 ι
2125 3364 2240 3419 ter,
2285 3355 2402 3409 sine
2436 3352 2653 3423 ejiciam
2684 3351 2948 3407 festucam
2996 3350 3062 3405 de
3098 3348 3255 3404 oculo
3281 3357 3398 3412 tuo,
3441 3347 3562 3418 ipse
3605 3347 3663 3401 in

2078 3465 2098 3498 ι
2125 3445 2282 3501 oculo
2331 3451 2424 3498 tuo
2470 3442 2679 3496 trabem
2715 3457 2821 3496 non
2857 3439 3092 3495 videns?
3138 3437 3430 3510 llypocrita
3461 3477 3477 3499 ,
3523 3434 3666 3504 ejice

2079 3556 2098 3588 ‹
2127 3537 2361 3608 primum
2403 3533 2612 3588 trabem
2652 3532 2718 3586 de
2764 3531 2923 3586 oculo
2967 3539 3083 3594 tuo,
3124 3536 3178 3585 et
3209 3537 3338 3582 tunc
3362 3525 3667 3596 perspicies

2081 3646 2098 3679 ι
2129 3635 2189 3681 ut
2211 3627 2414 3681 educas
2446 3622 2710 3678 festucam
2739 3620 2807 3676 de
2832 3619 2990 3676 oculo
3027 3617 3213 3673 fratris
3239 3618 3337 3671 tui.
3366 3635 3388 3669 ι

2147 3718 2326 3773 Estotb
2365 3714 2728 3772 misericordes
2757 3753 2773 3778 ,
2825 3713 2966 3767 sicut
3002 3721 3050 3766 et
3079 3711 3240 3766 Pater
3267 3716 3434 3763 vester
3459 3707 3670 3762 miseri-

2076 3828 2190 3866 cors
2255 3819 2351 3864 est.
2410 3807 2526 3878 (Ex
2552 3805 2755 3877 Beda.)
2815 3803 3124 3858 Misericors
3175 3807 3259 3856 est
3314 3798 3457 3854 Deus
3501 3813 3672 3869 super

2077 3901 2316 3972 ingratos
2355 3906 2410 3953 et
2448 3896 2619 3951 malos
2642 3936 2656 3961 ,
2711 3893 2799 3949 vel
2828 3891 3112 3964 multiplici
3143 3907 3238 3946 sua
3265 3889 3667 3952 misericordia,

2077 4008 2186 4064 qna
2215 3991 2379 4046 etiam
2404 3990 2651 4059 jumenta
2681 3985 2886 4051 salvat,
2911 3982 3226 4053 temporalia
3257 3983 3399 4037 bona
3427 3979 3671 4049 largien-

2079 4086 2170 4149 do,
2197 4081 2283 4136 vel
2324 4079 2570 4135 ctnlestia
2613 4079 2753 4133 dona
2803 4074 3067 4146 singulari
3105 4075 3276 4145 gratia
3326 4087 3431 4142 qua
3459 4069 3670 4126 electos

2085 4171 2262 4228 solum
2322 4166 2588 4240 gloriﬁcat
2651 4163 2986 4234 inspirando.
3044 4161 3153 4217 Sed
3210 4161 3328 4216 sive
3380 4161 3506 4225 hoc,
3549 4158 3670 4213 sive

2084 4264 2238 4328 illud,
2277 4261 2392 4316 sive
2422 4267 2712 4326 utrumque
2745 4255 3049 4326 intelligas,
3077 4269 3271 4326 magna
3302 4253 3396 4307 Dei
3422 4251 3671 4308 bonitate

2084 4355 2162 4416 ﬁt,
2208 4367 2330 4424 quae
2363 4351 2520 4407 nobis
2565 4348 2824 4404 imitanda
2852 4346 3197 4418 praecipitur,
3230 4345 3273 4401 si
3302 4344 3396 4400 ﬁlii
3423 4343 3520 4399 Dei
3544 4357 3672 4398 esse

2085 4444 2356 4499 volumus.

2159 4535 2337 4591 Nolite
2352 4534 2616 4606 judicare,
2642 4542 2691 4587 et
2715 4548 2819 4586 non
2831 4528 3220 4601 judicabimim',
3247 4526 3406 4581 nolite
3425 4522 3675 4580 condem-

2087 4641 2232 4689 nare,
2271 4631 2378 4679 etc.
2429 4622 2543 4676 Hoc
2580 4621 2721 4685 loco,
2759 4619 2893 4674 nihil
2931 4617 3076 4672 aliud
3114 4615 3270 4672 nobis
3307 4613 3523 4686 praecipi
3553 4612 3674 4665 exi-

2087 4713 2268 4777 stimo,
2300 4712 2406 4766 nisi
2435 4718 2496 4765 ut
2531 4725 2597 4765 ea
2626 4708 2769 4765 facta
2789 4749 2803 4774 ,
2837 4723 2957 4778 quae
2980 4705 3201 4762 dubium
3236 4711 3321 4759 est
3351 4717 3458 4774 quo
3487 4699 3676 4755 animo

2087 4803 2240 4867 fiant,
2270 4802 2325 4856 in
2352 4801 2630 4857 meliorem
2655 4807 2866 4870 partem
2894 4799 3334 4866 interpretemur,
3360 4793 3503 4862 quod
3523 4791 3674 4846 enim

2089 4894 2348 4964 scripturn
2378 4903 2504 4947 est:
2553 4892 2640 4946 Ea:
2689 4891 2947 4961 {motibus
2996 4903 3176 4942 eorum
3217 4884 3534 4956 cognoscetis
3584 4897 3675 4935 eos

2091 4987 2308 5060 (Matth.
2342 4986 2466 5058 vn),
2495 4986 2561 5040 de
2588 4983 2894 5039 manifestis
2915 4982 3120 5037 dictum
3149 4987 3253 5042 est,
3275 4991 3400 5047 qua:
3420 4989 3526 5029 non
3546 4986 3676 5043 pos-

2090 5087 2220 5136 sunt
2245 5080 2389 5140 bono
2416 5077 2600 5132 animo
2630 5075 2778 5140 ﬁeri,
2825 5071 2979 5128 sicuti
3011 5079 3168 5135 sunt,
3213 5076 3400 5137 stupra
3420 5063 3504 5118 vel
3533 5062 3676 5117 blas~

2088 5170 2342 5242 phemite,
2377 5166 2463 5223 vel
2499 5165 2644 5221 furta
2671 5206 2686 5232 ,
2725 5163 2811 5219 vel
2847 5163 3142 5218 ebrietates
3171 5201 3186 5224 ,
3231 5166 3287 5214 et
3322 5157 3367 5212 si
3397 5169 3503 5225 qua
3543 5161 3674 5207 sunt

2092 5261 2221 5326 alia,
2266 5259 2335 5314 de
2378 5257 2573 5327 quibus
2611 5254 2768 5310 nobis
2802 5252 3049 5322 judicare
3073 5248 3424 5321 permittitur.
3483 5245 3560 5300 De
3588 5257 3677 5310 ge-

2091 5367 2223 5408 nere
2264 5359 2447 5405 autern
2491 5347 2735 5403 ciborum
2760 5385 2775 5411 ,
2819 5344 2946 5414 quia
2970 5351 3196 5415 possunt
3223 5342 3368 5396 bono
3394 5338 3594 5401 animo,
3619 5342 3677 5388 et

2093 5440 2322 5512 simplici
2345 5438 2528 5504 corde,
2555 5437 2673 5491 sine
2690 5435 2824 5489 vitio
2846 5431 3300 5504 concupiscentiae
3319 5469 3334 5496 ,
3365 5429 3675 5498 quicunque

2095 5529 2318 5587 humani
2349 5527 2455 5583 cibi
2497 5524 2870 5581 indifferenter
2899 5522 3068 5586 sumi,
3108 5520 3362 5591 prohibet
3388 5514 3678 5586 Apostolus

2090 5619 2337 5689 judicare
2382 5631 2476 5670 eos
2521 5615 2614 5685 qui
2659 5613 2918 5669 camibns
2969 5612 3348 5668 vescebantur.
3400 5617 3457 5661 et
3491 5605 3676 5659 vinum

2098 5708 2374 5776 bibebant,
2409 5708 2478 5764 ab
2497 5708 2578 5764 eis
2607 5706 2697 5775 qui
2725 5720 2783 5760 se
2811 5705 2880 5762 ab
2911 5701 3217 5774 huiusmodi
3241 5697 3516 5755 alimentis
3537 5705 3675 5752 tem-
