3940 6206
1183 222 1254 249 δ..

290 367 397 427 569

1098 369 1612 431 COLLECTIONES
1650 378 1718 432 IN
1756 377 2134 436 EPISTOLAS
2173 381 2259 436 ET
2297 383 2711 443 EVANGELIA.

3455 392 3562 449 370

291 488 578 559 perabant.
619 485 724 553 Qui
749 487 1058 554 manducet,
1092 489 1289 560 inquit,
1317 508 1422 546 mn
1465 495 1866 550 manducantem
1896 502 1947 561 Α
1969 501 2091 572 puri
2117 503 2364 559 homines
2401 513 2528 560 sunt
2577 504 2816 576 regulam
2844 503 3204 575 perfectionis
3237 519 3560 579 sequantur.

293 593 397 630 non
418 585 654 646 spernat,
677 585 725 630 et
746 577 964 646 qui‘non
992 579 1278 634 manducet
1295 620 1310 646 ,
1335 583 1745 638 manducantem
1772 603 1876 640 non

283 668 490 740 judicet
543 668 722 738 (Rom.
753 667 892 741 xxv).
948 669 1031 726 Ad
1079 672 1185 728 hoc
1233 675 1471 744 pertinet
1515 676 1680 730 etiam
1724 677 1875 743 illud,

293 759 440 830 quod
471 760 587 815 alio
610 760 733 815 loco
757 760 892 816 dicit
934 779 948 815 :
1006 761 1186 818 Nolite
1229 774 1349 820 ante
1396 775 1599 838 tempus
1631 767 1878 837 judicare

289 850 605 921 quidquam,
646 850 986 921 quoadusque
1012 853 1182 906 ueniat
1224 853 1506 923 Dominus,
1549 867 1600 912 et
1620 857 1877 913 illuminet

293 938 604 993 abscondita
643 937 1006 1003 tenebrarum,
1053 949 1103 994 et
1139 943 1494 1011 manifestabit
1537 948 1876 1018 cogitationes

292 1030 466 1083 cordis
498 1027 551 1100 (1
559 1015 763 1084 (ἰσων
783 1027 826 1102 ).
867 1029 1004 1085 Sunt
1029 1041 1210 1086 autem
1239 1036 1483 1104 quaedam
1507 1015 1647 1093 facta
1676 1039 1874 1107 media,

290 1133 414 1188 quae
458 1119 774 1189 ignoramus
821 1134 929 1190 quo
967 1122 1151 1178 animo
1190 1123 1360 1191 ﬁant,
1412 1128 1539 1198 quia
1565 1139 1622 1184 et
1646 1129 1787 1186 bono
1821 1140 1877 1187 et

289 1209 436 1265 malo
464 1211 584 1267 fieri
614 1221 880 1282 possunt,
927 1215 994 1270 de
1023 1217 1221 1286 quibus
1247 1220 1595 1274 temerarium
1625 1231 1709 1276 est
1731 1221 1876 1290 judi-

287 1315 437 1368 care,
470 1303 706 1359 maxime
735 1312 793 1359 ut
831 1305 1273 1364 condemnemus.
1315 1309 1534 1365 Horum
1576 1320 1759 1367 autem
1785 1328 1876 1368 ve-

286 1393 403 1446 niet
429 1401 640 1463 tempus
661 1402 718 1448 ut
739 1395 1071 1465 judicentur,
1099 1414 1223 1452 cum
1253 1398 1516 1456 Dominus
1550 1403 1874 1459 illuminahit

285 1483 608 1538 abscondita
641 1485 1010 1552 tenebrarum,
1038 1496 1093 1542 et
1119 1477 1490 1547 manifestabit
1515 1495 1872 1564 cogitationes

283 1575 488 1630 cordis.
531 1576 648 1630 Duo
672 1575 799 1631 sun‘t
837 1587 1019 1633 autem
1048 1581 1103 1634 in
1131 1582 1327 1649 quibus
1365 1587 1712 1640 temerarium
1736 1586 1875 1655 judi-

282 1663 433 1718 cium
459 1680 656 1720 cavere
675 1666 956 1734 debemus,
984 1685 1108 1724 cum
1133 1671 1397 1728 incertum
1421 1685 1542 1740 est,
1575 1677 1749 1745 qualis
1786 1678 1872 1733 fu.

284 1763 444 1810 turus
476 1757 567 1820 sit,
599 1757 694 1824 qui
723 1773 866 1812 nunc
894 1758 979 1814 vel
1007 1760 1180 1816 malus
1208 1761 1292 1817 vel
1322 1763 1496 1819 bonus
1517 1775 1759 1836 apparet.
1865 1759 1868 1764 ’

359 1845 617 1900 Dimittite
644 1856 692 1901 et
729 1849 1086 1917 dimittemini,
1115 1852 1240 1907 date
1264 1863 1312 1907 et
1339 1855 1554 1909 dabitur
1583 1858 1741 1912 vobis.
1778 1859 1869 1912 Di-
1897 1849 1943 1908 Β

280 1938 504 1994 mittere
525 1953 628 1994 nos
654 1939 918 2008 injurias,
965 1943 1095 1997 dare
1131 1943 1393 2001 beneficia
1421 1946 1593 2016 jubet,
1624 1957 1685 2002 ut
1712 1950 1868 2006 nobis

277 2035 508 2098 peccata
540 2028 902 2096 dimittantur,
941 2039 996 2087 et
1022 2033 1134 2087 vita
1158 2033 1316 2089 detur
1341 2044 1566 2090 aeterna.
1603 2037 1719 2103 Qua
1748 2055 1870 2094 sen-

280 2121 450 2175 tentia
497 2123 672 2186 brevi,
696 2123 790 2177 sed
835 2123 1074 2189 eximia,
1116 2134 1310 2181 cuncta
1353 2143 1474 2196 quae
1515 2128 1774 2186 latissime
1803 2132 1870 2188 de

278 2213 664 2267 conversando
690 2229 812 2267 cum
842 2213 1076 2270 inimicis
1104 2217 1475 2285 mandaverat,
1519 2223 1868 2291 comprehen-

277 2302 465 2358 dendo
486 2303 782 2359 concludit.

357 2393 668 2448 Hensuram
697 2395 906 2462 bonam,
930 2407 978 2451 et
1007 2399 1322 2469 confertam,
1362 2412 1412 2457 et
1433 2406 1775 2476 coagitatam,
1819 2418 1870 2464 et

277 2486 731 2556 sapere/fluentem
751 2487 952 2542 dabunt
972 2490 1026 2542 in
1046 2490 1220 2544 sinum
1243 2503 1487 2549 vestrum.
1537 2497 1672 2553 Huic
1694 2499 1871 2556 simile

275 2584 367 2630 est
395 2616 412 2641 ,
453 2577 599 2646 quod
657 2577 784 2633 alibi
832 2579 983 2646 dicit,
1038 2589 1099 2636 ut
1145 2593 1200 2638 et
1245 2585 1346 2655 ipsi
1379 2589 1647 2660 recipiant
1692 2609 1790 2648 vos
1815 2594 1869 2649 in

275 2678 485 2725 aeterna
513 2671 862 2726 tabernacula
889 2673 907 2746 (
935 2669 1163 2728 Luc.xv1
1197 2677 1236 2746 ).
1291 2677 1407 2733 Non
1435 2682 1582 2736 enim
1606 2699 1872 2756 pauperes

275 2761 403 2829 ipsi,
435 2761 532 2815 sed
574 2760 822 2818 Christus
865 2768 1170 2822 mercedem
1213 2769 1320 2835 his,
1350 2773 1441 2839 qui
1471 2773 1869 2846 elecmosynam

275 2850 464 2907 fecere
495 2853 810 2910 redditurus
851 2865 957 2924 est,
1005 2874 1168 2928 quam
1198 2869 1378 2916 tamen
1417 2865 1469 2917 in
1517 2866 1694 2920 sinum
1739 2869 1872 2924 dare

273 2944 541 2999 dicuntur
565 2985 581 3011 ,
632 2949 757 3016 quia
795 2951 1166 3018 promerendae
1207 2951 1352 3008 illius
1393 2956 1734 3011 occasionem
1785 2960 1873 3015 de-

273 3032 429 3099 dere,
461 3049 586 3089 cum
607 3036 691 3090 vel
711 3046 930 3107 egentes
959 3039 1174 3103 misere,
1198 3042 1283 3096 vel
1305 3043 1546 3114 improbe
1565 3049 1867 3116 saevientes,

276 3123 568 3178 fortiorum
599 3134 728 3179 sunt
766 3135 821 3181 et
859 3129 1075 3183 tolerati
1111 3132 1402 3201 patientia,
1432 3145 1486 3189 et
1512 3135 1867 3193 beneficentia

2048 612 2190 679 Quid
2225 625 2398 672 autem
2437 620 2576 674 vides
2620 620 2879 690 festucam
2922 621 2978 674 in
3020 621 3173 676 oculo
3230 622 3415 691 fratris
3461 627 3562 692 tui,

1975 702 2174 756 trabem
2198 715 2373 759 autem
2420 725 2538 778 qua
2581 711 2637 763 in
2677 709 2829 764 oculo
2852 721 2942 766 tuo
2964 720 3058 776 est,
3092 728 3197 766 non
3221 715 3568 770 consideras?

1976 792 2044 846 Et
2070 793 2173 848 hoc
2201 795 2268 849 ad
2293 799 2573 867 superiora
2603 801 2843 870 respicit,
2875 802 2967 856 ubi
3001 817 3202 858 caecum
3231 819 3261 858 a
3287 819 3432 861 caeco
3466 807 3564 862 du-

1974 883 2048 949 ci,
2078 883 2132 937 id
2157 893 2262 950 est,
2288 897 2602 956 peccantem
2646 905 2674 943 a
2708 899 2992 960 peccatore
3017 892 3276 963 castigari
3313 909 3420 950 non
3444 911 3565 966 pos-

1975 990 2035 1032 se
2071 979 2414 1047 praemonuit.
2454 979 2605 1034 Multi
2630 983 2775 1036 enim
2818 985 3072 1054 superbia
3095 1027 3110 1052 ,
3154 985 3240 1040 vel
3286 986 3410 1042 odio
3443 990 3558 1062 qu)-

1975 1073 2198 1145 αργυρία
2224 1109 2238 1135 ,
2271 1069 2356 1124 vel
2383 1071 2635 1137 avaritia,
2659 1074 2744 1128 vel
2772 1075 2879 1131 alio
2907 1077 3147 1146 quolibet
3174 1079 3407 1134 crimine
3425 1095 3565 1151 prae-

1973 1160 2138 1218 venti.
2170 1159 2306 1215 levia
2331 1160 2450 1215 haec
2475 1170 2570 1216 aut
2597 1163 2740 1218 nulla
2760 1163 3090 1234 judicantes,
3134 1171 3402 1226 acerrime
3441 1185 3564 1228 cor-

1973 1248 2179 1317 ripiunt
2215 1265 2340 1319 eos,
2381 1265 2518 1320 quos
2552 1253 2728 1307 subita
2759 1254 2992 1311 viderint
3017 1258 3100 1312 ira
3128 1261 3396 1326 turbatos,
3425 1277 3562 1317 ocu-

1973 1336 2084 1390 IIIm
2132 1339 2328 1394 mentis
2371 1355 2400 1393 a
2444 1341 2601 1396 solito
2641 1344 2894 1411 puritatis
2952 1355 3097 1402 statu
3137 1352 3292 1418 quasi
3351 1350 3561 1406 festuca

1972 1425 2214 1482 irruente
2260 1437 2517 1495 mutasse,
2558 1441 2721 1500 atque
2760 1433 3108 1490 immemores
3143 1437 3400 1493 dominici
3424 1454 3560 1509 prte-

1972 1520 2136 1587 ccpti,
2164 1535 2272 1588 quo
2304 1522 2415 1575 ait:
2446 1520 2623 1576 Nolite
2644 1524 3016 1592 condemnare,
3043 1537 3090 1581 et
3115 1545 3218 1583 non
3245 1531 3563 1585 condemna-

1971 1607 2154 1663 bimini
2177 1609 2390 1680 (Matth.
2425 1611 2547 1684 vn),
2585 1614 2759 1684 magis
2781 1625 2966 1670 amant
2988 1618 3299 1688 vituperare
3331 1628 3388 1675 et
3411 1623 3564 1676 dam-

1969 1713 2120 1762 nare,
2153 1714 2317 1768 quam
2355 1703 2645 1758 emendare
2671 1711 2834 1772 atque
2858 1706 3154 1777 corrigere.

2042 1809 2110 1864 Et
2146 1821 2407 1882 quomodo
2445 1824 2588 1882 potes
2651 1815 2823 1870 dicere
2871 1815 3030 1886 fratri
3074 1830 3183 1885 tuo,
3225 1820 3408 1890 frater,
3450 1825 3562 1878 sine

1972 1901 2181 1969 ejiciam
2205 1901 2461 1970 festucam
2483 1904 2548 1975 de
2571 1904 2721 1958 oculo
2748 1915 2838 1959 tuo
2857 1946 2872 1971 ,
2918 1909 3026 1976 ipse
3064 1909 3117 1961 in
3155 1910 3305 1965 oculo
3329 1921 3418 1965 tuo
3444 1922 3560 1966 tra-

1971 1991 2082 2046 bem
2107 2009 2209 2046 non
2233 1993 2428 2048 videns.
2455 1994 2580 2049 Haec
2597 2011 2719 2050 cum
2746 1995 2916 2053 fratre
2945 1999 3086 2067 agis,
3108 2000 3153 2054 si
3179 2000 3330 2055 verbi
3359 2003 3554 2072 gratia,

1970 2086 2114 2154 quod
2140 2086 2222 2139 ira
2260 2086 2350 2142 ille
2381 2089 2646 2158 peccavit,
2681 2097 2734 2143 tu
2775 2091 2900 2145 odio
2949 2093 3323 2161 reprehendis.
3379 2093 3561 2162 Quan-

1971 2184 2086 2230 tum
2111 2188 2296 2231 autem
2329 2178 2472 2232 inter
2505 2178 2772 2234 festucam
2811 2190 2865 2236 et
2897 2182 3130 2250 trabem,
3161 2185 3312 2253 quasi
3349 2191 3560 2241 tantum

1969 2265 2114 2320 inter
2140 2267 2277 2322 iram
2308 2268 2656 2340 distatatque
2685 2273 2890 2326 odium.
2949 2272 3143 2329 Odium
3183 2282 3267 2330 est
3302 2276 3448 2330 enim
3478 2278 3559 2333 ira

1969 2356 2292 2423 inveterata,
2323 2359 2476 2428 quasi
2503 2375 2623 2430 quae
2647 2371 2917 2418 vetustate
2943 2364 3060 2434 ipsa
3097 2375 3308 2421 tantum
3335 2383 3560 2438 accepe-

1969 2447 2064 2513 rit,
2097 2455 2155 2502 ut
2183 2450 2380 2504 merito
2409 2451 2711 2520 appelletur
2737 2453 2939 2509 trabes.
2957 2453 3100 2511 Fieri
3137 2465 3318 2512 autem
3355 2467 3556 2528 potest,

1968 2548 2030 2592 ut
2055 2539 2102 2593 si
2133 2539 2389 2595 irascaris
2427 2540 2656 2610 homini,
2699 2543 2834 2598 velis
2861 2559 2982 2598 eum
3023 2547 3246 2616 corrigi.
3286 2547 3344 2603 Si
3375 2557 3556 2604 autem

1968 2630 2149 2685 oderis
2173 2631 2471 2697 hominem,
2512 2649 2617 2688 non
2660 2642 2815 2704 potes
2843 2650 2966 2690 eum
2997 2637 3135 2692 velle
3174 2640 3473 2711 corrigere,
3503 2651 3559 2696 et

1969 2721 2091 2775 ideo
2120 2721 2452 2791 impossibile
2477 2722 2696 2791 dicitur,
2744 2733 2805 2781 ut
2851 2727 3115 2799 festucam
3170 2727 3357 2787 fratris
3399 2731 3558 2788 oculo

1969 2809 2170 2876 demat,
2203 2811 2295 2880 qui
2322 2827 2419 2868 suo
2446 2813 2656 2868 trabem
2690 2823 2866 2884 gestat
2891 2817 2946 2870 in
2973 2818 3149 2873 oculo.

2039 2918 2332 2991 Hypocrita
2361 2962 2375 2987 ,
2424 2922 2554 2993 ejice
2577 2924 2805 2993 primum
2847 2928 3047 2982 trabem
3095 2929 3159 2983 de
3187 2930 3340 2986 oculo
3368 2941 3479 2998 tua,
3505 2943 3557 2989 et

1968 3019 2092 3065 tunc
2120 3012 2415 3082 perspicies,
2460 3022 2517 3066 ut
2542 3014 2734 3069 educas
2763 3015 3016 3084 festucam
3059 3018 3126 3072 de
3170 3019 3326 3074 oculo
3371 3021 3556 3091 fratris

1968 3100 2069 3153 tui.
2109 3099 2167 3155 ld
2197 3110 2298 3168 est,
2329 3103 2505 3173 primo
2531 3106 2628 3160 abs
2657 3116 2710 3161 te
2757 3107 2966 3177 expelle
3005 3109 3190 3166 odium
3217 3121 3277 3166 et.
3301 3115 3557 3186 deinceps

273 3214 595 3279 sustentati,
629 3223 684 3269 et
711 3216 778 3270 ad
803 3217 976 3286 ipsam
1007 3191 1291 3289 aliquoties
1325 3191 1489 3278 tidem
1524 3225 1667 3281 dulci
1694 3191 1865 3298 gratia
1895 3206 1937 3267 C
1968 3191 2329 3298 P9‘e"s__j"’m
2359 3210 2483 3250 eum
2521 3211 2683 3298 {luem
2714 3197 2892 3298 diligis.
2922 3203 3246 3298 emendire’
3279 3213 3443 3298 ciem
3472 3223 3560 3263 νϐ’

273 3311 561 3370 provocat.

349 3390 558 3446 Eadem
581 3395 769 3464 quippe
799 3412 1065 3464 mensura,
1102 3416 1205 3470 qua
1235 3403 1400 3457 mensi
1435 3404 1665 3473 fueritis,
1705 3425 1868 3464 reme-

271 3481 442 3535 tietur
475 3484 636 3538 vobis.
692 3485 760 3540 Et
805 3487 1092 3558 Apostolus
1137 3493 1204 3547 ad
1249 3495 1648 3569 eleemosynam
1679 3500 1844 3558 Corin

273 3575 425 3628 thios
451 3575 682 3630 hortans
708 3578 851 3634 inter
892 3581 995 3636 alia
1039 3583 1208 3639 dicit:
1244 3585 1360 3640 Hoc
1404 3598 1578 3643 autem
1607 3591 1744 3657 dico,
1777 3594 1866 3664 qui

272 3681 436 3732 parce
457 3668 713 3735 seminat,
744 3688 902 3741 parce
928 3683 976 3726 et
997 3685 1169 3741 metet,
1195 3687 1243 3730 et
1268 3679 1357 3748 qui
1383 3682 1607 3735 seminat
1637 3683 1693 3735 in
1716 3684 1866 3737 bene—

273 3757 621 3826 dictionibus,
649 3763 713 3816 de
734 3762 1178 3822 benedictionibus
1202 3778 1248 3822 et
1270 3779 1441 3824 metet.
1480 3770 1663 3827 Potest
1683 3785 1866 3830 autem

271 3853 334 3900 et
365 3847 433 3901 de
460 3851 712 3905 omnibus
759 3868 879 3922 quae
907 3867 1116 3922 mente,
1147 3872 1308 3911 manu
1329 3899 1344 3924 ,
1377 3859 1592 3931 lingua,
1625 3863 1867 3933 gerimus

272 3937 475 4005 accipi,
531 3941 656 4008 quia
709 3949 767 3996 tu
817 3943 997 3998 reddes
1041 3945 1286 4016 singulis,
1337 3946 1546 4019 inquit,
1578 3953 1864 4006 secundum

270 4040 436 4094 opera
466 4042 671 4086 eorum.

350 4119 572 4175 Dicebat
597 4134 771 4179 autem
794 4126 902 4182 illis
935 4139 984 4182 et
1013 4130 1428 4186 similitudinem.
1474 4133 1732 4206 Nunquid
1764 4153 1862 4205 po-

271 4217 378 4261 test
407 4225 579 4267 cwcus
605 4231 800 4269 circum
830 4217 1046 4284 ducere,
1097 4237 1266 4276 nonne
1293 4222 1445 4278 ambo
1473 4224 1529 4277 in
1551 4225 1750 4294 foveam
1775 4243 1864 4280 ca-

271 4299 446 4354 dent?
489 4303 694 4361 Sensus
723 4307 1090 4378 hujuscemodi
1141 4315 1421 4369 sententiae
1449 4317 1644 4385 pendet
1681 4330 1747 4371 ex
1772 4333 1862 4373 su-

269 4389 620 4458 perioribus,
664 4394 754 4449 ubi
786 4397 853 4451 de
876 4397 1050 4453 danda
1077 4401 1440 4473 eleemosyna,
1473 4415 1528 4460 et
1559 4406 1754 4477 injuria
1782 4409 1861 4462 di-

271 4476 540 4533 mittenda
586 4485 919 4555 praecipitur.
981 4486 1037 4542 Si
1069 4496 1141 4554 te,
1184 4491 1377 4561 inquit,
1421 4495 1500 4548 ira
1529 4476 1716 4550 contra
1745 4499 1862 4554 vio-

1970 3295 2029 3335 re
2071 3283 2299 3338 multum
2339 3287 2638 3342 cavendum
2688 3296 2742 3343 et
2786 3290 3074 3346 molestum
3127 3294 3553 3365 hypocritarum,

1967 3372 2021 3428 id
2045 3382 2129 3430 est
2165 3375 2545 3432 simulatorum
2573 3393 2779 3449 genus,
2817 3381 2909 3450 qui
2955 3397 3079 3440 cum
3119 3386 3364 3444 omnium
3402 3388 3558 3444 vitio.

1967 3477 2087 3516 rum
2114 3473 2168 3518 et
2201 3467 2580 3522 accusationes
2613 3469 2738 3523 odio
2766 3478 2821 3525 et
2846 3469 3018 3526 livore
3042 3474 3359 3543 suscipiant,
3388 3479 3553 3534 etiam

1965 3554 2301 3610 consultores
2361 3557 2532 3612 videri
2577 3573 2635 3614 se
2689 3560 2991 3628 volunt,.et
3017 3563 3137 3619 ideo
3169 3567 3258 3636 pie
3287 3577 3554 3640 cauteque

1971 3645 2294 3715 vigilandum
2330 3658 2435 3716 est,
2471 3659 2535 3708 ut
2575 3667 2700 3707 cum
2739 3653 2976 3725 aliquem
3032 3661 3436 3729 reprehendere
3464 3663 3552 3720 vel

1963 3735 2250 3807 ohjurgare
2309 3743 2607 3798 necessitas
2681 3747 2957 3818 coegerit,
3020 3750 3201 3819 primo
3249 3753 3551 3824 cogitemus

1965 3833 2147 3880 utrum
2188 3827 2294 3883 tale
2341 3830 2415 3886 sit
2456 3832 2644 3888 vitium
2673 3876 2686 3900 ,
2737 3838 2881 3906 quod
2924 3855 3201 3910 nunquam
3237 3844 3548 3913 habuimus,

1964 3915 2048 3970 vel
2073 3931 2180 3985 quo
2211 3921 2518 3989 caruimus,
2552 3934 2607 3980 et
2645 3927 2690 3981 si
2726 3944 3004 4001 nunquam
3031 3934 3317 3990 habuimus
3351 3939 3553 4009 cogite-

1963 4023 2084 4063 mus
2107 4051 2122 4075 ,
2162 4021 2218 4066 et
2247 4028 2344 4068 nos
2372 4015 2619 4072 homines
2660 4033 2814 4086 esse,
2863 4031 2918 4076 et
2960 4023 3161 4082 habere
3187 4028 3445 4096 potuisse.
3488 4029 3549 4085 Si

1962 4113 2091 4156 vero
2119 4101 2439 4172 habuimus,
2471 4114 2526 4161 et
2559 4122 2664 4162 non
2691 4109 2983 4179 habemus,
3017 4122 3202 4186 tangat
3228 4120 3547 4174 memoriam

1961 4194 2264 4248 communis
2293 4196 2586 4253 infirmitas
2608 4241 2622 4265 ,
2669 4211 2726 4256 ut
2757 4203 2907 4258 illam
2949 4208 3424 4276 reprehensionem
3451 4221 3548 4270 aut

1960 4280 2412 4352 objurgationem,
2446 4303 2553 4343 non
2583 4290 2787 4357 odium,
2815 4295 2910 4348 sed
2941 4296 3326 4353 misericordia
3344 4315 3547 4369 praece-

1961 4373 2068 4438 dat,
2103 4384 2163 4430 ut
2189 4377 2304 4432 sive
2337 4379 2404 4433 ad
2433 4383 2828 4439 correctionem
2873 4385 3013 4456 ejus,
3051 4398 3274 4459 propter
3299 4408 3460 4462 quem
3490 4396 3545 4452 id

1959 4461 2206 4530 facimus,
2237 4467 2351 4523 sive
2379 4470 2448 4526 ad
2487 4475 2893 4539 perversionem
2923 4479 3178 4547 valuerit,
3220 4499 3345 4538 nam
3372 4487 3546 4543 incer-

271 4566 485 4624 lemum
509 4611 524 4635 ν
572 4547 628 4627 ἐι
674 4547 861 4630 coam
907 4547 1177 4647 petemein
1211 4547 1510 4659 φιλαρᾶυρία
1552 4589 1855 4654 calcaverit,
1883 4547 1937 4607 D
2080 4564 2166 4612 est
2186 4557 2383 4659 exitus.
2434 4560 2765 4659 Nosmtamen
2795 4567 2861 4622 de
2898 4568 3242 4640 simplicitate
3280 4575 3422 4631 ocull
3450 4593 3545 4634 no-

271 4662 523 4728 nunquid
561 4673 652 4718 tua
688 4675 869 4722 mente
895 4670 1080 4724 vitiata
1104 4712 1119 4735 ,
1163 4673 1356 4728 vitium
1385 4675 1502 4746 ejus
1539 4693 1733 4734 curare
1764 4695 1860 4750 po-

269 4750 450 4805 teris?
498 4752 606 4808 Aut
636 4755 728 4811 ille
779 4759 926 4813 solus
974 4761 1063 4828 qui
1118 4762 1369 4832 injuriam
1397 4764 1546 4831 fecit,
1585 4776 1642 4822 et
1662 4784 1769 4824 non
1803 4779 1858 4826 tu

268 4839 466 4904 etiam,
513 4843 606 4911 qui
656 4843 802 4900 ferre
851 4850 1129 4905 nesciebas
1178 4868 1301 4907 reus
1365 4855 1743 4925 deputaberis?
1791 4862 1862 4916 At

269 4929 322 4983 si
353 4931 540 4985 mitem
588 4943 641 4988 te
689 4938 1070 5009 tranquillique
1111 4945 1343 5011 pectoris
1384 4945 1501 5016 ejus
1546 4949 1861 5021 improbitas

269 5017 574 5087 invenerit,
619 5033 675 5078 et
716 5025 806 5080 ille
842 5028 909 5082 ad
938 5031 1312 5099 paenitentiam
1342 5017 1678 5108 movebitur,
1711 5053 1765 5099 et
1798 5054 1852 5101 tu

265 5111 552 5177 patientiae
597 5119 820 5185 praemio
869 5121 1180 5191 donaberis,
1227 5129 1352 5198 quia
1403 5147 1605 5189 caecum
1638 5138 1855 5194 vidente

265 5200 434 5255 oculo
458 5243 473 5267 ,
529 5205 632 5260 hoc
676 5216 801 5275 est,
845 5215 1012 5269 corde
1053 5231 1245 5274 sereno
1287 5219 1486 5278 ducere
1525 5227 1756 5284 curabas
1785 5232 1851 5286 ad

263 5289 475 5345 lumen.

347 5381 471 5437 Non
497 5394 571 5439 est
593 5387 882 5459 discipulus
908 5409 1063 5464 super
1088 5399 1395 5468 magistrum
1415 5443 1430 5468 ,
1473 5405 1732 5474 perfectus
1753 5427 1850 5464 au-

259 5479 372 5524 tem
403 5476 571 5530 omnis
599 5479 700 5531 erit
725 5519 740 5542 ,
787 5481 835 5534 si
872 5483 940 5536 sit
967 5485 1100 5538 sicut
1128 5489 1378 5558 magister
1404 5492 1539 5561 ejus.
1590 5493 1648 5550 Si
1677 5499 1849 5568 magi-

259 5568 388 5614 ster
436 5565 527 5633 qui
571 5565 762 5636 utique
786 5570 942 5638 quasi
972 5570 1114 5628 Deus
1143 5577 1346 5644 potuit,
1383 5594 1488 5634 non
1518 5596 1644 5637 suas
1672 5565 1845 5641 ultum

261 5650 349 5705 ire
372 5652 594 5722 injurias
619 5698 634 5722 ,
679 5661 773 5715 sed
817 5661 963 5731 ipsos
1005 5665 1192 5720 maluit
1220 5667 1558 5727 insecutores
1592 5676 1846 5744 patiendo

261 5740 493 5801 reddere
513 5746 779 5816 mitiores,
807 5753 1052 5810 eamdem
1079 5770 1301 5815 necesse
1326 5769 1439 5827 est,
1471 5740 1715 5838 discipuli
1749 5770 1839 5840 qui

1960 4647 2058 4701 stri
2095 4651 2269 4704 securi
2300 4652 2487 4710 simus.
2520 4655 2599 4720 Si
2630 4667 2813 4714 autem
2849 4672 3152 4732 cogitantes
3180 4671 3542 4742 nosmetipsos

1961 4739 2330 4799 invenerimus
2357 4745 2412 4799 in
2441 4762 2507 4802 eo
2549 4763 2671 4805 esse
2694 4752 2864 4819 vitio,
2913 4755 2969 4809 in
2994 4771 3100 4825 quo
3126 4766 3209 4814 est
3237 4760 3346 4826 ille,
3377 4739 3539 4834 quem

1960 4829 2359 4898 reprehendere
2393 4837 2749 4904 parabamus,
2793 4857 2900 4897 non
2941 4829 3411 4914 reprehendamus
3441 4870 3539 4908 ne-

1961 4933 2066 4988 que
2106 4919 2468 4992 objurgemus,
2501 4929 2595 4982 sed
2628 4937 2806 4985 tamen
2829 4936 3310 5007 congemiscamus,
3347 4951 3536 5001 etnon

1959 5010 2111 5102 illum
2157 5015 2224 5069 ad
2250 5015 2738 5088 obtemperandum
2773 5025 2955 5091 nobis,
2998 5029 3091 5083 sed
3119 5032 3185 5085 ad
3217 5035 3424 5102 pariter
3448 5053 3536 5093 co-

1958 5101 2196 5157 nandum
2222 5104 2534 5164 invitemus.
2569 5110 2714 5166 Raro
2733 5127 2885 5184 ergo,
2911 5124 2966 5170 et
2991 5133 3185 5190 magna
3209 5101 3534 5184 necessitate

1956 5189 2363 5262 obiurgationes
2404 5197 2725 5255 adhibendae
2765 5213 2923 5271 sunt,
2958 5207 3030 5260 ita
3071 5189 3249 5267 tamen
3283 5222 3345 5270 ut
3367 5217 3529 5271 etiam

1958 5280 2012 5334 in
2041 5281 2128 5336 his
2156 5284 2286 5353 ipsis
2315 5302 2420 5345 non
2451 5289 2630 5354 nobis,
2659 5293 2754 5347 sed
2787 5294 2916 5360 Deo,
2951 5306 3008 5352 ut
3031 5303 3332 5361 serviamus
3359 5307 3529 5362 inste-

1958 5387 2098 5427 mus.
2138 5373 2257 5444 lpse
2285 5384 2370 5431 est
2411 5379 2554 5433 enim
2597 5380 2737 5448 finis,
2789 5395 2846 5440 ut
2878 5388 3010 5442 nihil
3037 5391 3231 5462 duplici
3267 5396 3430 5451 corde
3452 5396 3530 5452 fa-

1956 5464 2182 5521 ciamus.
2241 5467 2567 5528 Aufereutes
2617 5474 2825 5530 trabem
2867 5479 2933 5533 de
2968 5483 3127 5538 oculo
3169 5495 3353 5540 nostro
3389 5486 3526 5543 invi-

1955 5554 2170 5622 demite,
2201 5559 2284 5613 vel
2331 5561 2581 5626 malitia,
2628 5565 2710 5620 vel
2746 5568 3131 5636 simulationis,
3167 5583 3223 5630 ut
3251 5574 3542 5639 valeamua

1952 5645 2149 5716 ejicere
2174 5648 2437 5707 festucam
2462 5654 2528 5708 de
2555 5657 2712 5712 oculo
2737 5656 2946 5717 fratris.

2272 5908 2390 5917 μ’-..
2423 5910 2430 5913 -
