3954 6200
346 428 349 433 .
393 381 496 437 371

589 486 1004 544 HEBDOMADA
1045 485 1109 540 Vl
1147 485 1319 540 POST
1357 482 1783 540 PENTECOST.

625 593 800 634 EPIST.
830 590 988 631 ΒΕΔΤΧ
1019 588 1178 628 PETRI
1209 588 1493 639 Αροετοιι,
1521 587 1640 628 CAP.
1667 587 1748 628 ιιι.

479 688 497 722 ι
531 667 729 724 Omnes
755 667 1038 722 unanimes
1068 672 1239 720 estote
1260 664 1319 720 in
1346 665 1613 730 oratione,
1643 661 1975 733 compatien-

408 782 427 816 ι
474 773 575 822 tes,
599 758 955 814 fraternitatis
976 763 1266 821 amatores,
1290 756 1692 822 misericordes,
1721 755 1970 822 modesti,

407 871 426 902 ε
471 849 722 905 humiles.
753 845 871 903 Non
892 847 1177 902 reddentes
1206 845 1406 900 malum
1435 862 1534 916 pro
1563 846 1727 911 malo,
1750 845 1833 899 vel
1861 861 1976 899 ma-

407 959 427 990 ‹
473 939 728 996 indictum
742 952 841 1008 pro
853 937 1162 1002 maledicto,
1176 937 1268 992 sed
1287 953 1317 991 e
1341 945 1526 992 contra
1534 938 1635 1000 rio,
1651 937 1974 1003 benedicene

405 1048 426 1080 ι
475 1039 576 1094 tes,
599 1031 725 1098 quia
751 1029 807 1082 in
831 1029 932 1083 hoc
952 1029 1128 1086 vocati
1151 1028 1306 1091 estis,
1331 1036 1390 1082 ut
1409 1028 1836 1084 benedictionem
1864 1028 1974 1082 ba:-

406 1136 427 1169 i
473 1119 702 1174 reditate
725 1119 1068 1190 possidentis,
1097 1118 1189 1188 qui
1223 1118 1368 1172 enim
1402 1117 1516 1171 vult
1540 1118 1708 1171 vitam
1748 1117 1972 1186 diligere

409 1225 428 1259 ι
473 1217 528 1264 et
561 1209 742 1263 videre
776 1209 892 1264 dies
933 1209 1139 1274 bonos,
1179 1215 1431 1262 coerceat
1471 1207 1706 1276 linguam
1744 1222 1897 1268 suam
1940 1222 1972 1262 a

405 1315 423 1348 ι
471 1297 634 1363 malo,
662 1306 718 1351 et
749 1297 892 1352 labia
935 1297 1052 1368 ejus
1097 1311 1164 1351 ne
1187 1297 1474 1366 loquantur
1501 1297 1701 1350 dolum.
1731 1280 1974 1351 Deelinet

405 1408 425 1442 ι
467 1399 646 1448 autem
676 1407 704 1443 a
728 1389 872 1444 malo
898 1399 952 1443 et
977 1390 1139 1443 faciat
1167 1389 1658 1458 bonum..inquirat
1691 1403 1880 1456 pacem
1917 1395 1971 1442 et

405 1496 423 1530 ι
471 1488 730 1547 sequatur
767 1493 910 1541 eam,
937 1478 1064 1546 quia
1101 1477 1243 1531 oculi
1273 1477 1481 1530 Domini
1511 1474 1886 1546 superjustos,
1917 1483 1972 1529 et

406 1587 426 1618 ι
473 1582 632 1622 aures
661 1566 776 1636 ejus
807 1567 860 1621 in
889 1581 1081 1636 preces
1104 1581 1310 1620 eorum.
1337 1567 1530 1622 Vultus
1549 1575 1725 1621 autem
1759 1565 1969 1619 Domini

405 1677 424 1710 ι
471 1674 632 1728 super
671 1657 930 1712 facientes
970 1657 1129 1711 mala.
1159 1657 1227 1710 Et
1253 1657 1372 1726 quis
1409 1665 1524 1723 est,
1559 1656 1651 1726 qui
1694 1656 1846 1710 vobis
1874 1670 1971 1710 no-

403 1771 422 1804 t
468 1759 623 1814 ceat,
669 1750 716 1806 si
760 1751 889 1808 boni
941 1750 1286 1806 aemulatores
1335 1748 1587 1803 fueritis?
1623 1747 1728 1803 Sed
1762 1749 1807 1802 si
1839 1747 1970 1819 quid

1697 368 2045 426 SMARAGDI
2084 365 2374 424 ABBATIS

3548 380 3650 436 δη

2000 489 2046 548 Α
2076 498 2222 536 mum
2280 491 2496 538 nocent.
2545 481 2604 538 Si
2644 484 2764 554 quis
2812 493 2993 541 autem
3047 483 3361 556 huiusmodi
3407 491 3654 551 adversis

2075 573 2249 627 victus
2276 572 2494 638 devicit,
2525 589 2630 629 non
2661 574 2786 629 huic
2811 575 2903 630 ille
2939 577 3032 646 qui
3071 576 3275 634 malum
3315 579 3528 648 intulit,
3553 586 3656 640 sed

2075 662 2191 730 ipse
2231 663 2334 718 sibi
2375 665 2466 734 qui
2497 666 3070 736 haecpatienterferre
3110 673 3407 739 recusavit,
3437 678 3654 745 nocuit;

2074 768 2248 823 neque
2287 771 2474 810 eorum
2515 757 2728 823 domus,
2765 772 2930 827 quam
2959 760 3045 814 vir
3069 762 3288 832 sapiens
3327 765 3654 836 aediﬁcavit,

2073 846 2194 900 ideo
2216 862 2328 901 non
2354 849 2577 915 cecidit,
2620 849 2747 920 quia
2795 850 3078 908 violentias
3123 860 3506 926 tempestatum
3546 876 3656 917 non

2069 938 2313 1006 pertulit,
2343 941 2436 995 sed
2455 941 2584 1010 quia
2608 939 2831 996 fundata
2873 949 2994 996 erat
3013 957 3176 1013 supra
3195 954 3404 1014 petram
3427 947 3652 1021 (lauit.

2071 1025 2204 1096 vn);
2234 1044 2335 1084 nec
2363 1045 2550 1084 rursus
2575 1044 2662 1096 ea,
2704 1045 2865 1099 quam
2895 1031 3092 1087 stultus
3134 1033 3295 1090 stulte
3339 1034 3652 1106 fabricavit,

2066 1115 2194 1170 ida)
2217 1118 2432 1183 cecidit,
2451 1119 2576 1188 quia
2601 1119 2810 1189 pulsata
2835 1122 3250 1190 tempestatibus
3269 1133 3376 1190 est,
3399 1128 3493 1183 sed
3524 1130 3653 1198 quia

2067 1221 2232 1274 super
2263 1222 2487 1261 arenam
2528 1208 2703 1277 posita
2735 1217 2872 1263 erat.
2905 1209 3210 1282 Utramque
3241 1215 3443 1270 etenim
3469 1232 3655 1288 sequa-

2065 1296 2194 1350 liter
2213 1297 2515 1352 adversitas
2541 1297 2742 1354 feriens
2763 1301 3014 1366 tentavit,
3045 1303 3137 1357 sed
3167 1304 3260 1358 uni
3282 1303 3515 1363 ﬁrmitas
3538 1308 3653 1364 fun-

2071 1388 2306 1444 damenti
2333 1403 2584 1444 coronam
2609 1393 3027 1459 perseverantia:
3057 1394 3263 1462 tribuit,
3299 1397 3528 1455 alteram
3556 1399 3653 1455 ﬁa-

2066 1479 2220 1550 gellis
2245 1487 2530 1536 structum
2553 1482 2781 1537 stultitia
2809 1484 3023 1539 stravit.

2139 1567 2244 1623 Sed
2264 1579 2313 1624 et
2336 1571 2381 1624 si
2409 1572 2534 1641 quid
2553 1573 2796 1642 patimini
2821 1585 3032 1646 propter
3039 1576 3327 1646 justitiam,
3354 1579 3511 1634 beati.
3530 1580 3650 1638 Non

2067 1660 2274 1725 solum,
2305 1661 2509 1731 inquit,
2543 1663 2682 1717 nihil
2729 1665 2883 1721 vobis
2933 1675 3124 1732 nocet,
3169 1668 3261 1737 qui
3310 1671 3510 1724 bonum
3559 1672 3648 1727 fa-

2070 1750 2335 1807 cientibus
2363 1752 2502 1808 male
2530 1753 2761 1823 irrogat,
2791 1755 2886 1810 sed
2927 1757 3092 1811 etiam
3137 1772 3261 1812 cum
3295 1773 3394 1814 vos
3422 1770 3650 1830 propter

402 1862 420 1894 c
464 1842 707 1913 patimini
737 1850 958 1913 propter
978 1841 1262 1911 justitiam,
1292 1841 1456 1897 beati.
1486 1840 1757 1895 Timorem
1789 1849 1967 1894 autem
1995 1839 2042 1898 Β
2071 1843 2209 1897 bona
2238 1859 2359 1912 qua:
2391 1853 2724 1910 exsecratur,
2755 1846 2925 1902 hostis
2953 1849 3276 1918 insequitur,
3305 1865 3524 1906 causam
3553 1870 3650 1910 vo-

400 1951 419 1984 s
465 1949 652 1989 eorum
694 1949 761 1990 ne
782 1934 1093 1998 timueritis,
1119 1940 1308 1988 utnon
1340 1931 1755 1987 conturbemini.
1784 1933 1968 1986 Domi-
2066 1931 2154 1986 bis
2206 1932 2427 2002 majoris
2477 1932 2826 1990 beatitudinis
2887 1945 3150 2006 praestat,
3195 1954 3319 1995 cum
3373 1943 3649 2011 patientia

399 2043 418 2076 ι
463 2040 590 2078 num
623 2033 803 2080 autem
833 2023 1105 2080 Christum
1138 2023 1472 2079 sanctiﬁcate
1509 2022 1562 2076 in
1603 2023 1854 2077 cordibus
1881 2038 1972 2076 ve-
2068 2030 2264 2077 vestrae
2312 2024 2456 2079 vires
2513 2033 2764 2092 exercet,
2813 2027 2970 2096 juxta
3027 2029 3158 2084 illud
3185 2031 3595 2103 .Evangelicum
3630 2053 3646 2092 :

399 2131 417 2163 ι
461 2113 608 2170 stris.
632 2132 651 2166 ι

466 2204 658 2258 Omnes
691 2204 962 2258 unanimes
995 2211 1156 2257 estote
1192 2203 1245 2256 in
1277 2203 1533 2266 ora:ione,
1579 2201 1966 2272 compatientes,

392 2295 757 2365 fraternitatis,
785 2302 890 2348 etc.
926 2293 1038 2364 (Ex
1080 2291 1269 2363 Beda.)
1305 2290 1569 2358 Quoniam
1604 2291 1850 2360 superius
1889 2290 1968 2344 di-

392 2400 576 2440 versas
604 2399 881 2454 personas,
918 2383 1259 2438 conditiones
1298 2389 1354 2435 et
1381 2396 1564 2448 sexus,
1596 2395 1831 2452 congrua
1864 2379 1965 2434 sibi

392 2477 718 2532 discretione
747 2476 1002 2539 docebat,
1039 2473 1155 2542 jam
1201 2489 1343 2528 nunc
1391 2488 1578 2528 omnes
1607 2473 1968 2528 communiter

391 2568 645 2622 admonet
666 2566 720 2622 in
746 2566 866 2622 ﬁdei
893 2566 1183 2622 Dominica:
1203 2581 1386 2631 causa,
1411 2582 1575 2620 unum
1601 2581 1699 2621 cor
1721 2573 1776 2621 et
1801 2581 1973 2620 unam-

390 2661 594 2716 liabere
622 2659 880 2713 animam.

463 2749 600 2816 Quia
630 2748 686 2802 in
713 2749 810 2802 hoc
841 2749 1007 2803 vocati
1045 2749 1188 2814 estis,
1217 2757 1275 2801 ut
1301 2745 1704 2802 benedictionem
1734 2747 1962 2800 [neredi-

389 2842 515 2894 tatis
539 2839 872 2910 possidentis,
906 2847 1010 2893 etc.
1055 2838 1240 2893 Potest
1283 2837 1586 2893 benedictio
1631 2836 1962 2892 litereditatis

388 2942 442 2987 et
469 2932 556 2987 illa
587 2931 833 3002 intelligi,
866 2945 971 3001 qua
1007 2930 1246 2986 Ecclesia
1279 2930 1334 2984 in
1366 2929 1544 2984 futura
1577 2930 1686 2983 vita
1733 2929 1960 2984 Domino

386 3031 646 3093 perpetuo
673 3020 964 3084 benedicit,
994 3020 1133 3072 unde
1155 3027 1210 3074 et
1231 3033 1374 3073 nunc
1397 3033 1490 3087 spe
1514 3017 1816 3071 futurorum
1845 3033 1962 3087 gra-

388 3110 683 3165 tulabunda
725 3109 874 3162 canit
903 3121 919 3136 °
963 3106 1221 3160 Exultesbo
1253 3116 1321 3171 te,
1361 3107 1499 3160 Deus
1538 3123 1705 3172 meus,
1741 3123 1864 3171 rex,
1908 3116 1956 3160 et

2061 2108 2219 2163 Beati
2263 2113 2351 2181 qui
2375 2113 2786 2182 persecutionem
2828 2116 3102 2186 patiuntur
3141 2129 3352 2189 propter
3375 2122 3648 2192 justitiam

2062 2202 2284 2273 (Matth.
2309 2204 2386 2272 ν).

2139 2292 2419 2348 Dominum
2463 2304 2696 2350 nostrum
2739 2295 2920 2351 Jesum
2949 2297 3214 2353 Christum
3240 2303 3565 2372 sanctiﬁcate
3591 2305 3652 2360 in

2064 2382 2307 2438 cordibus
2346 2385 2548 2437 vestris.
2581 2383 2720 2451 Quid
2760 2393 2846 2441 est
2884 2386 3173 2442 Dominum
3217 2391 3562 2447 sanctiﬁcare
3593 2394 3651 2449 in

2059 2469 2318 2524 cordibus
2345 2471 2565 2537 vestris,
2595 2473 2700 2527 nisi
2730 2475 3076 2530 sanctitatem
3107 2477 3250 2546 ejus,
3274 2493 3436 2547 quam
3464 2481 3538 2535 sit
3564 2481 3654 2536 in-

2063 2560 2564 2629 comprehensibilis
2589 2562 2793 2632 gloria,
2820 2564 3011 2622 intimo
3049 2567 3230 2622 cordis
3275 2567 3468 2624 aﬂ’ectu
3513 2585 3652 2627 con-

2065 2649 2226 2714 tueri,
2255 2650 2398 2718 quod
2419 2658 2530 2705 'est
2559 2652 2854 2707 maximum
2896 2654 3059 2710 nobis
3093 2656 3405 2725 prtesidium
3451 2670 3650 2715 contra

2058 2738 2286 2793 insidias
2332 2753 2397 2794 ae
2422 2739 2736 2796 violentiam
2771 2744 3030 2799 terrentis
3057 2744 3287 2811 inimici,
3327 2762 3544 2817 semper
3574 2750 3651 2804 vi-

2060 2830 2254 2886 delicet
2282 2832 2504 2898 intueri,
2527 2841 2790 2902 quantum
2818 2835 2874 2888 in
2903 2850 2964 2890 se
3004 2837 3350 2905 sperantibus
3384 2839 3646 2896 vincendi

2059 2918 2429 2976 fortitudinem
2452 2921 2583 2976 dare
2601 2921 2764 2989 valet,
2786 2924 2939 2994 cujus
2965 2925 3358 2985 inaestimabilis
3377 2929 3646 2988 sanctitas

2058 3012 2249 3082 fuiget.

2219 3119 2346 3158 I'I'EI
2374 3121 2496 3162 ΑΗΔ
2529 3120 2810 3162 εινοειτιο
2835 3120 3132 3171 ιιειλιιιει
3159 3124 3478 3166 ειηςτοιυι.

387 3199 685 3253 benedicam
731 3212 920 3251 nomen
951 3211 1100 3249 .uum
1127 3195 1179 3249 in
1221 3206 1501 3260 a'ternum,
1540 3205 1589 3250 et
1623 3196 1678 3250 in
1709 3193 1957 3250 sa’cnlum
1985 3185 2028 3247 C
2133 3191 2322 3247 Omnes
2363 3195 2636 3250 unanimes
2662 3197 2718 3250 in
2753 3196 2988 3252 oratione
3028 3207 3206 3254 estote.
3261 3199 3648 3260 Fraternitatis

387 3291 570 3348 strculi
595 3288 766 3363 (Psal.
792 3289 990 3360 cxmv).
1009 3287 1160 3355 Quod
1185 3304 1312 3359 ergo
1334 3289 1562 3358 quisque
1593 3289 1645 3342 in
1674 3286 1854 3342 futuro
1879 3289 1960 3342 in-

386 3383 574 3437 venire
605 3380 891 3445 desiderat,
920 3380 1023 3434 hoc
1061 3378 1114 3433 in
1142 3379 1397 3450 prmscnti
1428 3379 1676 3433 meditari
1719 3387 1774 3433 et
1801 3393 1959 3449 agere

387 3479 616 3544 satagat,
649 3480 705 3526 et
741 3471 1075 3527 conditorem
1110 3470 1360 3526 videlicet
1392 3478 1447 3526 et
1484 3471 1809 3540 proximum,
1851 3471 1960 3526 sin-

385 3579 508 3619 cera
528 3576 680 3618 “voce
727 3563 1066 3627 benedicere,
1097 3569 1151 3617 et
1191 3561 1363 3632 ipsum
1408 3562 1589 3615 divina
1637 3562 1842 3632 pariter
1895 3577 1958 3616 ac

384 3654 625 3710 fraterna
657 3655 1033 3710 benedictione
1083 3655 1302 3725 dignum
1351 3655 1604 3721 reddere,
1651 3643 1778 3725 quia
1816 3656 1957 3710 oculi

384 3743 598 3797 Domini
627 3757 788 3811 super
812 3741 988 3810 justas
1026 3739 1198 3814 (Psal.
1226 3741 1514 3812 xxxxu),et
1556 3758 1716 3798 aures
1758 3741 1872 3810 ejus
1902 3744 1954 3797 in

382 3847 573 3901 preces
606 3845 815 3895 eorum,
845 3831 1025 3884 vuitus
1055 3839 1235 3885 autem
1266 3831 1478 3885 Domini
1507 3846 1670 3900 super
1697 3831 1958 3888 facientes

384 3924 543 3989 maia,
575 3923 700 3992 quia
733 3924 921 3977 beatus
951 3921 1142 3977 Petrus
1171 3922 1370 3976 malum
1399 3937 1497 3977 nos
1524 3938 1622 3994 pro
1656 3923 1798 3978 malo
1834 3925 1959 3979 red-

383 4016 513 4069 dere
563 4019 830 4067 vetuerat.
872 4010 986 4064 lmo
1015 4010 1458 4066 maledicentibus
1492 4010 1817 4065 benedicere
1839 4010 1956 4079 jus-

379 4111 549 4167 serat,
577 4110 724 4157 recte
752 4100 1064 4170 prophetico
1114 4099 1422 4154 testimonio
1457 4100 1655 4154 astruit
1676 4140 1690 4158 .
1721 4114 1955 4168 superna

379 4192 712 4261 inspectione
739 4197 795 4245 et
832 4190 1003 4244 bonos
1047 4203 1260 4259 semper
1295 4189 1465 4243 videri
1510 4198 1564 4243 et
1596 4189 1790 4252 malos,
1823 4205 1956 4258 qua-

379 4295 536 4338 tenus
568 4281 972 4338 meminerimus
1003 4291 1058 4336 et
1091 4289 1327 4336 nostram
1363 4281 1701 4350 patientiam,
1741 4295 1845 4350 qua
1875 4289 1956 4335 to-

379 4373 612 4428 leramus
651 4373 840 4437 malos,
887 4381 1128 4428 nostram
1156 4371 1608 4438 benevolentiam,
1641 4387 1744 4442 qua
1771 4387 1956 4440 perse-

377 4465 666 4532 quentibus
707 4463 849 4518 bona
893 4472 1160 4532 optamus,
1189 4471 1390 4517 aeterno
1430 4463 1654 4532 prmmio
1697 4477 1952 4518 remune-

2060 3284 2409 3349 unanimitas,
2438 3286 2585 3340 velut
2611 3287 2741 3341 urbs
2773 3287 3226 3360 inexpugnabilis,
3254 3292 3495 3349 hostium
3533 3311 3647 3352 non

2058 3384 2208 3444 patet
2237 3377 2465 3432 insidiis.
2499 3377 2672 3434 Habet
2702 3379 2847 3439 enim
2873 3388 3065 3437 sancta
3108 3383 3370 3450 Ecclesia,
3397 3393 3461 3440 ut
3486 3383 3646 3443 Salo-

2058 3484 2182 3523 mon
2205 3469 2305 3534 ait,‘
2323 3479 2614 3524 castrorum
2635 3472 2798 3526 aciem
2827 3472 3123 3532 ordinatam
3147 3473 3323 3546 (Cant.
3346 3475 3449 3547 vi),
3471 3493 3646 3548 quam

2059 3559 2271 3627 tyranni
2302 3567 2358 3614 et
2395 3567 2787 3629 persecutores,
2818 3577 2923 3616 una
2952 3578 3077 3618 cum
3112 3572 3337 3621 auctore
3374 3580 3478 3621 suo
3523 3569 3645 3623 dia-

2055 3649 2177 3705 bolo
2204 3665 2309 3704 non
2353 3651 2530 3706 valent
2555 3651 2878 3722 irrumpere,
2903 3655 3033 3724 quia
3078 3656 3354 3712 muniente
3392 3655 3644 3726 Christo,

2056 3753 2154 3794 nec
2187 3747 2453 3811 martyres
2491 3742 2814 3809 persecutio,
2845 3758 2946 3797 nec
2985 3743 3224 3814 virgines
3266 3746 3508 3802 carnalis
3549 3749 3645 3804 de-

2055 3828 2292 3895 lectatio,
2342 3846 2444 3886 nec
2494 3832 2877 3887 misericordes
2918 3835 3216 3904 cupiditas,
3257 3851 3360 3892 nec
3403 3839 3647 3896 humiles

2055 3920 2366 3989 temporalis
2391 3920 2575 3991 glorim
2600 3921 2835 3977 devincit
2856 3922 3102 3980 ambitio.

2123 4006 2523 4079 Campaticntes.
2568 4008 2722 4064 Sicut
2763 4013 2908 4066 enim
2940 4014 3177 4085 gaudere
3207 4015 3466 4072 debemus
3511 4033 3644 4075 cum

2046 4097 2431 4167 gaudentibus,
2460 4097 2534 4152 ita
2557 4105 2612 4153 et
2644 4099 2775 4155 ﬁere
2800 4115 2922 4156 cum
2961 4101 3233 4170 ﬂentibus,
3264 4106 3408 4160 sicut
3433 4107 3641 4165 Paulus

2053 4185 2288 4241 faciebat
2315 4186 2621 4256 Apostolus,
2653 4189 2747 4259 qui
2782 4189 2997 4246 dicebat
3019 4205 3038 4244 :
3075 4191 3204 4259 Quis
3231 4195 3560 4264 inﬁrmatur,
3589 4212 3641 4252 et

2052 4292 2144 4347 ego
2175 4293 2278 4330 non
2307 4277 2549 4345 inﬁrmor
2573 4277 2655 4350 (Il
2669 4277 2883 4345 Const)
2908 4280 2934 4334 ?

2123 4365 2495 4421 Fraternitatis
2544 4375 2823 4421 amatores.
2872 4367 2984 4440 (Ex
3039 4369 3290 4444 August.)
3338 4372 3442 4439 Qui
3501 4390 3646 4446 ergo

2060 4467 2206 4512 amat
2232 4458 2498 4522 homines,
2529 4467 2622 4512 aut
2650 4460 2775 4528 quia
2796 4459 2928 4529 justi
2953 4468 3101 4528 sunt,
3127 4470 3221 4516 aut
3255 4471 3316 4517 ut
3335 4464 3467 4534 justi
3499 4466 3641 4532 sint,

379 4525 624 4620 randum,
650 4563 706 4611 et
731 4525 1108 4624 persecutores
1136 4525 1373 4617 nostros,
1405 4525 1450 4607 si
1479 4554 1744 4622 pmnitere
1770 4553 1957 4608 nolue-
1982 4525 2034 4586 D
2060 4563 2242 4606 amare
2266 4546 2443 4603 debet.
2475 4547 2566 4602 Sic
2593 4525 2737 4604 enim
2763 4525 2820 4604 et
2847 4526 3082 4620 seipsum
3117 4567 3302 4607 amare
3328 4525 3508 4620 debet,
3538 4525 3644 4610 aui

376 4646 512 4709 rint,
542 4645 704 4713 digno
736 4644 1046 4714 plectendos
1065 4657 1185 4698 esse
1227 4645 1511 4713 supplicio,
1551 4644 1596 4698 si
1627 4659 1755 4698 vero
1782 4645 1955 4713 paeni-

379 4737 601 4801 tuerint,
628 4750 728 4789 nos
755 4747 971 4803 quoque
1004 4747 1102 4802 pro
1147 4733 1382 4801 ipsorum
1427 4732 1622 4796 salute,
1648 4747 1810 4801 quam
1855 4733 1952 4787 de-

377 4827 733 4898 preeabamur
752 4840 782 4879 a
815 4823 1060 4887 Domino,
1083 4835 1338 4878 coronam
1360 4821 1587 4890 justitia:
1615 4821 1952 4891 congratula-

380 4919 542 4974 tionis
566 4925 898 4986 accepturos.

449 5009 518 5063 Et
551 5011 669 5079 quis
703 5017 777 5062 est
817 5009 906 5079 qui
941 5007 1081 5062 vobis
1127 5013 1332 5070 noceat,
1367 5006 1413 5058 si
1460 5003 1579 5058 boni
1618 5003 1948 5058 a'mulatores

377 5099 612 5169 (ueritis?
631 5097 706 5152 De
730 5098 817 5153 bis
836 5098 986 5163 dicit,
1002 5112 1122 5167 quae
1147 5095 1300 5150 nobis
1320 5094 1642 5148 adversariis
1665 5108 1762 5162 per
1783 5095 1947 5148 verba

375 5187 782 5252 contumeliosa,
812 5202 910 5256 per
956 5188 1148 5242 damna
1195 5200 1376 5241 rerum
1425 5183 1822 5252 temporalium,
1855 5198 1951 5252 per

371 5287 640 5335 tormenta
665 5279 905 5348 corporis
929 5278 1210 5332 accedunt.
1243 5276 1367 5330 llaec
1395 5277 1539 5329 enim
1563 5283 1616 5329 et
1643 5272 1948 5340 huiusmodi

369 5372 552 5426 omnia
595 5380 717 5425 cum
759 5369 1003 5424 ﬁdelibus
1032 5368 1361 5437 irrogantur,
1410 5367 1494 5421 liis
1539 5365 1824 5431 duntaxat,
1853 5368 1946 5436 qui

371 5462 496 5516 boni
531 5460 875 5515 azmulatores
901 5467 1044 5519 sunt,
1075 5468 1130 5511 et
1161 5459 1262 5513 hoc
1289 5473 1384 5526 per
1409 5459 1720 5522 scientiam,
1751 5473 1949 5527 nequa-

367 5571 532 5622 quam
563 5554 642 5608 eis
671 5567 868 5608 nocere
895 5558 1140 5622 possunt,
1185 5550 1278 5604 sed
1315 5551 1548 5618 palmam
1578 5551 1751 5620 magis
1780 5549 1948 5620 paeni-

373 5643 554 5697 tentia:
597 5641 969 5712 mquaniiniter
1005 5639 1358 5694 tolerantibus
1399 5639 1649 5694 all’erunt.
1685 5638 1726 5692 E
1758 5646 1947 5693 contra

374 5731 480 5784 illis
510 5731 597 5800 qui
648 5741 835 5802 rogant.
882 5745 1093 5800 pmnam
1141 5728 1528 5784 accumulando
1559 5738 1758 5783 acterna
1787 5727 1948 5797 pluri-

2059 4636 2186 4706 quia
2208 4636 2388 4703 justus
2411 4645 2512 4702 est,
2541 4647 2634 4692 aut
2658 4645 2716 4690 ut
2737 4637 2918 4707 justus
2941 4637 3030 4694 sit.
3057 4639 3410 4697 Dilectionem
3443 4651 3641 4698 autem

2056 4722 2352 4780 fraternam
2395 4735 2651 4795 quantum
2691 4731 3030 4783 commendet
3082 4729 3316 4787 Joannes
3351 4733 3644 4804 apostolus

2056 4816 2430 4872 attendamus:
2468 4814 2571 4879 Qui
2611 4816 2819 4887 diligit,
2851 4819 3053 4888 inquit,
3092 4821 3311 4892 fratrem
3348 4839 3539 4889 suum,
3573 4824 3641 4879 is

2054 4903 2250 4960 tantine
2292 4915 2496 4970 manet,
2525 4915 2575 4959 et
2611 4907 2919 4964 scandalum
2947 4911 3004 4964 in
3032 4927 3093 4964 eo
3122 4928 3226 4965 non
3270 4920 3369 4966 est.
3407 4913 3474 4966 Et
3522 4914 3639 4968 ite-

2053 5009 2170 5047 rum
2209 5011 2220 5045 :
2257 4991 2619 5060 Dilectissimi,
2642 4995 2921 5065 diligamus
2966 4998 3216 5065 inuicem,
3256 5001 3383 5070 quia
3419 4999 3644 5055 dilectio

2051 5099 2115 5137 ea:
2146 5081 2253 5136 Deo
2282 5092 2380 5148 est,
2407 5093 2457 5137 et
2488 5084 2656 5139 omnis
2689 5085 2778 5154 qui
2803 5084 2975 5156 diligit
3011 5103 3076 5140 ea:
3114 5087 3225 5144 Deo
3262 5098 3420 5144 natus
3446 5098 3546 5154 est,
3573 5098 3639 5144 α

2050 5177 2285 5246 cognovit
2314 5175 2480 5229 Deum
2498 5193 2517 5240 ;
2569 5185 2624 5230 et
2668 5176 2929 5230 Dominus
2961 5177 3158 5248 inquit,
3195 5179 3503 5239 mandatum,
3528 5195 3639 5233 no-

2051 5282 2168 5319 vum
2196 5263 2264 5318 do
2294 5265 2454 5330 vobis,
2480 5274 2538 5318 ut
2565 5265 2800 5335 diligatis
2821 5282 2907 5320 vos
2926 5266 3161 5332 invicem,
3185 5276 3233 5321 et
3261 5269 3316 5321 in
3339 5267 3436 5321 hoc
3455 5269 3637 5323 scient

2051 5372 2248 5420 omnes,
2277 5357 2400 5426 quia
2429 5355 2673 5426 discipuli
2703 5358 2803 5412 mei
2830 5359 2972 5422 estis,
3003 5360 3050 5414 si
3072 5375 3162 5414 nos
3186 5360 3404 5414 inuicem
3430 5361 3643 5416 dilexe-

2049 5447 2183 5501 ritis.

2121 5540 2506 5594 Misericordes.
2539 5539 2814 5610 Scriptum
2849 5543 3047 5614 quippe
3073 5552 3195 5600 est:
3228 5543 3428 5599 Facere
3471 5545 3642 5600 mise—

2049 5635 2328 5688 ricordiam
2362 5635 2525 5707 magis
2567 5633 2735 5703 placet
2780 5634 2925 5698 Deo,
2959 5652 3119 5705 quam
3165 5637 3385 5690 victim
3431 5635 3635 5709 (Prov.

2053 5731 2199 5796 xm);
2230 5733 2284 5778 et
2311 5725 2398 5794 qui
2426 5740 2621 5794 pronus
2657 5733 2753 5790 est,
2783 5725 2958 5795 inquit
2987 5723 3286 5798 Scriptura,
3314 5726 3382 5780 ad
3413 5725 3634 5781 miseri-
