3954 6200
1214 169 1286 196 δ’.

318 308 424 365 373

1142 306 1661 364 COLLECTIONES
1695 308 2186 367 lN-EPISTOLAS
2226 311 2315 366 ET
2354 308 2769 367 EVANCELIA.

3479 318 3586 374 37b

318 420 581 484 cordiam,
620 418 952 475 benedicatur
976 417 1162 492 (Prov.
1188 418 1345 485 mi).
1384 420 1451 474 Et
1491 420 1753 475 Dominus
1783 420 1895 474 ait:
1929 424 1975 483 Α
2004 419 2134 490 quid
2184 418 2367 474 vultus
2401 419 2614 475 Domini
2656 434 2819 490 super
2858 417 3121 476 facientes
3153 403 3327 486 mala,
3356 411 3589 494 sequen—

316 513 497 569 Estote
529 512 916 578 misericordes,
942 512 1069 583 quia
1109 521 1159 567 et
1195 512 1354 568 Pater
1397 522 1562 569 vester
1604 513 1901 571 misericors

311 614 387 659 est
416 602 640 670 (Matth.
660 600 742 670 ν).
1516 652 1547 661 -

383 694 649 750 Humiles.
693 692 971 764 Scriptum
994 694 1196 764 quippe
1232 704 1357 750 est:
1391 692 1583 749 Perdet
1624 694 1762 749 Deus
1791 712 1902 749 me-

313 787 536 843 moriam
565 785 928 855 superborum,
955 796 1004 840 et
1034 786 1245 857 reliquit
1276 788 1584 841 memoriam
1622 787 1901 843 humilium

312 876 615 950 (Eallan).
807 876 875 930 Et
921 876 1183 930 Dominus
1231 878 1406 947 inquit
1443 894 1458 930 :
1493 876 1692 932 Discite
1730 895 1763 930 a
1797 894 1898 941 me,

306 977 431 1039 quia
470 970 620 1021 mitis
663 976 858 1020 sumet
900 965 1114 1020 humilis
1157 967 1313 1020 corde
1353 966 1569 1037 (Matth.
1600 964 1706 1038 xl),
1742 975 1800 1021 et
1830 967 1900 1019 ad

306 1075 461 1131 quem
506 1060 805 1129 respiciam,
846 1059 976 1113 dicit
1016 1058 1300 1125 Dominus,
1327 1060 1428 1114 nisi
1462 1058 1531 1113 ad
1558 1058 1804 1115 humilem
1850 1070 1900 1114 et

307 1152 541 1223 quietam
570 1148 709 1222 (Isti.
732 1148 914 1222 uvt)?

380 1239 509 1295 Non
538 1239 810 1294 reddentes
835 1238 1035 1294 malum
1070 1257 1165 1309 pro
1198 1239 1360 1294 malo.
1397 1240 1673 1312 Scriptum
1700 1242 1899 1313 quippe

306 1339 393 1395 est
427 1347 441 1382 :
474 1329 561 1384 Ne
588 1329 736 1383 dicas
760 1343 778 1380 .'
808 1327 1047 1382 Reddam
1086 1328 1285 1383 malum
1312 1347 1407 1398 pro
1446 1330 1612 1396 malo,
1656 1342 1897 1402 exspecta

307 1419 480 1475 Deum
514 1430 561 1473 et
598 1419 839 1473 liberabit
868 1429 935 1473 te.
974 1420 1042 1473 Et
1070 1419 1267 1473 iterum
1295 1460 1308 1473 .
1339 1419 1444 1485 Qui
1484 1420 1740 1475 vindicari
1768 1420 1895 1486 vult,

307 1528 338 1565 α
378 1510 487 1565 Deo
533 1512 764 1566 inveniat
805 1511 1110 1576 vindictam,
1138 1520 1185 1564 et
1208 1521 1479 1581 peccatum
1509 1510 1654 1566 illius
1685 1529 1896 1568 servans

302 1602 602 1658 servabitur
626 1602 699 1671 (Ε
761 1602 799 1656 l.
825 1605 1043 1675 xxviii).

390 1691 485 1746 γει
509 1692 846 1748 maledictum
879 1708 974 1763 pro
1002 1692 1300 1747 maledicto.
1323 1692 1380 1748 In
1413 1694 1517 1749 hoc
1536 1694 1687 1749 enim
1716 1709 1898 1751 exem-

2004 511 2075 565 tia
2125 509 2250 565 audi
2282 528 2295 565 :
2334 507 2401 563 Ut
2444 509 2630 581 perdat
2664 509 2729 564 de
2765 519 2908 564 terra
2956 509 3260 565 memoriam
3294 529 3497 580 eorum,
3533 516 3589 573 id

2001 608 2111 665 est,
2139 600 2205 656 de
2238 609 2383 656 terra
2426 600 2761 666 viventium,
2789 607 2848 655 ut
2894 600 3063 656 illud:
3096 600 3381 657 Deteantur
3424 603 3488 658 de
3523 604 3592 660 li-

2002 691 2093 745 bro
2136 692 2447 756 viventium,
2493 700 2544 745 et
2581 707 2701 745 cum
2726 690 2890 761 justis
2927 707 3035 746 non
3079 691 3381 747 scribantur
3413 692 3586 765 (Psal.

1994 801 2169 841 vam
2183 785 2224 857 ).

2071 876 2142 930 Et
2187 878 2305 949 quis
2338 887 2415 932 est
2452 878 2543 949 qui
2587 876 2731 931 vobis
2763 875 2987 932 noceat?
3026 874 3359 932 Subauditur
3387 876 3584 941 nullus,

1992 967 2148 1038 juxta
2178 968 2338 1038 hujus
2365 968 2649 1023 sententize
2682 966 2883 1033 locum,
2910 967 3190 1038 passiones
3221 968 3304 1021 vel
3342 983 3592 1038 persecu-

2000 1057 2194 1122 tiones,
2233 1073 2342 1113 non
2369 1055 2579 1112 faciunt
2603 1072 2724 1114 esse
2768 1057 3019 1124 miseros,
3049 1057 3144 1113 sed
3177 1066 3444 1128 praestant
3469 1074 3589 1115 esse

1996 1148 2208 1203 beatos.

2068 1235 2128 1291 Si
2160 1238 2281 1308 Mai
2325 1236 2658 1293 wmulatores
2686 1237 2914 1308 fueritis.
2957 1238 3015 1294 ld
3049 1247 3164 1305 est,
3194 1239 3325 1295 boni
3362 1239 3493 1306 Dei,
3524 1241 3589 1296 de

1997 1345 2104 1399 quo
2156 1331 2421 1402 scriptum
2478 1338 2564 1386 est
2606 1345 2622 1384 :
2670 1329 2841 1386 Nemo
2890 1331 3054 1387 bonus
3108 1332 3211 1386 nisi
3259 1332 3404 1387 solus
3442 1331 3588 1387 Deus

1999 1419 2205 1491 (Herc.
2247 1419 2351 1492 χ),
2393 1421 2511 1477 sive
2563 1422 2909 1493 generaliter,
2958 1422 3073 1477 sive
3115 1422 3360 1478 omnium
3412 1424 3589 1478 bono-

1992 1527 2119 1567 rum
2160 1511 2535 1576 aemulatores,
2588 1511 2645 1567 id
2689 1519 2810 1578 est,
2863 1511 3168 1567 imitatores
3216 1510 3433 1567 fueritis
3472 1513 3587 1566 vir-

1996 1610 2247 1749 wg‘e‘t‘let
2270 1694 2316 1748 si
2335 1692 2463 1763 quid
2486 1692 2729 1763 patimini
2752 1701 2965 1763 propter
2971 1692 3260 1763 justitiam,
3275 1693 3429 1746 beati.
3456 1690 3589 1747 Sub-

304 1784 457 1857 plum
486 1785 701 1840 Domini
736 1786 1026 1840 tenendum
1053 1794 1159 1851 est,
1187 1787 1431 1855 quicum
1457 1786 1894 1854 malediceretur,
1924 1766 1974 1826 Β
2000 1782 2244 1850 auditur,
2264 1782 2421 1839 eritis
2442 1797 2463 1837 :
2488 1782 2630 1838 hanc
2649 1782 2976 1838 sententiam
2999 1781 3292 1837 Dominum
3314 1781 3586 1839 dicentem

304 1892 417 1931 non
452 1876 830 1932 maledicebat.

372 1965 491 2021 Sed
516 1983 545 2021 e
573 1967 840 2021 contrario
875 1966 1251 2021 benedicentes.
1292 1965 1362 2022 Ut
1398 1965 1569 2023 illud:
1599 1964 1898 2024 Benedicite

299 2057 741 2113 maledicentibus
775 2058 934 2123 vobis,
964 2058 1272 2125 benedicite,
1307 2067 1357 2113 et
1404 2058 1563 2114 nolite
1587 2058 1898 2115 maledicere

304 2147 492 2221 (Rom.
520 2146 641 2219 ιιι).

379 2236 525 2303 Quia
552 2238 607 2292 in
644 2238 742 2291 hoc
771 2240 942 2293 vocati
974 2240 1121 2304 estis,
1152 2248 1209 2293 ut
1239 2239 1646 2295 benedictionem
1673 2239 1896 2295 heredi-

302 2335 433 2388 tatis
480 2334 808 2404 possideatis.
861 2335 1174 2391 Benedictio
1219 2347 1304 2390 est
1355 2334 1690 2390 bazreditatis
1717 2334 1895 2391 omnis

300 2427 569 2479 virtutum
614 2424 769 2494 copia
796 2424 1053 2489 coalestis,
1081 2424 1137 2478 in
1167 2438 1273 2494 qua
1302 2424 1480 2480 sancti
1506 2424 1749 2479 baeredes
1778 2425 1897 2495 qui-

301 2517 430 2572 dem
469 2512 585 2583 Dei,
617 2515 926 2571 cohaeredes
955 2516 1256 2571 eﬂicientur
1281 2515 1513 2580 Christi,
1555 2530 1678 2570 cum
1710 2516 1897 2570 audie—

301 2611 458 2664 rint:
504 2608 709 2676 Venite,
742 2608 998 2664 benedicti
1024 2609 1204 2663 Patris
1240 2610 1375 2674 mei,
1404 2608 1649 2678 percipite
1679 2623 1895 2678 regnum

298 2701 447 2773 quod
496 2703 637 2756 vobis
679 2711 925 2773 paratum
958 2710 1035 2756 est
1080 2700 1144 2757 ab
1192 2701 1392 2771 origine
1430 2700 1615 2754 mundi
1661 2698 1892 2771 (Matth.

301 2791 460 2861 xxv).
1092 2830 1100 2843 .

377 2881 486 2948 Qui
524 2881 663 2937 enim
690 2880 800 2936 vult
827 2882 985 2936 vitam
1012 2880 1249 2951 diligere.
1282 2879 1341 2935 Id
1374 2886 1490 2944 est,
1529 2880 1701 2935 vitam
1728 2886 1894 2935 teter-

300 2992 459 3041 nam,
492 2976 660 3031 vitam
695 2975 944 3042 beatam,
970 2974 1102 3029 etin
1146 2980 1411 3043 perpetuo
1437 2973 1555 3027 sine
1592 2970 1702 3027 ﬁne
1740 2986 1895 3026 man-

299 3082 515 3122 suram.

1998 1874 2200 1930 Petrus
2244 1873 2525 1938 audierat,
2569 1874 2661 1929 ubi
2706 1873 2822 1927 ait:
2856 1871 3007 1926 Beati
3041 1873 3130 1943 qui
3175 1872 3586 1941 persecutionem

1998 1964 2277 2035 patiuntur
2296 1970 2511 2033 propter
2526 1961 2814 2032 justitiam,
2845 1969 2950 2017 etc.
2977 1960 3194 2032 (Matth.
3224 1960 3299 2033 v).

2076 2052 2337 2108 Timorem
2374 2061 2551 2107 autem
2594 2067 2803 2106 eorum.
2848 2050 2906 2105 ιιι
2940 2058 3027 2106 est
3070 2058 3481 2120 persecutorum
3518 2066 3587 2105 ne

2002 2144 2315 2212 timueritis,
2339 2153 2400 2200 ιιι
2425 2144 2481 2199 in
2511 2143 2618 2199 ﬁde
2645 2158 2756 2198 non
2799 2143 3225 2208 conturbemini;
3250 2150 3308 2199 et
3332 2143 3438 2198 hoc
3480 2142 3588 2199 Do-

1996 2238 2181 2294 minus
2227 2236 2543 2302 admonuit,
2586 2235 2680 2290 ubi
2728 2234 2806 2288 ait
2840 2251 2856 2288 :
2895 2229 3076 2288 Nolite
3121 2234 3304 2288 timere
3339 2249 3456 2299 eos,
3494 2233 3586 2305 qui

1998 2329 2247 2384 occidunt
2291 2345 2516 2400 corpus,
2560 2334 2693 2391 etc.,
2721 2324 2814 2381 sed
2867 2325 3042 2397 potius
3092 2340 3212 2380 eum
3266 2324 3441 2379 timete
3493 2326 3586 2396 qui

1999 2419 2151 2475 habet
2191 2427 2499 2486 potesiatem
2543 2417 2778 2473 animam
2819 2426 2871 2471 et
2913 2431 3103 2487 corpus
3155 2415 3357 2471 mittere
3398 2416 3455 2471 in
3498 2430 3588 2486 ge-

1994 2508 2245 2564 bennam.

2069 2596 2355 2652 Dominum
2378 2606 2559 2652 autem
2584 2593 2856 2652 Christum
2885 2594 3213 2666 sanctiﬁcate
3238 2595 3295 2650 in
3340 2592 3585 2649 cordibus

1996 2687 2201 2765 vestris].
2226 2685 2331 2742 Ubi
2354 2686 2636 2751 Dominus,
2660 2687 2754 2754 qui
2783 2693 2978 2741 cuncta
3005 2684 3241 2740 creando
3260 2682 3584 2748 sanctiﬁcat,

1997 2778 2106 2833 nisi
2137 2777 2300 2832 corde
2325 2777 2435 2847 pio,
2466 2776 2573 2831 nisi
2616 2784 2836 2845 pectore
2883 2783 3055 2830 casto.
3087 2773 3180 2830 Sic
3209 2774 3473 2830 Dominus
3497 2771 3583 2827 Je-

1996 2883 2092 2924 sus
2116 2866 2537 2923 sanetilicandns
2563 2874 2648 2921 est
2670 2866 2728 2920 in
2753 2865 3007 2921 cordibus
3034 2864 3258 2930 nostris,
3281 2873 3343 2920 ut
3367 2864 3587 2919 nomine

1997 2955 2117 3027 ejus
2138 2971 2416 3021 vocemur,
2442 2956 2496 3011 id
2523 2962 2628 3022 est,
2656 2954 2975 3021 Christiani,
3000 2963 3061 3010 et
3081 2961 3141 3008 ut
3171 2954 3311 3010 nihil
3338 2954 3582 3011 sanctius

1998 3048 2117 3119 ejus
2137 3048 2356 3103 neruine
2378 3048 2733 3103 aestimemus.
2758 3045 3177 3102 Sanctiﬁcemur
3200 3045 3348 3103 enim
3375 3059 3502 3101 eum
3527 3045 3585 3099 in

375 3158 447 3212 Et
477 3156 653 3213 videre
673 3155 788 3211 dies
811 3155 991 3211 bonos.
1016 3154 1074 3209 In
1102 3156 1297 3225 quibus
1322 3154 1498 3210 sancti
1529 3170 1654 3209 eum
1684 3154 1893 3210 sanctis

2005 3112 2112 3208 spe,
2163 3136 2289 3203 ﬁde,
2318 3146 2373 3193 et
2414 3138 2705 3204 cbaritate,
2743 3137 3042 3203 credendo,
3089 3135 3316 3192 colendo
3354 3142 3417 3193 et
3452 3136 3584 3192 ado-

294 3249 669 3319 jocundentur
695 3249 750 3304 in
778 3246 954 3312 etnlis,
988 3248 1077 3317 qui
1109 3248 1225 3301 dies
1254 3261 1361 3300 non
1399 3253 1623 3316 propter
1658 3246 1896 3300 interru-

306 3340 546 3410 ptionem
574 3339 770 3404 noctis,
812 3337 910 3394 sed
947 3344 1170 3409 propter
1196 3338 1612 3408 perpetuitatem
1640 3337 1896 3392 dicuntur

302 3429 548 3485 luminis.

374 3516 625 3573 Coerceat
665 3517 901 3590 linguam
942 3534 1095 3573 suam
1138 3535 1174 3571 a
1228 3516 1387 3573 malo.
1428 3516 1488 3572 ιιι
1526 3524 1642 3582 est,
1684 3533 1716 3573 a
1752 3518 1895 3574 male

302 3608 679 3674 detractionis,
725 3608 1139 3671 maledictionis,
1172 3623 1238 3664 ac
1270 3609 1738 3674 murmurationis,
1780 3610 1896 3666 sive

266 3675 291 3703 ’
305 3701 631 3771 generaliter
668 3702 902 3757 omnino
945 3701 1129 3773 lingua
1169 3699 1496 3758 refrenanda
1536 3708 1622 3758 est
1655 3717 1687 3756 a
1731 3702 1891 3758 malo.

307 3792 397 3847 Ait
430 3793 578 3847 enim
606 3790 841 3848 Iacobus
873 3811 886 3846 :
917 3791 978 3848 Si
1013 3792 1130 3863 quis
1168 3791 1297 3846 dicit
1337 3809 1392 3847 se
1419 3791 1721 3863 religiosum
1761 3809 1893 3859 esse,

311 3899 413 3936 non
439 3883 711 3953 refrenatus
739 3882 975 3954 linguam
1002 3900 1175 3949 suam,
1198 3882 1290 3938 sed
1315 3883 1568 3939 seducens
1596 3901 1693 3939 cor
1716 3901 1890 3949 sum,

310 3972 468 4044 hujus
503 3991 639 4028 vana
674 3984 751 4029 est
784 3974 967 4045 religio
996 3973 1138 4047 (Jac.
1167 3973 1230 4048 ι).
1272 3973 1406 4030 Nam
1434 3984 1492 4031 et
1532 3977 1622 4048 qui
1665 3979 1895 4033 custodit
1943 4020 1951 4041 ς

311 4066 543 4137 linguam
583 4083 768 4134 suam,
810 4067 987 4136 inquit
1036 4066 1342 4137 Scriptura,
1386 4068 1613 4124 custodit
1661 4070 1894 4125 animum

310 4171 458 4209 suam
485 4153 668 4227 (Prov.
694 4156 832 4228 XXI).

380 4243 447 4297 Et
487 4243 628 4298 labia
663 4246 776 4315 ejus
809 4263 874 4302 ne
909 4245 1195 4318 loquantur
1219 4246 1422 4302 dolum.
1465 4248 1629 4304 Dolus
1662 4265 1770 4305 non
1796 4251 1893 4307 do-

311 4334 413 4398 lor,
443 4338 537 4394 scd
568 4335 718 4391 fraus
762 4337 1102 4409 intelligitur,
1134 4339 1351 4409 quando
1383 4339 1531 4395 aliud
1558 4341 1720 4397 corde
1746 4348 1894 4397 tene-

314 4436 415 4494 tur,
438 4428 582 4483 aliud
605 4443 670 4484 ex
695 4444 791 4483 ore
818 4430 1112 4500 profertur.

378 4519 616 4575 Declinet
649 4537 681 4573 a
708 4520 850 4576 malo
882 4530 931 4575 et
961 4521 1127 4591 faciat
1171 4523 1383 4577 bonum.
1426 4523 1483 4578 Id
1508 4530 1612 4588 est,
1645 4523 1890 4579 destruat

312 4611 439 4665 vitia
478 4618 533 4665 et
560 4610 787 4666 virtutes
826 4612 1078 4678 aediﬁcet,
1102 4613 1376 4684 relinquat
1418 4614 1486 4670 ad
1513 4629 1632 4684 quae
1670 4614 1889 4686 instigat

313 4700 573 4766 diabolus,
597 4708 653 4757 et
676 4710 932 4772 operetur
953 4718 1073 4771 qua:
1100 4705 1357 4774 precepit
1385 4703 1651 4760 Christus.

377 4791 625 4863 Inquirat
641 4809 844 4864 pacem,
871 4804 921 4848 et
945 4805 1195 4864 sequatur
1218 4812 1357 4849 eam.
1381 4795 1438 4851 ια
1467 4805 1571 4862 est,
1601 4796 1890 4868 diligenter

310 4883 511 4937 orando
535 4890 591 4938 et
612 4883 856 4954 legendo,
884 4893 940 4940 et
965 4886 1239 4941 humiliter
1263 4887 1645 4959 interrogando
1674 4890 1891 4959 perqui-

313 4983 394 5029 rat
416 4974 691 5030 Christum
708 5017 724 5042 ,
752 4977 845 5047 qui
873 4976 1051 5032 factus
1077 4987 1162 5032 est
1188 4994 1301 5048 pax
1328 4988 1535 5045 nostra,
1562 4986 1617 5034 et
1651 4980 1893 5036 imitetur

310 5077 449 5121 eum.
482 5064 647 5137 Sequi
676 5068 878 5123 etenim
907 5068 1107 5123 imitari
1136 5077 1251 5133 est,
1289 5068 1405 5123 sive
1434 5071 1729 5126 secundum
1755 5069 1897 5140 Apo-

311 5158 503 5213 stolam
532 5173 721 5229 pacem
750 5170 1012 5230 sequatur
1053 5168 1108 5215 et
1135 5160 1584 5228 sanctimoniam,
1628 5162 1746 5219 sine
1787 5177 1893 5231 qua

309 5263 464 5304 nemo
491 5249 698 5305 videbit
725 5249 914 5305 Deum.

368 5340 513 5406 Quia
539 5340 685 5397 oculi
729 5342 929 5397 domini
969 5359 1126 5414 super
1144 5342 1341 5414 justas.
1384 5343 1442 5399 Id
1472 5349 1593 5409 est,
1641 5349 1891 5412 aspectus

305 5432 623 5490 divinitatis.

377 5525 443 5580 Et
476 5543 633 5581 aures
660 5527 775 5597 ejus
816 5544 870 5582 tn
909 5544 1085 5599 preces
1119 5543 1321 5582 eorum.
1345 5527 1403 5583 ld
1430 5534 1542 5592 est,
1573 5526 1779 5582 auditio
1813 5526 1893 5581 di-

305 5615 449 5683 vina,
474 5632 583 5686 qua
610 5616 865 5688 dignatur
887 5632 1078 5687 preces
1106 5618 1295 5673 audire
1314 5617 1609 5688 iustorum.

388 5705 574 5762 Vultus
622 5716 797 5764 autem
832 5706 1043 5763 Domini
1092 5724 1247 5779 super
1294 5707 1542 5778 facientes
1602 5702 1762 5761 mala.
1798 5702 1896 5762 Utv

1993 3228 2189 3294 rando,
2220 3237 2279 3282 ut
2311 3229 2383 3283 ab
2417 3229 2510 3285 illo
2555 3226 2886 3284 sanetiticari
2926 3227 3136 3298 pariter
3176 3241 3488 3284 mereamur
3529 3233 3588 3284 et

1987 3318 2302 3389 iustiﬁcari.

2402 3472 2743 3513 EVANGELIUI
2774 3471 2947 3520 ωας,
2972 3470 3092 3511 CAP.
3112 3468 3170 3510 ν.

2069 3606 2089 3640 ι
2127 3587 2263 3644 Cum
2310 3588 2483 3673 turba:
2529 3589 2802 3644 irruerent
2850 3587 2920 3644 ad
2965 3586 3187 3653 Jesum,
3224 3596 3287 3642 ut
3329 3586 3583 3644 audirent

1998 3697 2020 3732 ι
2063 3681 2286 3736 verbum
2318 3680 2445 3747 Dei,
2475 3689 2530 3735 et
2563 3680 2680 3749 ipse
2709 3680 2890 3735 stabat
2928 3693 3091 3734 secus
3113 3686 3368 3750 stagnum
3407 3675 3583 3735 Gene-

1999 3789 2018 3823 ι
2064 3773 2274 3831 zareth.
2315 3772 2386 3827 Et
2428 3770 2567 3827 vidit
2609 3774 2745 3827 duas
2788 3785 2960 3826 naves
3006 3777 3214 3825 stantes
3256 3782 3420 3826 secus
3467 3777 3583 3824 sta-

1999 3880 2018 3914 ι
2063 3879 2250 3935 gnum.
2299 3862 2610 3920 Piscatores
2642 3870 2828 3918 autem
2865 3861 3295 3928 descenderant,
3332 3868 3390 3918 et
3437 3860 3585 3916 lava-

1992 3974 2017 4008 ι
2062 3956 2194 4011 bant
2222 3956 2381 4012 retia.
2405 3955 2727 4012 Ascendens
2750 3962 2933 4011 autem
2961 3954 3017 4009 in
3038 3968 3205 4010 unam
3231 3953 3437 4021 navim,
3462 3968 3584 4025 quae

1998 4066 2018 4099 ι
2063 4056 2182 4102 erat
2228 4046 2493 4113 Simonis,
2522 4045 2739 4116 rogavit
2782 4060 2907 4100 eum
2949 4053 3012 4099 ut
3047 4059 3079 4098 a
3106 4052 3255 4098 terra
3297 4043 3584 4099 reduceret

1997 4159 2017 4192 ι
2063 4138 2336 4211 pusillum.
2368 4138 2439 4193 Et
2479 4138 2675 4192 sedens
2711 4134 2943 4190 docebat
2986 4134 3053 4189 de
3082 4132 3333 4187 navicula
3371 4133 3582 4197 turbas,

1997 4251 2015 4283 ι
2059 4238 2117 4286 ut
2145 4237 2325 4284 autem
2353 4226 2590 4283 cessavit
2617 4226 2799 4295 loqui,
2828 4225 2967 4281 dixit
3009 4224 3078 4279 ad
3114 4222 3395 4279 Simonem
3424 4240 3438 4278 ε
3467 4223 3584 4278 Duc

1996 4341 2016 4374 ι
2062 4323 2117 4378 in
2147 4320 2313 4377 altum
2333 4360 2349 4387 ,
2375 4327 2431 4375 et
2462 4318 2646 4373 laxate
2674 4317 2813 4372 retia
2855 4320 3036 4369 vestra
3076 4315 3128 4370 in
3161 4321 3467 4386 capturam.
3514 4314 3584 4369 Et

1997 4438 2015 4470 ι
2060 4417 2394 4488 respondens
2424 4415 2640 4479 Simon,
2691 4412 2830 4469 dixit
2862 4413 2981 4468 illi:
3009 4412 3334 4482 Prmeeptor,
3377 4427 3476 4484 per
3503 4420 3584 4468 to-

2000 4528 2018 4564 ι
2063 4519 2175 4565 tarn
2218 4516 2435 4564 noctem
2482 4506 2814 4571 laborantes,
2843 4505 2979 4562 nihil
3013 4505 3278 4576 cepimus,
3319 4504 3375 4561 in
3414 4502 3584 4559 verbo

1998 4619 2018 4653 ι
2061 4608 2241 4656 autem
2263 4608 2357 4654 tuo
2382 4598 2578 4654 laxabo
2604 4605 2740 4654 rete.
2769 4596 2839 4652 Et
2864 4613 2989 4653 cum
3013 4597 3120 4652 hoc
3147 4594 3427 4663 fecissent,
3451 4610 3584 4651 cou-

2001 4712 2020 4745 ι
2065 4690 2345 4749 cluserunt
2369 4676 2603 4763 piscium
2631 4690 3034 4746 multitudinem
3073 4690 3369 4760 copiosam.
3413 4687 3584 4743 Rum-

2000 4801 2019 4836 ι
2063 4786 2294 4857 pebatur
2325 4793 2507 4839 autem
2538 4791 2654 4839 rete
2696 4797 2923 4848 eorum,
2960 4792 3019 4839 et
3063 4790 3372 4838 annuerant
3418 4780 3584 4837 sociis

1998 4894 2021 4928 ι
2066 4876 2156 4946 qui
2185 4882 2343 4930 erant
2376 4875 2431 4929 in
2474 4873 2580 4929 alia
2618 4873 2766 4940 navi,
2805 4881 2868 4927 ut
2895 4872 3142 4928 venirent
3177 4880 3234 4927 et
3263 4871 3583 4940 adjuvarent

1997 4987 2017 5021 ι
2061 4984 2176 5034 eos,
2202 4976 2257 5024 et
2287 4975 2555 5024 venerunt
2578 4976 2635 5022 et
2671 4965 3037 5037 impleverunt
3060 4965 3247 5020 ambas
3278 4963 3579 5030 naviculas,

1996 5081 2015 5113 ι
2060 5063 2136 5118 ita
2186 5069 2245 5116 ut
2275 5077 2414 5133 pene
2453 5067 2848 5130 mergerentur.
2888 5056 3040 5126 Quod
3073 5073 3198 5112 cum
3235 5056 3444 5112 videret
3490 5054 3581 5111 Si-

1995 5176 2018 5209 ι
2062 5172 2190 5213 ιηοιι
2234 5155 2450 5220 Petrus,
2478 5152 2713 5225 procidit
2741 5151 2807 5205 ad
2836 5166 3010 5223 genua
3039 5148 3186 5216 Jesu,
3218 5151 3445 5206 dicens:
3478 5148 3579 5203 Exi

1997 5267 2017 5299 ι
2060 5264 2088 5301 a
2131 5262 2238 5312 me,
2284 5244 2531 5308 Domine,
2561 5242 2689 5313 quia
2716 5243 2877 5296 homo
2914 5249 3170 5311 peccator
3208 5256 3349 5296 sum.
3380 5238 3580 5307 Stupor

1996 5357 2019 5392 ι
2062 5338 2209 5393 enim
2239 5333 2675 5392 circumdederat
2699 5350 2841 5399 eum,
2870 5342 2926 5390 et
2970 5350 3161 5391 omnes
3206 5334 3296 5404 qui
3327 5347 3449 5385 cum
3486 5328 3580 5384 illo

1998 5449 2019 5482 ι
2060 5435 2219 5485 erant
2259 5429 2315 5483 in
2356 5435 2583 5497 captura
2620 5428 2854 5498 piscium
2905 5443 3068 5499 quam
3108 5433 3383 5496 ceperant.
3415 5421 3577 5477 Simi-

1998 5540 2017 5573 ι
2065 5520 2191 5576 liter
2215 5527 2395 5573 autem
2429 5514 2688 5573 Jacobum
2729 5527 2786 5573 et
2822 5516 3087 5574 Joannem
3132 5513 3278 5567 ﬁlios.
3297 5508 3575 5578 Zcbedzci,

2001 5629 2022 5664 ι
2067 5609 2158 5683 qui
2195 5616 2356 5665 erant
2398 5608 2532 5665 socii
2577 5607 2832 5664 Simonis.
2861 5607 2929 5661 Et
2954 5606 3031 5660 ait
3068 5604 3135 5658 ad
3182 5602 3459 5656 Simonem
3488 5599 3577 5657 leo

2003 5721 2022 5757 ι
2067 5717 2196 5759 sus:
2225 5698 2345 5756 Noli
2373 5700 2588 5767 timere,
2618 5714 2685 5754 ex
2730 5699 2832 5776 hoc
2864 5697 2977 5769 jam
3013 5693 3258 5752 homines
3285 5692 3442 5749 eritis
3483 5710 3578 5750 ca-
