  <div class='ocr_page' id='page_1' title='image "/cluster/home/n/w/nwhite01/storage/ocr_20150623/102/hvd.32044052820032/193.png"; bbox 0 0 3932 6204; ppageno 0'>
   <div class='ocr_carea' id='block_1_1' title="bbox 313 287 417 347">
    <p class='ocr_par' dir='ltr' id='par_1_1' title="bbox 313 287 417 347">
     <span class='ocr_line' id='line_1_1' title="bbox 313 287 417 347; baseline -0.029 -1"><span class='ocrx_word' id='word_1_1' title='bbox 313 287 417 347; x_wconf 68' lang='grc'><strong>375</strong></span> 
     </span>
    </p>
   </div>
   <div class='ocr_carea' id='block_1_2' title="bbox 1605 264 2280 326">
    <p class='ocr_par' dir='ltr' id='par_1_2' title="bbox 1605 264 2280 326">
     <span class='ocr_line' id='line_1_2' title="bbox 1605 264 2280 326; baseline -0.013 1"><span class='ocrx_word' id='word_1_2' title='bbox 1605 266 1952 326; x_wconf 70' lang='grc' dir='ltr'><strong>ΞΜΑΒΛΟΒΙ</strong></span> <span class='ocrx_word' id='word_1_3' title='bbox 1990 264 2280 321; x_wconf 76' lang='lat' dir='ltr'><strong>ABBATIS</strong></span> 
     </span>
    </p>
   </div>
   <div class='ocr_carea' id='block_1_3' title="bbox 3457 255 3565 312">
    <p class='ocr_par' dir='ltr' id='par_1_3' title="bbox 3457 255 3565 312">
     <span class='ocr_line' id='line_1_3' title="bbox 3457 255 3565 312; baseline 0.019 -2"><span class='ocrx_word' id='word_1_4' title='bbox 3457 255 3565 312; x_wconf 74' lang='lat'><strong>578</strong></span> 
     </span>
    </p>
   </div>
   <div class='ocr_carea' id='block_1_4' title="bbox 319 363 3571 475">
    <p class='ocr_par' dir='ltr' id='par_1_4' title="bbox 319 363 3571 475">
     <span class='ocr_line' id='line_1_4' title="bbox 319 363 3571 475; baseline -0.011 -18"><span class='ocrx_word' id='word_1_5' title='bbox 319 423 339 457; x_wconf 72' lang='grc' dir='ltr'><strong>ι</strong></span> <span class='ocrx_word' id='word_1_6' title='bbox 384 403 610 475; x_wconf 85' lang='lat' dir='ltr'><strong>pientes.</strong></span> <span class='ocrx_word' id='word_1_7' title='bbox 653 398 720 454; x_wconf 88' lang='lat' dir='ltr'><strong>Et</strong></span> <span class='ocrx_word' id='word_1_8' title='bbox 758 393 1034 452; x_wconf 89' lang='lat' dir='ltr'><strong>subductis</strong></span> <span class='ocrx_word' id='word_1_9' title='bbox 1062 392 1128 448; x_wconf 88' lang='lat' dir='ltr'><strong>ad</strong></span> <span class='ocrx_word' id='word_1_10' title='bbox 1165 399 1363 445; x_wconf 88' lang='lat' dir='ltr'><strong>terram</strong></span> <span class='ocrx_word' id='word_1_11' title='bbox 1404 385 1652 449; x_wconf 78' lang='lat' dir='ltr'><strong>navibus,</strong></span> <span class='ocrx_word' id='word_1_12' title='bbox 1679 381 1883 438; x_wconf 81' lang='lat' dir='ltr'><strong>relictis</strong></span> <span class='ocrx_word' id='word_1_13' title='bbox 1910 391 1961 451; x_wconf 73' lang='grc' dir='ltr'><strong>Α</strong></span> <span class='ocrx_word' id='word_1_14' title='bbox 1987 377 2218 434; x_wconf 89' lang='lat' dir='ltr'><strong>terrenis</strong></span> <span class='ocrx_word' id='word_1_15' title='bbox 2236 375 2290 429; x_wconf 92' lang='lat' dir='ltr'><strong>in</strong></span> <span class='ocrx_word' id='word_1_16' title='bbox 2321 370 2582 443; x_wconf 79' lang='lat' dir='ltr'><strong>profunda</strong></span> <span class='ocrx_word' id='word_1_17' title='bbox 2608 373 3072 424; x_wconf 75' lang='lat' dir='ltr'><strong>sacramentorum</strong></span> <span class='ocrx_word' id='word_1_18' title='bbox 3095 363 3403 432; x_wconf 73' lang='lat' dir='ltr'><strong>recedatur,</strong></span> <span class='ocrx_word' id='word_1_19' title='bbox 3429 374 3488 420; x_wconf 90' lang='lat' dir='ltr'><strong>ut</strong></span> <span class='ocrx_word' id='word_1_20' title='bbox 3507 383 3571 422; x_wconf 84' lang='lat' dir='ltr'><strong>ea</strong></span> 
     </span>
    </p>
   </div>
   <div class='ocr_carea' id='block_1_5' title="bbox 321 487 1213 553">
    <p class='ocr_par' dir='ltr' id='par_1_5' title="bbox 321 487 1213 553">
     <span class='ocr_line' id='line_1_5' title="bbox 321 487 1213 553; baseline -0.017 -4"><span class='ocrx_word' id='word_1_21' title='bbox 321 512 342 548; x_wconf 73' lang='grc' dir='ltr'><strong>ι</strong></span> <span class='ocrx_word' id='word_1_22' title='bbox 383 491 653 553; x_wconf 87' lang='lat' dir='ltr'><strong>omnibus,</strong></span> <span class='ocrx_word' id='word_1_23' title='bbox 677 487 845 542; x_wconf 90' lang='lat' dir='ltr'><strong>secuti</strong></span> <span class='ocrx_word' id='word_1_24' title='bbox 873 492 997 542; x_wconf 91' lang='lat' dir='ltr'><strong>sunt</strong></span> <span class='ocrx_word' id='word_1_25' title='bbox 1021 498 1163 539; x_wconf 89' lang='lat' dir='ltr'><strong>eum.</strong></span> <span class='ocrx_word' id='word_1_26' title='bbox 1195 501 1213 534; x_wconf 75' lang='grc' dir='ltr'><strong>ι</strong></span> 
     </span>
    </p>
   </div>
   <div class='ocr_carea' id='block_1_6' title="bbox 390 563 1890 640">
    <p class='ocr_par' dir='ltr' id='par_1_6' title="bbox 390 563 1890 640">
     <span class='ocr_line' id='line_1_6' title="bbox 390 563 1890 640; baseline -0.014 0"><span class='ocrx_word' id='word_1_27' title='bbox 390 582 521 640; x_wconf 86' lang='lat' dir='ltr'><strong>Cum</strong></span> <span class='ocrx_word' id='word_1_28' title='bbox 543 582 708 637; x_wconf 79' lang='lat' dir='ltr'><strong>turba:</strong></span> <span class='ocrx_word' id='word_1_29' title='bbox 731 580 986 632; x_wconf 75' lang='lat' dir='ltr'><strong>irruerent</strong></span> <span class='ocrx_word' id='word_1_30' title='bbox 1013 575 1082 629; x_wconf 89' lang='lat' dir='ltr'><strong>ad</strong></span> <span class='ocrx_word' id='word_1_31' title='bbox 1110 575 1314 636; x_wconf 74' lang='lat' dir='ltr'><strong>Iesum,</strong></span> <span class='ocrx_word' id='word_1_32' title='bbox 1337 579 1391 624; x_wconf 88' lang='lat' dir='ltr'><strong>ut</strong></span> <span class='ocrx_word' id='word_1_33' title='bbox 1419 567 1661 623; x_wconf 75' lang='lat' dir='ltr'><strong>audirent</strong></span> <span class='ocrx_word' id='word_1_34' title='bbox 1681 563 1890 621; x_wconf 60' lang='lat' dir='ltr'><strong>verbm</strong></span> 
     </span>
    </p>
   </div>
   <div class='ocr_carea' id='block_1_7' title="bbox 318 655 1891 741">
    <p class='ocr_par' dir='ltr' id='par_1_7' title="bbox 318 655 1891 741">
     <span class='ocr_line' id='line_1_7' title="bbox 318 655 1891 741; baseline -0.011 -11"><span class='ocrx_word' id='word_1_35' title='bbox 318 676 438 739; x_wconf 89' lang='lat' dir='ltr'><strong>Dei,</strong></span> <span class='ocrx_word' id='word_1_36' title='bbox 469 681 516 727; x_wconf 87' lang='lat' dir='ltr'><strong>et</strong></span> <span class='ocrx_word' id='word_1_37' title='bbox 547 672 654 741; x_wconf 87' lang='lat' dir='ltr'><strong>ipse</strong></span> <span class='ocrx_word' id='word_1_38' title='bbox 696 669 886 732; x_wconf 89' lang='lat' dir='ltr'><strong>stabat,</strong></span> <span class='ocrx_word' id='word_1_39' title='bbox 911 675 1014 722; x_wconf 85' lang='lat' dir='ltr'><strong>etc.</strong></span> <span class='ocrx_word' id='word_1_40' title='bbox 1050 664 1158 737; x_wconf 77' lang='lat' dir='ltr'><strong>(Ex</strong></span> <span class='ocrx_word' id='word_1_41' title='bbox 1186 661 1375 726; x_wconf 85' lang='lat' dir='ltr'><strong>Beda.)</strong></span> <span class='ocrx_word' id='word_1_42' title='bbox 1404 660 1668 729; x_wconf 80' lang='lat' dir='ltr'><strong>Stagnum</strong></span> <span class='ocrx_word' id='word_1_43' title='bbox 1711 655 1891 712; x_wconf 85' lang='lat' dir='ltr'><strong>Gene-</strong></span> 
     </span>
    </p>
   </div>
   <div class='ocr_carea' id='block_1_8' title="bbox 320 745 1896 824">
    <p class='ocr_par' dir='ltr' id='par_1_8' title="bbox 320 745 1896 824">
     <span class='ocr_line' id='line_1_8' title="bbox 320 745 1896 824; baseline -0.015 -3"><span class='ocrx_word' id='word_1_44' title='bbox 320 767 506 822; x_wconf 79' lang='lat' dir='ltr'><strong>zareth</strong></span> <span class='ocrx_word' id='word_1_45' title='bbox 544 764 683 818; x_wconf 91' lang='lat' dir='ltr'><strong>idem</strong></span> <span class='ocrx_word' id='word_1_46' title='bbox 714 761 900 815; x_wconf 90' lang='lat' dir='ltr'><strong>dicunt</strong></span> <span class='ocrx_word' id='word_1_47' title='bbox 930 773 1072 822; x_wconf 90' lang='lat' dir='ltr'><strong>esse,</strong></span> <span class='ocrx_word' id='word_1_48' title='bbox 1103 755 1244 824; x_wconf 90' lang='lat' dir='ltr'><strong>quod</strong></span> <span class='ocrx_word' id='word_1_49' title='bbox 1276 767 1425 808; x_wconf 91' lang='lat' dir='ltr'><strong>mare</strong></span> <span class='ocrx_word' id='word_1_50' title='bbox 1447 749 1681 806; x_wconf 66' lang='lat' dir='ltr'><strong>Galilaea:</strong></span> <span class='ocrx_word' id='word_1_51' title='bbox 1710 747 1778 801; x_wconf 83' lang='lat' dir='ltr'><strong>ab</strong></span> <span class='ocrx_word' id='word_1_52' title='bbox 1807 745 1896 799; x_wconf 73' lang='lat' dir='ltr'><strong>ad-</strong></span> 
     </span>
    </p>
   </div>
   <div class='ocr_carea' id='block_1_9' title="bbox 318 838 1894 929">
    <p class='ocr_par' dir='ltr' id='par_1_9' title="bbox 318 838 1894 929">
     <span class='ocr_line' id='line_1_9' title="bbox 318 838 1894 929; baseline -0.015 -16"><span class='ocrx_word' id='word_1_53' title='bbox 318 858 526 929; x_wconf 84' lang='lat' dir='ltr'><strong>iacente</strong></span> <span class='ocrx_word' id='word_1_54' title='bbox 548 853 821 927; x_wconf 79' lang='lat' dir='ltr'><strong>provincia</strong></span> <span class='ocrx_word' id='word_1_55' title='bbox 844 851 1068 904; x_wconf 87' lang='lat' dir='ltr'><strong>dictum.</strong></span> <span class='ocrx_word' id='word_1_56' title='bbox 1095 847 1238 902; x_wconf 81' lang='lat' dir='ltr'><strong>Mare</strong></span> <span class='ocrx_word' id='word_1_57' title='bbox 1259 841 1576 916; x_wconf 86' lang='lat' dir='ltr'><strong>Tyberiadis</strong></span> <span class='ocrx_word' id='word_1_58' title='bbox 1597 855 1627 894; x_wconf 89' lang='lat' dir='ltr'><strong>a</strong></span> <span class='ocrx_word' id='word_1_59' title='bbox 1648 838 1894 909; x_wconf 79' lang='lat' dir='ltr'><strong>proxima</strong></span> 
     </span>
    </p>
   </div>
   <div class='ocr_carea' id='block_1_10' title="bbox 319 927 1896 1017">
    <p class='ocr_par' dir='ltr' id='par_1_10' title="bbox 319 927 1896 1017">
     <span class='ocr_line' id='line_1_10' title="bbox 319 927 1896 1017; baseline -0.016 -10"><span class='ocrx_word' id='word_1_60' title='bbox 319 927 560 1012; x_wconf 77' lang='lat' dir='ltr'><strong>civitate,</strong></span> <span class='ocrx_word' id='word_1_61' title='bbox 585 963 702 1017; x_wconf 74' lang='lat' dir='ltr'><strong>quae</strong></span> <span class='ocrx_word' id='word_1_62' title='bbox 728 945 852 1000; x_wconf 89' lang='lat' dir='ltr'><strong>olim</strong></span> <span class='ocrx_word' id='word_1_63' title='bbox 875 939 1216 998; x_wconf 86' lang='lat' dir='ltr'><strong>Chennercth</strong></span> <span class='ocrx_word' id='word_1_64' title='bbox 1239 943 1449 1000; x_wconf 87' lang='lat' dir='ltr'><strong>vocata,</strong></span> <span class='ocrx_word' id='word_1_65' title='bbox 1475 933 1568 988; x_wconf 90' lang='lat' dir='ltr'><strong>sed</strong></span> <span class='ocrx_word' id='word_1_66' title='bbox 1595 932 1662 985; x_wconf 86' lang='lat' dir='ltr'><strong>ab</strong></span> <span class='ocrx_word' id='word_1_67' title='bbox 1686 927 1896 984; x_wconf 79' lang='lat' dir='ltr'><strong>Herode</strong></span> 
     </span>
    </p>
   </div>
   <div class='ocr_carea' id='block_1_11' title="bbox 321 1016 1893 1098">
    <p class='ocr_par' dir='ltr' id='par_1_11' title="bbox 321 1016 1893 1098">
     <span class='ocr_line' id='line_1_11' title="bbox 321 1016 1893 1098; baseline -0.018 -2"><span class='ocrx_word' id='word_1_68' title='bbox 321 1016 610 1098; x_wconf 12' lang='lat' dir='ltr'><strong>tetrarchai</strong></span> <span class='ocrx_word' id='word_1_69' title='bbox 642 1038 941 1091; x_wconf 84' lang='lat' dir='ltr'><strong>instaurata</strong></span> <span class='ocrx_word' id='word_1_70' title='bbox 982 1032 1036 1085; x_wconf 90' lang='lat' dir='ltr'><strong>in</strong></span> <span class='ocrx_word' id='word_1_71' title='bbox 1080 1030 1341 1084; x_wconf 87' lang='lat' dir='ltr'><strong>honorem</strong></span> <span class='ocrx_word' id='word_1_72' title='bbox 1384 1021 1601 1094; x_wconf 80' lang='lat' dir='ltr'><strong>Tyberii</strong></span> <span class='ocrx_word' id='word_1_73' title='bbox 1644 1016 1893 1080; x_wconf 59' lang='lat' dir='ltr'><strong>Cursaris,</strong></span> 
     </span>
    </p>
   </div>
   <div class='ocr_carea' id='block_1_12' title="bbox 322 1110 1899 1204">
    <p class='ocr_par' dir='ltr' id='par_1_12' title="bbox 322 1110 1899 1204">
     <span class='ocr_line' id='line_1_12' title="bbox 322 1110 1899 1204; baseline -0.016 -15"><span class='ocrx_word' id='word_1_74' title='bbox 322 1133 582 1204; x_wconf 86' lang='lat' dir='ltr'><strong>Tyberias</strong></span> <span class='ocrx_word' id='word_1_75' title='bbox 625 1136 709 1184; x_wconf 92' lang='lat' dir='ltr'><strong>est</strong></span> <span class='ocrx_word' id='word_1_76' title='bbox 737 1125 1024 1197; x_wconf 86' lang='lat' dir='ltr'><strong>appellata.</strong></span> <span class='ocrx_word' id='word_1_77' title='bbox 1070 1122 1240 1176; x_wconf 90' lang='lat' dir='ltr'><strong>Porro</strong></span> <span class='ocrx_word' id='word_1_78' title='bbox 1268 1117 1514 1173; x_wconf 82' lang='lat' dir='ltr'><strong>Genezar</strong></span> <span class='ocrx_word' id='word_1_79' title='bbox 1541 1130 1571 1168; x_wconf 91' lang='lat' dir='ltr'><strong>a</strong></span> <span class='ocrx_word' id='word_1_80' title='bbox 1601 1112 1701 1167; x_wconf 92' lang='lat' dir='ltr'><strong>laci</strong></span> <span class='ocrx_word' id='word_1_81' title='bbox 1731 1110 1899 1180; x_wconf 88' lang='lat' dir='ltr'><strong>ipsius</strong></span> 
     </span>
    </p>
   </div>
   <div class='ocr_carea' id='block_1_13' title="bbox 324 1202 1898 1292">
    <p class='ocr_par' dir='ltr' id='par_1_13' title="bbox 324 1202 1898 1292">
     <span class='ocr_line' id='line_1_13' title="bbox 324 1202 1898 1292; baseline -0.017 -13"><span class='ocrx_word' id='word_1_82' title='bbox 324 1202 541 1287; x_wconf 82' lang='lat' dir='ltr'><strong>natura,</strong></span> <span class='ocrx_word' id='word_1_83' title='bbox 556 1236 660 1292; x_wconf 90' lang='lat' dir='ltr'><strong>qua</strong></span> <span class='ocrx_word' id='word_1_84' title='bbox 683 1217 1048 1287; x_wconf 87' lang='lat' dir='ltr'><strong>crispantibus</strong></span> <span class='ocrx_word' id='word_1_85' title='bbox 1064 1212 1240 1283; x_wconf 87' lang='lat' dir='ltr'><strong>aquis,</strong></span> <span class='ocrx_word' id='word_1_86' title='bbox 1258 1211 1322 1265; x_wconf 89' lang='lat' dir='ltr'><strong>de</strong></span> <span class='ocrx_word' id='word_1_87' title='bbox 1343 1209 1518 1277; x_wconf 86' lang='lat' dir='ltr'><strong>seipsa</strong></span> <span class='ocrx_word' id='word_1_88' title='bbox 1540 1204 1641 1260; x_wconf 89' lang='lat' dir='ltr'><strong>sibi</strong></span> <span class='ocrx_word' id='word_1_89' title='bbox 1658 1202 1898 1257; x_wconf 78' lang='lat' dir='ltr'><strong>excitare</strong></span> 
     </span>
    </p>
   </div>
   <div class='ocr_carea' id='block_1_14' title="bbox 323 1294 1904 1384">
    <p class='ocr_par' dir='ltr' id='par_1_14' title="bbox 323 1294 1904 1384">
     <span class='ocr_line' id='line_1_14' title="bbox 323 1294 1904 1384; baseline -0.015 -16"><span class='ocrx_word' id='word_1_90' title='bbox 323 1330 463 1384; x_wconf 87' lang='lat' dir='ltr'><strong>aqua</strong></span> <span class='ocrx_word' id='word_1_91' title='bbox 491 1327 677 1366; x_wconf 85' lang='lat' dir='ltr'><strong>auram</strong></span> <span class='ocrx_word' id='word_1_92' title='bbox 703 1308 1038 1380; x_wconf 85' lang='lat' dir='ltr'><strong>perhibetur,</strong></span> <span class='ocrx_word' id='word_1_93' title='bbox 1060 1302 1248 1358; x_wconf 59' lang='lat' dir='ltr'><strong>Graeco</strong></span> <span class='ocrx_word' id='word_1_94' title='bbox 1272 1297 1534 1354; x_wconf 90' lang='lat' dir='ltr'><strong>vocabulo</strong></span> <span class='ocrx_word' id='word_1_95' title='bbox 1561 1294 1715 1364; x_wconf 91' lang='lat' dir='ltr'><strong>quasi</strong></span> <span class='ocrx_word' id='word_1_96' title='bbox 1747 1305 1904 1363; x_wconf 84' lang='lat' dir='ltr'><strong>gene-</strong></span> 
     </span>
    </p>
   </div>
   <div class='ocr_carea' id='block_1_15' title="bbox 323 1380 1871 1458">
    <p class='ocr_par' dir='ltr' id='par_1_15' title="bbox 323 1380 1871 1458">
     <span class='ocr_line' id='line_1_15' title="bbox 323 1380 1871 1458; baseline -0.017 0"><span class='ocrx_word' id='word_1_97' title='bbox 323 1380 454 1458; x_wconf 72' lang='lat' dir='ltr'><strong>rans</strong></span> <span class='ocrx_word' id='word_1_98' title='bbox 483 1401 584 1456; x_wconf 85' lang='lat' dir='ltr'><strong>sibi</strong></span> <span class='ocrx_word' id='word_1_99' title='bbox 616 1412 802 1452; x_wconf 88' lang='lat' dir='ltr'><strong>auram</strong></span> <span class='ocrx_word' id='word_1_100' title='bbox 828 1395 1041 1449; x_wconf 89' lang='lat' dir='ltr'><strong>dicitur.</strong></span> <span class='ocrx_word' id='word_1_101' title='bbox 1077 1391 1264 1458; x_wconf 81' lang='lat' dir='ltr'><strong>Neque</strong></span> <span class='ocrx_word' id='word_1_102' title='bbox 1300 1387 1444 1440; x_wconf 89' lang='lat' dir='ltr'><strong>enim</strong></span> <span class='ocrx_word' id='word_1_103' title='bbox 1487 1385 1542 1437; x_wconf 90' lang='lat' dir='ltr'><strong>in</strong></span> <span class='ocrx_word' id='word_1_104' title='bbox 1575 1380 1751 1449; x_wconf 79' lang='lat' dir='ltr'><strong>stagni</strong></span> <span class='ocrx_word' id='word_1_105' title='bbox 1779 1393 1871 1433; x_wconf 90' lang='lat' dir='ltr'><strong>mo</strong></span> 
     </span>
    </p>
   </div>
   <div class='ocr_carea' id='block_1_16' title="bbox 325 1469 1905 1553">
    <p class='ocr_par' dir='ltr' id='par_1_16' title="bbox 325 1469 1905 1553">
     <span class='ocr_line' id='line_1_16' title="bbox 325 1469 1905 1553; baseline -0.016 -6"><span class='ocrx_word' id='word_1_106' title='bbox 325 1508 440 1547; x_wconf 90' lang='lat' dir='ltr'><strong>rem</strong></span> <span class='ocrx_word' id='word_1_107' title='bbox 471 1488 732 1544; x_wconf 89' lang='lat' dir='ltr'><strong>sternitur</strong></span> <span class='ocrx_word' id='word_1_108' title='bbox 752 1499 910 1553; x_wconf 88' lang='lat' dir='ltr'><strong>aqua,</strong></span> <span class='ocrx_word' id='word_1_109' title='bbox 940 1482 1033 1536; x_wconf 86' lang='lat' dir='ltr'><strong>sed</strong></span> <span class='ocrx_word' id='word_1_110' title='bbox 1065 1477 1433 1547; x_wconf 77' lang='lat' dir='ltr'><strong>frequentibus</strong></span> <span class='ocrx_word' id='word_1_111' title='bbox 1454 1489 1517 1527; x_wconf 91' lang='lat' dir='ltr'><strong>ac</strong></span> <span class='ocrx_word' id='word_1_112' title='bbox 1543 1469 1905 1540; x_wconf 80' lang='lat' dir='ltr'><strong>crispantibus</strong></span> 
     </span>
    </p>
   </div>
   <div class='ocr_carea' id='block_1_17' title="bbox 327 1559 1904 1649">
    <p class='ocr_par' dir='ltr' id='par_1_17' title="bbox 327 1559 1904 1649">
     <span class='ocr_line' id='line_1_17' title="bbox 327 1559 1904 1649; baseline -0.016 -12"><span class='ocrx_word' id='word_1_113' title='bbox 327 1583 504 1636; x_wconf 85' lang='lat' dir='ltr'><strong>ventis</strong></span> <span class='ocrx_word' id='word_1_114' title='bbox 557 1580 811 1649; x_wconf 81' lang='lat' dir='ltr'><strong>agitatur,</strong></span> <span class='ocrx_word' id='word_1_115' title='bbox 840 1576 1039 1628; x_wconf 89' lang='lat' dir='ltr'><strong>haustu</strong></span> <span class='ocrx_word' id='word_1_116' title='bbox 1069 1570 1260 1632; x_wconf 88' lang='lat' dir='ltr'><strong>dulcis,</strong></span> <span class='ocrx_word' id='word_1_117' title='bbox 1297 1576 1350 1622; x_wconf 90' lang='lat' dir='ltr'><strong>et</strong></span> <span class='ocrx_word' id='word_1_118' title='bbox 1379 1566 1446 1620; x_wconf 88' lang='lat' dir='ltr'><strong>ad</strong></span> <span class='ocrx_word' id='word_1_119' title='bbox 1475 1562 1766 1633; x_wconf 88' lang='lat' dir='ltr'><strong>potandum</strong></span> <span class='ocrx_word' id='word_1_120' title='bbox 1809 1559 1904 1612; x_wconf 89' lang='lat' dir='ltr'><strong>ha-</strong></span> 
     </span>
    </p>
   </div>
   <div class='ocr_carea' id='block_1_18' title="bbox 327 1651 1905 1733">
    <p class='ocr_par' dir='ltr' id='par_1_18' title="bbox 327 1651 1905 1733">
     <span class='ocr_line' id='line_1_18' title="bbox 327 1651 1905 1733; baseline -0.016 -7"><span class='ocrx_word' id='word_1_121' title='bbox 327 1671 470 1726; x_wconf 85' lang='lat' dir='ltr'><strong>bilis.</strong></span> <span class='ocrx_word' id='word_1_122' title='bbox 498 1668 603 1723; x_wconf 89' lang='lat' dir='ltr'><strong>Sed</strong></span> <span class='ocrx_word' id='word_1_123' title='bbox 627 1666 863 1721; x_wconf 76' lang='lat' dir='ltr'><strong>Hebrzea:</strong></span> <span class='ocrx_word' id='word_1_124' title='bbox 893 1664 1084 1733; x_wconf 64' lang='lat' dir='ltr'><strong>linguae</strong></span> <span class='ocrx_word' id='word_1_125' title='bbox 1110 1657 1518 1719; x_wconf 88' lang='lat' dir='ltr'><strong>consuetudine,</strong></span> <span class='ocrx_word' id='word_1_126' title='bbox 1540 1651 1717 1708; x_wconf 83' lang='lat' dir='ltr'><strong>omnis</strong></span> <span class='ocrx_word' id='word_1_127' title='bbox 1742 1665 1905 1719; x_wconf 85' lang='lat' dir='ltr'><strong>aqua-</strong></span> 
     </span>
    </p>
   </div>
   <div class='ocr_carea' id='block_1_19' title="bbox 1989 458 3642 540">
    <p class='ocr_par' dir='ltr' id='par_1_19' title="bbox 1989 458 3642 540">
     <span class='ocr_line' id='line_1_19' title="bbox 1989 458 3642 540; baseline -0.009 -15"><span class='ocrx_word' id='word_1_128' title='bbox 1989 469 2204 540; x_wconf 90' lang='lat' dir='ltr'><strong>penitus</strong></span> <span class='ocrx_word' id='word_1_129' title='bbox 2248 481 2355 521; x_wconf 86' lang='lat' dir='ltr'><strong>non</strong></span> <span class='ocrx_word' id='word_1_130' title='bbox 2387 463 2704 532; x_wconf 78' lang='lat' dir='ltr'><strong>intelligant,</strong></span> <span class='ocrx_word' id='word_1_131' title='bbox 2729 459 2813 514; x_wconf 93' lang='lat' dir='ltr'><strong>vel</strong></span> <span class='ocrx_word' id='word_1_132' title='bbox 2842 459 2994 529; x_wconf 91' lang='lat' dir='ltr'><strong>prius</strong></span> <span class='ocrx_word' id='word_1_133' title='bbox 3021 459 3076 512; x_wconf 92' lang='lat' dir='ltr'><strong>in</strong></span> <span class='ocrx_word' id='word_1_134' title='bbox 3103 458 3368 528; x_wconf 84' lang='lat' dir='ltr'><strong>proximis</strong></span> <span class='ocrx_word' id='word_1_135' title='bbox 3398 460 3576 530; x_wconf 87' lang='lat' dir='ltr'><strong>regio-</strong></span> <span class='ocrx_word' id='word_1_136' title='bbox 3628 518 3642 532; x_wconf 43' lang='lat'>‘</span> 
     </span>
    </p>
   </div>
   <div class='ocr_carea' id='block_1_20' title="bbox 1991 549 3574 629">
    <p class='ocr_par' dir='ltr' id='par_1_20' title="bbox 1991 549 3574 629">
     <span class='ocr_line' id='line_1_20' title="bbox 1991 549 3574 629; baseline -0.006 -15"><span class='ocrx_word' id='word_1_137' title='bbox 1991 561 2148 615; x_wconf 89' lang='lat' dir='ltr'><strong>nibus</strong></span> <span class='ocrx_word' id='word_1_138' title='bbox 2176 557 2425 629; x_wconf 90' lang='lat' dir='ltr'><strong>gentibus</strong></span> <span class='ocrx_word' id='word_1_139' title='bbox 2451 551 2881 624; x_wconf 59' lang='lat' dir='ltr'><strong>praedicandum,</strong></span> <span class='ocrx_word' id='word_1_140' title='bbox 2927 559 2986 603; x_wconf 92' lang='lat' dir='ltr'><strong>ut</strong></span> <span class='ocrx_word' id='word_1_141' title='bbox 3016 549 3161 618; x_wconf 92' lang='lat' dir='ltr'><strong>quod</strong></span> <span class='ocrx_word' id='word_1_142' title='bbox 3197 549 3396 603; x_wconf 90' lang='lat' dir='ltr'><strong>dicitur</strong></span> <span class='ocrx_word' id='word_1_143' title='bbox 3440 550 3574 604; x_wconf 88' lang='lat' dir='ltr'><strong>item</strong></span> 
     </span>
    </p>
   </div>
   <div class='ocr_carea' id='block_1_21' title="bbox 1992 641 3578 716">
    <p class='ocr_par' dir='ltr' id='par_1_21' title="bbox 1992 641 3578 716">
     <span class='ocr_line' id='line_1_21' title="bbox 1992 641 3578 716; baseline -0.009 -8"><span class='ocrx_word' id='word_1_144' title='bbox 1992 654 2170 716; x_wconf 91' lang='lat' dir='ltr'><strong>Petro,</strong></span> <span class='ocrx_word' id='word_1_145' title='bbox 2199 651 2302 706; x_wconf 91' lang='lat' dir='ltr'><strong>duc</strong></span> <span class='ocrx_word' id='word_1_146' title='bbox 2329 650 2383 702; x_wconf 92' lang='lat' dir='ltr'><strong>in</strong></span> <span class='ocrx_word' id='word_1_147' title='bbox 2413 647 2603 711; x_wconf 90' lang='lat' dir='ltr'><strong>altum,</strong></span> <span class='ocrx_word' id='word_1_148' title='bbox 2630 653 2685 700; x_wconf 91' lang='lat' dir='ltr'><strong>et</strong></span> <span class='ocrx_word' id='word_1_149' title='bbox 2717 643 2897 698; x_wconf 81' lang='lat' dir='ltr'><strong>laxate</strong></span> <span class='ocrx_word' id='word_1_150' title='bbox 2924 641 3059 696; x_wconf 88' lang='lat' dir='ltr'><strong>retia</strong></span> <span class='ocrx_word' id='word_1_151' title='bbox 3101 649 3280 696; x_wconf 89' lang='lat' dir='ltr'><strong>vestra</strong></span> <span class='ocrx_word' id='word_1_152' title='bbox 3310 642 3366 696; x_wconf 86' lang='lat' dir='ltr'><strong>in</strong></span> <span class='ocrx_word' id='word_1_153' title='bbox 3391 649 3578 712; x_wconf 79' lang='lat' dir='ltr'><strong>captu-</strong></span> 
     </span>
    </p>
   </div>
   <div class='ocr_carea' id='block_1_22' title="bbox 1995 731 3579 808">
    <p class='ocr_par' dir='ltr' id='par_1_22' title="bbox 1995 731 3579 808">
     <span class='ocr_line' id='line_1_22' title="bbox 1995 731 3579 808; baseline -0.009 -11"><span class='ocrx_word' id='word_1_154' title='bbox 1995 758 2128 805; x_wconf 87' lang='lat' dir='ltr'><strong>ram,</strong></span> <span class='ocrx_word' id='word_1_155' title='bbox 2159 742 2225 796; x_wconf 90' lang='lat' dir='ltr'><strong>ad</strong></span> <span class='ocrx_word' id='word_1_156' title='bbox 2253 739 2571 794; x_wconf 89' lang='lat' dir='ltr'><strong>remotiores</strong></span> <span class='ocrx_word' id='word_1_157' title='bbox 2605 742 2813 808; x_wconf 82' lang='lat' dir='ltr'><strong>gentes,</strong></span> <span class='ocrx_word' id='word_1_158' title='bbox 2842 733 3039 803; x_wconf 85' lang='lat' dir='ltr'><strong>quibus</strong></span> <span class='ocrx_word' id='word_1_159' title='bbox 3063 739 3253 802; x_wconf 90' lang='lat' dir='ltr'><strong>postea</strong></span> <span class='ocrx_word' id='word_1_160' title='bbox 3280 731 3579 800; x_wconf 61' lang='lat' dir='ltr'><strong>praedican-</strong></span> 
     </span>
    </p>
   </div>
   <div class='ocr_carea' id='block_1_23' title="bbox 1995 832 2544 902">
    <p class='ocr_par' dir='ltr' id='par_1_23' title="bbox 1995 832 2544 902">
     <span class='ocr_line' id='line_1_23' title="bbox 1995 832 2544 902; baseline -0.013 -13"><span class='ocrx_word' id='word_1_161' title='bbox 1995 835 2121 890; x_wconf 89' lang='lat' dir='ltr'><strong>dum</strong></span> <span class='ocrx_word' id='word_1_162' title='bbox 2147 841 2231 888; x_wconf 92' lang='lat' dir='ltr'><strong>est</strong></span> <span class='ocrx_word' id='word_1_163' title='bbox 2258 832 2544 902; x_wconf 89' lang='lat' dir='ltr'><strong>pertineat.</strong></span> 
     </span>
    </p>
   </div>
   <div class='ocr_carea' id='block_1_24' title="bbox 2063 915 3584 994">
    <p class='ocr_par' dir='ltr' id='par_1_24' title="bbox 2063 915 3584 994">
     <span class='ocr_line' id='line_1_24' title="bbox 2063 915 3584 994; baseline -0.003 -17"><span class='ocrx_word' id='word_1_164' title='bbox 2063 923 2134 978; x_wconf 87' lang='lat' dir='ltr'><strong>Et</strong></span> <span class='ocrx_word' id='word_1_165' title='bbox 2181 925 2495 994; x_wconf 86' lang='lat' dir='ltr'><strong>respondens</strong></span> <span class='ocrx_word' id='word_1_166' title='bbox 2541 919 2754 982; x_wconf 82' lang='lat' dir='ltr'><strong>Simon,</strong></span> <span class='ocrx_word' id='word_1_167' title='bbox 2795 917 2929 971; x_wconf 71' lang='lat' dir='ltr'><strong>dixit</strong></span> <span class='ocrx_word' id='word_1_168' title='bbox 2966 915 3091 970; x_wconf 89' lang='lat' dir='ltr'><strong>illi:</strong></span> <span class='ocrx_word' id='word_1_169' title='bbox 3127 915 3450 987; x_wconf 63' lang='lat' dir='ltr'><strong>Pra’ceptor,</strong></span> <span class='ocrx_word' id='word_1_170' title='bbox 3487 934 3584 988; x_wconf 85' lang='lat' dir='ltr'><strong>per</strong></span> 
     </span>
    </p>
   </div>
   <div class='ocr_carea' id='block_1_25' title="bbox 1998 1007 3582 1075">
    <p class='ocr_par' dir='ltr' id='par_1_25' title="bbox 1998 1007 3582 1075">
     <span class='ocr_line' id='line_1_25' title="bbox 1998 1007 3582 1075; baseline -0.006 -5"><span class='ocrx_word' id='word_1_171' title='bbox 1998 1025 2157 1072; x_wconf 90' lang='lat' dir='ltr'><strong>totam</strong></span> <span class='ocrx_word' id='word_1_172' title='bbox 2197 1023 2396 1067; x_wconf 90' lang='lat' dir='ltr'><strong>noctem</strong></span> <span class='ocrx_word' id='word_1_173' title='bbox 2427 1009 2741 1072; x_wconf 75' lang='lat' dir='ltr'><strong>laborantes,</strong></span> <span class='ocrx_word' id='word_1_174' title='bbox 2773 1007 2902 1062; x_wconf 82' lang='lat' dir='ltr'><strong>nihil</strong></span> <span class='ocrx_word' id='word_1_175' title='bbox 2931 1008 3178 1075; x_wconf 81' lang='lat' dir='ltr'><strong>cepimus,</strong></span> <span class='ocrx_word' id='word_1_176' title='bbox 3206 1007 3262 1060; x_wconf 90' lang='lat' dir='ltr'><strong>in</strong></span> <span class='ocrx_word' id='word_1_177' title='bbox 3295 1007 3444 1060; x_wconf 80' lang='lat' dir='ltr'><strong>verbo</strong></span> <span class='ocrx_word' id='word_1_178' title='bbox 3483 1023 3582 1060; x_wconf 75' lang='lat' dir='ltr'><strong>au-</strong></span> 
     </span>
    </p>
   </div>
   <div class='ocr_carea' id='block_1_26' title="bbox 1999 1094 3584 1163">
    <p class='ocr_par' dir='ltr' id='par_1_26' title="bbox 1999 1094 3584 1163">
     <span class='ocr_line' id='line_1_26' title="bbox 1999 1094 3584 1163; baseline -0.005 -7"><span class='ocrx_word' id='word_1_179' title='bbox 1999 1111 2100 1156; x_wconf 90' lang='lat' dir='ltr'><strong>tem</strong></span> <span class='ocrx_word' id='word_1_180' title='bbox 2147 1112 2236 1155; x_wconf 90' lang='lat' dir='ltr'><strong>tuo</strong></span> <span class='ocrx_word' id='word_1_181' title='bbox 2270 1098 2458 1152; x_wconf 68' lang='lat' dir='ltr'><strong>(amabo</strong></span> <span class='ocrx_word' id='word_1_182' title='bbox 2487 1106 2610 1151; x_wconf 77' lang='lat' dir='ltr'><strong>rete.</strong></span> <span class='ocrx_word' id='word_1_183' title='bbox 2647 1095 2766 1150; x_wconf 83' lang='lat' dir='ltr'><strong>Nisi</strong></span> <span class='ocrx_word' id='word_1_184' title='bbox 2796 1095 3053 1148; x_wconf 79' lang='lat' dir='ltr'><strong>Dominus</strong></span> <span class='ocrx_word' id='word_1_185' title='bbox 3101 1094 3440 1163; x_wconf 72' lang='lat' dir='ltr'><strong>wdiﬁcaverit</strong></span> <span class='ocrx_word' id='word_1_186' title='bbox 3485 1095 3584 1148; x_wconf 88' lang='lat' dir='ltr'><strong>do-</strong></span> 
     </span>
    </p>
   </div>
   <div class='ocr_carea' id='block_1_27' title="bbox 1999 1184 3577 1260">
    <p class='ocr_par' dir='ltr' id='par_1_27' title="bbox 1999 1184 3577 1260">
     <span class='ocr_line' id='line_1_27' title="bbox 1999 1184 3577 1260; baseline -0.007 -12"><span class='ocrx_word' id='word_1_187' title='bbox 1999 1210 2165 1260; x_wconf 82' lang='lat' dir='ltr'><strong>mum,</strong></span> <span class='ocrx_word' id='word_1_188' title='bbox 2198 1194 2253 1246; x_wconf 92' lang='lat' dir='ltr'><strong>in</strong></span> <span class='ocrx_word' id='word_1_189' title='bbox 2280 1206 2470 1245; x_wconf 88' lang='lat' dir='ltr'><strong>vanum</strong></span> <span class='ocrx_word' id='word_1_190' title='bbox 2501 1189 2740 1242; x_wconf 82' lang='lat' dir='ltr'><strong>laborant</strong></span> <span class='ocrx_word' id='word_1_191' title='bbox 2785 1188 2875 1258; x_wconf 87' lang='lat' dir='ltr'><strong>qui</strong></span> <span class='ocrx_word' id='word_1_192' title='bbox 2921 1186 3185 1256; x_wconf 65' lang='lat' dir='ltr'><strong>aediﬁcant</strong></span> <span class='ocrx_word' id='word_1_193' title='bbox 3235 1203 3353 1240; x_wconf 87' lang='lat' dir='ltr'><strong>eam</strong></span> <span class='ocrx_word' id='word_1_194' title='bbox 3403 1184 3577 1257; x_wconf 85' lang='lat' dir='ltr'><strong>(Psal.</strong></span> 
     </span>
    </p>
   </div>
   <div class='ocr_carea' id='block_1_28' title="bbox 1999 1276 3581 1353">
    <p class='ocr_par' dir='ltr' id='par_1_28' title="bbox 1999 1276 3581 1353">
     <span class='ocr_line' id='line_1_28' title="bbox 1999 1276 3581 1353; baseline -0.003 -18"><span class='ocrx_word' id='word_1_195' title='bbox 1999 1282 2215 1353; x_wconf 76' lang='lat' dir='ltr'><strong>cnvl).</strong></span> <span class='ocrx_word' id='word_1_196' title='bbox 2261 1281 2374 1336; x_wconf 87' lang='lat' dir='ltr'><strong>Nisi</strong></span> <span class='ocrx_word' id='word_1_197' title='bbox 2410 1279 2668 1334; x_wconf 85' lang='lat' dir='ltr'><strong>Dominus</strong></span> <span class='ocrx_word' id='word_1_198' title='bbox 2695 1292 2791 1333; x_wconf 88' lang='lat' dir='ltr'><strong>cor</strong></span> <span class='ocrx_word' id='word_1_199' title='bbox 2830 1277 3188 1331; x_wconf 87' lang='lat' dir='ltr'><strong>illustraverit</strong></span> <span class='ocrx_word' id='word_1_200' title='bbox 3233 1276 3581 1340; x_wconf 87' lang='lat' dir='ltr'><strong>auditorum,</strong></span> 
     </span>
    </p>
   </div>
   <div class='ocr_carea' id='block_1_29' title="bbox 2002 1365 3580 1436">
    <p class='ocr_par' dir='ltr' id='par_1_29' title="bbox 2002 1365 3580 1436">
     <span class='ocr_line' id='line_1_29' title="bbox 2002 1365 3580 1436; baseline -0.006 -7"><span class='ocrx_word' id='word_1_201' title='bbox 2002 1374 2191 1428; x_wconf 89' lang='lat' dir='ltr'><strong>doctor</strong></span> <span class='ocrx_word' id='word_1_202' title='bbox 2226 1371 2279 1424; x_wconf 90' lang='lat' dir='ltr'><strong>in</strong></span> <span class='ocrx_word' id='word_1_203' title='bbox 2328 1379 2488 1424; x_wconf 89' lang='lat' dir='ltr'><strong>nocte</strong></span> <span class='ocrx_word' id='word_1_204' title='bbox 2521 1368 2763 1431; x_wconf 86' lang='lat' dir='ltr'><strong>laborat;</strong></span> <span class='ocrx_word' id='word_1_205' title='bbox 2800 1366 2904 1420; x_wconf 89' lang='lat' dir='ltr'><strong>nisi</strong></span> <span class='ocrx_word' id='word_1_206' title='bbox 2952 1366 3009 1418; x_wconf 90' lang='lat' dir='ltr'><strong>in</strong></span> <span class='ocrx_word' id='word_1_207' title='bbox 3050 1367 3217 1420; x_wconf 88' lang='lat' dir='ltr'><strong>verbo</strong></span> <span class='ocrx_word' id='word_1_208' title='bbox 3259 1365 3447 1436; x_wconf 66' lang='lat' dir='ltr'><strong>gratiae</strong></span> <span class='ocrx_word' id='word_1_209' title='bbox 3482 1381 3580 1420; x_wconf 81' lang='lat' dir='ltr'><strong>su-</strong></span> 
     </span>
    </p>
   </div>
   <div class='ocr_carea' id='block_1_30' title="bbox 2002 1455 3583 1532">
    <p class='ocr_par' dir='ltr' id='par_1_30' title="bbox 2002 1455 3583 1532">
     <span class='ocr_line' id='line_1_30' title="bbox 2002 1455 3583 1532; baseline -0.006 -15"><span class='ocrx_word' id='word_1_210' title='bbox 2002 1478 2184 1532; x_wconf 67' lang='lat' dir='ltr'><strong>perna:</strong></span> <span class='ocrx_word' id='word_1_211' title='bbox 2234 1461 2412 1514; x_wconf 80' lang='lat' dir='ltr'><strong>laxata</strong></span> <span class='ocrx_word' id='word_1_212' title='bbox 2458 1457 2661 1512; x_wconf 86' lang='lat' dir='ltr'><strong>fuerint</strong></span> <span class='ocrx_word' id='word_1_213' title='bbox 2704 1457 3068 1510; x_wconf 85' lang='lat' dir='ltr'><strong>instrumenta</strong></span> <span class='ocrx_word' id='word_1_214' title='bbox 3122 1455 3583 1525; x_wconf 89' lang='lat' dir='ltr'><strong>disputationum,</strong></span> 
     </span>
    </p>
   </div>
   <div class='ocr_carea' id='block_1_31' title="bbox 2005 1544 3587 1618">
    <p class='ocr_par' dir='ltr' id='par_1_31' title="bbox 2005 1544 3587 1618">
     <span class='ocr_line' id='line_1_31' title="bbox 2005 1544 3587 1618; baseline -0.006 -11"><span class='ocrx_word' id='word_1_215' title='bbox 2005 1553 2204 1609; x_wconf 82' lang='lat' dir='ltr'><strong>frustra</strong></span> <span class='ocrx_word' id='word_1_216' title='bbox 2220 1551 2372 1606; x_wconf 90' lang='lat' dir='ltr'><strong>vocis</strong></span> <span class='ocrx_word' id='word_1_217' title='bbox 2398 1564 2509 1604; x_wconf 73' lang='lat' dir='ltr'><strong>sua:</strong></span> <span class='ocrx_word' id='word_1_218' title='bbox 2536 1547 2863 1618; x_wconf 81' lang='lat' dir='ltr'><strong>praedicator</strong></span> <span class='ocrx_word' id='word_1_219' title='bbox 2884 1544 3126 1614; x_wconf 87' lang='lat' dir='ltr'><strong>jaculum</strong></span> <span class='ocrx_word' id='word_1_220' title='bbox 3153 1545 3342 1610; x_wconf 89' lang='lat' dir='ltr'><strong>mittit,</strong></span> <span class='ocrx_word' id='word_1_221' title='bbox 3372 1545 3497 1614; x_wconf 90' lang='lat' dir='ltr'><strong>quia</strong></span> <span class='ocrx_word' id='word_1_222' title='bbox 3521 1545 3587 1598; x_wconf 78' lang='lat' dir='ltr'><strong>fi-</strong></span> 
     </span>
    </p>
   </div>
   <div class='ocr_carea' id='block_1_32' title="bbox 2006 1635 3590 1714">
    <p class='ocr_par' dir='ltr' id='par_1_32' title="bbox 2006 1635 3590 1714">
     <span class='ocr_line' id='line_1_32' title="bbox 2006 1635 3590 1714; baseline -0.006 -14"><span class='ocrx_word' id='word_1_223' title='bbox 2006 1647 2102 1700; x_wconf 89' lang='lat' dir='ltr'><strong>des</strong></span> <span class='ocrx_word' id='word_1_224' title='bbox 2142 1642 2488 1714; x_wconf 82' lang='lat' dir='ltr'><strong>pOpulorum,</strong></span> <span class='ocrx_word' id='word_1_225' title='bbox 2520 1655 2627 1695; x_wconf 90' lang='lat' dir='ltr'><strong>non</strong></span> <span class='ocrx_word' id='word_1_226' title='bbox 2655 1637 2920 1706; x_wconf 86' lang='lat' dir='ltr'><strong>sapientia</strong></span> <span class='ocrx_word' id='word_1_227' title='bbox 2960 1636 3109 1690; x_wconf 86' lang='lat' dir='ltr'><strong>verbi</strong></span> <span class='ocrx_word' id='word_1_228' title='bbox 3142 1635 3459 1704; x_wconf 87' lang='lat' dir='ltr'><strong>compositi,</strong></span> <span class='ocrx_word' id='word_1_229' title='bbox 3491 1635 3590 1690; x_wconf 89' lang='lat' dir='ltr'><strong>sed</strong></span> 
     </span>
    </p>
   </div>
   <div class='ocr_carea' id='block_1_33' title="bbox 328 1725 3078 1827">
    <p class='ocr_par' dir='ltr' id='par_1_33' title="bbox 328 1725 3078 1827">
     <span class='ocr_line' id='line_1_33' title="bbox 328 1725 3078 1827; baseline -0.014 -11"><span class='ocrx_word' id='word_1_230' title='bbox 328 1776 447 1816; x_wconf 90' lang='lat' dir='ltr'><strong>rum</strong></span> <span class='ocrx_word' id='word_1_231' title='bbox 475 1756 842 1827; x_wconf 79' lang='lat' dir='ltr'><strong>congregatio,</strong></span> <span class='ocrx_word' id='word_1_232' title='bbox 873 1754 986 1808; x_wconf 84' lang='lat' dir='ltr'><strong>sive</strong></span> <span class='ocrx_word' id='word_1_233' title='bbox 1017 1750 1206 1812; x_wconf 89' lang='lat' dir='ltr'><strong>dulcis,</strong></span> <span class='ocrx_word' id='word_1_234' title='bbox 1237 1748 1350 1802; x_wconf 86' lang='lat' dir='ltr'><strong>sive</strong></span> <span class='ocrx_word' id='word_1_235' title='bbox 1379 1746 1541 1808; x_wconf 90' lang='lat' dir='ltr'><strong>salsa,</strong></span> <span class='ocrx_word' id='word_1_236' title='bbox 1582 1755 1734 1797; x_wconf 89' lang='lat' dir='ltr'><strong>mare</strong></span> <span class='ocrx_word' id='word_1_237' title='bbox 1764 1743 1905 1794; x_wconf 65' lang='lat' dir='ltr'><strong>nuu-‘</strong></span> <span class='ocrx_word' id='word_1_238' title='bbox 1929 1745 1976 1804; x_wconf 77' lang='grc' dir='ltr'><strong>Β</strong></span> <span class='ocrx_word' id='word_1_239' title='bbox 2003 1735 2198 1791; x_wconf 63' lang='lat' dir='ltr'><strong>divina:</strong></span> <span class='ocrx_word' id='word_1_240' title='bbox 2219 1730 2518 1787; x_wconf 89' lang='lat' dir='ltr'><strong>vocationis</strong></span> <span class='ocrx_word' id='word_1_241' title='bbox 2545 1741 2769 1782; x_wconf 89' lang='lat' dir='ltr'><strong>munere</strong></span> <span class='ocrx_word' id='word_1_242' title='bbox 2794 1725 3078 1795; x_wconf 66' lang='lat' dir='ltr'><strong>praevenit.</strong></span> 
     </span>
    </p>
   </div>
   <div class='ocr_carea' id='block_1_34' title="bbox 327 1834 1904 1922">
    <p class='ocr_par' dir='ltr' id='par_1_34' title="bbox 327 1834 1904 1922">
     <span class='ocr_line' id='line_1_34' title="bbox 327 1834 1904 1922; baseline -0.015 -17"><span class='ocrx_word' id='word_1_243' title='bbox 327 1859 574 1922; x_wconf 89' lang='lat' dir='ltr'><strong>cupatur.</strong></span> <span class='ocrx_word' id='word_1_244' title='bbox 609 1846 710 1912; x_wconf 87' lang='lat' dir='ltr'><strong>Qui</strong></span> <span class='ocrx_word' id='word_1_245' title='bbox 757 1845 904 1899; x_wconf 89' lang='lat' dir='ltr'><strong>lacus</strong></span> <span class='ocrx_word' id='word_1_246' title='bbox 953 1843 1094 1897; x_wconf 92' lang='lat' dir='ltr'><strong>inter</strong></span> <span class='ocrx_word' id='word_1_247' title='bbox 1136 1839 1339 1894; x_wconf 86' lang='lat' dir='ltr'><strong>fluenta</strong></span> <span class='ocrx_word' id='word_1_248' title='bbox 1385 1834 1654 1898; x_wconf 79' lang='lat' dir='ltr'><strong>Jordanis,</strong></span> <span class='ocrx_word' id='word_1_249' title='bbox 1688 1839 1904 1886; x_wconf 89' lang='lat' dir='ltr'><strong>centum</strong></span> 
     </span>
    </p>
   </div>
   <div class='ocr_carea' id='block_1_35' title="bbox 328 1919 1902 2009">
    <p class='ocr_par' dir='ltr' id='par_1_35' title="bbox 328 1919 1902 2009">
     <span class='ocr_line' id='line_1_35' title="bbox 328 1919 1902 2009; baseline -0.015 -16"><span class='ocrx_word' id='word_1_250' title='bbox 328 1919 681 2009; x_wconf 76' lang='lat' dir='ltr'><strong>quadraginta</strong></span> <span class='ocrx_word' id='word_1_251' title='bbox 715 1933 905 1987; x_wconf 86' lang='lat' dir='ltr'><strong>stadiis</strong></span> <span class='ocrx_word' id='word_1_252' title='bbox 931 1932 986 1984; x_wconf 92' lang='lat' dir='ltr'><strong>in</strong></span> <span class='ocrx_word' id='word_1_253' title='bbox 1013 1927 1422 1999; x_wconf 85' lang='lat' dir='ltr'><strong>longitudinem,</strong></span> <span class='ocrx_word' id='word_1_254' title='bbox 1467 1930 1522 1977; x_wconf 88' lang='lat' dir='ltr'><strong>et</strong></span> <span class='ocrx_word' id='word_1_255' title='bbox 1550 1919 1902 1990; x_wconf 87' lang='lat' dir='ltr'><strong>quadraginta</strong></span> 
     </span>
    </p>
   </div>
   <div class='ocr_carea' id='block_1_36' title="bbox 327 2007 1905 2085">
    <p class='ocr_par' dir='ltr' id='par_1_36' title="bbox 327 2007 1905 2085">
     <span class='ocr_line' id='line_1_36' title="bbox 327 2007 1905 2085; baseline -0.016 -1"><span class='ocrx_word' id='word_1_256' title='bbox 327 2007 384 2085; x_wconf 81' lang='lat' dir='ltr'><strong>in</strong></span> <span class='ocrx_word' id='word_1_257' title='bbox 427 2025 767 2082; x_wconf 87' lang='lat' dir='ltr'><strong>latitudinem</strong></span> <span class='ocrx_word' id='word_1_258' title='bbox 801 2020 1131 2076; x_wconf 82' lang='lat' dir='ltr'><strong>extenditur.</strong></span> <span class='ocrx_word' id='word_1_259' title='bbox 1175 2015 1313 2083; x_wconf 86' lang='lat' dir='ltr'><strong>Quia</strong></span> <span class='ocrx_word' id='word_1_260' title='bbox 1342 2029 1471 2084; x_wconf 87' lang='lat' dir='ltr'><strong>ergo</strong></span> <span class='ocrx_word' id='word_1_261' title='bbox 1499 2020 1750 2081; x_wconf 85' lang='lat' dir='ltr'><strong>stagnum</strong></span> <span class='ocrx_word' id='word_1_262' title='bbox 1792 2007 1905 2061; x_wconf 90' lang='lat' dir='ltr'><strong>sive</strong></span> 
     </span>
    </p>
   </div>
   <div class='ocr_carea' id='block_1_37' title="bbox 329 2101 1906 2186">
    <p class='ocr_par' dir='ltr' id='par_1_37' title="bbox 329 2101 1906 2186">
     <span class='ocr_line' id='line_1_37' title="bbox 329 2101 1906 2186; baseline -0.015 -12"><span class='ocrx_word' id='word_1_263' title='bbox 329 2133 478 2174; x_wconf 87' lang='lat' dir='ltr'><strong>mare</strong></span> <span class='ocrx_word' id='word_1_264' title='bbox 525 2129 764 2186; x_wconf 68' lang='lat' dir='ltr'><strong>prazsens</strong></span> <span class='ocrx_word' id='word_1_265' title='bbox 810 2110 1064 2166; x_wconf 75' lang='lat' dir='ltr'><strong>szeculum</strong></span> <span class='ocrx_word' id='word_1_266' title='bbox 1124 2107 1399 2175; x_wconf 87' lang='lat' dir='ltr'><strong>designat,</strong></span> <span class='ocrx_word' id='word_1_267' title='bbox 1446 2101 1706 2157; x_wconf 88' lang='lat' dir='ltr'><strong>Dominus</strong></span> <span class='ocrx_word' id='word_1_268' title='bbox 1749 2111 1906 2153; x_wconf 88' lang='lat' dir='ltr'><strong>secus</strong></span> 
     </span>
    </p>
   </div>
   <div class='ocr_carea' id='block_1_38' title="bbox 330 2185 1908 2268">
    <p class='ocr_par' dir='ltr' id='par_1_38' title="bbox 330 2185 1908 2268">
     <span class='ocr_line' id='line_1_38' title="bbox 330 2185 1908 2268; baseline -0.016 -6"><span class='ocrx_word' id='word_1_269' title='bbox 330 2223 482 2262; x_wconf 87' lang='lat' dir='ltr'><strong>mare</strong></span> <span class='ocrx_word' id='word_1_270' title='bbox 507 2185 635 2259; x_wconf 84' lang='lat' dir='ltr'><strong>stat.</strong></span> <span class='ocrx_word' id='word_1_271' title='bbox 667 2202 957 2268; x_wconf 84' lang='lat' dir='ltr'><strong>Postquam</strong></span> <span class='ocrx_word' id='word_1_272' title='bbox 981 2198 1107 2251; x_wconf 67' lang='lat' dir='ltr'><strong>vita:</strong></span> <span class='ocrx_word' id='word_1_273' title='bbox 1145 2195 1372 2250; x_wconf 86' lang='lat' dir='ltr'><strong>labentis</strong></span> <span class='ocrx_word' id='word_1_274' title='bbox 1399 2189 1782 2245; x_wconf 86' lang='lat' dir='ltr'><strong>mortalitatem</strong></span> <span class='ocrx_word' id='word_1_275' title='bbox 1816 2185 1908 2238; x_wconf 87' lang='lat' dir='ltr'><strong>de-</strong></span> 
     </span>
    </p>
   </div>
   <div class='ocr_carea' id='block_1_39' title="bbox 329 2280 1908 2362">
    <p class='ocr_par' dir='ltr' id='par_1_39' title="bbox 329 2280 1908 2362">
     <span class='ocr_line' id='line_1_39' title="bbox 329 2280 1908 2362; baseline -0.015 -9"><span class='ocrx_word' id='word_1_276' title='bbox 329 2300 572 2362; x_wconf 89' lang='lat' dir='ltr'><strong>vincens,</strong></span> <span class='ocrx_word' id='word_1_277' title='bbox 601 2295 654 2348; x_wconf 92' lang='lat' dir='ltr'><strong>in</strong></span> <span class='ocrx_word' id='word_1_278' title='bbox 678 2307 741 2347; x_wconf 90' lang='lat' dir='ltr'><strong>ea</strong></span> <span class='ocrx_word' id='word_1_279' title='bbox 764 2307 866 2361; x_wconf 90' lang='lat' dir='ltr'><strong>qua</strong></span> <span class='ocrx_word' id='word_1_280' title='bbox 891 2303 1082 2360; x_wconf 90' lang='lat' dir='ltr'><strong>passus</strong></span> <span class='ocrx_word' id='word_1_281' title='bbox 1101 2293 1186 2341; x_wconf 90' lang='lat' dir='ltr'><strong>est</strong></span> <span class='ocrx_word' id='word_1_282' title='bbox 1205 2298 1388 2348; x_wconf 92' lang='lat' dir='ltr'><strong>carne,</strong></span> <span class='ocrx_word' id='word_1_283' title='bbox 1411 2280 1759 2336; x_wconf 86' lang='lat' dir='ltr'><strong>stabilitatem</strong></span> <span class='ocrx_word' id='word_1_284' title='bbox 1786 2291 1908 2347; x_wconf 85' lang='lat' dir='ltr'><strong>per-</strong></span> 
     </span>
    </p>
   </div>
   <div class='ocr_carea' id='block_1_40' title="bbox 332 2369 1906 2461">
    <p class='ocr_par' dir='ltr' id='par_1_40' title="bbox 332 2369 1906 2461">
     <span class='ocr_line' id='line_1_40' title="bbox 332 2369 1906 2461; baseline -0.017 -16"><span class='ocrx_word' id='word_1_285' title='bbox 332 2400 508 2461; x_wconf 65' lang='lat' dir='ltr'><strong>petua:</strong></span> <span class='ocrx_word' id='word_1_286' title='bbox 549 2385 748 2457; x_wconf 90' lang='lat' dir='ltr'><strong>quietis</strong></span> <span class='ocrx_word' id='word_1_287' title='bbox 794 2382 962 2446; x_wconf 89' lang='lat' dir='ltr'><strong>adiit,</strong></span> <span class='ocrx_word' id='word_1_288' title='bbox 1003 2379 1280 2432; x_wconf 88' lang='lat' dir='ltr'><strong>turbarum</strong></span> <span class='ocrx_word' id='word_1_289' title='bbox 1312 2379 1607 2428; x_wconf 85' lang='lat' dir='ltr'><strong>conventus</strong></span> <span class='ocrx_word' id='word_1_290' title='bbox 1655 2369 1722 2424; x_wconf 89' lang='lat' dir='ltr'><strong>ad</strong></span> <span class='ocrx_word' id='word_1_291' title='bbox 1749 2383 1906 2430; x_wconf 90' lang='lat' dir='ltr'><strong>eum,</strong></span> 
     </span>
    </p>
   </div>
   <div class='ocr_carea' id='block_1_41' title="bbox 334 2458 1911 2550">
    <p class='ocr_par' dir='ltr' id='par_1_41' title="bbox 334 2458 1911 2550">
     <span class='ocr_line' id='line_1_41' title="bbox 334 2458 1911 2550; baseline -0.016 -15"><span class='ocrx_word' id='word_1_292' title='bbox 334 2458 572 2550; x_wconf 76' lang='lat' dir='ltr'><strong>gentium</strong></span> <span class='ocrx_word' id='word_1_293' title='bbox 605 2477 658 2530; x_wconf 91' lang='lat' dir='ltr'><strong>in</strong></span> <span class='ocrx_word' id='word_1_294' title='bbox 687 2474 790 2528; x_wconf 91' lang='lat' dir='ltr'><strong>ﬁde</strong></span> <span class='ocrx_word' id='word_1_295' title='bbox 819 2468 1258 2527; x_wconf 89' lang='lat' dir='ltr'><strong>concurrentium</strong></span> <span class='ocrx_word' id='word_1_296' title='bbox 1302 2472 1461 2534; x_wconf 83' lang='lat' dir='ltr'><strong>typus</strong></span> <span class='ocrx_word' id='word_1_297' title='bbox 1489 2469 1590 2524; x_wconf 91' lang='lat' dir='ltr'><strong>est,</strong></span> <span class='ocrx_word' id='word_1_298' title='bbox 1623 2459 1690 2513; x_wconf 93' lang='lat' dir='ltr'><strong>de</strong></span> <span class='ocrx_word' id='word_1_299' title='bbox 1714 2458 1911 2526; x_wconf 88' lang='lat' dir='ltr'><strong>quibus</strong></span> 
     </span>
    </p>
   </div>
   <div class='ocr_carea' id='block_1_42' title="bbox 330 2547 1933 2636">
    <p class='ocr_par' dir='ltr' id='par_1_42' title="bbox 330 2547 1933 2636">
     <span class='ocr_line' id='line_1_42' title="bbox 330 2547 1933 2636; baseline -0.018 -8"><span class='ocrx_word' id='word_1_300' title='bbox 330 2547 537 2629; x_wconf 71' lang='lat' dir='ltr'><strong>lsaias:</strong></span> <span class='ocrx_word' id='word_1_301' title='bbox 570 2567 636 2622; x_wconf 89' lang='lat' dir='ltr'><strong>Et</strong></span> <span class='ocrx_word' id='word_1_302' title='bbox 670 2568 853 2636; x_wconf 81' lang='lat' dir='ltr'><strong>ﬂuent,</strong></span> <span class='ocrx_word' id='word_1_303' title='bbox 877 2561 1078 2631; x_wconf 87' lang='lat' dir='ltr'><strong>inquit,</strong></span> <span class='ocrx_word' id='word_1_304' title='bbox 1105 2558 1174 2613; x_wconf 91' lang='lat' dir='ltr'><strong>ad</strong></span> <span class='ocrx_word' id='word_1_305' title='bbox 1209 2573 1325 2612; x_wconf 86' lang='lat' dir='ltr'><strong>eum</strong></span> <span class='ocrx_word' id='word_1_306' title='bbox 1361 2570 1537 2608; x_wconf 88' lang='lat' dir='ltr'><strong>omnes</strong></span> <span class='ocrx_word' id='word_1_307' title='bbox 1574 2559 1769 2621; x_wconf 84' lang='lat' dir='ltr'><strong>gentes,</strong></span> <span class='ocrx_word' id='word_1_308' title='bbox 1800 2547 1933 2602; x_wconf 69' lang='lat' dir='ltr'><strong>exi--</strong></span> 
     </span>
    </p>
   </div>
   <div class='ocr_carea' id='block_1_43' title="bbox 335 2639 1910 2730">
    <p class='ocr_par' dir='ltr' id='par_1_43' title="bbox 335 2639 1910 2730">
     <span class='ocr_line' id='line_1_43' title="bbox 335 2639 1910 2730; baseline -0.016 -14"><span class='ocrx_word' id='word_1_309' title='bbox 335 2665 459 2718; x_wconf 86' lang='lat' dir='ltr'><strong>bunt</strong></span> <span class='ocrx_word' id='word_1_310' title='bbox 485 2657 665 2730; x_wconf 84' lang='lat' dir='ltr'><strong>populi</strong></span> <span class='ocrx_word' id='word_1_311' title='bbox 699 2655 851 2710; x_wconf 86' lang='lat' dir='ltr'><strong>multi</strong></span> <span class='ocrx_word' id='word_1_312' title='bbox 884 2663 931 2708; x_wconf 87' lang='lat' dir='ltr'><strong>et</strong></span> <span class='ocrx_word' id='word_1_313' title='bbox 970 2652 1140 2706; x_wconf 78' lang='lat' dir='ltr'><strong>dicent</strong></span> <span class='ocrx_word' id='word_1_314' title='bbox 1177 2663 1195 2701; x_wconf 89' lang='lat'><strong><em>:</em></strong></span> <span class='ocrx_word' id='word_1_315' title='bbox 1229 2647 1430 2711; x_wconf 78' lang='lat' dir='ltr'><strong>Venite,</strong></span> <span class='ocrx_word' id='word_1_316' title='bbox 1466 2643 1809 2699; x_wconf 74' lang='lat' dir='ltr'><strong>ostendamus</strong></span> <span class='ocrx_word' id='word_1_317' title='bbox 1842 2639 1910 2692; x_wconf 91' lang='lat' dir='ltr'><strong>ad</strong></span> 
     </span>
    </p>
   </div>
   <div class='ocr_carea' id='block_1_44' title="bbox 334 2741 1062 2817">
    <p class='ocr_par' dir='ltr' id='par_1_44' title="bbox 334 2741 1062 2817">
     <span class='ocr_line' id='line_1_44' title="bbox 334 2741 1062 2817; baseline -0.019 -8"><span class='ocrx_word' id='word_1_318' title='bbox 334 2762 557 2810; x_wconf 84' lang='lat' dir='ltr'><strong>montem</strong></span> <span class='ocrx_word' id='word_1_319' title='bbox 573 2747 785 2803; x_wconf 81' lang='lat' dir='ltr'><strong>Domini</strong></span> <span class='ocrx_word' id='word_1_320' title='bbox 815 2744 948 2817; x_wconf 83' lang='lat' dir='ltr'><strong>(Isa.</strong></span> <span class='ocrx_word' id='word_1_321' title='bbox 977 2741 1062 2814; x_wconf 85' lang='grc' dir='ltr'>ιι).</span> 
     </span>
    </p>
   </div>
   <div class='ocr_carea' id='block_1_45' title="bbox 406 2825 1912 2898">
    <p class='ocr_par' dir='ltr' id='par_1_45' title="bbox 406 2825 1912 2898">
     <span class='ocr_line' id='line_1_45' title="bbox 406 2825 1912 2898; baseline -0.014 -3"><span class='ocrx_word' id='word_1_322' title='bbox 406 2842 472 2895; x_wconf 86' lang='lat' dir='ltr'><strong>Et</strong></span> <span class='ocrx_word' id='word_1_323' title='bbox 503 2840 628 2895; x_wconf 85' lang='lat' dir='ltr'><strong>vidit</strong></span> <span class='ocrx_word' id='word_1_324' title='bbox 658 2838 791 2891; x_wconf 88' lang='lat' dir='ltr'><strong>duas</strong></span> <span class='ocrx_word' id='word_1_325' title='bbox 817 2850 972 2888; x_wconf 85' lang='lat' dir='ltr'><strong>naves</strong></span> <span class='ocrx_word' id='word_1_326' title='bbox 1001 2847 1147 2885; x_wconf 86' lang='lat' dir='ltr'><strong>secus</strong></span> <span class='ocrx_word' id='word_1_327' title='bbox 1170 2838 1433 2898; x_wconf 86' lang='lat' dir='ltr'><strong>stagnum.</strong></span> <span class='ocrx_word' id='word_1_328' title='bbox 1461 2825 1590 2880; x_wconf 64' lang='lat' dir='ltr'><strong>Duae</strong></span> <span class='ocrx_word' id='word_1_329' title='bbox 1627 2835 1794 2877; x_wconf 87' lang='lat' dir='ltr'><strong>naves</strong></span> <span class='ocrx_word' id='word_1_330' title='bbox 1828 2834 1912 2874; x_wconf 90' lang='lat' dir='ltr'><strong>se-</strong></span> 
     </span>
    </p>
   </div>
   <div class='ocr_carea' id='block_1_46' title="bbox 335 2911 1910 2999">
    <p class='ocr_par' dir='ltr' id='par_1_46' title="bbox 335 2911 1910 2999">
     <span class='ocr_line' id='line_1_46' title="bbox 335 2911 1910 2999; baseline -0.017 -11"><span class='ocrx_word' id='word_1_331' title='bbox 335 2949 431 2988; x_wconf 90' lang='lat' dir='ltr'><strong>cus</strong></span> <span class='ocrx_word' id='word_1_332' title='bbox 465 2940 714 2999; x_wconf 82' lang='lat' dir='ltr'><strong>stagnum</strong></span> <span class='ocrx_word' id='word_1_333' title='bbox 758 2925 951 2996; x_wconf 71' lang='lat' dir='ltr'><strong>posita:</strong></span> <span class='ocrx_word' id='word_1_334' title='bbox 985 2919 1454 2976; x_wconf 86' lang='lat' dir='ltr'><strong>circumcisioncm</strong></span> <span class='ocrx_word' id='word_1_335' title='bbox 1500 2926 1554 2969; x_wconf 85' lang='lat' dir='ltr'><strong>et</strong></span> <span class='ocrx_word' id='word_1_336' title='bbox 1584 2911 1910 2984; x_wconf 59' lang='lat' dir='ltr'><strong>praeputium</strong></span> 
     </span>
    </p>
   </div>
   <div class='ocr_carea' id='block_1_47' title="bbox 335 3001 1911 3094">
    <p class='ocr_par' dir='ltr' id='par_1_47' title="bbox 335 3001 1911 3094">
     <span class='ocr_line' id='line_1_47' title="bbox 335 3001 1911 3094; baseline -0.016 -16"><span class='ocrx_word' id='word_1_337' title='bbox 335 3022 659 3094; x_wconf 76' lang='lat' dir='ltr'><strong>significant,</strong></span> <span class='ocrx_word' id='word_1_338' title='bbox 687 3031 822 3087; x_wconf 86' lang='lat' dir='ltr'><strong>quas</strong></span> <span class='ocrx_word' id='word_1_339' title='bbox 844 3015 984 3068; x_wconf 82' lang='lat' dir='ltr'><strong>bene</strong></span> <span class='ocrx_word' id='word_1_340' title='bbox 1009 3010 1165 3066; x_wconf 84' lang='lat' dir='ltr'><strong>Jesus</strong></span> <span class='ocrx_word' id='word_1_341' title='bbox 1192 3009 1392 3064; x_wconf 85' lang='lat' dir='ltr'><strong>vidisse</strong></span> <span class='ocrx_word' id='word_1_342' title='bbox 1417 3007 1752 3077; x_wconf 84' lang='lat' dir='ltr'><strong>perhibetur,</strong></span> <span class='ocrx_word' id='word_1_343' title='bbox 1784 3001 1911 3071; x_wconf 89' lang='lat' dir='ltr'><strong>quia</strong></span> 
     </span>
    </p>
   </div>
   <div class='ocr_carea' id='block_1_48' title="bbox 2073 1832 3590 1909">
    <p class='ocr_par' dir='ltr' id='par_1_48' title="bbox 2073 1832 3590 1909">
     <span class='ocr_line' id='line_1_48' title="bbox 2073 1832 3590 1909; baseline -0.009 -9"><span class='ocrx_word' id='word_1_344' title='bbox 2073 1846 2142 1900; x_wconf 86' lang='lat' dir='ltr'><strong>Et</strong></span> <span class='ocrx_word' id='word_1_345' title='bbox 2185 1859 2301 1898; x_wconf 90' lang='lat' dir='ltr'><strong>cum</strong></span> <span class='ocrx_word' id='word_1_346' title='bbox 2331 1842 2427 1894; x_wconf 87' lang='lat' dir='ltr'><strong>hoc</strong></span> <span class='ocrx_word' id='word_1_347' title='bbox 2460 1839 2721 1909; x_wconf 73' lang='lat' dir='ltr'><strong>fecissent,</strong></span> <span class='ocrx_word' id='word_1_348' title='bbox 2754 1833 3118 1888; x_wconf 86' lang='lat' dir='ltr'><strong>concluserunt</strong></span> <span class='ocrx_word' id='word_1_349' title='bbox 3145 1833 3367 1903; x_wconf 84' lang='lat' dir='ltr'><strong>piscium</strong></span> <span class='ocrx_word' id='word_1_350' title='bbox 3403 1832 3590 1887; x_wconf 85' lang='lat' dir='ltr'><strong>multi-</strong></span> 
     </span>
    </p>
   </div>
   <div class='ocr_carea' id='block_1_49' title="bbox 2004 1924 3591 2002">
    <p class='ocr_par' dir='ltr' id='par_1_49' title="bbox 2004 1924 3591 2002">
     <span class='ocr_line' id='line_1_49' title="bbox 2004 1924 3591 2002; baseline -0.007 -12"><span class='ocrx_word' id='word_1_351' title='bbox 2004 1936 2237 1990; x_wconf 84' lang='lat' dir='ltr'><strong>tudinem</strong></span> <span class='ocrx_word' id='word_1_352' title='bbox 2263 1932 2544 2002; x_wconf 85' lang='lat' dir='ltr'><strong>copiosam,</strong></span> <span class='ocrx_word' id='word_1_353' title='bbox 2573 1926 2911 1996; x_wconf 87' lang='lat' dir='ltr'><strong>rumpebatur</strong></span> <span class='ocrx_word' id='word_1_354' title='bbox 2931 1933 3105 1976; x_wconf 87' lang='lat' dir='ltr'><strong>autem</strong></span> <span class='ocrx_word' id='word_1_355' title='bbox 3136 1936 3241 1976; x_wconf 88' lang='lat' dir='ltr'><strong>rete</strong></span> <span class='ocrx_word' id='word_1_356' title='bbox 3260 1939 3459 1977; x_wconf 88' lang='lat' dir='ltr'><strong>eorum.</strong></span> <span class='ocrx_word' id='word_1_357' title='bbox 3486 1924 3591 1995; x_wconf 74' lang='lat' dir='ltr'><strong>(Ex</strong></span> 
     </span>
    </p>
   </div>
   <div class='ocr_carea' id='block_1_50' title="bbox 2004 2012 3590 2094">
    <p class='ocr_par' dir='ltr' id='par_1_50' title="bbox 2004 2012 3590 2094">
     <span class='ocr_line' id='line_1_50' title="bbox 2004 2012 3590 2094; baseline -0.008 -15"><span class='ocrx_word' id='word_1_358' title='bbox 2004 2021 2190 2094; x_wconf 86' lang='lat' dir='ltr'><strong>Greg.)</strong></span> <span class='ocrx_word' id='word_1_359' title='bbox 2220 2021 2337 2076; x_wconf 74' lang='lat' dir='ltr'><strong>Pra:</strong></span> <span class='ocrx_word' id='word_1_360' title='bbox 2383 2016 2727 2072; x_wconf 88' lang='lat' dir='ltr'><strong>multitudine</strong></span> <span class='ocrx_word' id='word_1_361' title='bbox 2768 2013 3001 2084; x_wconf 90' lang='lat' dir='ltr'><strong>piscium</strong></span> <span class='ocrx_word' id='word_1_362' title='bbox 3047 2020 3163 2066; x_wconf 90' lang='lat' dir='ltr'><strong>rete</strong></span> <span class='ocrx_word' id='word_1_363' title='bbox 3211 2012 3590 2082; x_wconf 87' lang='lat' dir='ltr'><strong>rumpebatur,</strong></span> 
     </span>
    </p>
   </div>
   <div class='ocr_carea' id='block_1_51' title="bbox 2005 2100 3594 2184">
    <p class='ocr_par' dir='ltr' id='par_1_51' title="bbox 2005 2100 3594 2184">
     <span class='ocr_line' id='line_1_51' title="bbox 2005 2100 3594 2184; baseline -0.006 -19"><span class='ocrx_word' id='word_1_364' title='bbox 2005 2112 2316 2184; x_wconf 82' lang='lat' dir='ltr'><strong>quia&#39;nunc</strong></span> <span class='ocrx_word' id='word_1_365' title='bbox 2345 2108 2410 2161; x_wconf 90' lang='lat' dir='ltr'><strong>ad</strong></span> <span class='ocrx_word' id='word_1_366' title='bbox 2440 2104 2839 2162; x_wconf 86' lang='lat' dir='ltr'><strong>confessionem</strong></span> <span class='ocrx_word' id='word_1_367' title='bbox 2869 2102 3014 2165; x_wconf 82' lang='lat' dir='ltr'><strong>ﬁdei,</strong></span> <span class='ocrx_word' id='word_1_368' title='bbox 3046 2100 3211 2156; x_wconf 90' lang='lat' dir='ltr'><strong>etiam</strong></span> <span class='ocrx_word' id='word_1_369' title='bbox 3251 2116 3373 2156; x_wconf 91' lang='lat' dir='ltr'><strong>cum</strong></span> <span class='ocrx_word' id='word_1_370' title='bbox 3402 2100 3594 2156; x_wconf 82' lang='lat' dir='ltr'><strong>electis</strong></span> 
     </span>
    </p>
   </div>
   <div class='ocr_carea' id='block_1_52' title="bbox 2006 2191 3592 2271">
    <p class='ocr_par' dir='ltr' id='par_1_52' title="bbox 2006 2191 3592 2271">
     <span class='ocr_line' id='line_1_52' title="bbox 2006 2191 3592 2271; baseline -0.008 -15"><span class='ocrx_word' id='word_1_371' title='bbox 2006 2201 2219 2271; x_wconf 87' lang='lat' dir='ltr'><strong>reprobi</strong></span> <span class='ocrx_word' id='word_1_372' title='bbox 2265 2197 2400 2252; x_wconf 90' lang='lat' dir='ltr'><strong>tanti</strong></span> <span class='ocrx_word' id='word_1_373' title='bbox 2442 2197 2668 2259; x_wconf 88' lang='lat' dir='ltr'><strong>intrant,</strong></span> <span class='ocrx_word' id='word_1_374' title='bbox 2715 2193 2809 2262; x_wconf 89' lang='lat' dir='ltr'><strong>qui</strong></span> <span class='ocrx_word' id='word_1_375' title='bbox 2839 2194 3008 2262; x_wconf 88' lang='lat' dir='ltr'><strong>ipsam</strong></span> <span class='ocrx_word' id='word_1_376' title='bbox 3041 2206 3258 2260; x_wconf 90' lang='lat' dir='ltr'><strong>quoque</strong></span> <span class='ocrx_word' id='word_1_377' title='bbox 3289 2191 3592 2246; x_wconf 77' lang='lat' dir='ltr'><strong>Ecclesium</strong></span> 
     </span>
    </p>
   </div>
   <div class='ocr_carea' id='block_1_53' title="bbox 2007 2282 3592 2352">
    <p class='ocr_par' dir='ltr' id='par_1_53' title="bbox 2007 2282 3592 2352">
     <span class='ocr_line' id='line_1_53' title="bbox 2007 2282 3592 2352; baseline -0.006 -8"><span class='ocrx_word' id='word_1_378' title='bbox 2007 2289 2301 2344; x_wconf 63' lang='lat' dir='ltr'><strong>haeresibus</strong></span> <span class='ocrx_word' id='word_1_379' title='bbox 2337 2285 2603 2340; x_wconf 89' lang='lat' dir='ltr'><strong>scindant.</strong></span> <span class='ocrx_word' id='word_1_380' title='bbox 2637 2282 2926 2352; x_wconf 78' lang='lat' dir='ltr'><strong>Rumpitur</strong></span> <span class='ocrx_word' id='word_1_381' title='bbox 2951 2290 3130 2336; x_wconf 89' lang='lat' dir='ltr'><strong>autem</strong></span> <span class='ocrx_word' id='word_1_382' title='bbox 3173 2289 3306 2343; x_wconf 88' lang='lat' dir='ltr'><strong>rete,</strong></span> <span class='ocrx_word' id='word_1_383' title='bbox 3353 2283 3449 2336; x_wconf 90' lang='lat' dir='ltr'><strong>sed</strong></span> <span class='ocrx_word' id='word_1_384' title='bbox 3479 2297 3592 2336; x_wconf 88' lang='lat' dir='ltr'><strong>non</strong></span> 
     </span>
    </p>
   </div>
   <div class='ocr_carea' id='block_1_54' title="bbox 2007 2373 3592 2448">
    <p class='ocr_par' dir='ltr' id='par_1_54' title="bbox 2007 2373 3592 2448">
     <span class='ocr_line' id='line_1_54' title="bbox 2007 2373 3592 2448; baseline -0.004 -13"><span class='ocrx_word' id='word_1_385' title='bbox 2007 2381 2238 2435; x_wconf 86' lang='lat' dir='ltr'><strong>elabitur</strong></span> <span class='ocrx_word' id='word_1_386' title='bbox 2265 2379 2448 2448; x_wconf 89' lang='lat' dir='ltr'><strong>piscis,</strong></span> <span class='ocrx_word' id='word_1_387' title='bbox 2473 2377 2600 2447; x_wconf 90' lang='lat' dir='ltr'><strong>quia</strong></span> <span class='ocrx_word' id='word_1_388' title='bbox 2625 2389 2751 2430; x_wconf 91' lang='lat' dir='ltr'><strong>suos</strong></span> <span class='ocrx_word' id='word_1_389' title='bbox 2777 2375 3025 2429; x_wconf 82' lang='lat' dir='ltr'><strong>dominus</strong></span> <span class='ocrx_word' id='word_1_390' title='bbox 3049 2375 3214 2428; x_wconf 90' lang='lat' dir='ltr'><strong>etiam</strong></span> <span class='ocrx_word' id='word_1_391' title='bbox 3240 2373 3383 2427; x_wconf 86' lang='lat' dir='ltr'><strong>inter</strong></span> <span class='ocrx_word' id='word_1_392' title='bbox 3400 2388 3592 2446; x_wconf 60' lang='lat' dir='ltr'><strong>perse-</strong></span> 
     </span>
    </p>
   </div>
   <div class='ocr_carea' id='block_1_55' title="bbox 2009 2465 2788 2541">
    <p class='ocr_par' dir='ltr' id='par_1_55' title="bbox 2009 2465 2788 2541">
     <span class='ocr_line' id='line_1_55' title="bbox 2009 2465 2788 2541; baseline -0.008 -18"><span class='ocrx_word' id='word_1_393' title='bbox 2009 2469 2286 2541; x_wconf 86' lang='lat' dir='ltr'><strong>quentium</strong></span> <span class='ocrx_word' id='word_1_394' title='bbox 2309 2465 2560 2522; x_wconf 87' lang='lat' dir='ltr'><strong>scandala</strong></span> <span class='ocrx_word' id='word_1_395' title='bbox 2588 2472 2788 2519; x_wconf 84' lang='lat' dir='ltr'><strong>servat.</strong></span> 
     </span>
    </p>
   </div>
   <div class='ocr_carea' id='block_1_56' title="bbox 2082 2551 3596 2625">
    <p class='ocr_par' dir='ltr' id='par_1_56' title="bbox 2082 2551 3596 2625">
     <span class='ocr_line' id='line_1_56' title="bbox 2082 2551 3596 2625; baseline -0.004 -14"><span class='ocrx_word' id='word_1_396' title='bbox 2082 2558 2148 2612; x_wconf 85' lang='lat' dir='ltr'><strong>Et</strong></span> <span class='ocrx_word' id='word_1_397' title='bbox 2179 2565 2472 2611; x_wconf 64' lang='lat' dir='ltr'><strong>annuerant</strong></span> <span class='ocrx_word' id='word_1_398' title='bbox 2501 2554 2656 2609; x_wconf 84' lang='lat' dir='ltr'><strong>sociis</strong></span> <span class='ocrx_word' id='word_1_399' title='bbox 2698 2554 2785 2625; x_wconf 83' lang='lat' dir='ltr'><strong>qui</strong></span> <span class='ocrx_word' id='word_1_400' title='bbox 2831 2562 2981 2606; x_wconf 87' lang='lat' dir='ltr'><strong>erant</strong></span> <span class='ocrx_word' id='word_1_401' title='bbox 3008 2553 3062 2606; x_wconf 89' lang='lat' dir='ltr'><strong>in</strong></span> <span class='ocrx_word' id='word_1_402' title='bbox 3097 2551 3205 2606; x_wconf 90' lang='lat' dir='ltr'><strong>alia</strong></span> <span class='ocrx_word' id='word_1_403' title='bbox 3239 2553 3377 2618; x_wconf 83' lang='lat' dir='ltr'><strong>navi,</strong></span> <span class='ocrx_word' id='word_1_404' title='bbox 3409 2560 3468 2606; x_wconf 86' lang='lat' dir='ltr'><strong>ut</strong></span> <span class='ocrx_word' id='word_1_405' title='bbox 3507 2568 3596 2607; x_wconf 74' lang='lat' dir='ltr'><strong>re-</strong></span> 
     </span>
    </p>
   </div>
   <div class='ocr_carea' id='block_1_57' title="bbox 2011 2644 3596 2716">
    <p class='ocr_par' dir='ltr' id='par_1_57' title="bbox 2011 2644 3596 2716">
     <span class='ocr_line' id='line_1_57' title="bbox 2011 2644 3596 2716; baseline -0.004 -13"><span class='ocrx_word' id='word_1_406' title='bbox 2011 2651 2177 2704; x_wconf 87' lang='lat' dir='ltr'><strong>nirent</strong></span> <span class='ocrx_word' id='word_1_407' title='bbox 2203 2657 2251 2701; x_wconf 87' lang='lat' dir='ltr'><strong>et</strong></span> <span class='ocrx_word' id='word_1_408' title='bbox 2279 2647 2593 2716; x_wconf 81' lang='lat' dir='ltr'><strong>adjuvarent</strong></span> <span class='ocrx_word' id='word_1_409' title='bbox 2618 2662 2724 2699; x_wconf 80' lang='lat' dir='ltr'><strong>eos.</strong></span> <span class='ocrx_word' id='word_1_410' title='bbox 2768 2645 2886 2698; x_wconf 86' lang='lat' dir='ltr'><strong>Alia</strong></span> <span class='ocrx_word' id='word_1_411' title='bbox 2917 2645 3092 2709; x_wconf 88' lang='lat' dir='ltr'><strong>navis,</strong></span> <span class='ocrx_word' id='word_1_412' title='bbox 3118 2652 3175 2697; x_wconf 93' lang='lat' dir='ltr'><strong>ut</strong></span> <span class='ocrx_word' id='word_1_413' title='bbox 3215 2644 3596 2714; x_wconf 69' lang='lat' dir='ltr'><strong>praediximus,</strong></span> 
     </span>
    </p>
   </div>
   <div class='ocr_carea' id='block_1_58' title="bbox 2009 2734 3596 2820">
    <p class='ocr_par' dir='ltr' id='par_1_58' title="bbox 2009 2734 3596 2820">
     <span class='ocr_line' id='line_1_58' title="bbox 2009 2734 3596 2820; baseline -0.004 -24"><span class='ocrx_word' id='word_1_414' title='bbox 2009 2750 2092 2796; x_wconf 92' lang='lat' dir='ltr'><strong>est</strong></span> <span class='ocrx_word' id='word_1_415' title='bbox 2119 2740 2348 2796; x_wconf 86' lang='lat' dir='ltr'><strong>ecclesia</strong></span> <span class='ocrx_word' id='word_1_416' title='bbox 2377 2738 2443 2792; x_wconf 92' lang='lat' dir='ltr'><strong>de</strong></span> <span class='ocrx_word' id='word_1_417' title='bbox 2477 2737 2746 2820; x_wconf 76' lang='lat' dir='ltr'><strong>gentibus,</strong></span> <span class='ocrx_word' id='word_1_418' title='bbox 2781 2752 2900 2806; x_wconf 80' lang='lat' dir='ltr'><strong>quae</strong></span> <span class='ocrx_word' id='word_1_419' title='bbox 2926 2745 2981 2790; x_wconf 90' lang='lat' dir='ltr'><strong>et</strong></span> <span class='ocrx_word' id='word_1_420' title='bbox 3009 2737 3124 2806; x_wconf 90' lang='lat' dir='ltr'><strong>ipsa</strong></span> <span class='ocrx_word' id='word_1_421' title='bbox 3153 2750 3259 2790; x_wconf 91' lang='lat' dir='ltr'><strong>non</strong></span> <span class='ocrx_word' id='word_1_422' title='bbox 3292 2734 3596 2790; x_wconf 73' lang='lat' dir='ltr'><strong>sufﬁcuente</strong></span> 
     </span>
    </p>
   </div>
   <div class='ocr_carea' id='block_1_59' title="bbox 2009 2825 3596 2898">
    <p class='ocr_par' dir='ltr' id='par_1_59' title="bbox 2009 2825 3596 2898">
     <span class='ocr_line' id='line_1_59' title="bbox 2009 2825 3596 2898; baseline -0.004 -13"><span class='ocrx_word' id='word_1_423' title='bbox 2009 2846 2116 2885; x_wconf 87' lang='lat' dir='ltr'><strong>una</strong></span> <span class='ocrx_word' id='word_1_424' title='bbox 2164 2828 2415 2883; x_wconf 86' lang='lat' dir='ltr'><strong>navicula</strong></span> <span class='ocrx_word' id='word_1_425' title='bbox 2461 2827 2701 2898; x_wconf 88' lang='lat' dir='ltr'><strong>piscibus</strong></span> <span class='ocrx_word' id='word_1_426' title='bbox 2748 2825 3003 2895; x_wconf 90' lang='lat' dir='ltr'><strong>impletur</strong></span> <span class='ocrx_word' id='word_1_427' title='bbox 3027 2825 3237 2890; x_wconf 86' lang='lat' dir='ltr'><strong>electis,</strong></span> <span class='ocrx_word' id='word_1_428' title='bbox 3279 2825 3408 2894; x_wconf 84' lang='lat' dir='ltr'><strong>quia</strong></span> <span class='ocrx_word' id='word_1_429' title='bbox 3454 2827 3596 2879; x_wconf 79' lang='lat' dir='ltr'><strong>novit</strong></span> 
     </span>
    </p>
   </div>
   <div class='ocr_carea' id='block_1_60' title="bbox 2009 2914 3597 2988">
    <p class='ocr_par' dir='ltr' id='par_1_60' title="bbox 2009 2914 3597 2988">
     <span class='ocr_line' id='line_1_60' title="bbox 2009 2914 3597 2988; baseline -0.004 -13"><span class='ocrx_word' id='word_1_430' title='bbox 2009 2921 2266 2975; x_wconf 81' lang='lat' dir='ltr'><strong>Dominus</strong></span> <span class='ocrx_word' id='word_1_431' title='bbox 2301 2919 2390 2988; x_wconf 88' lang='lat' dir='ltr'><strong>qui</strong></span> <span class='ocrx_word' id='word_1_432' title='bbox 2436 2926 2557 2972; x_wconf 86' lang='lat' dir='ltr'><strong>sunt</strong></span> <span class='ocrx_word' id='word_1_433' title='bbox 2595 2918 2709 2987; x_wconf 85' lang='lat' dir='ltr'><strong>ejus</strong></span> <span class='ocrx_word' id='word_1_434' title='bbox 2758 2915 2844 2987; x_wconf 86' lang='lat' dir='ltr'><strong>(Il</strong></span> <span class='ocrx_word' id='word_1_435' title='bbox 2871 2914 3005 2969; x_wconf 78' lang='lat' dir='ltr'><strong>Tim.</strong></span> <span class='ocrx_word' id='word_1_436' title='bbox 3032 2916 3115 2985; x_wconf 83' lang='lat' dir='ltr'><strong>tt),</strong></span> <span class='ocrx_word' id='word_1_437' title='bbox 3145 2923 3202 2970; x_wconf 84' lang='lat' dir='ltr'><strong>et</strong></span> <span class='ocrx_word' id='word_1_438' title='bbox 3229 2915 3370 2985; x_wconf 70' lang='lat' dir='ltr'><strong>apud</strong></span> <span class='ocrx_word' id='word_1_439' title='bbox 3415 2917 3597 2984; x_wconf 84' lang='lat' dir='ltr'><strong>ipsum</strong></span> 
     </span>
    </p>
   </div>
   <div class='ocr_carea' id='block_1_61' title="bbox 2013 3005 3600 3075">
    <p class='ocr_par' dir='ltr' id='par_1_61' title="bbox 2013 3005 3600 3075">
     <span class='ocr_line' id='line_1_61' title="bbox 2013 3005 3600 3075; baseline -0.003 -10"><span class='ocrx_word' id='word_1_440' title='bbox 2013 3019 2193 3065; x_wconf 89' lang='lat' dir='ltr'><strong>certus</strong></span> <span class='ocrx_word' id='word_1_441' title='bbox 2219 3018 2304 3064; x_wconf 87' lang='lat' dir='ltr'><strong>est</strong></span> <span class='ocrx_word' id='word_1_442' title='bbox 2331 3023 2553 3063; x_wconf 90' lang='lat' dir='ltr'><strong>suorum</strong></span> <span class='ocrx_word' id='word_1_443' title='bbox 2588 3022 2848 3061; x_wconf 89' lang='lat' dir='ltr'><strong>numerus</strong></span> <span class='ocrx_word' id='word_1_444' title='bbox 2875 3005 3194 3062; x_wconf 91' lang='lat' dir='ltr'><strong>electorum.</strong></span> <span class='ocrx_word' id='word_1_445' title='bbox 3229 3005 3472 3075; x_wconf 86' lang='lat' dir='ltr'><strong>Dumque</strong></span> <span class='ocrx_word' id='word_1_446' title='bbox 3514 3013 3600 3060; x_wconf 81' lang='lat' dir='ltr'><strong>tot</strong></span> 
     </span>
    </p>
   </div>
   <div class='ocr_carea' id='block_1_62' title="bbox 338 3083 1913 3179">
    <p class='ocr_par' dir='ltr' id='par_1_62' title="bbox 338 3083 1912 3179">
     <span class='ocr_line' id='line_1_62' title="bbox 338 3083 1912 3179; baseline -0.015 -10"><span class='ocrx_word' id='word_1_447' title='bbox 338 3083 652 3179; x_wconf 44' lang='lat' dir='ltr'><strong>invutroque</strong></span> <span class='ocrx_word' id='word_1_448' title='bbox 681 3083 878 3177; x_wconf 79' lang='lat' dir='ltr'><strong>populo</strong></span> <span class='ocrx_word' id='word_1_449' title='bbox 933 3103 1084 3158; x_wconf 88' lang='lat' dir='ltr'><strong>novit</strong></span> <span class='ocrx_word' id='word_1_450' title='bbox 1100 3101 1358 3158; x_wconf 90' lang='lat' dir='ltr'><strong>Dominus</strong></span> <span class='ocrx_word' id='word_1_451' title='bbox 1384 3098 1475 3169; x_wconf 88' lang='lat' dir='ltr'><strong>qui</strong></span> <span class='ocrx_word' id='word_1_452' title='bbox 1502 3105 1628 3153; x_wconf 90' lang='lat' dir='ltr'><strong>sunt</strong></span> <span class='ocrx_word' id='word_1_453' title='bbox 1657 3094 1792 3164; x_wconf 84' lang='lat' dir='ltr'><strong>ejus,</strong></span> <span class='ocrx_word' id='word_1_454' title='bbox 1820 3108 1912 3148; x_wconf 79' lang='lat' dir='ltr'><strong>eo-</strong></span> 
     </span>
    </p>
   </div>
   <div class='ocr_carea' id='block_1_63' title="bbox 2022 3083 3596 3179">
    <p class='ocr_par' dir='ltr' id='par_1_63' title="bbox 2022 3098 3596 3167">
     <span class='ocr_line' id='line_1_63' title="bbox 2022 3098 3596 3167; baseline -0.003 -12"><span class='ocrx_word' id='word_1_455' title='bbox 2022 3103 2068 3156; x_wconf 91' lang='lat' dir='ltr'><strong>in</strong></span> <span class='ocrx_word' id='word_1_456' title='bbox 2094 3101 2276 3155; x_wconf 83' lang='lat' dir='ltr'><strong>Judaea</strong></span> <span class='ocrx_word' id='word_1_457' title='bbox 2306 3099 2608 3155; x_wconf 87' lang='lat' dir='ltr'><strong>credituros</strong></span> <span class='ocrx_word' id='word_1_458' title='bbox 2637 3113 2743 3153; x_wconf 92' lang='lat' dir='ltr'><strong>non</strong></span> <span class='ocrx_word' id='word_1_459' title='bbox 2773 3098 2994 3163; x_wconf 88' lang='lat' dir='ltr'><strong>invenit,</strong></span> <span class='ocrx_word' id='word_1_460' title='bbox 3021 3113 3159 3167; x_wconf 91' lang='lat' dir='ltr'><strong>quos</strong></span> <span class='ocrx_word' id='word_1_461' title='bbox 3202 3098 3271 3152; x_wconf 88' lang='lat' dir='ltr'><strong>ad</strong></span> <span class='ocrx_word' id='word_1_462' title='bbox 3302 3098 3463 3152; x_wconf 91' lang='lat' dir='ltr'><strong>ﬁdem</strong></span> <span class='ocrx_word' id='word_1_463' title='bbox 3508 3099 3596 3151; x_wconf 86' lang='lat' dir='ltr'><strong>vi—</strong></span> 
     </span>
    </p>
   </div>
   <div class='ocr_carea' id='block_1_64' title="bbox 338 3186 1911 3272">
    <p class='ocr_par' dir='ltr' id='par_1_64' title="bbox 338 3186 1911 3272">
     <span class='ocr_line' id='line_1_64' title="bbox 338 3186 1911 3272; baseline -0.014 -12"><span class='ocrx_word' id='word_1_464' title='bbox 338 3216 572 3272; x_wconf 87' lang='lat' dir='ltr'><strong>rumque</strong></span> <span class='ocrx_word' id='word_1_465' title='bbox 596 3199 758 3254; x_wconf 91' lang='lat' dir='ltr'><strong>corda</strong></span> <span class='ocrx_word' id='word_1_466' title='bbox 793 3196 1039 3250; x_wconf 88' lang='lat' dir='ltr'><strong>fluctibus</strong></span> <span class='ocrx_word' id='word_1_467' title='bbox 1067 3193 1247 3249; x_wconf 67' lang='lat' dir='ltr'><strong>saeculi</strong></span> <span class='ocrx_word' id='word_1_468' title='bbox 1276 3191 1436 3261; x_wconf 89' lang='lat' dir='ltr'><strong>hujus</strong></span> <span class='ocrx_word' id='word_1_469' title='bbox 1463 3190 1530 3244; x_wconf 91' lang='lat' dir='ltr'><strong>ad</strong></span> <span class='ocrx_word' id='word_1_470' title='bbox 1567 3188 1757 3242; x_wconf 70' lang='lat' dir='ltr'><strong>futura:</strong></span> <span class='ocrx_word' id='word_1_471' title='bbox 1789 3186 1911 3240; x_wconf 71' lang='lat' dir='ltr'><strong>vitze</strong></span> 
     </span>
    </p>
   </div>
   <div class='ocr_carea' id='block_1_65' title="bbox 339 3274 1910 3361">
    <p class='ocr_par' dir='ltr' id='par_1_65' title="bbox 339 3274 1910 3361">
     <span class='ocr_line' id='line_1_65' title="bbox 339 3274 1910 3361; baseline -0.013 -13"><span class='ocrx_word' id='word_1_472' title='bbox 339 3289 812 3361; x_wconf 85' lang='lat' dir='ltr'><strong>tranquillitatem,</strong></span> <span class='ocrx_word' id='word_1_473' title='bbox 836 3285 990 3356; x_wconf 90' lang='lat' dir='ltr'><strong>quasi</strong></span> <span class='ocrx_word' id='word_1_474' title='bbox 1008 3284 1074 3340; x_wconf 89' lang='lat' dir='ltr'><strong>ad</strong></span> <span class='ocrx_word' id='word_1_475' title='bbox 1097 3283 1421 3338; x_wconf 89' lang='lat' dir='ltr'><strong>soliditatem</strong></span> <span class='ocrx_word' id='word_1_476' title='bbox 1444 3279 1640 3334; x_wconf 86' lang='lat' dir='ltr'><strong>littoris</strong></span> <span class='ocrx_word' id='word_1_477' title='bbox 1659 3274 1910 3338; x_wconf 88' lang='lat' dir='ltr'><strong>videndo,</strong></span> 
     </span>
    </p>
   </div>
   <div class='ocr_carea' id='block_1_66' title="bbox 341 3373 1606 3446">
    <p class='ocr_par' dir='ltr' id='par_1_66' title="bbox 341 3373 1606 3446">
     <span class='ocr_line' id='line_1_66' title="bbox 341 3373 1606 3446; baseline -0.013 -4"><span class='ocrx_word' id='word_1_478' title='bbox 341 3387 444 3442; x_wconf 85' lang='lat' dir='ltr'><strong>hoc</strong></span> <span class='ocrx_word' id='word_1_479' title='bbox 471 3391 574 3446; x_wconf 91' lang='lat' dir='ltr'><strong>est,</strong></span> <span class='ocrx_word' id='word_1_480' title='bbox 600 3379 1024 3435; x_wconf 84' lang='lat' dir='ltr'><strong>misericorditer</strong></span> <span class='ocrx_word' id='word_1_481' title='bbox 1051 3376 1318 3432; x_wconf 88' lang='lat' dir='ltr'><strong>visitando</strong></span> <span class='ocrx_word' id='word_1_482' title='bbox 1339 3373 1606 3445; x_wconf 88' lang='lat' dir='ltr'><strong>provehit.</strong></span> 
     </span>
    </p>
   </div>
   <div class='ocr_carea' id='block_1_67' title="bbox 415 3461 1910 3531">
    <p class='ocr_par' dir='ltr' id='par_1_67' title="bbox 415 3461 1910 3531">
     <span class='ocr_line' id='line_1_67' title="bbox 415 3461 1910 3531; baseline -0.011 -3"><span class='ocrx_word' id='word_1_483' title='bbox 415 3475 710 3530; x_wconf 85' lang='lat' dir='ltr'><strong>Piscatores</strong></span> <span class='ocrx_word' id='word_1_484' title='bbox 750 3481 923 3526; x_wconf 90' lang='lat' dir='ltr'><strong>autem</strong></span> <span class='ocrx_word' id='word_1_485' title='bbox 963 3469 1362 3531; x_wconf 80' lang='lat' dir='ltr'><strong>descenderant,</strong></span> <span class='ocrx_word' id='word_1_486' title='bbox 1404 3476 1450 3520; x_wconf 91' lang='lat' dir='ltr'><strong>et</strong></span> <span class='ocrx_word' id='word_1_487' title='bbox 1483 3464 1726 3519; x_wconf 87' lang='lat' dir='ltr'><strong>lavabant</strong></span> <span class='ocrx_word' id='word_1_488' title='bbox 1760 3461 1910 3514; x_wconf 80' lang='lat' dir='ltr'><strong>retia.</strong></span> 
     </span>
    </p>
   </div>
   <div class='ocr_carea' id='block_1_68' title="bbox 343 3550 1916 3625">
    <p class='ocr_par' dir='ltr' id='par_1_68' title="bbox 343 3550 1916 3625">
     <span class='ocr_line' id='line_1_68' title="bbox 343 3550 1916 3625; baseline -0.013 -2"><span class='ocrx_word' id='word_1_489' title='bbox 343 3569 647 3622; x_wconf 88' lang='lat' dir='ltr'><strong>Piscatores</strong></span> <span class='ocrx_word' id='word_1_490' title='bbox 670 3569 795 3618; x_wconf 92' lang='lat' dir='ltr'><strong>sunt</strong></span> <span class='ocrx_word' id='word_1_491' title='bbox 810 3559 1060 3616; x_wconf 68' lang='lat' dir='ltr'><strong>Ecclesiae</strong></span> <span class='ocrx_word' id='word_1_492' title='bbox 1086 3559 1354 3623; x_wconf 89' lang='lat' dir='ltr'><strong>doctores,</strong></span> <span class='ocrx_word' id='word_1_493' title='bbox 1385 3556 1474 3625; x_wconf 90' lang='lat' dir='ltr'><strong>qui</strong></span> <span class='ocrx_word' id='word_1_494' title='bbox 1510 3569 1608 3609; x_wconf 93' lang='lat' dir='ltr'><strong>nos</strong></span> <span class='ocrx_word' id='word_1_495' title='bbox 1644 3561 1756 3607; x_wconf 87' lang='lat' dir='ltr'><strong>rete</strong></span> <span class='ocrx_word' id='word_1_496' title='bbox 1791 3550 1916 3605; x_wconf 86' lang='lat' dir='ltr'><strong>fidei</strong></span> 
     </span>
    </p>
   </div>
   <div class='ocr_carea' id='block_1_69' title="bbox 342 3639 1915 3726">
    <p class='ocr_par' dir='ltr' id='par_1_69' title="bbox 342 3639 1915 3726">
     <span class='ocr_line' id='line_1_69' title="bbox 342 3639 1915 3726; baseline -0.013 -15"><span class='ocrx_word' id='word_1_497' title='bbox 342 3655 778 3726; x_wconf 88' lang='lat' dir='ltr'><strong>comprehensos,</strong></span> <span class='ocrx_word' id='word_1_498' title='bbox 801 3659 856 3705; x_wconf 91' lang='lat' dir='ltr'><strong>et</strong></span> <span class='ocrx_word' id='word_1_499' title='bbox 883 3649 949 3704; x_wconf 90' lang='lat' dir='ltr'><strong>de</strong></span> <span class='ocrx_word' id='word_1_500' title='bbox 972 3647 1234 3718; x_wconf 84' lang='lat' dir='ltr'><strong>profundo</strong></span> <span class='ocrx_word' id='word_1_501' title='bbox 1255 3648 1322 3701; x_wconf 90' lang='lat' dir='ltr'><strong>ad</strong></span> <span class='ocrx_word' id='word_1_502' title='bbox 1345 3647 1522 3700; x_wconf 89' lang='lat' dir='ltr'><strong>lumen</strong></span> <span class='ocrx_word' id='word_1_503' title='bbox 1549 3642 1740 3704; x_wconf 88' lang='lat' dir='ltr'><strong>elatos,</strong></span> <span class='ocrx_word' id='word_1_504' title='bbox 1763 3639 1915 3708; x_wconf 82' lang='lat' dir='ltr'><strong>quasi</strong></span> 
     </span>
    </p>
   </div>
   <div class='ocr_carea' id='block_1_70' title="bbox 344 3731 1918 3818">
    <p class='ocr_par' dir='ltr' id='par_1_70' title="bbox 344 3731 1918 3818">
     <span class='ocr_line' id='line_1_70' title="bbox 344 3731 1918 3818; baseline -0.011 -17"><span class='ocrx_word' id='word_1_505' title='bbox 344 3750 522 3818; x_wconf 86' lang='lat' dir='ltr'><strong>pisces</strong></span> <span class='ocrx_word' id='word_1_506' title='bbox 551 3741 750 3808; x_wconf 85' lang='lat' dir='ltr'><strong>littori,</strong></span> <span class='ocrx_word' id='word_1_507' title='bbox 788 3743 866 3796; x_wconf 88' lang='lat' dir='ltr'><strong>sic</strong></span> <span class='ocrx_word' id='word_1_508' title='bbox 910 3749 1069 3794; x_wconf 59' lang='lat' dir='ltr'><strong>terra;</strong></span> <span class='ocrx_word' id='word_1_509' title='bbox 1108 3738 1403 3792; x_wconf 81' lang='lat' dir='ltr'><strong>viventium</strong></span> <span class='ocrx_word' id='word_1_510' title='bbox 1438 3735 1727 3790; x_wconf 87' lang='lat' dir='ltr'><strong>advehunt.</strong></span> <span class='ocrx_word' id='word_1_511' title='bbox 1756 3731 1918 3796; x_wconf 87' lang='lat' dir='ltr'><strong>Quasi</strong></span> 
     </span>
    </p>
   </div>
   <div class='ocr_carea' id='block_1_71' title="bbox 345 3824 1921 3904">
    <p class='ocr_par' dir='ltr' id='par_1_71' title="bbox 345 3824 1921 3904">
     <span class='ocr_line' id='line_1_71' title="bbox 345 3824 1921 3904; baseline -0.011 -12"><span class='ocrx_word' id='word_1_512' title='bbox 345 3839 488 3893; x_wconf 83' lang='lat' dir='ltr'><strong>enim</strong></span> <span class='ocrx_word' id='word_1_513' title='bbox 520 3834 761 3904; x_wconf 81' lang='lat' dir='ltr'><strong>quaedam</strong></span> <span class='ocrx_word' id='word_1_514' title='bbox 790 3833 926 3886; x_wconf 87' lang='lat' dir='ltr'><strong>retia</strong></span> <span class='ocrx_word' id='word_1_515' title='bbox 964 3829 1285 3901; x_wconf 82' lang='lat' dir='ltr'><strong>piscantium</strong></span> <span class='ocrx_word' id='word_1_516' title='bbox 1313 3835 1438 3881; x_wconf 88' lang='lat' dir='ltr'><strong>sunt</strong></span> <span class='ocrx_word' id='word_1_517' title='bbox 1468 3824 1760 3893; x_wconf 76' lang='lat' dir='ltr'><strong>complexa:</strong></span> <span class='ocrx_word' id='word_1_518' title='bbox 1787 3837 1921 3891; x_wconf 77' lang='lat' dir='ltr'><strong>pra:-</strong></span> 
     </span>
    </p>
   </div>
   <div class='ocr_carea' id='block_1_72' title="bbox 345 3913 1922 3990">
    <p class='ocr_par' dir='ltr' id='par_1_72' title="bbox 345 3913 1922 3990">
     <span class='ocr_line' id='line_1_72' title="bbox 345 3913 1922 3990; baseline -0.01 -10"><span class='ocrx_word' id='word_1_519' title='bbox 345 3926 642 3981; x_wconf 88' lang='lat' dir='ltr'><strong>dicantium</strong></span> <span class='ocrx_word' id='word_1_520' title='bbox 676 3923 959 3985; x_wconf 87' lang='lat' dir='ltr'><strong>dictiones,</strong></span> <span class='ocrx_word' id='word_1_521' title='bbox 987 3935 1106 3990; x_wconf 74' lang='lat' dir='ltr'><strong>quae</strong></span> <span class='ocrx_word' id='word_1_522' title='bbox 1135 3935 1228 3974; x_wconf 91' lang='lat' dir='ltr'><strong>eos</strong></span> <span class='ocrx_word' id='word_1_523' title='bbox 1251 3933 1386 3986; x_wconf 92' lang='lat' dir='ltr'><strong>quos</strong></span> <span class='ocrx_word' id='word_1_524' title='bbox 1412 3916 1677 3985; x_wconf 86' lang='lat' dir='ltr'><strong>ceperint,</strong></span> <span class='ocrx_word' id='word_1_525' title='bbox 1720 3914 1774 3967; x_wconf 92' lang='lat' dir='ltr'><strong>in</strong></span> <span class='ocrx_word' id='word_1_526' title='bbox 1817 3913 1922 3966; x_wconf 87' lang='lat' dir='ltr'><strong>ﬁde</strong></span> 
     </span>
    </p>
   </div>
   <div class='ocr_carea' id='block_1_73' title="bbox 345 4007 1923 4079">
    <p class='ocr_par' dir='ltr' id='par_1_73' title="bbox 345 4007 1923 4079">
     <span class='ocr_line' id='line_1_73' title="bbox 345 4007 1923 4079; baseline -0.008 -7"><span class='ocrx_word' id='word_1_527' title='bbox 345 4035 453 4073; x_wconf 88' lang='lat' dir='ltr'><strong>non</strong></span> <span class='ocrx_word' id='word_1_528' title='bbox 502 4016 772 4077; x_wconf 88' lang='lat' dir='ltr'><strong>amittant.</strong></span> <span class='ocrx_word' id='word_1_529' title='bbox 803 4013 956 4070; x_wconf 89' lang='lat' dir='ltr'><strong>Unde</strong></span> <span class='ocrx_word' id='word_1_530' title='bbox 993 4021 1048 4066; x_wconf 91' lang='lat' dir='ltr'><strong>et</strong></span> <span class='ocrx_word' id='word_1_531' title='bbox 1086 4013 1240 4075; x_wconf 86' lang='lat' dir='ltr'><strong>retia,</strong></span> <span class='ocrx_word' id='word_1_532' title='bbox 1273 4009 1428 4079; x_wconf 88' lang='lat' dir='ltr'><strong>quasi</strong></span> <span class='ocrx_word' id='word_1_533' title='bbox 1467 4007 1753 4063; x_wconf 85' lang='lat' dir='ltr'><strong>retinentia</strong></span> <span class='ocrx_word' id='word_1_534' title='bbox 1797 4013 1923 4060; x_wconf 89' lang='lat' dir='ltr'><strong>sunt</strong></span> 
     </span>
    </p>
   </div>
   <div class='ocr_carea' id='block_1_74' title="bbox 346 4099 1920 4172">
    <p class='ocr_par' dir='ltr' id='par_1_74' title="bbox 346 4099 1920 4172">
     <span class='ocr_line' id='line_1_74' title="bbox 346 4099 1920 4172; baseline -0.007 -12"><span class='ocrx_word' id='word_1_535' title='bbox 346 4115 558 4172; x_wconf 87' lang='lat' dir='ltr'><strong>vocata,</strong></span> <span class='ocrx_word' id='word_1_536' title='bbox 602 4105 696 4160; x_wconf 91' lang='lat' dir='ltr'><strong>sed</strong></span> <span class='ocrx_word' id='word_1_537' title='bbox 741 4105 854 4159; x_wconf 62' lang='lat' dir='ltr'><strong>haec</strong></span> <span class='ocrx_word' id='word_1_538' title='bbox 884 4103 1018 4157; x_wconf 87' lang='lat' dir='ltr'><strong>retia</strong></span> <span class='ocrx_word' id='word_1_539' title='bbox 1055 4103 1211 4156; x_wconf 73' lang='lat' dir='ltr'><strong>nzodo</strong></span> <span class='ocrx_word' id='word_1_540' title='bbox 1240 4101 1490 4154; x_wconf 79' lang='lat' dir='ltr'><strong>laxantur</strong></span> <span class='ocrx_word' id='word_1_541' title='bbox 1516 4099 1570 4152; x_wconf 88' lang='lat' dir='ltr'><strong>in</strong></span> <span class='ocrx_word' id='word_1_542' title='bbox 1611 4105 1920 4167; x_wconf 89' lang='lat' dir='ltr'><strong>capturam,</strong></span> 
     </span>
    </p>
   </div>
   <div class='ocr_carea' id='block_1_75' title="bbox 347 4191 1927 4267">
    <p class='ocr_par' dir='ltr' id='par_1_75' title="bbox 347 4191 1927 4267">
     <span class='ocr_line' id='line_1_75' title="bbox 347 4191 1927 4267; baseline -0.006 -14"><span class='ocrx_word' id='word_1_543' title='bbox 347 4199 506 4254; x_wconf 88' lang='lat' dir='ltr'><strong>modo</strong></span> <span class='ocrx_word' id='word_1_544' title='bbox 533 4198 640 4252; x_wconf 91' lang='lat' dir='ltr'><strong>lota</strong></span> <span class='ocrx_word' id='word_1_545' title='bbox 674 4197 964 4267; x_wconf 89' lang='lat' dir='ltr'><strong>plicantur,</strong></span> <span class='ocrx_word' id='word_1_546' title='bbox 993 4195 1118 4265; x_wconf 87' lang='lat' dir='ltr'><strong>quia</strong></span> <span class='ocrx_word' id='word_1_547' title='bbox 1149 4210 1254 4249; x_wconf 92' lang='lat' dir='ltr'><strong>non</strong></span> <span class='ocrx_word' id='word_1_548' title='bbox 1285 4207 1445 4248; x_wconf 90' lang='lat' dir='ltr'><strong>omne</strong></span> <span class='ocrx_word' id='word_1_549' title='bbox 1473 4199 1684 4262; x_wconf 88' lang='lat' dir='ltr'><strong>tempus</strong></span> <span class='ocrx_word' id='word_1_550' title='bbox 1712 4200 1795 4246; x_wconf 89' lang='lat' dir='ltr'><strong>est</strong></span> <span class='ocrx_word' id='word_1_551' title='bbox 1830 4191 1927 4244; x_wconf 86' lang='lat' dir='ltr'><strong>ha-</strong></span> 
     </span>
    </p>
   </div>
   <div class='ocr_carea' id='block_1_76' title="bbox 347 4282 1922 4355">
    <p class='ocr_par' dir='ltr' id='par_1_76' title="bbox 347 4282 1922 4355">
     <span class='ocr_line' id='line_1_76' title="bbox 347 4282 1922 4355; baseline -0.006 -11"><span class='ocrx_word' id='word_1_552' title='bbox 347 4291 456 4346; x_wconf 89' lang='lat' dir='ltr'><strong>bile</strong></span> <span class='ocrx_word' id='word_1_553' title='bbox 501 4292 778 4355; x_wconf 67' lang='lat' dir='ltr'><strong>doctrinae,</strong></span> <span class='ocrx_word' id='word_1_554' title='bbox 808 4290 901 4344; x_wconf 90' lang='lat' dir='ltr'><strong>sed</strong></span> <span class='ocrx_word' id='word_1_555' title='bbox 944 4303 1087 4343; x_wconf 90' lang='lat' dir='ltr'><strong>nunc</strong></span> <span class='ocrx_word' id='word_1_556' title='bbox 1125 4287 1394 4342; x_wconf 79' lang='lat' dir='ltr'><strong>exercnda</strong></span> <span class='ocrx_word' id='word_1_557' title='bbox 1443 4284 1620 4355; x_wconf 89' lang='lat' dir='ltr'><strong>lingua</strong></span> <span class='ocrx_word' id='word_1_558' title='bbox 1666 4282 1922 4348; x_wconf 88' lang='lat' dir='ltr'><strong>doctoris,</strong></span> 
     </span>
    </p>
   </div>
   <div class='ocr_carea' id='block_1_77' title="bbox 347 4381 1140 4448">
    <p class='ocr_par' dir='ltr' id='par_1_77' title="bbox 347 4381 1140 4448">
     <span class='ocr_line' id='line_1_77' title="bbox 347 4381 1140 4448; baseline -0.005 -11"><span class='ocrx_word' id='word_1_559' title='bbox 347 4399 492 4437; x_wconf 87' lang='lat' dir='ltr'><strong>nunc</strong></span> <span class='ocrx_word' id='word_1_560' title='bbox 515 4384 711 4437; x_wconf 88' lang='lat' dir='ltr'><strong>suimet</strong></span> <span class='ocrx_word' id='word_1_561' title='bbox 732 4398 862 4436; x_wconf 91' lang='lat' dir='ltr'><strong>cura</strong></span> <span class='ocrx_word' id='word_1_562' title='bbox 889 4381 1140 4448; x_wconf 81' lang='lat' dir='ltr'><strong>gerenda.</strong></span> 
     </span>
    </p>
   </div>
   <div class='ocr_carea' id='block_1_78' title="bbox 422 4466 1928 4539">
    <p class='ocr_par' dir='ltr' id='par_1_78' title="bbox 422 4466 1928 4539">
     <span class='ocr_line' id='line_1_78' title="bbox 422 4466 1928 4539; baseline -0.009 -6"><span class='ocrx_word' id='word_1_563' title='bbox 422 4478 715 4532; x_wconf 81' lang='lat' dir='ltr'><strong>Ascendens</strong></span> <span class='ocrx_word' id='word_1_564' title='bbox 755 4486 930 4529; x_wconf 89' lang='lat' dir='ltr'><strong>autem</strong></span> <span class='ocrx_word' id='word_1_565' title='bbox 958 4475 1012 4526; x_wconf 89' lang='lat' dir='ltr'><strong>in</strong></span> <span class='ocrx_word' id='word_1_566' title='bbox 1041 4491 1199 4526; x_wconf 88' lang='lat' dir='ltr'><strong>unam</strong></span> <span class='ocrx_word' id='word_1_567' title='bbox 1230 4488 1428 4534; x_wconf 81' lang='lat' dir='ltr'><strong>narem,</strong></span> <span class='ocrx_word' id='word_1_568' title='bbox 1457 4487 1573 4539; x_wconf 78' lang='lat' dir='ltr'><strong>qutr</strong></span> <span class='ocrx_word' id='word_1_569' title='bbox 1611 4479 1720 4523; x_wconf 83' lang='lat' dir='ltr'><strong>erat</strong></span> <span class='ocrx_word' id='word_1_570' title='bbox 1757 4466 1928 4521; x_wconf 86' lang='lat' dir='ltr'><strong>Simo-</strong></span> 
     </span>
    </p>
   </div>
   <div class='ocr_carea' id='block_1_79' title="bbox 354 4558 1929 4637">
    <p class='ocr_par' dir='ltr' id='par_1_79' title="bbox 354 4558 1929 4637">
     <span class='ocr_line' id='line_1_79' title="bbox 354 4558 1929 4637; baseline -0.007 -14"><span class='ocrx_word' id='word_1_571' title='bbox 354 4572 457 4634; x_wconf 88' lang='lat' dir='ltr'><strong>nis,</strong></span> <span class='ocrx_word' id='word_1_572' title='bbox 495 4569 691 4637; x_wconf 88' lang='lat' dir='ltr'><strong>rogavit</strong></span> <span class='ocrx_word' id='word_1_573' title='bbox 720 4583 838 4620; x_wconf 90' lang='lat' dir='ltr'><strong>eum</strong></span> <span class='ocrx_word' id='word_1_574' title='bbox 868 4584 899 4618; x_wconf 89' lang='lat' dir='ltr'><strong>a</strong></span> <span class='ocrx_word' id='word_1_575' title='bbox 927 4575 1068 4617; x_wconf 88' lang='lat' dir='ltr'><strong>terra</strong></span> <span class='ocrx_word' id='word_1_576' title='bbox 1102 4563 1344 4616; x_wconf 85' lang='lat' dir='ltr'><strong>reducere</strong></span> <span class='ocrx_word' id='word_1_577' title='bbox 1375 4561 1644 4632; x_wconf 84' lang='lat' dir='ltr'><strong>pusillum,</strong></span> <span class='ocrx_word' id='word_1_578' title='bbox 1671 4569 1718 4614; x_wconf 89' lang='lat' dir='ltr'><strong>et</strong></span> <span class='ocrx_word' id='word_1_579' title='bbox 1745 4558 1929 4612; x_wconf 86' lang='lat' dir='ltr'><strong>sedens</strong></span> 
     </span>
    </p>
   </div>
   <div class='ocr_carea' id='block_1_80' title="bbox 351 4648 1932 4714">
    <p class='ocr_par' dir='ltr' id='par_1_80' title="bbox 351 4648 1932 4714">
     <span class='ocr_line' id='line_1_80' title="bbox 351 4648 1932 4714; baseline -0.007 0"><span class='ocrx_word' id='word_1_580' title='bbox 351 4660 566 4714; x_wconf 85' lang='lat' dir='ltr'><strong>docebat</strong></span> <span class='ocrx_word' id='word_1_581' title='bbox 592 4659 656 4712; x_wconf 87' lang='lat' dir='ltr'><strong>de</strong></span> <span class='ocrx_word' id='word_1_582' title='bbox 684 4655 926 4710; x_wconf 86' lang='lat' dir='ltr'><strong>navicula</strong></span> <span class='ocrx_word' id='word_1_583' title='bbox 953 4653 1151 4708; x_wconf 85' lang='lat' dir='ltr'><strong>turbas.</strong></span> <span class='ocrx_word' id='word_1_584' title='bbox 1190 4653 1353 4707; x_wconf 82' lang='lat' dir='ltr'><strong>Navis</strong></span> <span class='ocrx_word' id='word_1_585' title='bbox 1377 4652 1611 4706; x_wconf 87' lang='lat' dir='ltr'><strong>Simonis</strong></span> <span class='ocrx_word' id='word_1_586' title='bbox 1636 4659 1721 4704; x_wconf 85' lang='lat' dir='ltr'><strong>est</strong></span> <span class='ocrx_word' id='word_1_587' title='bbox 1749 4648 1932 4703; x_wconf 85' lang='lat' dir='ltr'><strong>Eccle-</strong></span> 
     </span>
    </p>
   </div>
   <div class='ocr_carea' id='block_1_81' title="bbox 355 4745 1930 4823">
    <p class='ocr_par' dir='ltr' id='par_1_81' title="bbox 355 4745 1930 4823">
     <span class='ocr_line' id='line_1_81' title="bbox 355 4745 1930 4823; baseline -0.006 -15"><span class='ocrx_word' id='word_1_588' title='bbox 355 4755 432 4808; x_wconf 88' lang='lat' dir='ltr'><strong>sia</strong></span> <span class='ocrx_word' id='word_1_589' title='bbox 460 4753 755 4823; x_wconf 89' lang='lat' dir='ltr'><strong>primitiva,</strong></span> <span class='ocrx_word' id='word_1_590' title='bbox 784 4751 851 4806; x_wconf 90' lang='lat' dir='ltr'><strong>de</strong></span> <span class='ocrx_word' id='word_1_591' title='bbox 885 4765 990 4820; x_wconf 92' lang='lat' dir='ltr'><strong>qua</strong></span> <span class='ocrx_word' id='word_1_592' title='bbox 1023 4747 1219 4801; x_wconf 88' lang='lat' dir='ltr'><strong>Paulus</strong></span> <span class='ocrx_word' id='word_1_593' title='bbox 1247 4748 1357 4801; x_wconf 88' lang='lat' dir='ltr'><strong>ait:</strong></span> <span class='ocrx_word' id='word_1_594' title='bbox 1388 4745 1490 4811; x_wconf 76' lang='lat' dir='ltr'><strong>Qui</strong></span> <span class='ocrx_word' id='word_1_595' title='bbox 1516 4746 1651 4800; x_wconf 87' lang='lat' dir='ltr'><strong>enim</strong></span> <span class='ocrx_word' id='word_1_596' title='bbox 1689 4751 1930 4815; x_wconf 86' lang='lat' dir='ltr'><strong>operatus</strong></span> 
     </span>
    </p>
   </div>
   <div class='ocr_carea' id='block_1_82' title="bbox 355 4838 1933 4912">
    <p class='ocr_par' dir='ltr' id='par_1_82' title="bbox 355 4838 1933 4912">
     <span class='ocr_line' id='line_1_82' title="bbox 355 4838 1933 4912; baseline -0.006 -15"><span class='ocrx_word' id='word_1_597' title='bbox 355 4853 430 4902; x_wconf 83' lang='lat' dir='ltr'><strong>est</strong></span> <span class='ocrx_word' id='word_1_598' title='bbox 452 4841 610 4897; x_wconf 86' lang='lat' dir='ltr'><strong>Petro</strong></span> <span class='ocrx_word' id='word_1_599' title='bbox 637 4843 693 4896; x_wconf 90' lang='lat' dir='ltr'><strong>in</strong></span> <span class='ocrx_word' id='word_1_600' title='bbox 722 4840 1016 4912; x_wconf 85' lang='lat' dir='ltr'><strong>apostolatu</strong></span> <span class='ocrx_word' id='word_1_601' title='bbox 1042 4838 1474 4896; x_wconf 87' lang='lat' dir='ltr'><strong>circumcisionis.</strong></span> <span class='ocrx_word' id='word_1_602' title='bbox 1505 4845 1746 4906; x_wconf 86' lang='lat' dir='ltr'><strong>operatus</strong></span> <span class='ocrx_word' id='word_1_603' title='bbox 1781 4843 1855 4888; x_wconf 87' lang='lat' dir='ltr'><strong>est</strong></span> <span class='ocrx_word' id='word_1_604' title='bbox 1883 4844 1933 4888; x_wconf 88' lang='lat' dir='ltr'><strong>et</strong></span> 
     </span>
    </p>
   </div>
   <div class='ocr_carea' id='block_1_83' title="bbox 356 4925 1932 5002">
    <p class='ocr_par' dir='ltr' id='par_1_83' title="bbox 356 4925 1932 5002">
     <span class='ocr_line' id='line_1_83' title="bbox 356 4925 1932 5002; baseline -0.006 -15"><span class='ocrx_word' id='word_1_605' title='bbox 356 4932 485 4987; x_wconf 84' lang='lat' dir='ltr'><strong>mihi</strong></span> <span class='ocrx_word' id='word_1_606' title='bbox 509 4932 644 4986; x_wconf 88' lang='lat' dir='ltr'><strong>inter</strong></span> <span class='ocrx_word' id='word_1_607' title='bbox 666 4941 839 5002; x_wconf 88' lang='lat' dir='ltr'><strong>gentes</strong></span> <span class='ocrx_word' id='word_1_608' title='bbox 866 4930 1096 5002; x_wconf 85' lang='lat' dir='ltr'><strong>(Gal.u).</strong></span> <span class='ocrx_word' id='word_1_609' title='bbox 1127 4931 1268 4985; x_wconf 85' lang='lat' dir='ltr'><strong>Bene</strong></span> <span class='ocrx_word' id='word_1_610' title='bbox 1297 4944 1401 4982; x_wconf 88' lang='lat' dir='ltr'><strong>una</strong></span> <span class='ocrx_word' id='word_1_611' title='bbox 1433 4928 1596 4993; x_wconf 91' lang='lat' dir='ltr'><strong>dicta,</strong></span> <span class='ocrx_word' id='word_1_612' title='bbox 1623 4928 1749 4997; x_wconf 89' lang='lat' dir='ltr'><strong>quia</strong></span> <span class='ocrx_word' id='word_1_613' title='bbox 1796 4925 1932 4979; x_wconf 86' lang='lat' dir='ltr'><strong>mul-</strong></span> 
     </span>
    </p>
   </div>
   <div class='ocr_carea' id='block_1_84' title="bbox 357 5019 1929 5094">
    <p class='ocr_par' dir='ltr' id='par_1_84' title="bbox 357 5019 1929 5094">
     <span class='ocr_line' id='line_1_84' title="bbox 357 5019 1929 5094; baseline -0.005 -13"><span class='ocrx_word' id='word_1_614' title='bbox 357 5029 596 5083; x_wconf 84' lang='lat' dir='ltr'><strong>titudinis</strong></span> <span class='ocrx_word' id='word_1_615' title='bbox 632 5028 949 5082; x_wconf 85' lang='lat' dir='ltr'><strong>credentium</strong></span> <span class='ocrx_word' id='word_1_616' title='bbox 983 5037 1094 5081; x_wconf 87' lang='lat' dir='ltr'><strong>erat</strong></span> <span class='ocrx_word' id='word_1_617' title='bbox 1120 5043 1212 5081; x_wconf 90' lang='lat' dir='ltr'><strong>cor</strong></span> <span class='ocrx_word' id='word_1_618' title='bbox 1236 5037 1282 5080; x_wconf 89' lang='lat' dir='ltr'><strong>et</strong></span> <span class='ocrx_word' id='word_1_619' title='bbox 1310 5025 1486 5078; x_wconf 87' lang='lat' dir='ltr'><strong>anima</strong></span> <span class='ocrx_word' id='word_1_620' title='bbox 1516 5040 1623 5076; x_wconf 90' lang='lat' dir='ltr'><strong>una</strong></span> <span class='ocrx_word' id='word_1_621' title='bbox 1652 5022 1788 5094; x_wconf 81' lang='lat' dir='ltr'><strong>(Act.</strong></span> <span class='ocrx_word' id='word_1_622' title='bbox 1816 5019 1895 5090; x_wconf 88' lang='lat' dir='ltr'><strong>Iv)</strong></span> <span class='ocrx_word' id='word_1_623' title='bbox 1915 5060 1929 5084; x_wconf 92' lang='lat'><strong>,</strong></span> 
     </span>
    </p>
   </div>
   <div class='ocr_carea' id='block_1_85' title="bbox 358 5110 1932 5189">
    <p class='ocr_par' dir='ltr' id='par_1_85' title="bbox 358 5110 1932 5189">
     <span class='ocr_line' id='line_1_85' title="bbox 358 5110 1932 5189; baseline -0.004 -17"><span class='ocrx_word' id='word_1_624' title='bbox 358 5121 424 5175; x_wconf 84' lang='lat' dir='ltr'><strong>de</strong></span> <span class='ocrx_word' id='word_1_625' title='bbox 450 5136 555 5189; x_wconf 87' lang='lat' dir='ltr'><strong>qua</strong></span> <span class='ocrx_word' id='word_1_626' title='bbox 590 5120 818 5175; x_wconf 86' lang='lat' dir='ltr'><strong>docebat</strong></span> <span class='ocrx_word' id='word_1_627' title='bbox 854 5119 1055 5181; x_wconf 90' lang='lat' dir='ltr'><strong>turbas,</strong></span> <span class='ocrx_word' id='word_1_628' title='bbox 1085 5118 1209 5188; x_wconf 87' lang='lat' dir='ltr'><strong>quia</strong></span> <span class='ocrx_word' id='word_1_629' title='bbox 1251 5117 1315 5171; x_wconf 87' lang='lat' dir='ltr'><strong>de</strong></span> <span class='ocrx_word' id='word_1_630' title='bbox 1343 5115 1662 5170; x_wconf 83' lang='lat' dir='ltr'><strong>auctoritate</strong></span> <span class='ocrx_word' id='word_1_631' title='bbox 1679 5110 1932 5168; x_wconf 60' lang='lat' dir='ltr'><strong>Ecclesia</strong></span> 
     </span>
    </p>
   </div>
   <div class='ocr_carea' id='block_1_86' title="bbox 290 5209 1130 5279">
    <p class='ocr_par' dir='ltr' id='par_1_86' title="bbox 290 5209 1130 5279">
     <span class='ocr_line' id='line_1_86' title="bbox 290 5209 1130 5279; baseline -0.004 -16"><span class='ocrx_word' id='word_1_632' title='bbox 290 5244 298 5250; x_wconf 46' lang='grc' dir='ltr'>θ</span> <span class='ocrx_word' id='word_1_633' title='bbox 358 5211 515 5264; x_wconf 87' lang='lat' dir='ltr'><strong>docet</strong></span> <span class='ocrx_word' id='word_1_634' title='bbox 543 5225 714 5278; x_wconf 89' lang='lat' dir='ltr'><strong>usque</strong></span> <span class='ocrx_word' id='word_1_635' title='bbox 737 5209 897 5264; x_wconf 87' lang='lat' dir='ltr'><strong>hodie</strong></span> <span class='ocrx_word' id='word_1_636' title='bbox 925 5219 1130 5279; x_wconf 75' lang='lat' dir='ltr'><strong>gentes.</strong></span> 
     </span>
    </p>
   </div>
   <div class='ocr_carea' id='block_1_87' title="bbox 433 5292 1933 5368">
    <p class='ocr_par' dir='ltr' id='par_1_87' title="bbox 433 5292 1933 5368">
     <span class='ocr_line' id='line_1_87' title="bbox 433 5292 1933 5368; baseline -0.007 -14"><span class='ocrx_word' id='word_1_637' title='bbox 433 5298 498 5354; x_wconf 90' lang='lat' dir='ltr'><strong>Ut</strong></span> <span class='ocrx_word' id='word_1_638' title='bbox 529 5301 746 5354; x_wconf 77' lang='lat' dir='ltr'><strong>cessavit</strong></span> <span class='ocrx_word' id='word_1_639' title='bbox 776 5307 949 5353; x_wconf 88' lang='lat' dir='ltr'><strong>autem</strong></span> <span class='ocrx_word' id='word_1_640' title='bbox 975 5298 1137 5368; x_wconf 86' lang='lat' dir='ltr'><strong>loqui,</strong></span> <span class='ocrx_word' id='word_1_641' title='bbox 1169 5297 1300 5350; x_wconf 74' lang='lat' dir='ltr'><strong>dixit</strong></span> <span class='ocrx_word' id='word_1_642' title='bbox 1329 5295 1396 5348; x_wconf 85' lang='lat' dir='ltr'><strong>ad</strong></span> <span class='ocrx_word' id='word_1_643' title='bbox 1422 5294 1684 5349; x_wconf 85' lang='lat' dir='ltr'><strong>Simonem</strong></span> <span class='ocrx_word' id='word_1_644' title='bbox 1711 5306 1729 5344; x_wconf 90' lang='lat'><strong><em>:</em></strong></span> <span class='ocrx_word' id='word_1_645' title='bbox 1754 5292 1855 5344; x_wconf 88' lang='lat' dir='ltr'><strong>duc</strong></span> <span class='ocrx_word' id='word_1_646' title='bbox 1878 5292 1933 5344; x_wconf 88' lang='lat' dir='ltr'><strong>in</strong></span> 
     </span>
    </p>
   </div>
   <div class='ocr_carea' id='block_1_88' title="bbox 360 5379 1933 5456">
    <p class='ocr_par' dir='ltr' id='par_1_88' title="bbox 360 5379 1933 5456">
     <span class='ocr_line' id='line_1_88' title="bbox 360 5379 1933 5456; baseline -0.006 -12"><span class='ocrx_word' id='word_1_647' title='bbox 360 5397 546 5456; x_wconf 86' lang='lat' dir='ltr'><strong>altum,</strong></span> <span class='ocrx_word' id='word_1_648' title='bbox 568 5399 615 5444; x_wconf 86' lang='lat' dir='ltr'><strong>et</strong></span> <span class='ocrx_word' id='word_1_649' title='bbox 639 5389 815 5444; x_wconf 73' lang='lat' dir='ltr'><strong>laxate</strong></span> <span class='ocrx_word' id='word_1_650' title='bbox 838 5389 967 5442; x_wconf 87' lang='lat' dir='ltr'><strong>retia</strong></span> <span class='ocrx_word' id='word_1_651' title='bbox 989 5397 1155 5442; x_wconf 86' lang='lat' dir='ltr'><strong>vestra</strong></span> <span class='ocrx_word' id='word_1_652' title='bbox 1169 5387 1225 5439; x_wconf 88' lang='lat' dir='ltr'><strong>in</strong></span> <span class='ocrx_word' id='word_1_653' title='bbox 1245 5394 1532 5455; x_wconf 80' lang='lat' dir='ltr'><strong>capturum.</strong></span> <span class='ocrx_word' id='word_1_654' title='bbox 1561 5383 1660 5455; x_wconf 78' lang='lat' dir='ltr'><strong>(Ex</strong></span> <span class='ocrx_word' id='word_1_655' title='bbox 1681 5379 1933 5452; x_wconf 88' lang='lat' dir='ltr'><strong>August.)</strong></span> 
     </span>
    </p>
   </div>
   <div class='ocr_carea' id='block_1_89' title="bbox 361 5472 1935 5551">
    <p class='ocr_par' dir='ltr' id='par_1_89' title="bbox 361 5472 1935 5551">
     <span class='ocr_line' id='line_1_89' title="bbox 361 5472 1935 5551; baseline -0.006 -17"><span class='ocrx_word' id='word_1_656' title='bbox 361 5479 512 5546; x_wconf 87' lang='lat' dir='ltr'><strong>Quod</strong></span> <span class='ocrx_word' id='word_1_657' title='bbox 537 5481 712 5551; x_wconf 87' lang='lat' dir='ltr'><strong>primo</strong></span> <span class='ocrx_word' id='word_1_658' title='bbox 735 5479 940 5549; x_wconf 88' lang='lat' dir='ltr'><strong>rogavit</strong></span> <span class='ocrx_word' id='word_1_659' title='bbox 961 5476 1236 5533; x_wconf 89' lang='lat' dir='ltr'><strong>Simonem</strong></span> <span class='ocrx_word' id='word_1_660' title='bbox 1256 5489 1446 5530; x_wconf 89' lang='lat' dir='ltr'><strong>navem</strong></span> <span class='ocrx_word' id='word_1_661' title='bbox 1465 5488 1494 5526; x_wconf 89' lang='lat' dir='ltr'><strong>a</strong></span> <span class='ocrx_word' id='word_1_662' title='bbox 1513 5481 1654 5528; x_wconf 87' lang='lat' dir='ltr'><strong>terra</strong></span> <span class='ocrx_word' id='word_1_663' title='bbox 1677 5472 1935 5527; x_wconf 89' lang='lat' dir='ltr'><strong>reducere</strong></span> 
     </span>
    </p>
   </div>
   <div class='ocr_carea' id='block_1_90' title="bbox 283 5566 1933 5643">
    <p class='ocr_par' dir='ltr' id='par_1_90' title="bbox 283 5566 1933 5643">
     <span class='ocr_line' id='line_1_90' title="bbox 283 5566 1933 5643; baseline -0.005 -17"><span class='ocrx_word' id='word_1_664' title='bbox 283 5633 287 5636; x_wconf 18' lang='grc' dir='ltr'>λ</span> <span class='ocrx_word' id='word_1_665' title='bbox 360 5572 638 5641; x_wconf 80' lang='lat' dir='ltr'><strong>pusillum,</strong></span> <span class='ocrx_word' id='word_1_666' title='bbox 663 5573 929 5643; x_wconf 83' lang='lat' dir='ltr'><strong>significat</strong></span> <span class='ocrx_word' id='word_1_667' title='bbox 954 5570 1036 5624; x_wconf 85' lang='lat' dir='ltr'><strong>vel</strong></span> <span class='ocrx_word' id='word_1_668' title='bbox 1072 5577 1365 5637; x_wconf 88' lang='lat' dir='ltr'><strong>temperate</strong></span> <span class='ocrx_word' id='word_1_669' title='bbox 1391 5567 1648 5622; x_wconf 87' lang='lat' dir='ltr'><strong>utendum</strong></span> <span class='ocrx_word' id='word_1_670' title='bbox 1675 5566 1841 5619; x_wconf 88' lang='lat' dir='ltr'><strong>verbo</strong></span> <span class='ocrx_word' id='word_1_671' title='bbox 1867 5566 1933 5618; x_wconf 88' lang='lat' dir='ltr'><strong>ad</strong></span> 
     </span>
    </p>
   </div>
   <div class='ocr_carea' id='block_1_91' title="bbox 366 5649 1932 5731">
    <p class='ocr_par' dir='ltr' id='par_1_91' title="bbox 366 5649 1932 5731">
     <span class='ocr_line' id='line_1_91' title="bbox 366 5649 1932 5731; baseline -0.005 -17"><span class='ocrx_word' id='word_1_672' title='bbox 366 5651 572 5731; x_wconf 73' lang='lat' dir='ltr'><strong>turbas,</strong></span> <span class='ocrx_word' id='word_1_673' title='bbox 621 5674 677 5718; x_wconf 91' lang='lat' dir='ltr'><strong>ut</strong></span> <span class='ocrx_word' id='word_1_674' title='bbox 720 5678 816 5718; x_wconf 86' lang='lat' dir='ltr'><strong>nec</strong></span> <span class='ocrx_word' id='word_1_675' title='bbox 855 5672 1069 5720; x_wconf 87' lang='lat' dir='ltr'><strong>terrena</strong></span> <span class='ocrx_word' id='word_1_676' title='bbox 1109 5659 1188 5716; x_wconf 86' lang='lat' dir='ltr'><strong>eis</strong></span> <span class='ocrx_word' id='word_1_677' title='bbox 1219 5657 1619 5730; x_wconf 56' lang='lat' dir='ltr'><strong>prtccipiantur,</strong></span> <span class='ocrx_word' id='word_1_678' title='bbox 1658 5649 1864 5710; x_wconf 38' lang='lat' dir='ltr'><strong>ncc&#39;sic</strong></span> <span class='ocrx_word' id='word_1_679' title='bbox 1903 5670 1932 5707; x_wconf 85' lang='lat' dir='ltr'><strong>a</strong></span> 
     </span>
    </p>
   </div>
   <div class='ocr_carea' id='block_1_92' title="bbox 2013 3187 3598 3263">
    <p class='ocr_par' dir='ltr' id='par_1_92' title="bbox 2013 3187 3598 3263">
     <span class='ocr_line' id='line_1_92' title="bbox 2013 3187 3598 3263; baseline -0.001 -18"><span class='ocrx_word' id='word_1_680' title='bbox 2013 3200 2234 3260; x_wconf 84' lang='lat' dir='ltr'><strong>tamque</strong></span> <span class='ocrx_word' id='word_1_681' title='bbox 2280 3188 2695 3260; x_wconf 67' lang='lat' dir='ltr'><strong>prmdestinatos</strong></span> <span class='ocrx_word' id='word_1_682' title='bbox 2741 3187 2895 3241; x_wconf 90' lang='lat' dir='ltr'><strong>novit</strong></span> <span class='ocrx_word' id='word_1_683' title='bbox 2939 3195 3230 3253; x_wconf 69' lang='lat' dir='ltr'><strong>teternam,</strong></span> <span class='ocrx_word' id='word_1_684' title='bbox 3269 3188 3426 3263; x_wconf 82' lang='lat' dir='ltr'><strong>quasi</strong></span> <span class='ocrx_word' id='word_1_685' title='bbox 3473 3187 3598 3243; x_wconf 70' lang='lat' dir='ltr'><strong>alim</strong></span> 
     </span>
    </p>
   </div>
   <div class='ocr_carea' id='block_1_93' title="bbox 2014 3279 3596 3351">
    <p class='ocr_par' dir='ltr' id='par_1_93' title="bbox 2014 3279 3596 3351">
     <span class='ocr_line' id='line_1_93' title="bbox 2014 3279 3596 3351; baseline -0.001 -14"><span class='ocrx_word' id='word_1_686' title='bbox 2014 3283 2164 3337; x_wconf 89' lang='lat' dir='ltr'><strong>navis</strong></span> <span class='ocrx_word' id='word_1_687' title='bbox 2195 3280 2531 3351; x_wconf 86' lang='lat' dir='ltr'><strong>receptacula</strong></span> <span class='ocrx_word' id='word_1_688' title='bbox 2558 3279 2796 3350; x_wconf 90' lang='lat' dir='ltr'><strong>piscibus</strong></span> <span class='ocrx_word' id='word_1_689' title='bbox 2822 3294 3070 3348; x_wconf 65' lang='lat' dir='ltr'><strong>qurerens</strong></span> <span class='ocrx_word' id='word_1_690' title='bbox 3101 3281 3232 3346; x_wconf 91' lang='lat' dir='ltr'><strong>suis,</strong></span> <span class='ocrx_word' id='word_1_691' title='bbox 3264 3282 3427 3336; x_wconf 85' lang='lat' dir='ltr'><strong>corda</strong></span> <span class='ocrx_word' id='word_1_692' title='bbox 3455 3297 3596 3350; x_wconf 80' lang='lat' dir='ltr'><strong>quo-</strong></span> 
     </span>
    </p>
   </div>
   <div class='ocr_carea' id='block_1_94' title="bbox 2014 3369 3598 3443">
    <p class='ocr_par' dir='ltr' id='par_1_94' title="bbox 2014 3369 3598 3443">
     <span class='ocr_line' id='line_1_94' title="bbox 2014 3369 3598 3443; baseline 0 -18"><span class='ocrx_word' id='word_1_693' title='bbox 2014 3388 2118 3442; x_wconf 89' lang='lat' dir='ltr'><strong>quc</strong></span> <span class='ocrx_word' id='word_1_694' title='bbox 2152 3371 2390 3443; x_wconf 89' lang='lat' dir='ltr'><strong>gentium</strong></span> <span class='ocrx_word' id='word_1_695' title='bbox 2416 3369 2540 3424; x_wconf 90' lang='lat' dir='ltr'><strong>fidei</strong></span> <span class='ocrx_word' id='word_1_696' title='bbox 2570 3369 2746 3439; x_wconf 88' lang='lat' dir='ltr'><strong>gratia</strong></span> <span class='ocrx_word' id='word_1_697' title='bbox 2789 3369 2978 3438; x_wconf 89' lang='lat' dir='ltr'><strong>replet.</strong></span> <span class='ocrx_word' id='word_1_698' title='bbox 3009 3369 3076 3422; x_wconf 88' lang='lat' dir='ltr'><strong>Et</strong></span> <span class='ocrx_word' id='word_1_699' title='bbox 3120 3370 3256 3425; x_wconf 87' lang='lat' dir='ltr'><strong>bene</strong></span> <span class='ocrx_word' id='word_1_700' title='bbox 3286 3379 3445 3440; x_wconf 90' lang='lat' dir='ltr'><strong>rupto</strong></span> <span class='ocrx_word' id='word_1_701' title='bbox 3475 3380 3598 3426; x_wconf 90' lang='lat' dir='ltr'><strong>rete</strong></span> 
     </span>
    </p>
   </div>
   <div class='ocr_carea' id='block_1_95' title="bbox 2016 3458 3598 3530">
    <p class='ocr_par' dir='ltr' id='par_1_95' title="bbox 2016 3458 3598 3530">
     <span class='ocr_line' id='line_1_95' title="bbox 2016 3458 3598 3530; baseline -0.001 -13"><span class='ocrx_word' id='word_1_702' title='bbox 2016 3463 2161 3517; x_wconf 87' lang='lat' dir='ltr'><strong>socia</strong></span> <span class='ocrx_word' id='word_1_703' title='bbox 2209 3462 2362 3515; x_wconf 85' lang='lat' dir='ltr'><strong>navis</strong></span> <span class='ocrx_word' id='word_1_704' title='bbox 2404 3460 2718 3521; x_wconf 84' lang='lat' dir='ltr'><strong>advocatur.</strong></span> <span class='ocrx_word' id='word_1_705' title='bbox 2761 3460 3017 3528; x_wconf 89' lang='lat' dir='ltr'><strong>quoniam</strong></span> <span class='ocrx_word' id='word_1_706' title='bbox 3066 3468 3192 3514; x_wconf 89' lang='lat' dir='ltr'><strong>ante</strong></span> <span class='ocrx_word' id='word_1_707' title='bbox 3237 3458 3404 3515; x_wconf 76' lang='lat' dir='ltr'><strong>ludas</strong></span> <span class='ocrx_word' id='word_1_708' title='bbox 3463 3476 3598 3530; x_wconf 91' lang='lat' dir='ltr'><strong>pro-</strong></span> 
     </span>
    </p>
   </div>
   <div class='ocr_carea' id='block_1_96' title="bbox 2016 3551 3640 3626">
    <p class='ocr_par' dir='ltr' id='par_1_96' title="bbox 2016 3551 3640 3626">
     <span class='ocr_line' id='line_1_96' title="bbox 2016 3551 3640 3626; baseline -0.002 -17"><span class='ocrx_word' id='word_1_709' title='bbox 2016 3554 2178 3620; x_wconf 88' lang='lat' dir='ltr'><strong>ditor,</strong></span> <span class='ocrx_word' id='word_1_710' title='bbox 2224 3561 2350 3608; x_wconf 89' lang='lat' dir='ltr'><strong>ante</strong></span> <span class='ocrx_word' id='word_1_711' title='bbox 2402 3551 2592 3606; x_wconf 90' lang='lat' dir='ltr'><strong>Simon</strong></span> <span class='ocrx_word' id='word_1_712' title='bbox 2634 3553 2824 3623; x_wconf 86' lang='lat' dir='ltr'><strong>Magus</strong></span> <span class='ocrx_word' id='word_1_713' title='bbox 2865 3553 3042 3622; x_wconf 89' lang='lat' dir='ltr'><strong>pisces</strong></span> <span class='ocrx_word' id='word_1_714' title='bbox 3085 3553 3405 3622; x_wconf 88' lang='lat' dir='ltr'><strong>nequissimi</strong></span> <span class='ocrx_word' id='word_1_715' title='bbox 3453 3552 3640 3626; x_wconf 66' lang='lat' dir='ltr'><strong>capti,</strong></span> 
     </span>
    </p>
   </div>
   <div class='ocr_carea' id='block_1_97' title="bbox 2018 3640 3602 3711">
    <p class='ocr_par' dir='ltr' id='par_1_97' title="bbox 2018 3640 3602 3711">
     <span class='ocr_line' id='line_1_97' title="bbox 2018 3640 3602 3711; baseline -0.001 -12"><span class='ocrx_word' id='word_1_716' title='bbox 2018 3653 2162 3700; x_wconf 89' lang='lat' dir='ltr'><strong>sunt.</strong></span> <span class='ocrx_word' id='word_1_717' title='bbox 2195 3643 2369 3698; x_wconf 82' lang='lat' dir='ltr'><strong>Antea</strong></span> <span class='ocrx_word' id='word_1_718' title='bbox 2415 3642 2652 3696; x_wconf 83' lang='lat' dir='ltr'><strong>Ananias</strong></span> <span class='ocrx_word' id='word_1_719' title='bbox 2693 3650 2749 3696; x_wconf 91' lang='lat' dir='ltr'><strong>et</strong></span> <span class='ocrx_word' id='word_1_720' title='bbox 2798 3640 3026 3711; x_wconf 88' lang='lat' dir='ltr'><strong>Saphira</strong></span> <span class='ocrx_word' id='word_1_721' title='bbox 3057 3641 3182 3696; x_wconf 80' lang='lat' dir='ltr'><strong>ﬁdei</strong></span> <span class='ocrx_word' id='word_1_722' title='bbox 3227 3650 3348 3696; x_wconf 84' lang='lat' dir='ltr'><strong>rete</strong></span> <span class='ocrx_word' id='word_1_723' title='bbox 3375 3643 3602 3697; x_wconf 85' lang='lat' dir='ltr'><strong>subdole</strong></span> 
     </span>
    </p>
   </div>
   <div class='ocr_carea' id='block_1_98' title="bbox 2020 3732 3602 3806">
    <p class='ocr_par' dir='ltr' id='par_1_98' title="bbox 2020 3732 3602 3806">
     <span class='ocr_line' id='line_1_98' title="bbox 2020 3732 3602 3806; baseline -0.003 -15"><span class='ocrx_word' id='word_1_724' title='bbox 2020 3736 2297 3791; x_wconf 90' lang='lat' dir='ltr'><strong>tentabant</strong></span> <span class='ocrx_word' id='word_1_725' title='bbox 2338 3735 2546 3806; x_wconf 89' lang='lat' dir='ltr'><strong>ingredi</strong></span> <span class='ocrx_word' id='word_1_726' title='bbox 2597 3733 2734 3806; x_wconf 82' lang='lat' dir='ltr'><strong>(Act.</strong></span> <span class='ocrx_word' id='word_1_727' title='bbox 2759 3733 2847 3804; x_wconf 85' lang='lat' dir='ltr'><strong>v),</strong></span> <span class='ocrx_word' id='word_1_728' title='bbox 2888 3741 3032 3797; x_wconf 90' lang='lat' dir='ltr'><strong>ante,</strong></span> <span class='ocrx_word' id='word_1_729' title='bbox 3065 3743 3123 3787; x_wconf 92' lang='lat' dir='ltr'><strong>ut</strong></span> <span class='ocrx_word' id='word_1_730' title='bbox 3165 3732 3401 3789; x_wconf 82' lang='lat' dir='ltr'><strong>Joannes</strong></span> <span class='ocrx_word' id='word_1_731' title='bbox 3431 3741 3602 3788; x_wconf 88' lang='lat' dir='ltr'><strong>testa-</strong></span> 
     </span>
    </p>
   </div>
   <div class='ocr_carea' id='block_1_99' title="bbox 2021 3821 3602 3892">
    <p class='ocr_par' dir='ltr' id='par_1_99' title="bbox 2021 3821 3602 3892">
     <span class='ocr_line' id='line_1_99' title="bbox 2021 3821 3602 3892; baseline -0.002 -13"><span class='ocrx_word' id='word_1_732' title='bbox 2021 3833 2129 3890; x_wconf 92' lang='lat' dir='ltr'><strong>tur,</strong></span> <span class='ocrx_word' id='word_1_733' title='bbox 2168 3824 2322 3878; x_wconf 91' lang='lat' dir='ltr'><strong>multi</strong></span> <span class='ocrx_word' id='word_1_734' title='bbox 2373 3823 2760 3892; x_wconf 89' lang='lat' dir='ltr'><strong>discipulorum</strong></span> <span class='ocrx_word' id='word_1_735' title='bbox 2793 3821 2909 3891; x_wconf 87' lang='lat' dir='ltr'><strong>ejus</strong></span> <span class='ocrx_word' id='word_1_736' title='bbox 2952 3823 3201 3876; x_wconf 88' lang='lat' dir='ltr'><strong>abierunt</strong></span> <span class='ocrx_word' id='word_1_737' title='bbox 3235 3831 3406 3886; x_wconf 89' lang='lat' dir='ltr'><strong>retro,</strong></span> <span class='ocrx_word' id='word_1_738' title='bbox 3437 3823 3602 3876; x_wconf 89' lang='lat' dir='ltr'><strong>etiam</strong></span> 
     </span>
    </p>
   </div>
   <div class='ocr_carea' id='block_1_100' title="bbox 2021 3910 3696 3982">
    <p class='ocr_par' dir='ltr' id='par_1_100' title="bbox 2021 3910 3696 3982">
     <span class='ocr_line' id='line_1_100' title="bbox 2021 3910 3696 3982; baseline -0.004 -13"><span class='ocrx_word' id='word_1_739' title='bbox 2021 3930 2128 3969; x_wconf 89' lang='lat' dir='ltr'><strong>non</strong></span> <span class='ocrx_word' id='word_1_740' title='bbox 2156 3930 2278 3968; x_wconf 92' lang='lat' dir='ltr'><strong>cum</strong></span> <span class='ocrx_word' id='word_1_741' title='bbox 2306 3913 2397 3967; x_wconf 92' lang='lat' dir='ltr'><strong>illo</strong></span> <span class='ocrx_word' id='word_1_742' title='bbox 2433 3912 2782 3967; x_wconf 89' lang='lat' dir='ltr'><strong>ambulabant</strong></span> <span class='ocrx_word' id='word_1_743' title='bbox 2806 3912 2987 3976; x_wconf 82' lang='lat' dir='ltr'><strong>(Joan.</strong></span> <span class='ocrx_word' id='word_1_744' title='bbox 3007 3911 3106 3982; x_wconf 83' lang='lat' dir='ltr'><strong>vi).</strong></span> <span class='ocrx_word' id='word_1_745' title='bbox 3139 3911 3217 3967; x_wconf 85' lang='lat' dir='ltr'><strong>Ac</strong></span> <span class='ocrx_word' id='word_1_746' title='bbox 3246 3911 3443 3966; x_wconf 90' lang='lat' dir='ltr'><strong>deinde</strong></span> <span class='ocrx_word' id='word_1_747' title='bbox 3466 3910 3602 3964; x_wconf 87' lang='lat' dir='ltr'><strong>Bar-</strong></span> <span class='ocrx_word' id='word_1_748' title='bbox 3685 3925 3696 3932; x_wconf 76' lang='grc'><strong>”</strong></span> 
     </span>
    </p>
   </div>
   <div class='ocr_carea' id='block_1_101' title="bbox 2023 4002 3605 4075">
    <p class='ocr_par' dir='ltr' id='par_1_101' title="bbox 2023 4002 3605 4075">
     <span class='ocr_line' id='line_1_101' title="bbox 2023 4002 3605 4075; baseline -0.003 -12"><span class='ocrx_word' id='word_1_749' title='bbox 2023 4010 2192 4064; x_wconf 89' lang='lat' dir='ltr'><strong>nabas</strong></span> <span class='ocrx_word' id='word_1_750' title='bbox 2231 4017 2284 4062; x_wconf 89' lang='lat' dir='ltr'><strong>et</strong></span> <span class='ocrx_word' id='word_1_751' title='bbox 2331 4007 2527 4062; x_wconf 86' lang='lat' dir='ltr'><strong>Paulus</strong></span> <span class='ocrx_word' id='word_1_752' title='bbox 2573 4008 2639 4064; x_wconf 89' lang='lat' dir='ltr'><strong>ad</strong></span> <span class='ocrx_word' id='word_1_753' title='bbox 2685 4006 2912 4062; x_wconf 84' lang='lat' dir='ltr'><strong>salutem</strong></span> <span class='ocrx_word' id='word_1_754' title='bbox 2956 4003 3196 4075; x_wconf 86' lang='lat' dir='ltr'><strong>gentium</strong></span> <span class='ocrx_word' id='word_1_755' title='bbox 3248 4013 3376 4057; x_wconf 88' lang='lat' dir='ltr'><strong>sunt</strong></span> <span class='ocrx_word' id='word_1_756' title='bbox 3425 4002 3605 4058; x_wconf 86' lang='lat' dir='ltr'><strong>vocati</strong></span> 
     </span>
    </p>
   </div>
   <div class='ocr_carea' id='block_1_102' title="bbox 2027 4095 3177 4172">
    <p class='ocr_par' dir='ltr' id='par_1_102' title="bbox 2027 4095 3177 4172">
     <span class='ocr_line' id='line_1_102' title="bbox 2027 4095 3177 4172; baseline -0.004 -19"><span class='ocrx_word' id='word_1_757' title='bbox 2027 4101 2165 4172; x_wconf 82' lang='lat' dir='ltr'><strong>(Act.</strong></span> <span class='ocrx_word' id='word_1_758' title='bbox 2201 4100 2341 4172; x_wconf 84' lang='lat' dir='ltr'><strong>xm).</strong></span> <span class='ocrx_word' id='word_1_759' title='bbox 3167 4095 3177 4106; x_wconf 86' lang='lat'><strong>&#39;</strong></span> 
     </span>
    </p>
   </div>
   <div class='ocr_carea' id='block_1_103' title="bbox 2101 4203 3608 4281">
    <p class='ocr_par' dir='ltr' id='par_1_103' title="bbox 2101 4203 3608 4281">
     <span class='ocr_line' id='line_1_103' title="bbox 2101 4203 3608 4281; baseline -0.007 -15"><span class='ocrx_word' id='word_1_760' title='bbox 2101 4212 2168 4265; x_wconf 84' lang='lat' dir='ltr'><strong>Et</strong></span> <span class='ocrx_word' id='word_1_761' title='bbox 2199 4218 2445 4266; x_wconf 88' lang='lat' dir='ltr'><strong>venerunt</strong></span> <span class='ocrx_word' id='word_1_762' title='bbox 2468 4220 2514 4264; x_wconf 87' lang='lat' dir='ltr'><strong>et</strong></span> <span class='ocrx_word' id='word_1_763' title='bbox 2543 4208 2882 4281; x_wconf 87' lang='lat' dir='ltr'><strong>impleverunt</strong></span> <span class='ocrx_word' id='word_1_764' title='bbox 2914 4207 3094 4260; x_wconf 85' lang='lat' dir='ltr'><strong>ambas</strong></span> <span class='ocrx_word' id='word_1_765' title='bbox 3127 4203 3415 4269; x_wconf 79' lang='lat' dir='ltr'><strong>naviculas,</strong></span> <span class='ocrx_word' id='word_1_766' title='bbox 3446 4205 3520 4256; x_wconf 90' lang='lat' dir='ltr'><strong>ita</strong></span> <span class='ocrx_word' id='word_1_767' title='bbox 3549 4213 3608 4261; x_wconf 80' lang='lat' dir='ltr'><strong>ut</strong></span> 
     </span>
    </p>
   </div>
   <div class='ocr_carea' id='block_1_104' title="bbox 2027 4294 3609 4373">
    <p class='ocr_par' dir='ltr' id='par_1_104' title="bbox 2027 4294 3609 4373">
     <span class='ocr_line' id='line_1_104' title="bbox 2027 4294 3609 4373; baseline -0.004 -16"><span class='ocrx_word' id='word_1_768' title='bbox 2027 4319 2155 4373; x_wconf 88' lang='lat' dir='ltr'><strong>pene</strong></span> <span class='ocrx_word' id='word_1_769' title='bbox 2183 4310 2552 4373; x_wconf 88' lang='lat' dir='ltr'><strong>mergerentur.</strong></span> <span class='ocrx_word' id='word_1_770' title='bbox 2581 4299 2782 4354; x_wconf 84' lang='lat' dir='ltr'><strong>Harum</strong></span> <span class='ocrx_word' id='word_1_771' title='bbox 2812 4298 3051 4368; x_wconf 88' lang='lat' dir='ltr'><strong>impletio</strong></span> <span class='ocrx_word' id='word_1_772' title='bbox 3084 4296 3299 4350; x_wconf 87' lang='lat' dir='ltr'><strong>navium</strong></span> <span class='ocrx_word' id='word_1_773' title='bbox 3336 4309 3510 4365; x_wconf 89' lang='lat' dir='ltr'><strong>usque</strong></span> <span class='ocrx_word' id='word_1_774' title='bbox 3548 4294 3609 4351; x_wconf 82' lang='lat' dir='ltr'><strong>in</strong></span> 
     </span>
    </p>
   </div>
   <div class='ocr_carea' id='block_1_105' title="bbox 1952 4385 3608 4485">
    <p class='ocr_par' dir='ltr' id='par_1_105' title="bbox 1952 4385 3608 4485">
     <span class='ocr_line' id='line_1_105' title="bbox 1952 4385 3608 4485; baseline -0.008 -37"><span class='ocrx_word' id='word_1_775' title='bbox 1952 4426 2003 4485; x_wconf 71' lang='grc' dir='ltr'><strong>Β</strong></span> <span class='ocrx_word' id='word_1_776' title='bbox 2032 4393 2192 4447; x_wconf 89' lang='lat' dir='ltr'><strong>ﬁnem</strong></span> <span class='ocrx_word' id='word_1_777' title='bbox 2221 4392 2402 4447; x_wconf 71' lang='lat' dir='ltr'><strong>smculi</strong></span> <span class='ocrx_word' id='word_1_778' title='bbox 2436 4390 2651 4446; x_wconf 80' lang='lat' dir='ltr'><strong>crescit.</strong></span> <span class='ocrx_word' id='word_1_779' title='bbox 2682 4389 2788 4443; x_wconf 82' lang='lat' dir='ltr'><strong>Sed</strong></span> <span class='ocrx_word' id='word_1_780' title='bbox 2831 4387 2974 4458; x_wconf 91' lang='lat' dir='ltr'><strong>quod</strong></span> <span class='ocrx_word' id='word_1_781' title='bbox 3006 4385 3238 4454; x_wconf 69' lang='lat' dir='ltr'><strong>impleta:</strong></span> <span class='ocrx_word' id='word_1_782' title='bbox 3267 4392 3608 4454; x_wconf 90' lang='lat' dir='ltr'><strong>merguntur,</strong></span> 
     </span>
    </p>
   </div>
   <div class='ocr_carea' id='block_1_106' title="bbox 2030 4476 3610 4547">
    <p class='ocr_par' dir='ltr' id='par_1_106' title="bbox 2030 4476 3610 4547">
     <span class='ocr_line' id='line_1_106' title="bbox 2030 4476 3610 4547; baseline -0.007 -7"><span class='ocrx_word' id='word_1_783' title='bbox 2030 4487 2135 4540; x_wconf 91' lang='lat' dir='ltr'><strong>hoc</strong></span> <span class='ocrx_word' id='word_1_784' title='bbox 2180 4492 2293 4547; x_wconf 84' lang='lat' dir='ltr'><strong>est,</strong></span> <span class='ocrx_word' id='word_1_785' title='bbox 2341 4483 2395 4536; x_wconf 92' lang='lat' dir='ltr'><strong>in</strong></span> <span class='ocrx_word' id='word_1_786' title='bbox 2441 4480 2868 4535; x_wconf 87' lang='lat' dir='ltr'><strong>submersionem</strong></span> <span class='ocrx_word' id='word_1_787' title='bbox 2920 4483 3273 4547; x_wconf 86' lang='lat' dir='ltr'><strong>premuntur,</strong></span> <span class='ocrx_word' id='word_1_788' title='bbox 3323 4490 3430 4528; x_wconf 89' lang='lat' dir='ltr'><strong>non</strong></span> <span class='ocrx_word' id='word_1_789' title='bbox 3464 4476 3610 4529; x_wconf 91' lang='lat' dir='ltr'><strong>enim</strong></span> 
     </span>
    </p>
   </div>
   <div class='ocr_carea' id='block_1_107' title="bbox 2031 4564 3612 4635">
    <p class='ocr_par' dir='ltr' id='par_1_107' title="bbox 2031 4564 3612 4635">
     <span class='ocr_line' id='line_1_107' title="bbox 2031 4564 3612 4635; baseline -0.004 -8"><span class='ocrx_word' id='word_1_790' title='bbox 2031 4573 2343 4634; x_wconf 60' lang='lat' dir='ltr'><strong>submersa},</strong></span> <span class='ocrx_word' id='word_1_791' title='bbox 2391 4570 2487 4624; x_wconf 88' lang='lat' dir='ltr'><strong>sed</strong></span> <span class='ocrx_word' id='word_1_792' title='bbox 2535 4578 2716 4622; x_wconf 86' lang='lat' dir='ltr'><strong>tamen</strong></span> <span class='ocrx_word' id='word_1_793' title='bbox 2764 4575 2890 4622; x_wconf 91' lang='lat' dir='ltr'><strong>sunt</strong></span> <span class='ocrx_word' id='word_1_794' title='bbox 2940 4565 3288 4635; x_wconf 66' lang='lat' dir='ltr'><strong>periclitatis,</strong></span> <span class='ocrx_word' id='word_1_795' title='bbox 3321 4564 3612 4634; x_wconf 77' lang='lat' dir='ltr'><strong>Apostolus</strong></span> 
     </span>
    </p>
   </div>
   <div class='ocr_carea' id='block_1_108' title="bbox 2032 4653 3613 4729">
    <p class='ocr_par' dir='ltr' id='par_1_108' title="bbox 2032 4653 3613 4729">
     <span class='ocr_line' id='line_1_108' title="bbox 2032 4653 3613 4729; baseline -0.006 -14"><span class='ocrx_word' id='word_1_796' title='bbox 2032 4658 2498 4729; x_wconf 77' lang='lat' dir='ltr'><strong>exponit&#39;dicens:</strong></span> <span class='ocrx_word' id='word_1_797' title='bbox 2530 4656 2596 4710; x_wconf 86' lang='lat' dir='ltr'><strong>In</strong></span> <span class='ocrx_word' id='word_1_798' title='bbox 2631 4655 2920 4710; x_wconf 83' lang='lat' dir='ltr'><strong>novissimis</strong></span> <span class='ocrx_word' id='word_1_799' title='bbox 2963 4653 3164 4717; x_wconf 79' lang='lat' dir='ltr'><strong>diebus,</strong></span> <span class='ocrx_word' id='word_1_800' title='bbox 3201 4663 3352 4706; x_wconf 88' lang='lat' dir='ltr'><strong>erunt</strong></span> <span class='ocrx_word' id='word_1_801' title='bbox 3377 4662 3613 4721; x_wconf 84' lang='lat' dir='ltr'><strong>tempora</strong></span> 
     </span>
    </p>
   </div>
   <div class='ocr_carea' id='block_1_109' title="bbox 2033 4745 3610 4821">
    <p class='ocr_par' dir='ltr' id='par_1_109' title="bbox 2033 4745 3610 4821">
     <span class='ocr_line' id='line_1_109' title="bbox 2033 4745 3610 4821; baseline -0.004 -18"><span class='ocrx_word' id='word_1_802' title='bbox 2033 4749 2358 4821; x_wconf 82' lang='lat' dir='ltr'><strong>periculosa,</strong></span> <span class='ocrx_word' id='word_1_803' title='bbox 2404 4757 2452 4801; x_wconf 90' lang='lat' dir='ltr'><strong>et</strong></span> <span class='ocrx_word' id='word_1_804' title='bbox 2496 4755 2645 4800; x_wconf 87' lang='lat' dir='ltr'><strong>erunt</strong></span> <span class='ocrx_word' id='word_1_805' title='bbox 2676 4745 2910 4799; x_wconf 84' lang='lat' dir='ltr'><strong>homines</strong></span> <span class='ocrx_word' id='word_1_806' title='bbox 2961 4745 3154 4814; x_wconf 87' lang='lat' dir='ltr'><strong>seipsos</strong></span> <span class='ocrx_word' id='word_1_807' title='bbox 3201 4754 3458 4807; x_wconf 86' lang='lat' dir='ltr'><strong>amantes,</strong></span> <span class='ocrx_word' id='word_1_808' title='bbox 3501 4752 3610 4797; x_wconf 91' lang='lat' dir='ltr'><strong>etc.</strong></span> 
     </span>
    </p>
   </div>
   <div class='ocr_carea' id='block_1_110' title="bbox 2037 4833 3608 4913">
    <p class='ocr_par' dir='ltr' id='par_1_110' title="bbox 2037 4833 3608 4913">
     <span class='ocr_line' id='line_1_110' title="bbox 2037 4833 3608 4913; baseline -0.004 -19"><span class='ocrx_word' id='word_1_809' title='bbox 2037 4841 2122 4913; x_wconf 85' lang='lat' dir='ltr'><strong>(Il</strong></span> <span class='ocrx_word' id='word_1_810' title='bbox 2154 4839 2287 4894; x_wconf 89' lang='lat' dir='ltr'><strong>Tim.</strong></span> <span class='ocrx_word' id='word_1_811' title='bbox 2315 4839 2420 4907; x_wconf 89' lang='grc' dir='ltr'>ιιι).</span> <span class='ocrx_word' id='word_1_812' title='bbox 2450 4837 2586 4891; x_wconf 85' lang='lat' dir='ltr'><strong>Nam</strong></span> <span class='ocrx_word' id='word_1_813' title='bbox 2618 4837 2786 4906; x_wconf 88' lang='lat' dir='ltr'><strong>mergi</strong></span> <span class='ocrx_word' id='word_1_814' title='bbox 2822 4849 3008 4897; x_wconf 89' lang='lat' dir='ltr'><strong>naves,</strong></span> <span class='ocrx_word' id='word_1_815' title='bbox 3035 4843 3118 4888; x_wconf 90' lang='lat' dir='ltr'><strong>est</strong></span> <span class='ocrx_word' id='word_1_816' title='bbox 3146 4834 3391 4889; x_wconf 84' lang='lat' dir='ltr'><strong>homines</strong></span> <span class='ocrx_word' id='word_1_817' title='bbox 3418 4833 3473 4887; x_wconf 92' lang='lat' dir='ltr'><strong>in</strong></span> <span class='ocrx_word' id='word_1_818' title='bbox 3505 4849 3608 4888; x_wconf 71' lang='lat' dir='ltr'><strong>sa:-</strong></span> 
     </span>
    </p>
   </div>
   <div class='ocr_carea' id='block_1_111' title="bbox 2037 4925 3610 4998">
    <p class='ocr_par' dir='ltr' id='par_1_111' title="bbox 2037 4925 3610 4998">
     <span class='ocr_line' id='line_1_111' title="bbox 2037 4925 3610 4998; baseline -0.003 -13"><span class='ocrx_word' id='word_1_819' title='bbox 2037 4932 2237 4996; x_wconf 85' lang='lat' dir='ltr'><strong>culum,</strong></span> <span class='ocrx_word' id='word_1_820' title='bbox 2265 4945 2330 4985; x_wconf 79' lang='lat' dir='ltr'><strong>ex</strong></span> <span class='ocrx_word' id='word_1_821' title='bbox 2360 4945 2466 4998; x_wconf 88' lang='lat' dir='ltr'><strong>quo</strong></span> <span class='ocrx_word' id='word_1_822' title='bbox 2492 4929 2620 4982; x_wconf 89' lang='lat' dir='ltr'><strong>elati</strong></span> <span class='ocrx_word' id='word_1_823' title='bbox 2649 4943 2746 4996; x_wconf 87' lang='lat' dir='ltr'><strong>per</strong></span> <span class='ocrx_word' id='word_1_824' title='bbox 2776 4926 2936 4980; x_wconf 87' lang='lat' dir='ltr'><strong>ﬁdem</strong></span> <span class='ocrx_word' id='word_1_825' title='bbox 2977 4925 3215 4991; x_wconf 88' lang='lat' dir='ltr'><strong>fuerunt,</strong></span> <span class='ocrx_word' id='word_1_826' title='bbox 3245 4940 3456 4978; x_wconf 91' lang='lat' dir='ltr'><strong>morum</strong></span> <span class='ocrx_word' id='word_1_827' title='bbox 3482 4940 3610 4995; x_wconf 86' lang='lat' dir='ltr'><strong>pra-</strong></span> 
     </span>
    </p>
   </div>
   <div class='ocr_carea' id='block_1_112' title="bbox 2035 5016 3610 5088">
    <p class='ocr_par' dir='ltr' id='par_1_112' title="bbox 2035 5016 3610 5088">
     <span class='ocr_line' id='line_1_112' title="bbox 2035 5016 3610 5088; baseline -0.003 -12"><span class='ocrx_word' id='word_1_828' title='bbox 2035 5024 2204 5077; x_wconf 87' lang='lat' dir='ltr'><strong>vitate</strong></span> <span class='ocrx_word' id='word_1_829' title='bbox 2247 5021 2444 5084; x_wconf 86' lang='lat' dir='ltr'><strong>relabi,</strong></span> <span class='ocrx_word' id='word_1_830' title='bbox 2479 5019 2655 5088; x_wconf 87' lang='lat' dir='ltr'><strong>qualis</strong></span> <span class='ocrx_word' id='word_1_831' title='bbox 2701 5026 2756 5073; x_wconf 90' lang='lat' dir='ltr'><strong>et</strong></span> <span class='ocrx_word' id='word_1_832' title='bbox 2805 5019 2919 5087; x_wconf 89' lang='lat' dir='ltr'><strong>ipse</strong></span> <span class='ocrx_word' id='word_1_833' title='bbox 2962 5017 3155 5072; x_wconf 88' lang='lat' dir='ltr'><strong>Petrus</strong></span> <span class='ocrx_word' id='word_1_834' title='bbox 3198 5017 3378 5071; x_wconf 86' lang='lat' dir='ltr'><strong>adhuc</strong></span> <span class='ocrx_word' id='word_1_835' title='bbox 3421 5016 3476 5071; x_wconf 90' lang='lat' dir='ltr'><strong>in</strong></span> <span class='ocrx_word' id='word_1_836' title='bbox 3525 5017 3610 5071; x_wconf 57' lang='lat' dir='ltr'><strong>in.</strong></span> 
     </span>
    </p>
   </div>
   <div class='ocr_carea' id='block_1_113' title="bbox 2039 5107 3614 5181">
    <p class='ocr_par' dir='ltr' id='par_1_113' title="bbox 2039 5107 3614 5181">
     <span class='ocr_line' id='line_1_113' title="bbox 2039 5107 3614 5181; baseline -0.001 -15"><span class='ocrx_word' id='word_1_837' title='bbox 2039 5112 2294 5166; x_wconf 80' lang='lat' dir='ltr'><strong>ﬁrmitate</strong></span> <span class='ocrx_word' id='word_1_838' title='bbox 2335 5111 2567 5181; x_wconf 70' lang='lat' dir='ltr'><strong>positus,</strong></span> <span class='ocrx_word' id='word_1_839' title='bbox 2613 5110 2718 5164; x_wconf 89' lang='lat' dir='ltr'><strong>hoc</strong></span> <span class='ocrx_word' id='word_1_840' title='bbox 2761 5108 2882 5162; x_wconf 90' lang='lat' dir='ltr'><strong>loco</strong></span> <span class='ocrx_word' id='word_1_841' title='bbox 2924 5107 3292 5172; x_wconf 87' lang='lat' dir='ltr'><strong>demonstrat,</strong></span> <span class='ocrx_word' id='word_1_842' title='bbox 3338 5107 3483 5164; x_wconf 86' lang='lat' dir='ltr'><strong>unde</strong></span> <span class='ocrx_word' id='word_1_843' title='bbox 3525 5123 3614 5164; x_wconf 82' lang='lat' dir='ltr'><strong>se-</strong></span> 
     </span>
    </p>
   </div>
   <div class='ocr_carea' id='block_1_114' title="bbox 2037 5187 2745 5272">
    <p class='ocr_par' dir='ltr' id='par_1_114' title="bbox 2037 5187 2745 5272">
     <span class='ocr_line' id='line_1_114' title="bbox 2037 5187 2745 5272; baseline -0.01 -15"><span class='ocrx_word' id='word_1_844' title='bbox 2037 5203 2239 5272; x_wconf 91' lang='lat' dir='ltr'><strong>quitur.</strong></span> <span class='ocrx_word' id='word_1_845' title='bbox 2740 5187 2745 5192; x_wconf 69' lang='grc'><em>’</em></span> 
     </span>
    </p>
   </div>
   <div class='ocr_carea' id='block_1_115' title="bbox 2111 5285 3613 5359">
    <p class='ocr_par' dir='ltr' id='par_1_115' title="bbox 2111 5285 3613 5359">
     <span class='ocr_line' id='line_1_115' title="bbox 2111 5285 3613 5359; baseline -0.002 -14"><span class='ocrx_word' id='word_1_846' title='bbox 2111 5291 2264 5357; x_wconf 83' lang='lat' dir='ltr'><strong>Quod</strong></span> <span class='ocrx_word' id='word_1_847' title='bbox 2283 5306 2401 5345; x_wconf 84' lang='lat' dir='ltr'><strong>cum</strong></span> <span class='ocrx_word' id='word_1_848' title='bbox 2428 5289 2623 5344; x_wconf 84' lang='lat' dir='ltr'><strong>videret</strong></span> <span class='ocrx_word' id='word_1_849' title='bbox 2646 5287 2831 5344; x_wconf 81' lang='lat' dir='ltr'><strong>Simon</strong></span> <span class='ocrx_word' id='word_1_850' title='bbox 2859 5285 3069 5352; x_wconf 82' lang='lat' dir='ltr'><strong>Petrus,</strong></span> <span class='ocrx_word' id='word_1_851' title='bbox 3098 5295 3201 5342; x_wconf 86' lang='lat' dir='ltr'><strong>etc.</strong></span> <span class='ocrx_word' id='word_1_852' title='bbox 3231 5288 3333 5358; x_wconf 76' lang='lat' dir='ltr'><strong>(Ex</strong></span> <span class='ocrx_word' id='word_1_853' title='bbox 3359 5287 3613 5359; x_wconf 80' lang='lat' dir='ltr'><strong>August.)</strong></span> 
     </span>
    </p>
   </div>
   <div class='ocr_carea' id='block_1_116' title="bbox 2041 5381 3612 5452">
    <p class='ocr_par' dir='ltr' id='par_1_116' title="bbox 2041 5381 3612 5452">
     <span class='ocr_line' id='line_1_116' title="bbox 2041 5381 3612 5452; baseline -0.003 -12"><span class='ocrx_word' id='word_1_854' title='bbox 2041 5385 2174 5451; x_wconf 76' lang='lat' dir='ltr'><strong>Cuia</strong></span> <span class='ocrx_word' id='word_1_855' title='bbox 2194 5384 2437 5440; x_wconf 89' lang='lat' dir='ltr'><strong>carnales</strong></span> <span class='ocrx_word' id='word_1_856' title='bbox 2455 5383 2654 5452; x_wconf 88' lang='lat' dir='ltr'><strong>quique</strong></span> <span class='ocrx_word' id='word_1_857' title='bbox 2676 5382 2728 5435; x_wconf 93' lang='lat' dir='ltr'><strong>in</strong></span> <span class='ocrx_word' id='word_1_858' title='bbox 2742 5381 2978 5439; x_wconf 88' lang='lat' dir='ltr'><strong>Ecclesia</strong></span> <span class='ocrx_word' id='word_1_859' title='bbox 3002 5381 3241 5449; x_wconf 88' lang='lat' dir='ltr'><strong>regimen</strong></span> <span class='ocrx_word' id='word_1_860' title='bbox 3266 5381 3612 5452; x_wconf 81' lang='lat' dir='ltr'><strong>Spiritalium,</strong></span> 
     </span>
    </p>
   </div>
   <div class='ocr_carea' id='block_1_117' title="bbox 2039 5470 3614 5544">
    <p class='ocr_par' dir='ltr' id='par_1_117' title="bbox 2039 5470 3614 5544">
     <span class='ocr_line' id='line_1_117' title="bbox 2039 5470 3614 5544; baseline -0.004 -14"><span class='ocrx_word' id='word_1_861' title='bbox 2039 5475 2093 5530; x_wconf 91' lang='lat' dir='ltr'><strong>in</strong></span> <span class='ocrx_word' id='word_1_862' title='bbox 2122 5474 2317 5544; x_wconf 90' lang='lat' dir='ltr'><strong>quibus</strong></span> <span class='ocrx_word' id='word_1_863' title='bbox 2344 5473 2580 5527; x_wconf 83' lang='lat' dir='ltr'><strong>maxime</strong></span> <span class='ocrx_word' id='word_1_864' title='bbox 2605 5470 2806 5527; x_wconf 81' lang='lat' dir='ltr'><strong>Christi</strong></span> <span class='ocrx_word' id='word_1_865' title='bbox 2834 5485 3064 5540; x_wconf 90' lang='lat' dir='ltr'><strong>persona</strong></span> <span class='ocrx_word' id='word_1_866' title='bbox 3094 5471 3310 5534; x_wconf 82' lang='lat' dir='ltr'><strong>eminet,</strong></span> <span class='ocrx_word' id='word_1_867' title='bbox 3345 5485 3375 5524; x_wconf 89' lang='lat' dir='ltr'><strong>a</strong></span> <span class='ocrx_word' id='word_1_868' title='bbox 3399 5487 3458 5533; x_wconf 83' lang='lat' dir='ltr'><strong>se</strong></span> <span class='ocrx_word' id='word_1_869' title='bbox 3483 5486 3614 5540; x_wconf 83' lang='lat' dir='ltr'><strong>quo-</strong></span> 
     </span>
    </p>
   </div>
   <div class='ocr_carea' id='block_1_118' title="bbox 2039 5560 3615 5633">
    <p class='ocr_par' dir='ltr' id='par_1_118' title="bbox 2039 5560 3615 5633">
     <span class='ocr_line' id='line_1_118' title="bbox 2039 5560 3615 5633; baseline -0.002 -13"><span class='ocrx_word' id='word_1_870' title='bbox 2039 5565 2325 5620; x_wconf 77' lang='lat' dir='ltr'><strong>dammodo</strong></span> <span class='ocrx_word' id='word_1_871' title='bbox 2372 5563 2658 5633; x_wconf 89' lang='lat' dir='ltr'><strong>repellunt.</strong></span> <span class='ocrx_word' id='word_1_872' title='bbox 2692 5560 2806 5615; x_wconf 80' lang='lat' dir='ltr'><strong>Non</strong></span> <span class='ocrx_word' id='word_1_873' title='bbox 2836 5561 2977 5614; x_wconf 88' lang='lat' dir='ltr'><strong>enim</strong></span> <span class='ocrx_word' id='word_1_874' title='bbox 3008 5561 3110 5615; x_wconf 87' lang='lat' dir='ltr'><strong>hac</strong></span> <span class='ocrx_word' id='word_1_875' title='bbox 3134 5576 3265 5616; x_wconf 87' lang='lat' dir='ltr'><strong>voce</strong></span> <span class='ocrx_word' id='word_1_876' title='bbox 3307 5561 3502 5632; x_wconf 77' lang='lat' dir='ltr'><strong>linguae</strong></span> <span class='ocrx_word' id='word_1_877' title='bbox 3536 5563 3615 5617; x_wconf 89' lang='lat' dir='ltr'><strong>dl-</strong></span> 
     </span>
    </p>
   </div>
   <div class='ocr_carea' id='block_1_119' title="bbox 2041 5652 3614 5722">
    <p class='ocr_par' dir='ltr' id='par_1_119' title="bbox 2041 5652 3614 5722">
     <span class='ocr_line' id='line_1_119' title="bbox 2041 5652 3614 5722; baseline -0.001 -12"><span class='ocrx_word' id='word_1_878' title='bbox 2041 5663 2166 5710; x_wconf 89' lang='lat' dir='ltr'><strong>cunt</strong></span> <span class='ocrx_word' id='word_1_879' title='bbox 2191 5655 2349 5712; x_wconf 88' lang='lat' dir='ltr'><strong>bonis</strong></span> <span class='ocrx_word' id='word_1_880' title='bbox 2379 5653 2640 5710; x_wconf 83' lang='lat' dir='ltr'><strong>ministris</strong></span> <span class='ocrx_word' id='word_1_881' title='bbox 2672 5652 2784 5718; x_wconf 86' lang='lat' dir='ltr'><strong>Dei,</strong></span> <span class='ocrx_word' id='word_1_882' title='bbox 2815 5661 2872 5708; x_wconf 89' lang='lat' dir='ltr'><strong>ut</strong></span> <span class='ocrx_word' id='word_1_883' title='bbox 2917 5667 3008 5706; x_wconf 77' lang='lat' dir='ltr'><strong>eos</strong></span> <span class='ocrx_word' id='word_1_884' title='bbox 3034 5667 3065 5706; x_wconf 88' lang='lat' dir='ltr'><strong>a</strong></span> <span class='ocrx_word' id='word_1_885' title='bbox 3090 5666 3148 5707; x_wconf 81' lang='lat' dir='ltr'><strong>se</strong></span> <span class='ocrx_word' id='word_1_886' title='bbox 3182 5653 3477 5722; x_wconf 82' lang='lat' dir='ltr'><strong>repellant,</strong></span> <span class='ocrx_word' id='word_1_887' title='bbox 3521 5652 3614 5710; x_wconf 80' lang='lat' dir='ltr'><strong>sed</strong></span> 
     </span>
    </p>
   </div>
  </div>
