3940 6206
244 361 349 415 377

1086 323 1611 428 COLLEC'PIONES
1649 371 1719 428 IN
1760 372 2144 430 EPISTOLAS
2180 374 2270 431 ET
2310 375 2731 434 EVANGELIA.

3419 385 3526 442 378

242 495 379 539 voce
407 495 624 537 morum
649 489 704 537 et
733 489 951 536 actuum
980 497 1203 537 suorum
1226 485 1457 540 suadent
1485 501 1515 539 a
1539 501 1598 540 se
1625 487 1823 549 recedi,
1857 493 1909 552 Α
1940 507 1958 539 ι
2004 498 2059 544 et
2085 488 2315 561 dissipes
2340 499 2397 546 et
2427 492 2662 548 aediﬁces
2699 501 2754 548 et
2795 491 3031 564 plantes,
3083 494 3220 551 dicit
3262 495 3525 554 Dominus

237 589 314 628 ne
342 587 440 644 per
464 574 637 628 bonos
659 582 938 644 regantur.
968 573 1036 629 Et
1060 589 1126 630 eo
1153 576 1532 633 vehementius
1567 579 1710 648 quod
1743 577 1835 634 de-

237 665 430 720 ferunt
471 666 554 720 eis
596 666 883 730 honorem,
927 675 983 721 et
1018 674 1198 723 tamen
1246 667 1405 749 tactis
1449 671 1564 726 suis
1592 687 1622 725 a
1659 687 1718 727 se
1749 688 1835 727 re-

235 756 440 812 cedere
489 757 812 821 admonent,
843 766 906 812 ut
941 758 1406 814 honoriﬁcentiam
1437 777 1624 816 eorum
1668 763 1835 834 signi-

235 847 488 903 ﬁcaverit
520 847 713 902 Petrus
741 847 940 902 cadens
967 849 1033 902 ad
1078 850 1242 918 pedes
1271 850 1504 905 Domini.
1535 851 1710 908 Mores
1739 870 1832 908 au-

235 947 350 992 tem
379 938 434 992 in
479 953 545 993 eo
589 937 733 1008 quod
764 939 841 994 ait
870 957 883 992 :
913 938 1020 992 Exi
1048 957 1079 993 a
1108 957 1208 1005 me,
1246 941 1488 1007 Domine,
1526 945 1651 1013 quia
1676 946 1831 998 homo

230 1037 482 1098 peccator
505 1044 639 1089 sum,
676 1029 819 1099 quod
848 1037 1048 1096 tamen,
1075 1031 1200 1100 quia
1240 1047 1348 1085 non
1390 1032 1517 1088 fecit
1548 1034 1826 1102 Dominus,

230 1134 349 1172 non
379 1120 523 1174 enim
557 1121 786 1175 recessit
815 1120 883 1176 ab
912 1121 1011 1186 eis,
1041 1123 1136 1176 sed
1167 1135 1260 1178 eos
1286 1126 1569 1180 subductis
1599 1129 1830 1184 navibus

229 1209 307 1262 ad
331 1207 485 1265 littus
512 1209 796 1280 perduxit,
842 1211 1110 1281 significat
1151 1214 1204 1267 in
1252 1215 1406 1269 bonis
1451 1224 1505 1269 et
1530 1217 1853 1286 spirituali--

227 1302 336 1356 bus
361 1302 512 1368 viris,
537 1319 644 1357 non
667 1319 791 1359 esse
811 1311 1061 1374 oportere
1085 1307 1226 1362 hanc
1249 1307 1604 1375 voluntatem,
1623 1319 1681 1364 ut
1708 1326 1830 1380 pec—

227 1391 372 1447 catis
403 1393 684 1447 turharum
720 1395 1020 1462 commoti,
1062 1412 1170 1466 quo
1202 1399 1355 1466 quasi
1389 1402 1635 1456 securius
1672 1411 1824 1457 tran-

224 1484 562 1556 quilliusque
593 1487 804 1552 vivant,
837 1503 1035 1542 munus
1087 1489 1518 1546 ecclesiasticum
1549 1493 1820 1550 deserant.

299 1578 368 1634 Et
408 1591 483 1635 ait
519 1581 588 1634 ad
639 1580 904 1636 Simonem
941 1582 1095 1638 Iesus
1121 1600 1139 1636 :
1176 1582 1302 1638 Noli
1333 1585 1532 1641 timere.
1593 1587 1824 1642 Confer-

223 1677 310 1726 tat
349 1671 610 1727 Dominus
658 1671 907 1725 timorem
938 1673 1260 1739 carnalium,
1307 1674 1628 1749 animosque
1658 1679 1822 1750 fragi-

221 1761 361 1817 lium
396 1763 728 1819 consolando
750 1765 930 1838 erigit,
975 1781 1042 1820 ne
1070 1768 1191 1836 quis
1217 1768 1298 1820 vel
1330 1769 1396 1823 de
1420 1785 1516 1824 sua
1539 1771 1820 1825 conscien-

1942 597 1962 630 ι
2003 580 2366 650 omnipotens.
2405 601 2427 636 ι

2007 665 2325 742 Priusquam
2347 683 2396 727 te
2438 673 2724 742 formarem
2775 676 2834 729 in
2860 685 3008 731 utero
3037 677 3156 731 novi
3181 689 3252 743 te,
3295 690 3346 734 et
3374 689 3524 735 ante-

1932 777 2090 832 quam
2132 765 2303 817 ea‘ires
2330 766 2395 819 de
2425 767 2576 820 vulva
2607 769 2934 838 sanctiﬁcavi
2957 780 3025 835 te,
3062 783 3109 824 et
3139 773 3443 840 prophetam
3465 774 3522 829 in

1931 857 2169 926 gentibus
2205 857 2324 911 dedi
2353 869 2418 913 te.
2495 861 2612 915 Non
2640 864 2782 932 quod
2820 872 2947 918 ante
2983 866 3413 933 conceptionem,
3460 877 3521 922 ut

1931 946 2166 1002 haereses
2181 951 2544 1016 suspicantur,
2567 953 2730 1007 fuerit
2742 954 3065 1020 Hieremias,
3090 957 3190 1009 sed
3207 958 3348 1024 quod
3377 973 3518 1027 prae-

1929 1040 2114 1094 scierit
2133 1055 2256 1094 eum
2281 1041 2520 1096 futurum
2550 1045 2930 1111 Dominus,cui
2959 1047 3185 1101 necdum
3205 1047 3370 1111 facta,
3398 1048 3514 1117 jam

1929 1127 2073 1184 facta
2100 1142 2247 1196 sunt,
2300 1134 2596 1188 secundum
2631 1135 2760 1189 illud
2787 1137 2928 1204 quod
2944 1136 3514 1206 Apostolusloquitur,

1925 1223 2016 1290 qui
2047 1232 2192 1275 vocat
2223 1239 2302 1282 ea,
2355 1240 2471 1293 qua:
2499 1242 2600 1278 non
2650 1235 2819 1290 erant,
2875 1228 3028 1296 quasi
3079 1243 3140 1280 ea
3187 1243 3304 1304 qua:
3347 1238 3515 1282 essent

1928 1308 2099 1381 (Rom.
2120 1310 2216 1383 ιν).
2291 1311 2520 1378 Quidam
2545 1315 2690 1370 hunc
2725 1316 2903 1368 locum
2933 1331 3096 1384 super
3131 1317 3407 1372 salvatore
3433 1319 3516 1371 in-

1926 1403 2188 1472 telligunt,
2223 1407 2314 1475 qui
2347 1408 2563 1476 proprie
2604 1409 2868 1478 prepheta
2919 1419 3001 1463 est
3029 1410 3288 1479 gentium,
3334 1419 3390 1464 et
3415 1425 3517 1480 per

1924 1496 2197 1564 apostolos
2224 1499 2438 1552 vocavit
2485 1515 2675 1553 omnes
2719 1501 2987 1553 nationes.
3034 1500 3140 1554 Iste
3188 1503 3331 1554 enim
3381 1517 3515 1557 vere

1921 1585 2235 1655 priusquam
2268 1588 2320 1641 in
2339 1597 2492 1643 utero
2509 1589 2835 1642 formaretur
2859 1589 3126 1660 virginali,
3144 1599 3201 1643 et
3217 1601 3512 1660 antequam

1921 1681 2096 1734 exiret
2125 1681 2190 1736 de
2215 1681 2371 1734 vulva
2407 1682 2619 1746 matris,
2643 1681 3011 1735 sanctiﬁcatus
3041 1682 3094 1735 in
3124 1691 3278 1735 utero
3309 1691 3412 1748 est,
3447 1691 3510 1738 et

1922 1778 2082 1823 notus
2117 1770 2285 1839 patri,
2339 1770 2536 1839 quippe
2563 1770 2653 1839 qui
2683 1785 2896 1838 semper
2924 1770 2977 1823 in
3007 1779 3181 1839 patre,
3237 1779 3292 1824 et
3320 1772 3372 1824 in
3401 1785 3513 1840 quo

223 1854 300 1910 tia
353 1863 411 1910 et
457 1855 615 1924 culpa
665 1836 930 1920 tremens,
985 1855 1066 1910 vel
1109 1856 1174 1911 de
1230 1857 1458 1911 aliorum
1506 1859 1814 1915 innocentia
1846 1836 1892 1895 Β
1921 1836 2138 1930 semper
2157 1869 2330 1930 pater.

219 1955 477 2017 stupens,
514 1940 816 2004 sanctitatis
858 1947 960 2004 ‘ter
991 1948 1243 2004 formidet
1271 1951 1514 2022 adgredi,
1543 1952 1686 2023 quod
1721 1968 1816 2006 au-

218 2046 330 2094 tem
372 2039 622 2108 sequitur
652 2058 664 2092 :
877 2052 918 2088 ο

289 2127 382 2182 Ex
418 2129 516 2181 hoc
536 2129 654 2198 jam
675 2129 906 2182 homines
930 2130 1032 2182 eris
1073 2131 1303 2201 capiens.
1362 2131 1444 2186 Ad
1491 2132 1667 2202 ipsum
1706 2133 1810 2199 Pe-

215 2224 368 2272 trum
415 2216 726 2287 specialiter
758 2217 1012 2286 pertinet.
1078 2219 1313 2290 Exponit
1351 2221 1496 2275 enim
1539 2224 1588 2276 ei
1629 2222 1812 2277 Domi-

215 2324 344 2372 nus,
399 2308 529 2376 quid
556 2308 673 2362 hanc
698 2307 929 2377 piscium
965 2318 1189 2379 captura
1219 2311 1508 2381 signiﬁcet,
1551 2314 1695 2383 quod
1732 2315 1812 2368 vi-

214 2398 415 2453 delicet
454 2399 590 2468 ipse,
643 2399 792 2469 sicut:
826 2415 970 2454 nunc
1019 2415 1116 2470 per
1152 2403 1286 2456 retia
1321 2389 1532 2473 pisces,
1572 2407 1650 2462 sic
1704 2407 1807 2460 ali-

214 2487 438 2558 quando
468 2503 568 2558 per
607 2489 775 2544 verba
822 2491 894 2546 sit
936 2499 1195 2560 capturus
1236 2493 1502 2557 homines.
1554 2504 1808 2568 totusque

214 2576 347 2634 facti
381 2575 543 2646 hujus
599 2579 734 2634 ordo
789 2579 915 2648 quid
968 2581 1022 2634 in
1062 2581 1328 2649 Ecclesia,
1376 2586 1530 2655 cujus
1583 2588 1698 2656 ipse
1731 2594 1808 2658 ty-

211 2683 344 2739 pum
380 2678 549 2736 tenet,
603 2670 844 2740 quotidie
883 2672 1110 2743 geritur,
1165 2675 1438 2742 ostendat,
1492 2677 1635 2746 quod
1673 2692 1804 2732 vero

211 2759 559 2832 subjungitur
587 2779 598 2816 :

281 2850 353 2906 Et
382 2852 653 2907 subductis
683 2853 752 2906 ad
783 2862 978 2908 terram
1034 2855 1269 2919 naribus,
1327 2856 1521 2911 relictis
1563 2860 1802 2915 omnibus

210 2942 374 2993 secuti
401 2950 688 2994 suntcum.
749 2941 934 2997 Potest
977 2944 1283 3015 signiﬁcare
1316 2945 1474 3001 finem
1518 2951 1797 3020 temporis,

212 3045 320 3102 quo
350 3031 420 3084 ab
473 3030 780 3101 hujusmodi
806 3033 1026 3098 saeculo,
1060 3035 1151 3104 qui
1203 3035 1420 3091 Christo
1461 3038 1796 3105 inhaaserint,

210 3121 427 3192 penitus
480 3122 746 3176 recessuri
795 3131 941 3177 sunt.
1024 3124 1313 3179 Sciendum
1342 3136 1424 3181 est
1447 3136 1627 3181 autem
1659 3130 1800 3184 hanc

210 3211 457 3265 eamdem
490 3226 596 3264 non
620 3226 740 3266 esse
761 3211 1067 3277 lectionem,
1087 3229 1190 3284 qua
1207 3214 1490 3272 Matthaeus
1513 3226 1566 3272 et
1584 3219 1798 3275 Marcus

211 3300 366 3354 binos
392 3301 462 3354 de
491 3301 757 3357 naviculis
783 3303 1106 3374 piscatores,
1146 3307 1323 3374 primo
1349 3307 1568 3362 Petrum
1587 3320 1641 3365 et
1688 3310 1798 3366 An-

211 3397 417 3461 dream,
450 3397 646 3453 deinde
674 3397 814 3452 ﬁlios
849 3399 1091 3454 Zebedmi
1113 3416 1142 3454 a
1183 3402 1410 3458 Domino
1435 3415 1660 3460 narrant
1678 3422 1799 3462 esse

211 3498 464 3552 vocatos;
493 3505 601 3543 non
631 3490 776 3543 enim
805 3505 899 3545 eos
921 3491 1097 3546 Lucas
1149 3509 1292 3549 nunc
1320 3511 1350 3549 a
1383 3496 1610 3552 Domino
1637 3514 1800 3554 voca-

214 3589 309 3643 tos,
339 3580 440 3634 sed
477 3587 685 3634 tantum
714 3579 876 3635 Petro
916 3579 1082 3636 fuisse
1121 3585 1462 3652 praedictum,
1515 3570 1657 3656 quod
1697 3589 1796 3643 ho-

212 3668 386 3722 mines
415 3679 561 3723 esset
586 3678 842 3738 capturus
873 3670 1140 3738 insinuat,
1175 3675 1316 3745 quod
1350 3692 1459 3731 non
1485 3677 1556 3730 ita
1592 3679 1797 3735 dictum

211 3769 291 3814 est
313 3761 473 3832 quasi
501 3761 614 3835 jam
645 3763 823 3831 pisces
854 3779 1126 3833 nunquam
1170 3776 1316 3821 esset
1343 3777 1620 3837 capturus.
1660 3769 1796 3824 Nam

211 3862 264 3906 et
292 3860 420 3924 post
443 3855 899 3908 resurrectibuem
917 3855 1128 3910 Domini
1162 3857 1391 3928 legimus
1415 3874 1510 3915 eos
1532 3858 1698 3916 ivisse
1720 3862 1799 3931 pi-

209 3952 438 4010 scatum,
474 3947 616 4001 unde
657 3948 816 4003 datur
871 3951 1122 4021 intelligi,
1177 3966 1272 4006 eos
1296 3952 1363 4006 ad
1405 3963 1690 4024 capturam
1718 3957 1798 4026 pi-

211 4039 378 4096 scium
406 4054 474 4092 ex
505 4055 654 4094 more
685 4056 976 4108 remeasse,
1006 4053 1066 4096 ut
1086 4053 1274 4113 postea
1305 4043 1477 4110 ﬁeret,
1506 4045 1649 4117 quod
1666 4045 1799 4101 Mat-

214 4126 378 4183 tinens
404 4138 460 4183 et
496 4129 710 4186 Marcus
740 4141 982 4196 narrant,
1011 4134 1225 4202 quando
1247 4150 1343 4190 eos
1363 4136 1520 4192 binos
1558 4138 1792 4192 vocavit.

212 4217 355 4276 Tunc
385 4221 533 4275 enim
557 4238 664 4275 non
695 4223 973 4279 subductis
995 4241 1026 4279 a
1051 4233 1194 4281 terra
1233 4228 1480 4295 navibus,
1538 4237 1796 4298 tanquam

211 4327 336 4367 cura
368 4315 650 4377 redeundi,
674 4316 768 4369 sed
800 4316 872 4370 ita
895 4330 1018 4370 eum
1043 4319 1212 4372 secuti
1247 4328 1392 4384 sunt,
1415 4329 1672 4390 tanquam
1701 4336 1796 4374 v0-

210 4414 420 4462 cantem
451 4421 518 4462 ac
535 4405 837 4474 jubentem,
862 4416 922 4461 ut
947 4417 1323 4478 sequerentur.

514 4537 581 4591 IN
619 4537 867 4593 VIGILIA
899 4537 1144 4595 SANCTI
1181 4539 1484 4596 JOANNIS.

457 4667 652 4707 ιεετιο
685 4669 957 4707 ΒΙΕΒΕΜῙΑΕ
998 4669 1312 4720 PROPHETIE,
1349 4646 1467 4710 CAP.
1510 4673 1548 4712 1.

288 4782 306 4815 ι
347 4764 671 4834 Priusquam
697 4775 748 4824 te
774 4765 1066 4828 formarem
1092 4769 1146 4822 in
1177 4778 1332 4825 utero
1363 4771 1488 4825 novi
1518 4780 1593 4838 te,
1618 4781 1672 4828 et
1698 4789 1793 4828 an-

219 4872 240 4904 c
285 4864 498 4924 tequam
521 4858 702 4912 exires
720 4857 786 4912 de
810 4858 970 4913 vulva
997 4861 1328 4916 sanctiﬁcavi
1363 4872 1436 4928 te,
1471 4872 1527 4918 et
1551 4866 1792 4935 Prophe—

220 4971 240 5004 ‹
284 4962 390 5009 tam
413 4955 467 5009 in
490 4956 738 5028 gentibus
760 4957 880 5012 dedi
904 4966 979 5021 te,
1005 4966 1059 5015 et
1095 4959 1228 5025 dixi,
1257 4958 1324 5013 ah
1354 4959 1423 5014 ah
1450 4961 1541 5026 ah,
1565 4959 1793 5018 Domine

223 5063 243 5096 ι
287 5045 422 5102 Deus
451 5065 464 5101 :
522 5048 662 5104 Ecce
688 5050 872 5104 nescio
899 5049 1066 5118 loqui,
1096 5051 1222 5120 quia
1250 5065 1382 5120 puer
1415 5067 1514 5120 ego
1543 5069 1683 5108 sum.
1728 5054 1798 5109 Et

223 5154 243 5187 ι
289 5137 418 5192 dixit
449 5137 710 5194 Dominus
738 5140 806 5194 ad
829 5155 948 5194 me:
972 5139 1090 5199 Noli
1125 5141 1326 5208 dicere,
1344 5141 1469 5210 quia
1490 5157 1624 5211 puer
1649 5159 1792 5208 sum,

221 5245 241 5278 ι
283 5231 532 5297 quoniam
562 5231 631 5285 ad
655 5231 835 5285 omnia
857 5247 976 5302 quae
999 5231 1210 5288 mittam
1238 5242 1289 5287 te
1310 5231 1434 5297 ibis,
1457 5241 1508 5287 et
1531 5234 1791 5293 universa

221 5334 241 5367 ι
289 5319 401 5386 qua:
428 5320 756 5378 mandavero
788 5321 884 5377 tibi
926 5321 1183 5392 loqueris.
1239 5321 1316 5376 Ne
1343 5323 1536 5382 timeas
1567 5339 1597 5376 a
1657 5321 1793 5383 facie

220 5424 243 5459 ι
287 5414 631 5482 eorum,quia
662 5423 839 5468 tecum
869 5427 968 5484 ego
988 5430 1130 5480 sum,
1153 5423 1212 5470 ut
1235 5431 1424 5476 eruam
1451 5426 1501 5471 te
1532 5417 1664 5471 dicit
1684 5418 1792 5473 Do—

221 5517 242 5550 s
288 5500 479 5558 minus.
513 5504 583 5558 Et
602 5505 751 5559 misit
769 5504 1030 5561 Dominus
1047 5521 1265 5561 manum
1289 5522 1443 5562 suam
1456 5515 1508 5560 et
1535 5508 1710 5578 tetigit
1728 5523 1790 5564 os

222 5608 244 5642 ι
289 5607 484 5660 meum,
508 5603 565 5649 et
584 5596 721 5651 dixit
747 5596 1009 5651 Dominus
1045 5597 1112 5651 ad
1138 5613 1222 5652 me
1249 5615 1262 5646 :
1311 5597 1451 5653 Ecce
1477 5597 1600 5652 dedi
1627 5597 1788 5652 verba

222 5697 246 5730 ι
288 5699 397 5738 mea
438 5687 490 5740 in
519 5702 616 5742 ore
647 5695 759 5752 tuo,
799 5703 926 5742 ecce
960 5687 1214 5742 constitui
1243 5697 1293 5743 te
1320 5703 1482 5758 super
1507 5696 1693 5758 gentes
1735 5695 1790 5742 et

221 5788 247 5823 ι
291 5789 445 5847 super
490 5792 676 5848 regna,
708 5785 768 5833 ut
816 5776 1014 5833 evellas
1041 5784 1095 5833 et
1120 5776 1369 5835 destruas
1408 5785 1462 5832 et
1488 5776 1787 5848 disperdas,

1905 1969 1908 1971 λ
1986 1951 2057 2005 Et
2086 1953 2199 2007 dixi
2227 1995 2240 2020 ,
2274 1954 2339 2007 ah
2359 1955 2424 2007 ah
2451 1954 2538 2017 ah,
2566 1953 2790 2008 Domine
2813 1953 2974 2017 Deus,
2999 1971 3113 2008 ecce
3141 1955 3312 2008 nescio
3341 1955 3504 2027 loqui,

1913 2042 2036 2112 quia
2073 2059 2205 2112 puer
2234 2059 2325 2112 ego
2358 2061 2493 2097 sum.
2541 2042 2667 2098 Noli
2690 2043 2882 2109 dicere,
2903 2047 3026 2114 quia
3058 2062 3188 2115 puer
3213 2062 3349 2109 sum,
3382 2062 3508 2116 quo;

1913 2133 2055 2185 niam
2086 2134 2155 2186 ad
2185 2135 2359 2187 omnia
2385 2152 2502 2205 qua:
2539 2136 2742 2188 mittam
2772 2145 2820 2188 te
2853 2135 2983 2200 ibis,
3023 2145 3069 2188 et
3105 2137 3347 2190 universa
3387 2153 3508 2207 qua:

1912 2223 2227 2277 mandavero
2258 2223 2350 2276 tibi
2380 2224 2628 2294 loqueris,
2646 2240 2708 2277 ne
2733 2226 2918 2277 timeas
2941 2242 2971 2277 α
2996 2224 3130 2292 facie
3157 2240 3358 2288 eorum,
3379 2225 3507 2295 quia

1910 2323 2078 2367 tecum
2102 2331 2192 2385 ego
2220 2333 2336 2368 sum
2360 2325 2414 2369 ut
2463 2332 2646 2370 eruam
2686 2325 2754 2382 te,
2789 2316 2916 2369 dicit
2943 2315 3224 2370 Dominus.
3279 2318 3505 2382 Quando

1910 2413 2088 2458 autem
2113 2407 2257 2460 venit
2286 2407 2338 2459 in
2362 2421 2563 2476 corpus
2588 2395 2908 2470 humanum,
2958 2407 3090 2461 dicit
3145 2407 3198 2460 in
3226 2409 3450 2462 exordio
3485 2425 3503 2462 :

1907 2497 2092 2550 nescio
2114 2496 2283 2566 loqui,
2315 2499 2441 2566 quia
2472 2497 2689 2565 juvenis
2715 2501 2814 2568 ego
2835 2513 2954 2551 sum
2989 2515 3001 2527 ·
3039 2497 3253 2566 juvenis
3283 2506 3504 2567 propter

1907 2584 2382 2656 dispensationem,
2431 2602 2597 2640 senex
2634 2587 2791 2656 juxta
2823 2586 2926 2641 hoc
2966 2587 3109 2656 quod
3168 2587 3502 2658 primogeni-

1905 2684 1990 2731 tus
2024 2677 2200 2732 omnis
2220 2687 2502 2732 creaturae.
2533 2677 2778 2743 Juveuis,
2795 2679 2921 2748 quia
2949 2679 3002 2732 in
3028 2679 3504 2733 consummatione

1903 2771 2066 2824 etiam
2091 2771 2269 2825 saeculi
2299 2779 2352 2824 et
2378 2772 2431 2824 in
2461 2779 2765 2825 extremum
2804 2768 2966 2837 hujus
2998 2770 3120 2822 vita:
3169 2780 3380 2838 tempus
3406 2771 3502 2824 ad-

1903 2862 2076 2927 venit,
2098 2861 2230 2916 dicit
2261 2863 2464 2932 itaque,
2498 2861 2683 2915 nescio
2709 2859 2876 2930 loqui.
2928 2857 3054 2912 Scio
3081 2859 3223 2912 enim
3251 2857 3497 2927 quaedam

1902 2949 2111 3018 majora
2144 2951 2312 3020 loqui,
2357 2952 2469 3006 scio
2512 2949 2788 3019 eloquium
2839 2959 3024 3013 tuum,
3079 2947 3304 3001 verbum
3344 2955 3496 3002 tuum

1903 3021 2044 3098 suom.
2097 3043 2216 3100 Tibi
2259 3045 2372 3099 scio
2395 3044 2566 3114 loqui,
2598 3042 2910 3098 hominibus
2937 3041 3120 3096 nescio
3149 3040 3318 3110 loqui,
3343 3041 3498 3112 juve-

1903 3136 1990 3190 nis
2023 3152 2166 3192 sum.

1916 3234 1945 3244 "
1970 3226 2040 3281 Et
2067 3228 2209 3281 misit
2232 3225 2493 3282 Dominus
2521 3244 2737 3282 manum
2767 3243 2941 3289 suam,
2973 3234 3021 3279 et
3048 3225 3212 3294 tetigit
3236 3241 3293 3279 os
3321 3239 3495 3278 meum

1898 3327 1948 3372 et
1977 3319 2112 3372 dixit
2127 3317 2407 3381 Dominus,
2433 3325 2538 3372 etc.
2573 3315 2838 3372 Sermone
2860 3315 2954 3370 Dei
2987 3314 3306 3370 suti'odietur
3332 3321 3499 3383 atque

1899 3414 2211 3470 destruetur
2255 3415 2378 3481 illa,
2428 3429 2589 3483 quam
2622 3419 2906 3467 consumet
2943 3409 3101 3464 Jesus
3139 3410 3333 3478 spiritu
3381 3409 3496 3464 oris

1898 3506 2002 3571 sui,
2036 3515 2090 3560 et
2115 3505 2355 3561 destruet
2383 3505 2615 3559 adventu
2648 3503 2950 3572 prmsentire
2985 3516 3094 3554 suae
3121 3500 3205 3571 (Il
3232 3499 3384 3552 Thes.
3403 3499 3490 3570 ιι),

1897 3611 2114 3650 omnem
2137 3595 2342 3650 scilicet
2364 3595 2685 3664 sacrilegam
2717 3607 3134 3663 perversamque
3187 3590 3490 3644 doctrinam

1899 3687 2176 3757 disperdet
2237 3687 2291 3742 in
2338 3694 2677 3757 perpetuum.
2725 3684 2896 3738 Porro
2945 3697 3008 3736 ea
3050 3697 3168 3750 qua:
3207 3681 3492 3735 elevantur

1897 3788 2081 3834 contra
2121 3780 2408 3834 scientiam
2447 3777 2564 3843 Dei,
2607 3786 2662 3832 et
2697 3777 2750 3830 in
2778 3791 2872 3830 sua
2895 3774 3483 3843 contiduntsapientia,

1896 3886 2015 3940 quae
2042 3871 2183 3940 apud
2205 3871 2373 3925 Deum
2419 3869 2647 3924 stultitia
2680 3876 2781 3933 est,
2821 3865 3106 3936 dissipabit
3131 3874 3293 3934 atque
3321 3865 3490 3934 depo-

1896 3971 2007 4028 net,
2036 3972 2095 4017 ut
2124 3960 2460 4017 aediﬁcentur
2482 3977 2578 4032 pro
2599 3961 2685 4014 bis
2703 3959 2919 4021 similia,
2937 3965 2990 4013 et
3022 3959 3074 4011 in
3098 3957 3214 4012 loco
3245 3956 3491 4027 superio-

1897 4070 2019 4108 rum
2047 4067 2166 4123 qute
2219 4054 2494 4108 destructa
2527 4059 2672 4115 sunt,
2705 4059 2760 4104 et
2806 4049 2990 4104 evulsa
3016 4057 3370 4104 exslruautur
3405 4056 3490 4103 at-

1896 4160 2000 4215 que
2029 4145 2360 4215 plantentur,
2407 4157 2526 4211 qua:
2571 4140 2970 4194 Ecclesiastica:
2996 4138 3325 4192 conveniunt
3347 4137 3488 4190 veri-

1898 4238 2017 4298 tati.
2065 4244 2120 4290 et
2179 4233 2467 4304 impleatur
2499 4231 2627 4286 illud
2665 4231 2808 4300 quod
2860 4230 2991 4284 dicit
3010 4227 3334 4298 Apostolus:
3384 4227 3486 4282 Dei

1896 4325 2198 4393 (rdi/icatio,
2242 4322 2340 4375 Dei
2365 4319 2693 4393 agricultura
2737 4319 2859 4372 estis
2917 4316 2968 4389 (Ι
2998 4315 3121 4371 Cor.
3160 4320 3265 4388 ιιι).
3330 4315 3485 4372 Multi

1896 4415 2041 4468 hunc
2078 4412 2258 4466 locum
2282 4424 2444 4480 super
2467 4423 2691 4479 persona
2723 4406 2924 4462 Christi
2950 4405 3278 4474 intelligunt.
3329 4413 3484 4462 mm

1821 4523 1872 4581 Ι)
1899 4503 2045 4558 enim
2084 4501 2470 4571 interpretatur
2524 4495 2772 4550 excelsus
2816 4493 3047 4558 Domini,
3094 4493 3185 4562 qui
3216 4491 3484 4546 destruxit

1897 4607 2060 4661 regna
2091 4589 2312 4654 diaboli,
2346 4603 2464 4658 quae
2480 4587 2581 4641 sibi
2609 4585 2665 4639 in
2693 4584 2909 4639 excelso
2935 4590 3119 4636 monte
3145 4581 3479 4647 ostenderat,

1896 4682 2239 4740 adversarias
2267 4679 2499 4750 perdidit
2521 4685 2837 4747 potestates,
2855 4674 3040 4730 delens
3062 4673 3482 4744 chirographum

1893 4789 2143 4830 errorum
2188 4774 2240 4828 in
2289 4785 2473 4839 cruce,
2511 4770 2577 4823 de
2609 4768 2806 4838 quibus
2832 4775 2888 4820 et
2909 4767 2963 4819 in
3003 4764 3218 4819 Psahno
3239 4771 3358 4832 post
3388 4762 3480 4817 hi-

1895 4867 2077 4920 storiae
2106 4864 2390 4918 veritatem
2417 4867 2671 4936 τροπικῶς
2708 4857 2947 4926 loquitur
2978 4873 2991 4908 :
3039 4853 3216 4920 Quare
3259 4855 3482 4924 fremue-

1897 4966 2226 5027 runtgentes,
2273 4964 2319 5008 et
2346 4953 2528 5024 populi
2579 4952 2816 5005 meditati
2844 4960 2964 5004 sunt
3009 4949 3235 5002 inania?
3289 4949 3481 5003 Astile-

1897 5056 2018 5100 runt
2044 5062 2183 5116 reges
2217 5055 2370 5097 terra:
2427 5051 2474 5095 et
2503 5041 2762 5111 principes
2810 5047 3158 5092 convenerunt
3210 5038 3265 5090 in
3313 5053 3479 5092 unum

1897 5137 2068 5208 (Psal.
2101 5137 2209 5206 n)?
2254 5135 2360 5190 Pro
2379 5134 2464 5187 his
2495 5133 2716 5195 evulsis,
2745 5129 3053 5191 destructis,
3083 5129 3309 5199 perditis
3342 5137 3396 5184 et
3421 5128 3477 5183 in

1895 5227 2152 5284 inferiora
2192 5225 2473 5288 detractis,
2526 5223 2830 5278 mdiﬁcatur
2863 5222 3103 5276 Ecclesia
3130 5220 3245 5275 Dei.

2299 5329 2638 5369 EVANGELIUII
2667 5328 2840 5377 ιυωε,
2877 5329 2994 5366 me.
3028 5329 3066 5366 ι.

1972 5428 1990 5460 ι
2035 5409 2162 5463 Fuit
2211 5409 2265 5463 in
2296 5408 2484 5462 diebus
2533 5405 2762 5461 Herodis
2808 5407 2949 5476 regis
2985 5405 3182 5460 Judaea':
3223 5403 3474 5459 sacerdos

1901 5519 1920 5552 ι
1965 5500 2185 5569 quidam
2204 5499 2420 5552 nomine
2447 5496 2756 5560 Zacharias,
2817 5497 2881 5552 de
2904 5497 3021 5552 vice
3046 5496 3202 5557 Abia,
3247 5502 3300 5546 et
3337 5507 3476 5546 uxor

1901 5609 1920 5641 σ
1966 5588 2042 5642 illi
2086 5587 2152 5642 de
2200 5587 2412 5641 ﬁliabus
2455 5587 2658 5652 Aaron,
2708 5595 2764 5641 et
2815 5602 3008 5640 nomen
3050 5583 3167 5651 ejus
3211 5582 3470 5636 Elisabet.

1901 5701 1920 5734 ι
1965 5682 2133 5736 Erant
2155 5688 2334 5734 autem
2355 5679 2488 5749 justi
2518 5679 2678 5733 ambo
2707 5689 2830 5731 ante
2857 5677 3044 5738 Deum,
3083 5673 3394 5728 incedentes
3418 5673 3475 5726 in

1902 5793 1922 5827 ε
1966 5771 2217 5830 omnibus
2242 5771 2511 5827 mandatis
2532 5779 2588 5828 et
2608 5766 3081 5842 justiﬁeationibus
3108 5763 3322 5821 Domini
3353 5765 3473 5822 sine
