3940 6206
425 327 530 386 379

1687 322 2041 385 SIARAGDI
2077 319 2370 381 ABBATIS

3567 317 3665 376 380

428 458 453 496 ι
495 438 740 511 quaeIn,
766 444 825 495 et
850 452 959 494 non
980 445 1104 494 erat
1131 436 1244 493 illis
1262 434 1422 503 ﬁlius,
1444 451 1512 493 eo
1529 434 1674 506 quod
1701 443 1850 491 esset
1877 435 1991 491 Eli-
2021 440 2074 500 Α
2096 444 2151 489 et
2185 436 2242 491 in
2269 438 2604 499 conscientia
2626 443 2810 495 nostra
2836 448 2988 493 vana:
3010 432 3209 507 gloriae
3246 432 3436 489 sordes
3471 435 3664 511 spargi-

430 551 450 586 ι
495 531 653 587 zabet
703 530 923 595 sterilis,
977 535 1034 584 et
1077 527 1237 583 ambo
1283 528 1676 597 processissent
1725 527 1781 583 in
1806 527 2000 583 diebus

429 643 450 675 ι
495 625 629 680 suis.
643 620 874 679 Factum
895 626 983 673 est
1005 626 1186 673 autern
1208 631 1335 673 eum
1356 616 1664 674 sacerdotio
1686 616 2003 689 fungeretur

427 732 467 766 si
493 712 784 768 Zacharias
810 709 865 764 in
888 709 1082 763 ordine
1128 707 1264 764 vicis
1284 722 1396 763 sua:
1414 716 1541 763 ante
1561 706 1754 772 Deum,
1804 722 2002 765 secun-

425 821 444 857 ι
491 804 616 859 dum
641 799 1091 857 consuetudinem
1131 800 1424 856 sacerdotii
1453 808 1601 856 sorte
1624 799 1780 866 exiit,
1812 808 1879 855 ut
1920 800 2002 855 in-

423 914 442 947 ι
486 908 708 949 censum
737 894 1058 962 imponeret,
1102 892 1383 962 ingressus
1409 890 1739 961 intemplum
1758 889 1996 956 Domini,

422 1003 443 1037 ι
480 993 536 1040 et
559 984 736 1040 omnis
761 983 1047 1038 multitudo
1096 981 1276 1052 pepuli
1310 989 1430 1036 erat
1457 996 1621 1037 orans
1663 978 1818 1045 foris,
1860 979 1998 1035 hora

420 1092 440 1127 ι
484 1074 711 1130 incensi.
751 1072 1017 1142 Apparuit
1041 1079 1223 1127 autem
1250 1070 1327 1125 illi
1352 1071 1576 1141 angelus
1588 1069 1824 1134 Domini,
1844 1077 2001 1126 stans

420 1183 441 1220 ι
485 1180 517 1220 a
550 1167 755 1220 dextris
787 1165 974 1220 altaris
1016 1164 1247 1219 incensi.
1300 1164 1369 1219 Et
1407 1163 1705 1218 Zacharias
1746 1162 1996 1219 turbatus

418 1274 439 1309 ι
484 1265 569 1313 est
597 1256 810 1321 videns,
865 1255 1105 1311 et~timor
1135 1255 1294 1310 irruit
1315 1269 1481 1324 super
1514 1269 1660 1321 eum.
1698 1253 1790 1309 Ait
1806 1262 1994 1309 autem

416 1363 440 1399 ι
484 1346 550 1400 ad
575 1345 723 1401 illum
749 1344 1011 1415 angelus:
1063 1343 1140 1399 Ne
1174 1345 1386 1410 timeas,
1423 1344 1706 1411 Zacharia,
1735 1346 1991 1416 quoniam

419 1456 440 1490 ι
474 1438 730 1493 exaudita
759 1445 845 1492 est
873 1437 1181 1506 deprecatio
1220 1445 1332 1502 tua,
1365 1445 1420 1492 et
1446 1452 1589 1492 uxor
1617 1445 1709 1492 tua
1750 1437 1996 1494 Elizabet

417 1552 437 1585 ι
483 1532 659 1603 pariet
680 1532 779 1587 tibi
801 1530 991 1596 ﬁlium,
1012 1539 1069 1585 et
1092 1532 1310 1586 vocabis
1336 1546 1532 1586 nomen
1563 1531 1681 1601 ejus
1700 1530 1987 1587 Joannem.

415 1643 437 1678 ι
480 1625 552 1678 Et
577 1622 684 1678 erit
709 1623 805 1678 tibi
825 1622 1077 1694 gaudium
1104 1630 1160 1679 et
1177 1622 1487 1688 exsultatio,
1515 1631 1572 1678 et
1594 1623 1749 1678 multi
1773 1623 1827 1678 in
1852 1624 1993 1681 uati-

415 1732 435 1766 s
479 1711 787 1783 vitateejus
809 1710 1135 1782 gaudebunt.
1185 1712 1306 1767 Erit
1351 1711 1494 1766 enim
1533 1726 1762 1782 magnus
1804 1726 1988 1768 coram

2100 540 2239 589 mus,
2263 534 2323 579 ut
2340 526 2653 585 hominibus
2679 525 3007 597 placeamus,
3030 540 3138 587 non
3168 522 3299 579 illud
3318 522 3523 594 absque
3545 540 3663 595 que-

2098 616 2208 675 rela
2244 617 2501 674 facimus.
2582 676 2587 679 _

2168 708 2394 765 Factum
2419 719 2495 765 est
2533 718 2710 763 autem
2732 724 2851 762 rum
2884 706 3180 763 sacerdotio
3226 707 3532 778 fungeretur
3567 704 3665 763 Za-

2096 801 2330 866 charias,
2352 810 2457 857 etc.
2488 800 2588 867 Qui
2623 800 2766 855 enim
2789 807 2936 854 sorte
2957 797 3198 869 eligitur,
3220 799 3459 855 humano
3466 799 3664 868 judicio

2096 908 2204 948 non
2227 894 2719 964 comprehenditur,
2747 892 2837 949 ille
2873 892 3038 962 igitur
3081 894 3422 964 qurerebatur
3443 933 3461 959 ,
3512 909 3662 964 quem

2096 983 2199 1037 iste
2233 983 2523 1054 ﬁgurabat,
2559 997 2723 1039 verus
2751 982 2807 1038 in
2829 992 3091 1038 aeternum
3118 986 3389 1049 sacerdos,
3427 985 3513 1040 cui
3533 985 3661 1039 dici-

2096 1081 2186 1129 tur
2211 1092 2225 1127 :
2269 1072 2347 1128 Tu
2368 1091 2421 1128 es
2443 1075 2689 1129 sacerdos
2714 1074 2768 1129 in
2796 1084 3049 1128 cternum
3080 1069 3393 1146 (Pulsus),
3444 1074 3535 1144 qui
3562 1088 3661 1128 non

2092 1162 2394 1219 hostiarum
2412 1179 2625 1230 cruore,
2649 1164 2744 1219 sed
2778 1164 3020 1234 proprio,
3045 1163 3261 1219 Patrem
3291 1164 3462 1219 Deum
3482 1165 3662 1235 generi

2094 1254 2469 1311 reconciliaret
2495 1254 2754 1311 humano.
2797 1252 2903 1308 Sed
2928 1261 3054 1308 tunc
3076 1253 3297 1322 sanguis
3323 1252 3659 1321 fundebatur,

2094 1344 2149 1399 in
2189 1345 2369 1415 specie
2413 1345 2667 1401 sacerdos
2708 1344 3079 1400 ordinabatur.
3131 1342 3284 1399 Nunc
3317 1345 3442 1413 quia
3469 1347 3661 1401 veritas

2092 1434 2258 1499 venit,
2291 1434 2658 1505 relinquamus
2677 1434 2932 1505 speciem,
2968 1442 3023 1489 et
3044 1433 3330 1489 veritatem
3356 1449 3657 1504 sequamur.

2093 1521 2246 1578 Tunc
2271 1523 2488 1593 quidem
2520 1524 2667 1579 vices
2701 1531 2878 1590 erant,
2910 1538 3054 1578 nunc
3079 1532 3259 1578 autem
3282 1532 3366 1578 est
3400 1524 3662 1604 perpetui-

2091 1621 2193 1669 tas.
2211 1612 2380 1681 Quem
2407 1614 2573 1669 alium
2591 1612 3239 1685 signiﬁcabatZacbarias
3264 1607 3538 1678 sacerdos,
3564 1612 3662 1670 nisi

2090 1719 2215 1760 eum
2235 1706 2590 1771 sacerdotem,
2612 1706 2698 1760 cui
2725 1704 3050 1761 sacriﬁcium
3076 1720 3184 1760 non
3210 1713 3361 1761 esset
3372 1719 3660 1760 commune

413 1820 433 1854 ι
478 1802 724 1866 Domino,
754 1809 808 1855 et
837 1802 1023 1855 viuum
1048 1807 1104 1854 et
1154 1800 1388 1855 siceram
1414 1814 1522 1855 non
1550 1801 1722 1867 bibet,
1775 1808 1831 1856 et
1870 1799 1991 1872 Spi-
2015 1794 2065 1854 Β
2090 1810 2212 1850 cum
2253 1796 2489 1862 caeteris,
2517 1796 2610 1866 qui
2633 1812 2742 1851 non
2762 1796 2819 1852 in
2842 1810 3002 1850 manu
3033 1794 3192 1851 factis
3218 1795 3435 1866 templis
3463 1795 3663 1851 sacriﬁ-

413 1912 433 1946 ‹
479 1893 586 1948 ritu
644 1900 833 1949 saneto
882 1891 1179 1969 replebitur
1201 1931 1218 1957 ,
1263 1890 1439 1948 adhuc
1486 1906 1554 1946 ex
1596 1900 1752 1948 utero
1796 1893 1988 1947 matris

411 1999 437 2061 ε
477 1997 611 2047 θυαε,
639 1989 698 2037 et
724 1980 921 2036 multos
969 1980 1205 2035 ﬁliorum
1254 1979 1420 2035 israel
1469 1988 1750 2036 convertet
1781 1982 1849 2037 ad
1883 1980 1991 2037 Do-

410 2089 430 2123 s
475 2071 682 2125 minam
712 2069 883 2126 Deum
915 2070 1175 2140 ipsorum.
1216 2068 1290 2124 Et
1329 2069 1445 2139 ipse
1470 2069 1740 2142 prtecedet
1770 2079 1895 2127 ante
1921 2069 1987 2125 il-

412 2181 431 2215 ι
477 2162 587 2218 lum
637 2162 692 2218 in
718 2162 911 2232 spiritu
953 2169 1011 2218 et
1042 2162 1242 2218 virtute
1285 2162 1436 2225 Elim,
1469 2170 1530 2216 ut
1557 2168 1838 2217 convertat
1860 2176 1987 2216 cor-

409 2272 429 2305 s
473 2254 540 2307 da
580 2261 794 2322 patrum
838 2253 894 2306 in
944 2252 1085 2307 ﬁlios
1110 2292 1128 2318 ,
1177 2259 1235 2306 et
1278 2251 1586 2307 incredulos
1642 2251 1710 2306 ad
1752 2251 1987 2321 pruden-

412 2359 431 2392 ε
478 2341 611 2396 tiam
636 2341 910 2411 iustorum
936 2380 954 2408 ,
1012 2355 1212 2413 parare
1246 2340 1477 2396 Domino
1533 2340 1745 2411 plebem
1803 2339 1985 2410 perfe-

410 2450 431 2484 .
474 2440 892 2575 ἓιέἐῗὲιιόἱώω
914 2517 1142 2574 Herodis
1190 2480 1323 2591 regis
1350 2518 1558 2575 Judtrte
1600 2519 1844 2574 sacerdos
1891 2536 1987 2577 no-

365 2606 369 2611 ’
401 2612 540 2667 mine
565 2609 876 2665 Zacharias.
906 2609 1007 2682 (Ex
1034 2609 1223 2682 Beda.)
1255 2608 1611 2666 Sacrosancta
1636 2611 1985 2679 prascursoris

402 2701 615 2757 Domini
640 2700 894 2755 nobilitas
922 2715 1029 2757 non
1057 2700 1232 2756 solum
1252 2716 1283 2757 a
1312 2700 1650 2771 parentibus,
1689 2701 1784 2756 sed
1806 2717 1837 2755 a
1859 2717 1983 2771 pro-

402 2788 737 2860 genitoribus
776 2788 1009 2860 gloriosa
1053 2788 1354 2854 descendit,
1405 2797 1671 2858 quatenus
1722 2790 1983 2845 adventus

399 2881 544 2937 illius
569 2880 753 2947 ﬁdem,
776 2896 883 2935 non
907 2881 1085 2937 subita
1117 2880 1475 2950 inspiratione
1497 2889 1840 2951 conceptam,
1893 2897 1983 2937 ve-

400 2990 522 3029 rum
534 2974 680 3031 avita
691 2973 864 3045 magis
884 2972 1270 3045 propagatione
1284 2981 1590 3043 susceptam
1615 2974 1838 3029 liberius
1848 2990 1982 3044 prae-

403 3064 631 3120 dicaret.

2092 1894 2243 1940 caret
2252 1901 2350 1956 pro
2372 1885 2548 1952 nobis,
2562 1886 2657 1941 sed
2675 1887 2731 1941 in
2758 1886 2841 1941 sui
2862 1885 3106 1956 corporis
3126 1885 3327 1955 templo
3346 1897 3533 1941 nostra
3543 1900 3664 1956 pce-

2087 1984 2207 2029 cata
2246 1982 2525 2030 vacuaret.

2158 2067 2448 2124 Sorteexiit
2478 2078 2535 2124 ut
2560 2070 2827 2125 incensum
2855 2079 3093 2141 poneret,
3118 2078 3225 2126 etc.
3260 2068 3548 2126 Incensum
3576 2085 3666 2128 au-

2084 2166 2195 2213 tem
2233 2159 2288 2213 in
2336 2170 2525 2215 sancta
2547 2168 2857 2216 sanctorum
2890 2174 2921 2213 a
2952 2160 3205 2231 pontiﬁce
3226 2158 3446 2227 deferri,
3480 2175 3664 2232 exspo-

2083 2259 2267 2307 ctante
2290 2251 2423 2306 foris
2444 2251 2702 2322 templum
2718 2252 2863 2305 omni
2882 2250 3105 2320 populo,
3122 2250 3329 2307 decima
3350 2250 3438 2306 die
3452 2249 3663 2322 septimi

2085 2345 2286 2400 mensis
2332 2352 2418 2398 est
2448 2342 2682 2411 iussum.
2735 2343 2804 2397 Et
2825 2343 2966 2409 hanc
2995 2343 3138 2399 diem
3171 2343 3521 2414 expiationis,
3555 2343 3662 2401 sive

2082 2432 2478 2504 propitiationis
2512 2432 2720 2495 vocari,
2748 2447 2868 2502 qua:
2886 2433 3034 2503 apud
3055 2448 3159 2489 nos
3180 2431 3251 2488 ob
3278 2432 3494 2487 varium
3522 2433 3661 2489 lunte

2083 2522 2408 2588 discursum,
2432 2538 2463 2576 a
2489 2537 2595 2591 qua
2618 2537 2833 2579 menses
2871 2530 3187 2593 computant
3220 2521 3451 2587 Hebraei,
3507 2524 3664 2578 modo

2083 2613 2139 2667 in
2165 2611 2470 2682 Septembri
2516 2626 2724 2676 mense,
2763 2612 2922 2666 modo
2960 2611 3149 2682 incipit
3193 2611 3249 2666 in
3275 2609 3515 2676 Octobri,
3538 2611 3663 2680 quia

2082 2703 2291 2759 scilicet
2334 2701 2557 2767 mensis,
2613 2716 2720 2770 quo
2766 2701 2975 2756 Pascha
3012 2702 3251 2772 geritur,
3304 2701 3663 2773 anniprinci-

2081 2795 2229 2865 pium
2267 2802 2433 2858 tenet,
2481 2793 2695 2849 dicente
2735 2793 3001 2849 Domino:
3035 2792 3234 2848 Mensis
3265 2794 3360 2848 iste
3383 2792 3528 2848 vobis
3562 2793 3666 2864 pri-

2081 2904 2197 2941 mus
2218 2886 2314 2939 erit
2340 2886 2394 2938 in
2422 2883 2679 2938 mensibus
2720 2884 2866 2937 anni.
2900 2882 3118 2938 Decima
3165 2882 3251 2938 die
3277 2883 3479 2937 mensis
3506 2881 3664 2953 hujus

2082 2980 2233 3035 tollat
2259 2979 2628 3049 unusquisque
2676 2992 2900 3047 agnum,
2955 2986 3063 3032 etc.
3098 2976 3269 3048 Hujus
3309 2975 3417 3031 diei
3467 2983 3665 3047 myste-

2081 3072 2221 3128 rium
2248 3071 2488 3142 implevit
2506 3084 2667 3125 verus
2689 3069 2930 3140 pontifex
2959 3068 3137 3137 Iesus,
3161 3070 3377 3141 quando
3396 3070 3662 3140 completa

470 3159 550 3213 De
570 3158 674 3213 vice
705 3155 856 3210 Abiu.
912 3154 1117 3227 Viginti
1139 3163 1375 3224 quatuor
1402 3156 1468 3211 de
1502 3156 1872 3213 sacerdotibus
1891 3173 1981 3212 or—
2007 3144 2051 3207 (ἶ
2082 3163 2481 3234 dispensatione
2514 3163 2694 3218 carnis
2723 3163 2778 3217 in
2830 3163 3113 3234 sanguine
3132 3163 3377 3235 proprio,
3428 3164 3552 3219 cmli
3583 3179 3668 3219 se-

401 3250 555 3306 dina
590 3247 648 3300 in
680 3246 982 3301 ministerio
1007 3244 1201 3300 domus
1225 3245 1441 3300 Domini
1469 3253 1617 3300 sorte
1637 3261 1669 3299 a
1693 3243 1981 3303 Salomone

400 3345 530 3395 sunt
553 3336 731 3401 divisi,
771 3334 826 3390 in
874 3334 1071 3405 quibus
1110 3334 1246 3389 Abia
1276 3333 1511 3400 familiae,
1544 3335 1612 3390 de
1651 3350 1757 3404 qua
1777 3335 1982 3392 Zacha—

402 3430 511 3486 rias
533 3437 687 3484 ortus
714 3436 817 3495 est,
846 3442 967 3484 sors
987 3428 1212 3498 contigit
1235 3435 1447 3483 octava.
1505 3425 1621 3481 Non
1645 3426 1844 3482 frustra
1870 3428 1980 3498 pri-

399 3535 522 3576 mus
560 3517 695 3574 Novi
733 3516 1063 3575 Testamenti
1110 3532 1289 3587 praeco
1336 3517 1391 3571 in
1426 3526 1617 3572 octava
1664 3517 1826 3572 sortis
1861 3516 1980 3572 vice

397 3612 660 3676 nascitur,
686 3610 813 3679 quia
842 3610 985 3663 sicut
1011 3609 1316 3678 septenario
1335 3622 1477 3679 saepe
1503 3622 1727 3663 numero
1758 3614 1979 3678 propter

399 3701 683 3755 sabbatum
707 3700 875 3756 Vetus
902 3698 1330 3763 Testamentum,
1355 3699 1435 3753 sic
1457 3697 1663 3753 Novum
1691 3698 1979 3767 aliquoties

399 3791 684 3847 octonario
694 3797 914 3861 propter
933 3796 1335 3844 sacramentum
1354 3787 1768 3843 resurrectionis
1797 3786 1978 3857 expri-

401 3884 597 3948 mitur;
629 3881 772 3937 unde
797 3880 924 3949 quia
953 3894 1060 3934 non
1089 3879 1247 3933 aliter
1265 3894 1424 3948 quam
1446 3893 1543 3948 per
1571 3879 1976 3933 observantiam

399 3974 685 4043 utriusque
710 3971 1021 4027 testamenti
1045 3970 1195 4040 regni
1224 3969 1461 4025 caelestis
1489 3968 1609 4023 aula
1638 3976 1974 4040 penetratur,

398 4075 548 4123 recte
567 4073 623 4122 et
665 4064 722 4120 in
758 4063 956 4135 templo
1002 4062 1307 4119 Salomonis
1365 4062 1625 4134 mysticus
1672 4060 1977 4132 quindecim

398 4158 664 4229 graduum
689 4169 949 4212 ascensus
975 4153 1140 4210 fuisse
1155 4163 1428 4210 narratur.

469 4250 539 4304 Et
571 4265 705 4304 uxor
728 4248 842 4318 ejus
862 4247 928 4303 de
946 4247 1158 4317 ﬁliabus
1187 4246 1386 4304 Aaron.
1415 4246 1578 4302 Plena
1606 4246 1771 4317 igitur
1790 4245 1979 4301 lauda-

397 4341 495 4407 tio,
516 4354 822 4411 quagonus,
837 4354 1039 4404 mores,
1052 4337 1308 4402 cilicium,
1325 4337 1547 4404 factum,
1554 4337 1818 4408 judicium
1831 4353 1979 4392 com-

2081 3263 2228 3311 creta
2260 3255 2453 3321 subiit,
2493 3262 2553 3310 ut
2577 3254 2872 3325 propitium
2920 3254 3077 3310 nobis
3104 3252 3311 3309 faceret
3337 3256 3584 3317 Patrem.
3609 3261 3669 3311 et

2081 3345 2451 3415 interpellaret
2492 3360 2593 3415 pro
2643 3344 2886 3415 peccatis
2924 3360 3112 3402 eorum
3139 3385 3154 3411 ,
3198 3343 3290 3414 qui
3334 3345 3514 3399 adhuc
3547 3361 3662 3414 pra:

2078 3436 2287 3493 foribus
2342 3445 2562 3492 orantes
2614 3443 2933 3507 exspectant
2983 3444 3039 3490 et
3094 3434 3322 3507 diligunt
3367 3434 3664 3491 adventum

2078 3525 2216 3597 ejus.

2150 3615 2408 3687 Apparuit
2435 3625 2608 3670 autem
2635 3614 2725 3686 illi
2750 3613 2966 3686 angelus
2991 3613 3223 3678 Domini,
3270 3622 3376 3669 etc.
3407 3613 3531 3670 Non
3558 3614 3667 3669 im-

2078 3708 2273 3763 merito
2293 3708 2514 3779 angelus
2549 3707 2761 3763 videtur
2787 3707 2841 3762 in
2881 3706 3100 3777 templo,
3141 3706 3267 3775 quia
3314 3705 3428 3760 veri
3478 3719 3665 3760 sacer-

2078 3797 2221 3852 dotis
2256 3795 2370 3866 jatu
2409 3797 2762 3852 nuntiabatur
2794 3796 3087 3860 adventus,
3125 3803 3179 3861 et
3213 3792 3438 3848 cmleste
3491 3793 3670 3848 sacri-

2078 3887 2259 3943 ﬁcium
2287 3888 2599 3957 parabatur,
2629 3888 2683 3942 in
2706 3902 2812 3956 quo
2827 3887 3000 3957 angeli
3031 3885 3418 3941 ministrarent.
3436 3882 3670 3944 Utinam

2076 3987 2132 4034 et
2184 3978 2337 4035 nobis
2370 3994 2402 4032 a
2437 3978 2741 4034 dolentibus
2788 3978 2872 4032 vel
2907 3977 3232 4032 sacriﬁcium
3288 3976 3670 4034 deferentibus

2074 4068 2293 4123 assistat
2325 4068 2570 4139 angelus.
2636 4067 2757 4122 Non
2796 4067 2941 4122 enim
2992 4066 3206 4123 dubites
3261 4067 3523 4121 assistere
3565 4081 3669 4122 an-

2076 4156 2274 4230 gelum,
2314 4158 2528 4229 quando
2578 4156 2828 4217 Christus
2892 4157 3116 4213 assistit.
3172 4156 3423 4212 Christus
3464 4157 3671 4214 immo-

2075 4248 2241 4315 latur,
2279 4249 2479 4304 etenim
2513 4249 2710 4320 pascha
2752 4257 2988 4303 nostrum
3038 4248 3340 4302 immolatus
3389 4258 3467 4303 est
3500 4247 3671 4302 ειη-ι-

2076 4350 2208 4396 stus.

396 4392 945 4501 “(Euenus
968 4392 1366 4499 in'majoribus,
1404 4392 1584 4485 mores
1614 4430 1666 4483 in
1696 4429 1974 4498 aiquitate,
2004 4479 2054 4504 η
2079 4392 2259 4504 “(Vlix
2287 4430 2473 4503 Beda.)
2516 4430 2661 4487 Bene
2708 4430 2927 4501 angelus
2967 4437 3023 4486 et
3064 4429 3120 4485 in
3150 4429 3352 4501 templo
3400 4439 3459 4487 et
3494 4392 3681 4500 juxta

395 4479 628 4576 ndicium
653 4519 710 4575 in
737 4518 1061 4583 sacerdotio,
1088 4479 1289 4573 fa'ctum
1313 4479 1368 4572 in
1396 4519 1672 4583 mandato,
1703 4479 1978 4587 injjustiﬁ-
2004 4479 2055 4539 Β
2079 4479 2251 4577 altare
2275 4531 2332 4579 et
2353 4538 2383 4577 a
2424 4479 2632 4577 d’extris
2661 4479 2906 4591 apparret,
2941 4522 3071 4591 quia
3115 4479 3402 4586 videlicet,
3434 4479 3516 4577 et.
3542 4522 3674 4584 veri

397 4608 613 4665 catione
623 4606 910 4678 judicium.

468 4697 639 4751 Erant
673 4703 849 4750 autem
869 4694 1007 4765 justi
1033 4695 1186 4749 ambo
1215 4704 1335 4750 ante
1367 4694 1556 4750 Deum.
1585 4696 1783 4751 Beatus
1803 4697 1893 4766 qui
1918 4698 1972 4752 in

394 4796 690 4857 conspectu
720 4785 818 4841 Dei
845 4785 1022 4854 justus
1043 4794 1148 4850 est,
1197 4794 1357 4856 atque
1398 4786 1701 4842 laudabilis.
1782 4787 1974 4843 Evenit

394 4880 615 4951 quippe,
642 4887 704 4934 ut
725 4878 946 4934 laudent
976 4878 1223 4934 homines
1248 4878 1395 4943 e’um,
1442 4879 1532 4950 qui
1552 4896 1655 4933 non
1680 4889 1764 4934 est
1788 4881 1974 4937 lauda-

396 4971 538 5036 bilis,
571 4979 628 5026 et
658 4971 709 5026 ei
735 4970 1043 5036 detrahant,
1064 4971 1153 5041 qui
1183 4971 1403 5026 minime
1432 4970 1765 5027 detractione
1778 4971 1972 5043 dignus

395 5070 499 5116 est.
558 5060 717 5117 Solus
730 5060 893 5126 Deus,
921 5069 977 5117 et
1009 5062 1064 5117 in
1092 5062 1268 5129 laude,
1297 5070 1352 5117 et
1378 5062 1431 5117 in
1459 5062 1859 5133 vituperatione
1882 5062 1972 5133 ju-

399 5159 515 5206 stus
535 5158 619 5205 est
638 5149 826 5218 judex.

468 5245 774 5299 Incedeules
788 5244 842 5298 in
873 5244 1109 5298 omnibus
1132 5244 1395 5299 mandatis
1426 5255 1472 5298 et
1501 5245 1972 5315 justiﬁcationibus

396 5337 608 5396 Domini
647 5338 758 5390 sine
784 5335 1013 5406 querela.
1056 5336 1376 5407 Plerumque
1407 5337 1616 5407 justitia
1642 5337 1848 5400 durior,
1876 5337 1973 5391 ho-

396 5431 604 5486 minum
636 5427 913 5500 querelam
935 5437 1208 5498 provocat,
1238 5443 1358 5499 quia
1385 5444 1512 5483 vero
1540 5436 1836 5497 temperata
1866 5436 1972 5493 est,

398 5520 513 5591 ipsa
567 5534 680 5575 satae
720 5516 1019 5574 dulcedinis
1051 5518 1222 5588 gratia
1253 5520 1414 5573 etiam
1456 5518 1668 5573 invidiae
1695 5517 1972 5589 querimoJ

400 5609 544 5663 niam
574 5608 727 5663 vitat.

472 5698 580 5765 (Ex
608 5700 783 5772 Δηώ.)
821 5699 1048 5767 Quando
1077 5700 1220 5755 enim
1258 5699 1482 5754 facimus
1513 5699 1821 5753 mandatum
1856 5699 1969 5765 Dei,

2079 4613 2378 4669 sacerdotis
2404 4613 2691 4671 adventum
2717 4651 2736 4679 ,
2773 4620 2829 4665 et
2856 4612 3173 4682 mysterium
3202 4610 3458 4665 sacriﬁcii
3487 4652 3504 4678 ,
3537 4611 3675 4666 uni-

2076 4703 2303 4758 versalis
2319 4712 2375 4759 et
2392 4705 2630 4758 emlestis
2639 4704 2763 4759 doni
2787 4704 3042 4773 gaudium
3063 4704 3340 4774 pnndicat.
3358 4703 3499 4759 Nam
3516 4704 3673 4759 sicut

2074 4810 2173 4866 per
2201 4795 2476 4852 sinistram
2496 4795 2807 4868 praesentia,
2837 4796 2917 4850 sic
2938 4811 3031 4866 per
3053 4795 3329 4850 dexteram
3348 4810 3493 4863 sarpe
3513 4795 3673 4852 bona

2073 4886 2494 4957 pronuntiantur
2520 4895 2748 4942 mterna.

2144 4977 2230 5030 Ait
2263 4986 2438 5031 autem
2464 4977 2534 5031 ad
2564 4976 2712 5032 illum
2734 4976 2947 5048 angelus
2972 4993 2990 5031 :
3021 4976 3105 5031 Ne
3125 4977 3328 5040 timeas,
3359 4973 3673 5040 locitas-ia,

2073 5071 2178 5118 etc.
2210 5064 2655 5135 Deprecationem
2679 5067 2865 5122 dicens
2905 5067 3237 5131 exauditam,
3275 5075 3491 5135 partum
3523 5081 3678 5121 cono

2075 5154 2226 5210 tinuo
2250 5156 2517 5225 promittit
2560 5156 2766 5210 uxoris.
2801 5154 2916 5209 Non
2963 5155 3107 5224 quod
3135 5156 3254 5219 ille,
3306 5156 3399 5229 qui
3430 5171 3538 5225 pro
3568 5169 3678 5225 pec

2076 5244 2200 5315 pulo
2228 5244 2506 5300 oblaturus
2526 5245 2844 5311 intraverat,
2873 5246 3076 5301 relictis
3107 5246 3337 5316 publicis
3363 5245 3529 5308 votis,
3563 5260 3677 5316 pro

2080 5334 2407 5403 accipiendis
2461 5334 2585 5389 ﬁliis
2643 5349 2801 5391 orare
2836 5336 3111 5406 potuerit,
3151 5335 3242 5390 sed
3278 5336 3422 5404 quod
3468 5336 3619 5390 dicit
3653 5350 3673 5389 :

2080 5423 2349 5478 Exaudita
2374 5434 2448 5479 est
2483 5425 2777 5495 deprecatio
2804 5436 2915 5490 tua,
2949 5442 3050 5497 pro
3073 5428 3252 5499 populi
3281 5427 3680 5496 redemptione

2078 5516 2361 5586 signiﬁcat.
2422 5515 2575 5584 Quod
2630 5533 2760 5572 vero
2816 5518 3094 5588 adiungit,
3146 5527 3196 5572 et
3241 5533 3376 5571 uror
3421 5525 3517 5571 tua
3562 5532 3685 5584 pa-

2079 5609 2174 5660 riet
2202 5606 2294 5660 tibi
2333 5607 2522 5671 ﬁlium,
2573 5605 2810 5674 ejusdem
2850 5608 3230 5677 redemptionis
3250 5606 3492 5660 ordinem
3523 5619 3696 5675 pan-

2079 5697 2176 5758 dit,
2216 5694 2358 5764 quod
2410 5696 2662 5752 videlicet
2699 5705 2855 5752 natus
2901 5696 3179 5751 Zacharitc
3227 5695 3388 5761 ﬁlius,
3435 5693 3687 5748 redem-
