3940 6206
249 335 340 393 sst
1076 333 1594 393 COLLECTIONES
1629 296 1718 392 lNV
1739 331 2126 396 EPISTOLAS
2161 337 2252 394 ετ
2292 337 2709 394 EV‘ANGELIA.

3401 345 3514 402 382

243 451 381 524 ptori
409 447 564 506 illius
616 449 799 520 populi
862 451 1224 522 praeconando
1269 451 1346 506 sit
1391 453 1494 508 iter
1552 451 1900 513 facturus-tl
1930 472 1949 505 ι
1989 452 2238 519 electam,
2265 455 2320 510 in
2340 455 2602 525 plnretra
2641 470 2739 510 sua
2769 453 3064 512 abscondit
3109 471 3223 524 me,
3267 466 3324 512 et
3375 459 3516 515 dixit

309 541 380 596 Et
402 542 506 598 erit
533 540 789 612 gaudium
828 540 941 606 tibi,
963 553 1018 596 et
1039 540 1344 605 exsultatio,
1369 549 1474 597 etc.
1525 541 1590 595 Et
1623 549 1823 596 notan-

241 635 365 690 dum
419 632 587 703 quod,
611 632 1116 698 natorPrtecursore,
1167 632 1322 687 multi
1373 632 1630 703 gaudent.
1681 631 1824 688 Nato

242 733 418 780 autem
440 724 688 788 Domino,
706 723 1004 777 annuntiat
1025 722 1246 794 angelus
1266 722 1520 794 gaudium
1543 737 1821 792 magnum,

241 816 380 886 quod
415 815 524 870 erit
559 813 708 870 omni
734 812 952 884 populo,
1001 814 1130 882 quia
1159 813 1412 868 videlicet
1459 813 1551 869 hic
1590 813 1822 869 salutem

240 906 420 961 multis
451 905 766 976 pradicare,
809 903 912 959 ille
941 904 1324 976 omnibusqui
1370 905 1557 973 velint,
1599 906 1824 964 advenit

239 998 464 1054 donare.

303 1091 376 1145 Et
398 1091 498 1144 erit
536 1105 760 1160 magnus
795 1104 974 1143 coram
1014 1088 1260 1144 Domino.
1328 1089 1434 1164 (Ex
1466 1089 1649 1160 Amb.)
1700 1090 1820 1145 Non

237 1183 480 1253 corporis
506 1181 618 1246 hic,
661 1182 756 1236 sed
797 1181 992 1235 anima:
1019 1181 1444 1252 magnitudinem
1499 1181 1816 1236 declaravit.

238 1274 329 1328 Est
381 1286 568 1327 coram
610 1271 838 1326 Domino
871 1271 1182 1342 magnitudo
1237 1271 1452 1336 animm,
1505 1271 1820 1342 magnitudo

236 1364 470 1428 virtutis,
498 1369 587 1418 est
607 1364 772 1418 etiam
798 1363 1036 1432 parvitas
1074 1362 1288 1428 annum,
1340 1366 1398 1417 et
1428 1362 1664 1432 pueritia
1704 1363 1816 1416 vir-

238 1456 389 1511 tutis.
1657 1456 1678 1474 ‘

318 1544 511 1600 Vinum
546 1552 595 1600 ct
629 1545 856 1599 siceram
898 1561 1001 1599 non
1032 1545 1187 1599 bibet.
1239 1543 1344 1615 (Ex
1393 1544 1585 1615 Beda.)
1629 1543 1816 1602 Sicera

233 1642 627 1710 interpretatur
657 1637 909 1700 ebrietas,
937 1637 1206 1692 Hebraice
1230 1647 1390 1702 τω
1419 1652 1527 1707 quo
1556 1637 1819 1692 vocabulo

234 1734 444 1789 Hebraei
463 1746 624 1786 omne
639 1729 784 1799 quod
813 1729 1067 1783 inebriari
1097 1737 1278 1798 potest
1305 1729 1559 1798 poculum
1597 1728 1713 1783 sive
1747 1728 1817 1782 de

1930 560 1950 595 ι
1995 543 2130 598 mihi
2160 561 2174 596 :
2203 545 2405 602 Servus
2429 562 2582 602 meus
2607 562 2667 602 es
2695 554 2774 613 tu,
2801 546 2985 608 Israel,
3002 547 3130 618 quia
3153 548 3209 604 in
3232 557 3290 606 te
3313 549 3516 621 gloria-

1929 649 1951 686 r
1991 634 2136 692 hor:
2161 635 2239 690 "Et
2279 654 2431 694 {mne
2469 639 2587 694 hmc
2633 638 2767 696 dicit
2788 639 3069 707 Dominus,
3109 639 3380 699 Formans
3425 659 3515 700 me

1926 742 1953 782 ι
1988 741 2060 784 ex
2094 734 2252 788 utero
2271 743 2493 784 ser-vum
2521 729 2648 795 sibi,
2694 728 2821 786 dedi
2864 736 2920 786 te
2956 729 3011 790 in
3032 730 3209 786 lucem
3245 733 3512 803 gentium,

1931 835 1953 872 ε
1991 827 2059 874 ut
2079 821 2156 876 sis
2169 820 2325 878 salus
2352 836 2470 876 mea
2496 837 2668 892 usque
2705 821 2774 879 ad
2803 831 3106 878 extremum
3131 831 3310 880 terra).
3338 825 3516 896 Reges

1929 929 1948 964 ι
1994 911 2254 966 videbunt
2287 920 2343 966 et
2371 921 2716 984 consurgent.
2747 915 3022 986 principes
3043 956 3060 981 ,
3107 925 3164 972 et
3203 917 3514 973 adorabunt

1931 1019 1950 1052 ι
1994 1001 2284 1058 Dominum
2309 1003 2479 1058 Deum
2501 1011 2654 1058 tuum
2683 1012 2740 1059 et
2767 1013 3018 1060 sanctum
3039 1005 3226 1072 Israel,
3283 1008 3376 1078 qui
3402 1009 3514 1065 ele-

1929 1109 1949 1142 s
1992 1092 2072 1162 git
2099 1099 2174 1146 te.
2216 1111 2235 1145 ι

1993 1183 2204 1247 Audite,
2223 1181 2436 1249 insulae,
2475 1191 2525 1237 et
2544 1184 2817 1250 attendite,
2849 1186 3050 1256 populi,
3088 1187 3153 1242 de
3179 1187 3350 1259 longe.
3395 1188 3512 1259 .(Ex

1921 1274 2096 1342 Hier.)
2153 1274 2282 1330 Post
2313 1276 2654 1331 vocationem
2685 1292 2814 1347 ergo
2867 1279 3224 1347 reliquiarum
3255 1280 3416 1335 Israel
3452 1282 3515 1334 et

1921 1364 2280 1432 abjectionem
2329 1365 2380 1419 in
2404 1365 2782 1424 incredulitate
2802 1367 2992 1436 populi
3017 1370 3408 1438 permanentis,
3443 1371 3514 1425 de

1919 1456 2116 1526 quibus
2143 1457 2399 1511 dixerat:
2442 1456 2567 1510 Non
2611 1466 2686 1510 est
2721 1474 2826 1526 pax
2872 1458 3066 1526 impiis,
3105 1459 3232 1512 dicit
3256 1460 3515 1516 Dominus

1922 1546 2077 1619 (Isai.
2093 1546 2308 1616 nvtu);
2326 1547 2520 1602 transit
2541 1548 2607 1601 ad
2623 1547 2896 1602 Ecclesias
2923 1548 2988 1602 de
3009 1548 3267 1618 gentibus
3288 1564 3515 1620 congre-

1919 1648 2091 1711 gatas,
2123 1652 2180 1694 et
2207 1640 2287 1694 eis
2326 1640 2426 1694 sub
2475 1638 2782 1693 lnsularum
2827 1639 3046 1694 nomine
3077 1639 3335 1708 loquitur,
3389 1656 3513 1709 quae

1921 1736 2330 1800 persecutorum
2379 1727 2590 1783 insidiis
2617 1768 2632 1793 ,
2690 1729 2848 1798 quasi
2900 1730 3069 1784 maris
3114 1729 3372 1786 ﬂuetibus
3419 1747 3514 1800 pa-

233 1829 410 1899 pomis
435 1827 549 1881 sive
573 1826 640 1880 de
665 1823 910 1894 frugibus
945 1837 1038 1877 seu
1061 1822 1127 1876 de
1151 1822 1392 1892 qualibet
1437 1822 1540 1876 alia
1585 1821 1814 1877 materia
1843 1802 1892 1860 Β
1919 1826 2056 1884 teut,
2091 1825 2148 1874 et
2177 1832 2244 1872 ex
2289 1817 2436 1872 omni
2465 1828 2621 1887 parte
2649 1818 2906 1872 saeviente
2953 1818 3237 1888 naufragio
3276 1821 3516 1876 tundun-

232 1917 537 1973 confectum
565 1915 890 1984 signiﬁcant.
935 1913 1102 1968 Decet
1149 1915 1294 1969 enim
1328 1930 1424 1969 vas
1463 1915 1671 1969 ccelesti
1699 1929 1820 1984 grn-

233 2010 320 2064 tire
345 2008 708 2077 mancipatum
729 2021 758 2058 a
775 2004 956 2059 surculi
969 2003 1240 2058 illecebris
1255 2003 1539 2074 castigari;
1558 2003 1815 2069 necvino,

231 2093 280 2151 in
307 2113 418 2167 quo
446 2105 533 2150 est
551 2094 1063 2159 ~luxuria,inebriari
1087 2110 1232 2161 eum,
1257 2094 1348 2164 qui
1377 2101 1556 2149 musto
1583 2093 1820 2164 Spiritus

231 2189 406 2242 sancti
435 2187 706 2242 desiderat
738 2187 970 2256 impleri.

301 2281 374 2334 Et
398 2279 600 2350 Spiritu
642 2289 823 2333 sancto
852 2277 1132 2348 reptebitur
1159 2278 1336 2332 adhuc
1355 2295 1423 2333 ex
1445 2287 1597 2333 utero
1629 2280 1817 2333 matris

232 2389 364 2425 sum.
415 2370 518 2442 (Ex
553 2369 734 2441 Amh.)
783 2367 898 2423 Non
930 2378 1026 2424 est
1072 2370 1296 2423 dubium
1348 2383 1538 2423 verum
1589 2370 1692 2424 hoc
1722 2385 1819 2423 an-

230 2463 335 2534 geli
398 2479 522 2518 esse
575 2451 900 2533 piomissum
930 2504 944 2527 ,
998 2462 1265 2531 siquidem
1309 2471 1533 2517 sanctus
1580 2460 1818 2518 Joannes

229 2561 524 2621 antequam
575 2560 910 2615 nasceretur,
957 2552 1148 2606 matris
1197 2552 1374 2606 adhuc
1422 2552 1475 2606 in
1514 2561 1675 2608 utero
1715 2569 1816 2623 po-

229 2647 389 2709 situs,
415 2647 636 2717 spiritus
659 2646 866 2716 accepti
905 2647 1135 2718 gratiam
1171 2647 1490 2719 designavit.
1543 2647 1641 2704 Cui
1669 2649 1815 2704 enim

229 2740 390 2795 adest
429 2738 650 2809 spiritus
697 2739 886 2809 gratim
914 2779 930 2805 ,
992 2739 1126 2793 nihil
1165 2739 1356 2804 deest,
1408 2748 1465 2794 et
1512 2741 1600 2795 cui
1647 2740 1818 2811 Spiri-

229 2838 317 2884 tus
350 2837 568 2883 sanctus
589 2826 907 2895 infunditur,
938 2842 1258 2897 magnarum
1283 2836 1366 2883 est
1403 2828 1687 2900 plenitudo
1709 2829 1819 2883 vir-

229 2928 430 2974 tutum.

297 3011 375 3064 Et
411 3009 606 3065 multos
637 3010 872 3080 ﬁliorum
910 3009 1082 3066 Israel
1131 3020 1392 3066 convertet
1436 3017 1505 3066 ad
1534 3011 1816 3067 Dominum

232 3101 402 3155 Deum
431 3101 684 3170 ipsorum.
754 3100 888 3156 Cum
913 3098 1151 3157 Joannes
1197 3102 1290 3171 qui
1320 3101 1536 3168 Christo
1567 3103 1813 3158 testimo-

1921 1917 2010 1968 tur
2036 1908 2215 1977 potius
2250 1922 2416 1978 quam
2461 1915 2768 1964 moventur.
2821 1907 2902 1963 Ac
2941 1909 3158 1976 nequis
3195 1918 3351 1978 putet
3391 1911 3514 1966 vio-

1919 1997 2119 2056 lentam
2143 2011 2266 2051 esse
2288 1996 2683 2066 expositionem
2714 2004 2979 2062 nostram,
3007 2005 3064 2052 et
3087 2014 3195 2052 non
3219 2000 3288 2053 ad
3320 2008 3516 2069 getes

1919 2087 2193 2156 pertinere
2222 2088 2366 2157 quod
2383 2086 2609 2152 dicitur,
2656 2087 2752 2141 sed
2775 2086 2846 2142 ad
2869 2101 3172 2158 synagogas
3209 2087 3390 2159 populi
3418 2087 3515 2142 Ju-

1920 2179 2182 2236 (Deorum.

1987 2269 2060 2323 Et
2093 2269 2363 2332 attendite,
2397 2268 2576 2340 populi
2601 2270 2708 2324 sive
2721 2277 2924 2340 gentes,
2947 2269 3020 2324 de
3037 2270 3216 2342 longe.
3249 2271 3366 2327 Hoc
3405 2279 3516 2338 est,

1918 2360 1987 2415 ab
2007 2361 2269 2416 extremis
2297 2360 2494 2415 ﬁnibus
2522 2367 2702 2424 terrae,
2726 2359 3246 2432 velutSeptuaginta
3274 2370 3516 2418 transtu-

1918 2450 2117 2514 lerunt,
2143 2449 2227 2508 διὰ
2253 2452 2443 2527 χρόνον
2471 2451 2654 2506 πολλοῦ
2681 2455 2953 2510 στήσεται.
2984 2451 3112 2506 Post
3147 2464 3351 2523 tempus
3375 2453 3514 2507 ntul-

1918 2552 2029 2597 tunt
2049 2542 2231 2607 stabit,
2266 2544 2370 2598 hoc
2398 2552 2503 2608 est,
2527 2557 2636 2598 non
2676 2542 2780 2599 hoc
2813 2553 3059 2615 tempore
3097 2560 3206 2615 quo
3235 2546 3515 2613 dicuntur,

1917 2632 2013 2687 sed
2034 2639 2158 2703 post
2177 2631 2346 2688 multa
2377 2631 2507 2688 ﬁent
2536 2641 2800 2705 tempora,
2831 2635 3096 2704 sequitur.

1987 2722 2270 2787 Dentinus,
2281 2722 2484 2791 inquit,
2505 2723 2572 2776 ab
2587 2732 2739 2780 utero
2762 2724 2960 2778 vocavit
2986 2741 3088 2790 me,
3115 2725 3183 2778 de
3205 2735 3376 2780 uentre
3396 2742 3513 2780 nta-

1918 2814 2016 2868 tris
2047 2831 2199 2880 mete,
2229 2823 2336 2869 etc.
2396 2814 2551 2881 Quod
2579 2830 2727 2870 nunc
2750 2815 2970 2870 interim
2999 2815 3345 2871 audientibus
3363 2816 3513 2872 vide-

1920 2911 2009 2958 tur
2036 2903 2329 2960 obscurum
2357 2943 2374 2968 ,
2431 2912 2620 2972 postea
2658 2912 2843 2958 autem
2881 2904 3092 2959 cunctis
3139 2905 3392 2976 gentibus
3421 2921 3515 2961 no-

1919 3000 2035 3048 ttun
2089 2992 2201 3058 ﬁet,
2266 2994 2482 3063 quando
2524 2991 2749 3048 Gabriel
2797 2994 3000 3064 Joseph
3046 2993 3114 3050 de
3151 3002 3307 3065 partu
3364 2996 3516 3050 dire-

1919 3085 1992 3140 rit
2040 3084 2338 3156 virginali,
2389 3093 2438 3139 et
2489 3084 2700 3140 vocabis
2752 3101 2942 3140 nomen
2981 3085 3098 3155 ejus
3141 3083 3368 3151 Jesum,
3404 3086 3515 3156 ipse

227 3193 380 3246 ηίυω
405 3192 714 3263 ρθώίδθηδ,
767 3193 819 3247 in
842 3191 957 3261 eius
996 3193 1099 3248 (me
1119 3194 1346 3263 populos
1381 3194 1713 3265 baptizabat,
1741 3195 1818 3251 di-
1845 3171 1889 3233 C
1921 3175 2060 3228 enim
2082 3173 2286 3229 salvum
2317 3174 2474 3244 faciet
2511 3173 2763 3245 populum
2802 3190 2958 3230 suum
2985 3192 3020 3229 a
3065 3176 3292 3246 peccatis
3329 3192 3513 3232 eorum

231 3286 378 3339 citur
431 3284 572 3340 ﬁlios
618 3285 783 3340 Israel
822 3287 888 3340 ad
910 3286 1196 3341 Dominum
1226 3287 1396 3340 Deum
1423 3286 1661 3356 ipsorum
1687 3304 1819 3344 con-

228 3375 484 3440 vertisse,
535 3384 684 3445 patet
727 3377 972 3447 profecto
1025 3377 1301 3432 Christum
1351 3392 1469 3432 esse
1531 3378 1818 3433 Dominum

230 3466 402 3523 Deum
435 3467 694 3538 ipsorum.

303 3556 376 3611 Et
419 3559 530 3627 ipse
564 3559 818 3628 prmeedet
857 3567 978 3612 ante
1018 3559 1168 3612 illum
1209 3560 1268 3613 in
1323 3559 1454 3629 spiri
1479 3577 1510 3613 u
1538 3569 1587 3614 et
1633 3561 1818 3615 uirtute

235 3647 388 3702 Elite.
443 3647 592 3700 Bene
645 3648 698 3702 in
729 3647 918 3717 spiritu
963 3655 1021 3701 et
1069 3647 1270 3703 virtute
1320 3648 1450 3703 Elia:
1509 3647 1816 3718 praecedere

231 3737 447 3802 dicitur,
490 3737 616 3807 quia
648 3738 791 3792 sicut
821 3738 906 3792 ille
947 3753 1128 3807 prch
1182 3739 1396 3792 venturi
1449 3737 1649 3805 iudicis
1673 3778 1686 3802 ,
1735 3738 1814 3791 ita

231 3827 320 3882 hic
363 3838 541 3897 prmco
591 3826 765 3882 factus
818 3835 903 3883 est
951 3828 1331 3898 redemptoris.
1409 3828 1564 3884 Unde
1605 3835 1658 3882 et
1685 3843 1817 3882 con-

230 3917 538 3972 versatione
559 3932 785 3987 prorsus
819 3917 1112 3981 simillima,
1153 3917 1314 3972 ambo
1354 3917 1571 3972 deserta
1620 3916 1813 3983 secuti,

229 4009 374 4063 victu
432 4007 598 4079 frugi,
654 4009 854 4062 vestitu
901 4009 1106 4072 inculti,
1145 4008 1327 4063 cinctu
1383 4017 1508 4063 sunt
1551 4009 1812 4079 despecti,

229 4099 389 4152 ambo
410 4099 555 4170 regis
575 4105 632 4152 et
656 4097 857 4168 regina:
891 4099 1167 4153 vesaniam
1217 4097 1536 4152 tolerarunt.
1583 4097 1676 4152 ille
1693 4097 1817 4151 Jor—

229 4190 425 4244 danem
467 4191 665 4245 cmlum
713 4192 981 4262 petiturus
1033 4190 1236 4256 divisit,
1283 4190 1374 4244 hic
1417 4191 1482 4244 ad
1537 4191 1813 4245 lavacrum

230 4279 472 4335 salutare
515 4294 624 4348 quo
649 4279 846 4334 coelum
892 4285 1126 4348 petatur,
1177 4280 1466 4334 convertit.
1535 4279 1637 4334 Hic
1687 4295 1812 4335 cum

229 4373 459 4428 Domino
486 4379 736 4427 versatur
765 4372 820 4427 in
851 4372 1030 4439 terris,
1060 4371 1149 4427 ille
1177 4387 1301 4427 cum
1320 4387 1386 4428 eo
1432 4371 1814 4428 manifestatur

230 4462 283 4516 in
324 4462 514 4534 gloria.

1920 3265 2139 3338 (Matth.
2166 3265 2228 3336 ι).

1987 3355 2057 3410 Et
2086 3358 2258 3426 posuit
2282 3373 2338 3412 ω
2379 3374 2574 3423 meum,
2597 3359 2752 3429 quasi
2780 3357 3015 3429 gladium
3051 3369 3284 3416 acutum.
3313 3359 3508 3417 Posuit

1917 3461 2133 3516 quoque
2169 3463 2235 3502 os
2261 3447 2397 3516 ejus,
2429 3449 2585 3518 quasi
2627 3450 2870 3518 gladium
2920 3460 3161 3515 acutum,
3210 3460 3272 3506 ut
3314 3453 3510 3522 spiritu

1915 3538 2030 3592 oris
2048 3538 2129 3591 sui
2171 3537 2465 3594 interﬁciat
2491 3539 2734 3607 impium.
2811 3539 2888 3594 De
2921 3555 3029 3608 quo
3065 3541 3250 3610 gladio
3303 3541 3418 3610 ipse
3452 3543 3509 3598 in

1917 3627 2209 3696 Evangelio
2237 3627 2491 3696 loquitur.
2527 3626 2652 3682 Non
2670 3627 2785 3681 veni
2811 3645 2995 3698 pacem
3023 3629 3229 3683 mittere
3257 3630 3312 3682 in
3338 3639 3507 3695 terra,

1913 3721 2005 3775 sed
2025 3720 2262 3792 gladium
2287 3719 2502 3792 (Matth.
2533 3720 2611 3790 χ),
2635 3721 2812 3778 malos
2834 3737 2866 3776 a
2896 3723 3055 3778 bonis
3084 3739 3364 3792 separans.
3412 3727 3512 3782 Ve-

1916 3812 2000 3866 nit
2038 3812 2185 3865 enim
2239 3811 2482 3866 dividere
2506 3811 2781 3867 hominem
2835 3821 3028 3869 contra
3056 3828 3272 3884 patrem
3322 3832 3505 3885 suum,

1913 3913 1969 3958 et
1987 3903 2152 3957 ﬁliam
2182 3912 2372 3958 contra
2401 3912 2628 3958 matrem
2662 3919 2842 3970 suam,
2875 3914 2932 3960 et
2954 3923 3150 3964 nurum
3189 3917 3381 3964 contra
3411 3923 3508 3966 so-

1916 4012 2011 4051 Cl‘ll
2018 4011 2069 4049 m
2108 4010 2261 4050 suam
2269 4034 2285 4048 .

1987 4082 2058 4138 Et
2099 4084 2155 4138 in
2181 4084 2371 4138 umbra
2409 4100 2607 4138 manus
2652 4100 2772 4138 sure
2803 4086 3030 4153 protexit
3056 4102 3158 4140 me.
3206 4086 3267 4140 In
3310 4086 3506 4142 umbra

1915 4189 2111 4229 manus
2136 4175 2232 4228 Dei
2259 4189 2320 4230 se
2335 4188 2455 4228 esse
2471 4181 2782 4242 protectum
2803 4174 3022 4239 asserit,
3042 4182 3104 4228 ut
3129 4175 3310 4230 carnis
3322 4175 3507 4231 vilitas

1915 4265 2212 4319 divinitatis
2246 4265 2487 4334 potentia
2535 4272 2832 4334 tegeretur,
2879 4265 3072 4336 angelo
3117 4266 3184 4320 ad
3225 4267 3506 4336 Virginem

1915 4358 2237 4412 nuntiante:
2268 4356 2500 4426 Spin'tus
2523 4365 2736 4411 sanctus
2770 4358 3098 4427 superveniet
3132 4358 3189 4412 in
3213 4365 3282 4424 te,
3311 4366 3359 4412 et
3397 4362 3508 4414 vir-

1941 4458 2035 4502 .tus
2060 4447 2321 4500 Altissimi
2345 4446 2670 4500 obumbrabit
2692 4447 2785 4501 tibi
2809 4446 2962 4518 (Luc.
2999 4446 3063 4519 ι.)

305 4527 370 4610 lit
397 4564 667 4611 convertat
716 4555 877 4609 corda
903 4563 1113 4626 patrum
1153 4554 1210 4607 in
1237 4553 1399 4623 ﬁlios,
1439 4563 1488 4607 et
1514 4553 1811 4608 incredulos

1985 4538 2055 4592 Et
2076 4537 2247 4609 posuit
2263 4554 2369 4602 me,
2397 4537 2549 4608 quasi
2573 4538 2820 4607 sagittam
2844 4537 3084 4592 electam.
3109 4537 3340 4605 Quando
3363 4539 3502 4597 dicit

228 4647 301 4701 ad
312 4649 671 4718 prudentiam,
686 4655 791 4701 etc.
815 4645 990 4701 Corda
1011 4656 1224 4716 patrum
1241 4647 1294 4701 in
1308 4646 1447 4702 ﬁlios
1470 4655 1810 4713 convertere,

224 4746 313 4792 est
338 4736 673 4807 Spiritualcm
698 4743 1008 4791 sanctorum
1035 4736 1375 4806 antiquorum
1407 4737 1688 4791 scientiam
1719 4752 1815 4806 po-

226 4829 366 4899 pulis
387 4824 1050 4899 prmdicandoinfundere.
1070 4825 1361 4880 Prudentia
1387 4843 1518 4882 vero
1541 4827 1810 4897 iustorum

225 4927 333 4983 est,
358 4935 466 4973 non
490 4919 557 4972 de
584 4917 716 4987 legis
749 4915 1004 4986 operibus
1033 4916 1302 4986 justitiam
1341 4931 1693 4986 przesumere,
1718 4918 1813 4973 sed

225 5023 297 5064 ex
326 5009 427 5064 ﬁde
457 5008 688 5064 salutem
718 5023 978 5077 quaerere.

328 5141 397 5198 1N
433 5141 692 5198 NATALI
730 5140 976 5198 SANCTI
1007 5139 1292 5198 JOAN‘NIS
1328 5139 1710 5200 BAPTlSTE.

652 5268 844 5310 ιεοτιο
876 5269 1054 5318 ιεΑιΑζ,
1085 5269 1202 5308 ων.
1233 5268 1379 5306 xux.

311 5384 331 5416 ι
373 5365 589 5433 Audite,
617 5365 829 5430 insulae,
860 5373 916 5419 et
955 5362 1237 5428 attendite,
1286 5363 1488 5434 populi,
1522 5363 1588 5418 de
1627 5361 1806 5434 longe.

233 5475 255 5508 s
307 5457 562 5512 Dominus
586 5457 654 5512 ab
680 5465 836 5511 utero
870 5455 1084 5511 vocavit
1107 5470 1211 5517 me,
1273 5455 1338 5513 de
1383 5463 1573 5509 ventre
1620 5455 1813 5510 matris

231 5567 254 5599 s
307 5563 437 5602 mea:
485 5547 797 5603 recordatus
841 5554 928 5601 est
978 5545 1213 5600 nominis
1243 5546 1370 5600 mei.
1429 5545 1497 5598 Et
1529 5545 1713 5615 posuit
1751 5560 1814 5600 os

233 5653 258 5686 σ
307 5650 506 5700 meum,
568 5635 722 5705 quasi
766 5634 1000 5706 gladium
1055 5645 1295 5697 acutum,
1345 5634 1447 5688 sub
1474 5634 1664 5688 umbra
1695 5649 1814 5688 ma-

234 5743 260 5776 ‹
309 5740 410 5781 nus
436 5741 547 5782 sua:
572 5725 803 5795 protexit
833 5739 919 5780 me
950 5741 964 5779 :
1011 5723 1076 5779 Et
1097 5724 1379 5794 posuitme
1402 5724 1540 5779 sicut
1561 5723 1809 5796 sagittam

1917 4633 2170 4704 sagittam
2215 4630 2466 4688 electam.
2507 4629 2750 4684 ostendit
2797 4630 2999 4684 habere
3057 4630 3227 4686 Deum
3271 4632 3502 4702 sagittas

1915 4723 2197 4793 pitu-imas,
2249 4720 2341 4774 sed
2388 4733 2496 4773 non
2548 4718 2771 4783 electas,
2820 4733 2940 4788 quae
2978 4719 3194 4790 sagittae
3218 4719 3503 4790 Propheta:

1915 4822 2040 4869 sunt
2085 4821 2142 4866 et
2173 4810 2438 4882 Apostoli,
2467 4810 2634 4880 quiin
2655 4818 2767 4864 toto
2780 4810 2920 4864 orbe
2945 4810 3264 4877 decurrunt,
3291 4812 3358 4867 de
3380 4812 3504 4881 qui-

1914 4906 2014 4960 bus
2045 4905 2098 4958 in
2129 4903 2233 4958 alio
2257 4903 2376 4957 loco
2397 4901 2628 4956 canitur.
2659 4899 2880 4971 Sagitta:
2904 4911 3009 4956 tua:
3037 4911 3229 4970 acute,
3251 4905 3505 4974 potentis-

1915 4997 2065 5059 sime,
2100 4992 2280 5064 pepuli
2326 4991 2421 5047 sub
2447 5001 2500 5044 te
2521 4991 2728 5044 cadent.
2783 4990 2850 5045 Et
2881 4991 3083 5046 iterum
3113 5010 3127 5046 :
3157 4992 3379 5065 Sagitte
3400 5012 3502 5065 po-

1917 5087 2072 5141 tentis
2091 5093 2282 5148 πειτα»,
2306 5099 2426 5136 cum
2449 5080 2760 5136 carbonibus
2781 5080 3115 5136 desolatoriie
3130 5082 3303 5154 (Psal.
3331 5084 3498 5159 cna).

1916 5175 2165 5230 Christus
2188 5183 2368 5231 autem
2397 5176 2464 5229 de
2500 5174 2686 5230 multis
2733 5174 2944 5244 sagittis
2985 5183 3047 5228 et
3094 5174 3221 5231 ﬁliis
3253 5176 3501 5247 plurimis

1917 5281 2023 5320 una
2072 5268 2269 5337 sagitta
2322 5266 2517 5332 electa,
2571 5273 2628 5320 et
2679 5263 2824 5319 ﬁlius
2857 5267 3162 5337 unigenitus
3187 5277 3294 5334 est,
3333 5283 3496 5338 quam
3537 5305 3544 5307 -

1915 5359 1970 5413 in
1997 5360 2253 5428 pharetra
2300 5374 2395 5413 sua
2412 5357 2720 5421 abscondit,
2762 5356 2817 5411 id
2845 5369 2950 5423 est,
3008 5359 3063 5412 in
3112 5359 3348 5414 humano
3368 5373 3496 5416 cor-

1916 5466 2062 5521 pore,
2113 5459 2175 5504 ut
2203 5450 2474 5505 habitaret
2530 5449 2582 5503 in
2630 5463 2696 5504 eo
2723 5449 3000 5519 plenitudo
3036 5450 3335 5504 divinitatis
3373 5462 3498 5504 cor-

1915 5542 2192 5612 poraliter.
2246 5538 2498 5608 Raraque
2531 5549 2616 5594 est
2662 5540 2998 5594 credentium
3026 5538 3180 5601 ﬁdes,
3212 5537 3299 5591 cui
3321 5545 3377 5591 et
3404 5551 3499 5594 su-

1916 5648 2014 5702 pra
2062 5632 2300 5687 dicitur:
2357 5630 2435 5685 Tu
2479 5647 2534 5685 es
2565 5629 2706 5684 Deus
2750 5629 3101 5691 absconditus,
3153 5636 3203 5680 et
3225 5627 3493 5684 nescieba-

1917 5738 2051 5778 mus.
2099 5722 2213 5790 Qua
2243 5722 2435 5794 sagitta
2463 5730 2520 5778 et
2559 5734 2756 5792 sponsa
2789 5719 2986 5776 vulnus
3010 5717 3282 5788 accipiens
3321 5718 3490 5793 loqui-
