  <div class='ocr_page' id='page_1' title='image "/cluster/home/n/w/nwhite01/storage/ocr_20150623/102/hvd.32044052820032/197.png"; bbox 0 0 3932 6204; ppageno 0'>
   <div class='ocr_carea' id='block_1_1' title="bbox 372 325 478 391">
    <p class='ocr_par' dir='ltr' id='par_1_1' title="bbox 372 325 478 391">
     <span class='ocr_line' id='line_1_1' title="bbox 372 325 478 391; baseline 0.019 -2"><span class='ocrx_word' id='word_1_1' title='bbox 372 325 478 391; x_wconf 74' lang='lat'><strong>385</strong></span> 
     </span>
    </p>
   </div>
   <div class='ocr_carea' id='block_1_2' title="bbox 1667 319 2348 383">
    <p class='ocr_par' dir='ltr' id='par_1_2' title="bbox 1667 319 2348 383">
     <span class='ocr_line' id='line_1_2' title="bbox 1667 319 2348 383; baseline -0.006 0"><span class='ocrx_word' id='word_1_2' title='bbox 1667 321 1946 383; x_wconf 72' lang='lat' dir='ltr'><strong>SMARAG</strong></span> <span class='ocrx_word' id='word_1_3' title='bbox 1955 324 2018 380; x_wconf 84' lang='lat' dir='ltr'><strong>Di</strong></span> <span class='ocrx_word' id='word_1_4' title='bbox 2057 319 2348 379; x_wconf 76' lang='lat' dir='ltr'><strong>ABBATIS</strong></span> 
     </span>
    </p>
   </div>
   <div class='ocr_carea' id='block_1_3' title="bbox 3531 322 3638 380">
    <p class='ocr_par' dir='ltr' id='par_1_3' title="bbox 3531 322 3638 380">
     <span class='ocr_line' id='line_1_3' title="bbox 3531 322 3638 380; baseline 0 -2"><span class='ocrx_word' id='word_1_5' title='bbox 3531 322 3638 380; x_wconf 64' lang='grc'><strong>584</strong></span> 
     </span>
    </p>
   </div>
   <div class='ocr_carea' id='block_1_4' title="bbox 376 435 3641 514">
    <p class='ocr_par' dir='ltr' id='par_1_4' title="bbox 376 435 3641 514">
     <span class='ocr_line' id='line_1_4' title="bbox 376 435 3641 514; baseline -0.004 -6"><span class='ocrx_word' id='word_1_6' title='bbox 376 453 536 509; x_wconf 82' lang='lat' dir='ltr'><strong>turin</strong></span> <span class='ocrx_word' id='word_1_7' title='bbox 565 450 790 509; x_wconf 85' lang='lat' dir='ltr'><strong>Cantico</strong></span> <span class='ocrx_word' id='word_1_8' title='bbox 812 451 1149 506; x_wconf 76' lang='lat' dir='ltr'><strong>canticorum</strong></span> <span class='ocrx_word' id='word_1_9' title='bbox 1175 461 1192 505; x_wconf 89' lang='lat'><strong>:</strong></span> <span class='ocrx_word' id='word_1_10' title='bbox 1245 445 1531 502; x_wconf 82' lang='lat' dir='ltr'><strong>Vulnerata</strong></span> <span class='ocrx_word' id='word_1_11' title='bbox 1557 446 1810 500; x_wconf 78' lang='lat' dir='ltr'><strong>charitate</strong></span> <span class='ocrx_word' id='word_1_12' title='bbox 1860 459 1952 514; x_wconf 90' lang='lat' dir='ltr'><strong>ego</strong></span> <span class='ocrx_word' id='word_1_13' title='bbox 1982 445 2032 504; x_wconf 79' lang='grc' dir='ltr'>Α</span> <span class='ocrx_word' id='word_1_14' title='bbox 2062 459 2082 491; x_wconf 72' lang='grc' dir='ltr'><strong><em>ι</em></strong></span> <span class='ocrx_word' id='word_1_15' title='bbox 2127 441 2270 510; x_wconf 91' lang='lat' dir='ltr'><strong>perit</strong></span> <span class='ocrx_word' id='word_1_16' title='bbox 2300 439 2488 493; x_wconf 77' lang='lat' dir='ltr'><strong>lilium.</strong></span> <span class='ocrx_word' id='word_1_17' title='bbox 2521 436 2589 492; x_wconf 88' lang='lat' dir='ltr'><strong>Et</strong></span> <span class='ocrx_word' id='word_1_18' title='bbox 2613 435 2906 492; x_wconf 77' lang='lat' dir='ltr'><strong>audierunt</strong></span> <span class='ocrx_word' id='word_1_19' title='bbox 2938 437 3100 492; x_wconf 79' lang='lat' dir='ltr'><strong>vicini</strong></span> <span class='ocrx_word' id='word_1_20' title='bbox 3139 447 3205 494; x_wconf 82' lang='lat' dir='ltr'><strong>et</strong></span> <span class='ocrx_word' id='word_1_21' title='bbox 3233 437 3453 509; x_wconf 83' lang='lat' dir='ltr'><strong>cogati</strong></span> <span class='ocrx_word' id='word_1_22' title='bbox 3493 440 3641 511; x_wconf 86' lang='lat' dir='ltr'><strong>ejus,</strong></span> 
     </span>
    </p>
   </div>
   <div class='ocr_carea' id='block_1_5' title="bbox 370 542 837 615">
    <p class='ocr_par' dir='ltr' id='par_1_5' title="bbox 370 542 837 615">
     <span class='ocr_line' id='line_1_5' title="bbox 370 542 837 615; baseline -0.006 -16"><span class='ocrx_word' id='word_1_23' title='bbox 370 563 488 600; x_wconf 83' lang='lat' dir='ltr'><strong>sum</strong></span> <span class='ocrx_word' id='word_1_24' title='bbox 523 543 702 615; x_wconf 88' lang='lat' dir='ltr'><strong>(Cant.</strong></span> <span class='ocrx_word' id='word_1_25' title='bbox 740 542 837 615; x_wconf 87' lang='lat' dir='ltr'><strong>tv).</strong></span> 
     </span>
    </p>
   </div>
   <div class='ocr_carea' id='block_1_6' title="bbox 443 626 1947 704">
    <p class='ocr_par' dir='ltr' id='par_1_6' title="bbox 443 626 1947 704">
     <span class='ocr_line' id='line_1_6' title="bbox 443 626 1947 704; baseline -0.007 -13"><span class='ocrx_word' id='word_1_26' title='bbox 443 638 636 692; x_wconf 70' lang='lat' dir='ltr'><strong>Seruus</strong></span> <span class='ocrx_word' id='word_1_27' title='bbox 668 651 809 688; x_wconf 86' lang='lat' dir='ltr'><strong>meus</strong></span> <span class='ocrx_word' id='word_1_28' title='bbox 837 650 890 688; x_wconf 88' lang='lat' dir='ltr'><strong>es</strong></span> <span class='ocrx_word' id='word_1_29' title='bbox 917 643 995 699; x_wconf 88' lang='lat' dir='ltr'><strong>tu,</strong></span> <span class='ocrx_word' id='word_1_30' title='bbox 1024 633 1150 704; x_wconf 90' lang='lat' dir='ltr'><strong>quia</strong></span> <span class='ocrx_word' id='word_1_31' title='bbox 1172 633 1230 688; x_wconf 89' lang='lat' dir='ltr'><strong>in</strong></span> <span class='ocrx_word' id='word_1_32' title='bbox 1257 641 1306 686; x_wconf 88' lang='lat' dir='ltr'><strong>te</strong></span> <span class='ocrx_word' id='word_1_33' title='bbox 1334 629 1690 702; x_wconf 78' lang='lat' dir='ltr'><strong>glorificabor.</strong></span> <span class='ocrx_word' id='word_1_34' title='bbox 1721 626 1947 689; x_wconf 81' lang='lat' dir='ltr'><strong>Servus,</strong></span> 
     </span>
    </p>
   </div>
   <div class='ocr_carea' id='block_1_7' title="bbox 369 719 1952 800">
    <p class='ocr_par' dir='ltr' id='par_1_7' title="bbox 369 719 1952 800">
     <span class='ocr_line' id='line_1_7' title="bbox 369 719 1952 800; baseline -0.006 -17"><span class='ocrx_word' id='word_1_35' title='bbox 369 729 495 800; x_wconf 89' lang='lat' dir='ltr'><strong>quia</strong></span> <span class='ocrx_word' id='word_1_36' title='bbox 539 742 662 783; x_wconf 88' lang='lat' dir='ltr'><strong>cum</strong></span> <span class='ocrx_word' id='word_1_37' title='bbox 695 727 746 780; x_wconf 92' lang='lat' dir='ltr'><strong>in</strong></span> <span class='ocrx_word' id='word_1_38' title='bbox 778 724 951 779; x_wconf 82' lang='lat' dir='ltr'><strong>forma</strong></span> <span class='ocrx_word' id='word_1_39' title='bbox 999 724 1098 779; x_wconf 97' lang='lat' dir='ltr'><strong>Dei</strong></span> <span class='ocrx_word' id='word_1_40' title='bbox 1123 731 1289 788; x_wconf 83' lang='lat' dir='ltr'><strong>esset,</strong></span> <span class='ocrx_word' id='word_1_41' title='bbox 1323 721 1552 778; x_wconf 82' lang='lat' dir='ltr'><strong>formam</strong></span> <span class='ocrx_word' id='word_1_42' title='bbox 1587 720 1731 776; x_wconf 73' lang='lat' dir='ltr'><strong>servi</strong></span> <span class='ocrx_word' id='word_1_43' title='bbox 1759 727 1843 774; x_wconf 80' lang='lat' dir='ltr'><strong>est</strong></span> <span class='ocrx_word' id='word_1_44' title='bbox 1871 719 1952 774; x_wconf 89' lang='lat' dir='ltr'><strong>di-</strong></span> 
     </span>
    </p>
   </div>
   <div class='ocr_carea' id='block_1_8' title="bbox 369 813 1949 889">
    <p class='ocr_par' dir='ltr' id='par_1_8' title="bbox 369 813 1949 889">
     <span class='ocr_line' id='line_1_8' title="bbox 369 813 1949 889; baseline -0.004 -16"><span class='ocrx_word' id='word_1_45' title='bbox 369 831 565 889; x_wconf 89' lang='lat' dir='ltr'><strong>gnatus</strong></span> <span class='ocrx_word' id='word_1_46' title='bbox 597 834 872 873; x_wconf 79' lang='lat' dir='ltr'><strong>assumere</strong></span> <span class='ocrx_word' id='word_1_47' title='bbox 899 817 1120 888; x_wconf 78' lang='lat' dir='ltr'><strong>(Philip.</strong></span> <span class='ocrx_word' id='word_1_48' title='bbox 1145 820 1230 888; x_wconf 85' lang='grc' dir='ltr'><strong>ιι).</strong></span> <span class='ocrx_word' id='word_1_49' title='bbox 1263 817 1511 873; x_wconf 90' lang='lat' dir='ltr'><strong>Ostendit</strong></span> <span class='ocrx_word' id='word_1_50' title='bbox 1539 831 1663 870; x_wconf 87' lang='lat' dir='ltr'><strong>eum</strong></span> <span class='ocrx_word' id='word_1_51' title='bbox 1693 813 1949 884; x_wconf 87' lang='lat' dir='ltr'><strong>appellari</strong></span> 
     </span>
    </p>
   </div>
   <div class='ocr_carea' id='block_1_9' title="bbox 370 901 1975 976">
    <p class='ocr_par' dir='ltr' id='par_1_9' title="bbox 370 901 1975 976">
     <span class='ocr_line' id='line_1_9' title="bbox 370 901 1975 976; baseline -0.006 -13"><span class='ocrx_word' id='word_1_52' title='bbox 370 924 608 972; x_wconf 88' lang='lat' dir='ltr'><strong>servum,</strong></span> <span class='ocrx_word' id='word_1_53' title='bbox 635 908 727 976; x_wconf 91' lang='lat' dir='ltr'><strong>qui</strong></span> <span class='ocrx_word' id='word_1_54' title='bbox 761 908 833 961; x_wconf 89' lang='lat' dir='ltr'><strong>sit</strong></span> <span class='ocrx_word' id='word_1_55' title='bbox 851 907 1128 961; x_wconf 71' lang='lat' dir='ltr'><strong>formatus</strong></span> <span class='ocrx_word' id='word_1_56' title='bbox 1148 922 1216 962; x_wconf 84' lang='lat' dir='ltr'><strong>ex</strong></span> <span class='ocrx_word' id='word_1_57' title='bbox 1244 915 1422 969; x_wconf 84' lang='lat' dir='ltr'><strong>utero,</strong></span> <span class='ocrx_word' id='word_1_58' title='bbox 1447 905 1538 973; x_wconf 87' lang='lat' dir='ltr'><strong>qui</strong></span> <span class='ocrx_word' id='word_1_59' title='bbox 1565 912 1620 958; x_wconf 92' lang='lat' dir='ltr'><strong>et</strong></span> <span class='ocrx_word' id='word_1_60' title='bbox 1651 904 1704 957; x_wconf 90' lang='lat' dir='ltr'><strong>in</strong></span> <span class='ocrx_word' id='word_1_61' title='bbox 1734 901 1975 956; x_wconf 81' lang='lat' dir='ltr'><strong>Pssimo-</strong></span> 
     </span>
    </p>
   </div>
   <div class='ocr_carea' id='block_1_10' title="bbox 373 989 1954 1060">
    <p class='ocr_par' dir='ltr' id='par_1_10' title="bbox 373 989 1954 1060">
     <span class='ocr_line' id='line_1_10' title="bbox 373 989 1954 1060; baseline -0.006 -6"><span class='ocrx_word' id='word_1_62' title='bbox 373 1001 506 1055; x_wconf 87' lang='lat' dir='ltr'><strong>dicit</strong></span> <span class='ocrx_word' id='word_1_63' title='bbox 529 1014 542 1052; x_wconf 89' lang='lat'><strong>:</strong></span> <span class='ocrx_word' id='word_1_64' title='bbox 580 998 657 1052; x_wconf 87' lang='lat' dir='ltr'><strong>De</strong></span> <span class='ocrx_word' id='word_1_65' title='bbox 684 1008 858 1052; x_wconf 77' lang='lat' dir='ltr'><strong>ventre</strong></span> <span class='ocrx_word' id='word_1_66' title='bbox 883 999 1067 1051; x_wconf 88' lang='lat' dir='ltr'><strong>matris</strong></span> <span class='ocrx_word' id='word_1_67' title='bbox 1096 1012 1244 1060; x_wconf 72' lang='lat' dir='ltr'><strong>mete,</strong></span> <span class='ocrx_word' id='word_1_68' title='bbox 1271 995 1410 1050; x_wconf 84' lang='lat' dir='ltr'><strong>Deus</strong></span> <span class='ocrx_word' id='word_1_69' title='bbox 1432 1011 1576 1048; x_wconf 86' lang='lat' dir='ltr'><strong>meus</strong></span> <span class='ocrx_word' id='word_1_70' title='bbox 1603 1010 1656 1047; x_wconf 90' lang='lat' dir='ltr'><strong>es</strong></span> <span class='ocrx_word' id='word_1_71' title='bbox 1677 1002 1754 1046; x_wconf 89' lang='lat' dir='ltr'><strong>tu.</strong></span> <span class='ocrx_word' id='word_1_72' title='bbox 1783 991 1854 1046; x_wconf 82' lang='lat' dir='ltr'><strong>Et</strong></span> <span class='ocrx_word' id='word_1_73' title='bbox 1878 989 1954 1045; x_wconf 84' lang='lat' dir='ltr'><strong>ls-</strong></span> 
     </span>
    </p>
   </div>
   <div class='ocr_carea' id='block_1_11' title="bbox 372 1081 1952 1156">
    <p class='ocr_par' dir='ltr' id='par_1_11' title="bbox 372 1081 1952 1156">
     <span class='ocr_line' id='line_1_11' title="bbox 372 1081 1952 1156; baseline -0.006 -12"><span class='ocrx_word' id='word_1_74' title='bbox 372 1089 505 1154; x_wconf 89' lang='lat' dir='ltr'><strong>rael,</strong></span> <span class='ocrx_word' id='word_1_75' title='bbox 532 1089 657 1156; x_wconf 86' lang='lat' dir='ltr'><strong>quia</strong></span> <span class='ocrx_word' id='word_1_76' title='bbox 687 1096 844 1142; x_wconf 86' lang='lat' dir='ltr'><strong>natus</strong></span> <span class='ocrx_word' id='word_1_77' title='bbox 873 1087 940 1141; x_wconf 89' lang='lat' dir='ltr'><strong>de</strong></span> <span class='ocrx_word' id='word_1_78' title='bbox 973 1087 1179 1141; x_wconf 87' lang='lat' dir='ltr'><strong>semine</strong></span> <span class='ocrx_word' id='word_1_79' title='bbox 1223 1085 1527 1140; x_wconf 63' lang='lat' dir='ltr'><strong>Juduzorum</strong></span> <span class='ocrx_word' id='word_1_80' title='bbox 1546 1125 1560 1150; x_wconf 90' lang='lat'><strong>,</strong></span> <span class='ocrx_word' id='word_1_81' title='bbox 1606 1082 1857 1152; x_wconf 87' lang='lat' dir='ltr'><strong>quodque</strong></span> <span class='ocrx_word' id='word_1_82' title='bbox 1885 1081 1952 1135; x_wconf 90' lang='lat' dir='ltr'><strong>de</strong></span> 
     </span>
    </p>
   </div>
   <div class='ocr_carea' id='block_1_12' title="bbox 371 1173 1953 1249">
    <p class='ocr_par' dir='ltr' id='par_1_12' title="bbox 371 1173 1953 1249">
     <span class='ocr_line' id='line_1_12' title="bbox 371 1173 1953 1249; baseline -0.005 -15"><span class='ocrx_word' id='word_1_83' title='bbox 371 1181 520 1236; x_wconf 89' lang='lat' dir='ltr'><strong>nullo</strong></span> <span class='ocrx_word' id='word_1_84' title='bbox 551 1180 657 1234; x_wconf 91' lang='lat' dir='ltr'><strong>alio</strong></span> <span class='ocrx_word' id='word_1_85' title='bbox 685 1194 962 1234; x_wconf 83' lang='lat' dir='ltr'><strong>servorum</strong></span> <span class='ocrx_word' id='word_1_86' title='bbox 996 1179 1222 1249; x_wconf 82' lang='lat' dir='ltr'><strong>intelligi</strong></span> <span class='ocrx_word' id='word_1_87' title='bbox 1255 1185 1464 1248; x_wconf 88' lang='lat' dir='ltr'><strong>potest,</strong></span> <span class='ocrx_word' id='word_1_88' title='bbox 1491 1176 1740 1246; x_wconf 78' lang='lat' dir='ltr'><strong>jungitur</strong></span> <span class='ocrx_word' id='word_1_89' title='bbox 1767 1195 1780 1228; x_wconf 90' lang='lat'><strong>:</strong></span> <span class='ocrx_word' id='word_1_90' title='bbox 1813 1173 1953 1239; x_wconf 83' lang='lat' dir='ltr'><strong>Quia</strong></span> 
     </span>
    </p>
   </div>
   <div class='ocr_carea' id='block_1_13' title="bbox 367 1263 1951 1340">
    <p class='ocr_par' dir='ltr' id='par_1_13' title="bbox 367 1263 1951 1340">
     <span class='ocr_line' id='line_1_13' title="bbox 367 1263 1951 1340; baseline -0.005 -17"><span class='ocrx_word' id='word_1_91' title='bbox 367 1270 424 1324; x_wconf 85' lang='lat' dir='ltr'><strong>in</strong></span> <span class='ocrx_word' id='word_1_92' title='bbox 452 1279 502 1324; x_wconf 85' lang='lat' dir='ltr'><strong>te</strong></span> <span class='ocrx_word' id='word_1_93' title='bbox 530 1269 884 1340; x_wconf 80' lang='lat' dir='ltr'><strong>glorificabor.</strong></span> <span class='ocrx_word' id='word_1_94' title='bbox 927 1269 1069 1323; x_wconf 89' lang='lat' dir='ltr'><strong>Dicit</strong></span> <span class='ocrx_word' id='word_1_95' title='bbox 1097 1269 1244 1322; x_wconf 86' lang='lat' dir='ltr'><strong>enim</strong></span> <span class='ocrx_word' id='word_1_96' title='bbox 1272 1277 1327 1320; x_wconf 91' lang='lat' dir='ltr'><strong>et</strong></span> <span class='ocrx_word' id='word_1_97' title='bbox 1367 1268 1480 1336; x_wconf 82' lang='lat' dir='ltr'><strong>ipse</strong></span> <span class='ocrx_word' id='word_1_98' title='bbox 1526 1267 1581 1319; x_wconf 89' lang='lat' dir='ltr'><strong>in</strong></span> <span class='ocrx_word' id='word_1_99' title='bbox 1614 1263 1951 1333; x_wconf 84' lang='lat' dir='ltr'><strong>Evangelio:</strong></span> 
     </span>
    </p>
   </div>
   <div class='ocr_carea' id='block_1_14' title="bbox 375 1353 1952 1429">
    <p class='ocr_par' dir='ltr' id='par_1_14' title="bbox 375 1353 1952 1429">
     <span class='ocr_line' id='line_1_14' title="bbox 375 1353 1952 1429; baseline -0.003 -17"><span class='ocrx_word' id='word_1_100' title='bbox 375 1357 536 1413; x_wconf 79' lang='lat' dir='ltr'><strong>Pater</strong></span> <span class='ocrx_word' id='word_1_101' title='bbox 583 1359 873 1429; x_wconf 78' lang='lat' dir='ltr'><strong>gloriﬁcavi</strong></span> <span class='ocrx_word' id='word_1_102' title='bbox 920 1375 1106 1412; x_wconf 85' lang='lat' dir='ltr'><strong>nomen</strong></span> <span class='ocrx_word' id='word_1_103' title='bbox 1153 1367 1300 1412; x_wconf 84' lang='lat' dir='ltr'><strong>tuum</strong></span> <span class='ocrx_word' id='word_1_104' title='bbox 1352 1357 1542 1428; x_wconf 83' lang='lat' dir='ltr'><strong>(Joan.</strong></span> <span class='ocrx_word' id='word_1_105' title='bbox 1570 1355 1719 1427; x_wconf 86' lang='lat' dir='ltr'><strong>xu),</strong></span> <span class='ocrx_word' id='word_1_106' title='bbox 1751 1355 1843 1423; x_wconf 87' lang='lat' dir='ltr'><strong>qui</strong></span> <span class='ocrx_word' id='word_1_107' title='bbox 1897 1353 1952 1408; x_wconf 89' lang='lat' dir='ltr'><strong>in</strong></span> 
     </span>
    </p>
   </div>
   <div class='ocr_carea' id='block_1_15' title="bbox 367 1443 1955 1518">
    <p class='ocr_par' dir='ltr' id='par_1_15' title="bbox 367 1443 1955 1518">
     <span class='ocr_line' id='line_1_15' title="bbox 367 1443 1955 1518; baseline -0.004 -14"><span class='ocrx_word' id='word_1_108' title='bbox 367 1449 582 1504; x_wconf 87' lang='lat' dir='ltr'><strong>Psalmo</strong></span> <span class='ocrx_word' id='word_1_109' title='bbox 617 1449 888 1518; x_wconf 88' lang='lat' dir='ltr'><strong>loquitur:</strong></span> <span class='ocrx_word' id='word_1_110' title='bbox 924 1447 1163 1517; x_wconf 77' lang='lat' dir='ltr'><strong>Exsurge</strong></span> <span class='ocrx_word' id='word_1_111' title='bbox 1197 1447 1367 1517; x_wconf 81' lang='lat' dir='ltr'><strong>gloria</strong></span> <span class='ocrx_word' id='word_1_112' title='bbox 1389 1463 1529 1511; x_wconf 86' lang='lat' dir='ltr'><strong>mea,</strong></span> <span class='ocrx_word' id='word_1_113' title='bbox 1557 1462 1779 1515; x_wconf 72' lang='lat' dir='ltr'><strong>exsurge</strong></span> <span class='ocrx_word' id='word_1_114' title='bbox 1810 1443 1955 1515; x_wconf 88' lang='lat' dir='ltr'><strong>psal-</strong></span> 
     </span>
    </p>
   </div>
   <div class='ocr_carea' id='block_1_16' title="bbox 369 1535 1956 1608">
    <p class='ocr_par' dir='ltr' id='par_1_16' title="bbox 369 1535 1956 1608">
     <span class='ocr_line' id='line_1_16' title="bbox 369 1535 1956 1608; baseline -0.001 -16"><span class='ocrx_word' id='word_1_115' title='bbox 369 1542 561 1593; x_wconf 85' lang='lat' dir='ltr'><strong>terium</strong></span> <span class='ocrx_word' id='word_1_116' title='bbox 604 1547 652 1593; x_wconf 93' lang='lat' dir='ltr'><strong>et</strong></span> <span class='ocrx_word' id='word_1_117' title='bbox 683 1539 900 1608; x_wconf 84' lang='lat' dir='ltr'><strong>cythara</strong></span> <span class='ocrx_word' id='word_1_118' title='bbox 937 1535 1163 1608; x_wconf 87' lang='lat' dir='ltr'><strong>(Psalm.</strong></span> <span class='ocrx_word' id='word_1_119' title='bbox 1195 1538 1328 1608; x_wconf 77' lang='grc' dir='ltr'><strong>ινι),</strong></span> <span class='ocrx_word' id='word_1_120' title='bbox 1366 1537 1420 1590; x_wconf 91' lang='lat' dir='ltr'><strong>id</strong></span> <span class='ocrx_word' id='word_1_121' title='bbox 1451 1545 1536 1591; x_wconf 88' lang='lat' dir='ltr'><strong>est</strong></span> <span class='ocrx_word' id='word_1_122' title='bbox 1575 1537 1816 1591; x_wconf 89' lang='lat' dir='ltr'><strong>omnium</strong></span> <span class='ocrx_word' id='word_1_123' title='bbox 1847 1536 1956 1590; x_wconf 89' lang='lat' dir='ltr'><strong>vir-</strong></span> 
     </span>
    </p>
   </div>
   <div class='ocr_carea' id='block_1_17' title="bbox 369 1630 796 1683">
    <p class='ocr_par' dir='ltr' id='par_1_17' title="bbox 369 1630 796 1683">
     <span class='ocr_line' id='line_1_17' title="bbox 369 1630 796 1683; baseline 0 -2"><span class='ocrx_word' id='word_1_124' title='bbox 369 1638 547 1682; x_wconf 88' lang='lat' dir='ltr'><strong>tutum</strong></span> <span class='ocrx_word' id='word_1_125' title='bbox 575 1630 796 1683; x_wconf 87' lang='lat' dir='ltr'><strong>chorus.</strong></span> 
     </span>
    </p>
   </div>
   <div class='ocr_carea' id='block_1_18' title="bbox 447 1716 1957 1788">
    <p class='ocr_par' dir='ltr' id='par_1_18' title="bbox 447 1716 1957 1788">
     <span class='ocr_line' id='line_1_18' title="bbox 447 1716 1957 1788; baseline 0 -18"><span class='ocrx_word' id='word_1_126' title='bbox 447 1717 582 1770; x_wconf 86' lang='lat' dir='ltr'><strong>Dedi</strong></span> <span class='ocrx_word' id='word_1_127' title='bbox 612 1727 661 1770; x_wconf 84' lang='lat' dir='ltr'><strong>te</strong></span> <span class='ocrx_word' id='word_1_128' title='bbox 689 1719 743 1771; x_wconf 86' lang='lat' dir='ltr'><strong>in</strong></span> <span class='ocrx_word' id='word_1_129' title='bbox 773 1717 938 1770; x_wconf 83' lang='lat' dir='ltr'><strong>lucem</strong></span> <span class='ocrx_word' id='word_1_130' title='bbox 982 1719 1236 1787; x_wconf 85' lang='lat' dir='ltr'><strong>gentium,</strong></span> <span class='ocrx_word' id='word_1_131' title='bbox 1263 1727 1317 1770; x_wconf 85' lang='lat' dir='ltr'><strong>ut</strong></span> <span class='ocrx_word' id='word_1_132' title='bbox 1347 1717 1419 1771; x_wconf 85' lang='lat' dir='ltr'><strong>sis</strong></span> <span class='ocrx_word' id='word_1_133' title='bbox 1457 1716 1601 1772; x_wconf 81' lang='lat' dir='ltr'><strong>salus</strong></span> <span class='ocrx_word' id='word_1_134' title='bbox 1629 1733 1767 1782; x_wconf 88' lang='lat' dir='ltr'><strong>mea,</strong></span> <span class='ocrx_word' id='word_1_135' title='bbox 1795 1732 1957 1788; x_wconf 86' lang='lat' dir='ltr'><strong>usque</strong></span> 
     </span>
    </p>
   </div>
   <div class='ocr_carea' id='block_1_19' title="bbox 1965 527 3634 599">
    <p class='ocr_par' dir='ltr' id='par_1_19' title="bbox 1965 527 3634 599">
     <span class='ocr_line' id='line_1_19' title="bbox 1965 527 3634 599; baseline 0.002 -17"><span class='ocrx_word' id='word_1_136' title='bbox 1965 551 1973 554; x_wconf 55' lang='grc' dir='ltr'>υ</span> <span class='ocrx_word' id='word_1_137' title='bbox 2057 549 2076 582; x_wconf 72' lang='grc' dir='ltr'><strong><em>ι</em></strong></span> <span class='ocrx_word' id='word_1_138' title='bbox 2120 531 2245 599; x_wconf 86' lang='lat' dir='ltr'><strong>quia</strong></span> <span class='ocrx_word' id='word_1_139' title='bbox 2290 527 2660 599; x_wconf 74' lang='lat' dir='ltr'><strong>magniﬁcavit</strong></span> <span class='ocrx_word' id='word_1_140' title='bbox 2697 527 2948 582; x_wconf 86' lang='lat' dir='ltr'><strong>dominus</strong></span> <span class='ocrx_word' id='word_1_141' title='bbox 2997 527 3442 583; x_wconf 83' lang='lat' dir='ltr'><strong>misericordiam</strong></span> <span class='ocrx_word' id='word_1_142' title='bbox 3478 545 3634 586; x_wconf 85' lang='lat' dir='ltr'><strong>suam</strong></span> 
     </span>
    </p>
   </div>
   <div class='ocr_carea' id='block_1_20' title="bbox 2057 617 3647 687">
    <p class='ocr_par' dir='ltr' id='par_1_20' title="bbox 2057 617 3647 687">
     <span class='ocr_line' id='line_1_20' title="bbox 2057 617 3647 687; baseline 0.003 -15"><span class='ocrx_word' id='word_1_143' title='bbox 2057 639 2076 672; x_wconf 80' lang='grc' dir='ltr'>ι</span> <span class='ocrx_word' id='word_1_144' title='bbox 2117 635 2243 674; x_wconf 90' lang='lat' dir='ltr'><strong>cum</strong></span> <span class='ocrx_word' id='word_1_145' title='bbox 2272 619 2384 684; x_wconf 89' lang='lat' dir='ltr'><strong>illa,</strong></span> <span class='ocrx_word' id='word_1_146' title='bbox 2414 626 2471 674; x_wconf 91' lang='lat' dir='ltr'><strong>et</strong></span> <span class='ocrx_word' id='word_1_147' title='bbox 2496 617 3016 687; x_wconf 85' lang='lat' dir='ltr'><strong>congratulabantur</strong></span> <span class='ocrx_word' id='word_1_148' title='bbox 3043 618 3114 672; x_wconf 90' lang='lat' dir='ltr'><strong>ei.</strong></span> <span class='ocrx_word' id='word_1_149' title='bbox 3146 618 3216 672; x_wconf 87' lang='lat' dir='ltr'><strong>Et</strong></span> <span class='ocrx_word' id='word_1_150' title='bbox 3239 618 3443 674; x_wconf 88' lang='lat' dir='ltr'><strong>factum</strong></span> <span class='ocrx_word' id='word_1_151' title='bbox 3467 629 3555 676; x_wconf 89' lang='lat' dir='ltr'><strong>est</strong></span> <span class='ocrx_word' id='word_1_152' title='bbox 3585 622 3647 677; x_wconf 77' lang='lat' dir='ltr'><strong>in</strong></span> 
     </span>
    </p>
   </div>
   <div class='ocr_carea' id='block_1_21' title="bbox 2058 708 3642 779">
    <p class='ocr_par' dir='ltr' id='par_1_21' title="bbox 2058 708 3642 779">
     <span class='ocr_line' id='line_1_21' title="bbox 2058 708 3642 779; baseline 0.002 -16"><span class='ocrx_word' id='word_1_153' title='bbox 2058 729 2077 763; x_wconf 73' lang='grc' dir='ltr'>ι</span> <span class='ocrx_word' id='word_1_154' title='bbox 2121 711 2209 766; x_wconf 89' lang='lat' dir='ltr'><strong>die</strong></span> <span class='ocrx_word' id='word_1_155' title='bbox 2257 719 2469 766; x_wconf 86' lang='lat' dir='ltr'><strong>octavo.</strong></span> <span class='ocrx_word' id='word_1_156' title='bbox 2518 710 2793 764; x_wconf 86' lang='lat' dir='ltr'><strong>Venerunt</strong></span> <span class='ocrx_word' id='word_1_157' title='bbox 2828 708 3223 763; x_wconf 85' lang='lat' dir='ltr'><strong>circumcidere</strong></span> <span class='ocrx_word' id='word_1_158' title='bbox 3275 724 3504 779; x_wconf 85' lang='lat' dir='ltr'><strong>puerum</strong></span> <span class='ocrx_word' id='word_1_159' title='bbox 3525 752 3541 775; x_wconf 91' lang='lat'><strong>,</strong></span> <span class='ocrx_word' id='word_1_160' title='bbox 3583 719 3642 766; x_wconf 90' lang='lat' dir='ltr'><strong>et</strong></span> 
     </span>
    </p>
   </div>
   <div class='ocr_carea' id='block_1_22' title="bbox 2058 797 3640 868">
    <p class='ocr_par' dir='ltr' id='par_1_22' title="bbox 2058 797 3640 868">
     <span class='ocr_line' id='line_1_22' title="bbox 2058 797 3640 868; baseline 0.003 -16"><span class='ocrx_word' id='word_1_161' title='bbox 2058 819 2077 852; x_wconf 75' lang='grc' dir='ltr'><strong>ε</strong></span> <span class='ocrx_word' id='word_1_162' title='bbox 2115 801 2383 855; x_wconf 84' lang='lat' dir='ltr'><strong>vocabant</strong></span> <span class='ocrx_word' id='word_1_163' title='bbox 2415 814 2548 855; x_wconf 82' lang='lat' dir='ltr'><strong>eum</strong></span> <span class='ocrx_word' id='word_1_164' title='bbox 2584 798 2803 852; x_wconf 82' lang='lat' dir='ltr'><strong>nomine</strong></span> <span class='ocrx_word' id='word_1_165' title='bbox 2841 797 3018 868; x_wconf 83' lang='lat' dir='ltr'><strong>patris</strong></span> <span class='ocrx_word' id='word_1_166' title='bbox 3045 798 3128 852; x_wconf 89' lang='lat' dir='ltr'><strong>sui</strong></span> <span class='ocrx_word' id='word_1_167' title='bbox 3177 798 3525 854; x_wconf 80' lang='lat' dir='ltr'><strong>Zachariam.</strong></span> <span class='ocrx_word' id='word_1_168' title='bbox 3565 800 3640 856; x_wconf 83' lang='lat' dir='ltr'><strong>Et</strong></span> 
     </span>
    </p>
   </div>
   <div class='ocr_carea' id='block_1_23' title="bbox 2057 886 3646 959">
    <p class='ocr_par' dir='ltr' id='par_1_23' title="bbox 2057 886 3646 959">
     <span class='ocr_line' id='line_1_23' title="bbox 2057 886 3646 959; baseline -0.004 -17"><span class='ocrx_word' id='word_1_169' title='bbox 2057 909 2076 942; x_wconf 84' lang='grc'><em>‹</em></span> <span class='ocrx_word' id='word_1_170' title='bbox 2118 891 2454 959; x_wconf 80' lang='lat' dir='ltr'><strong>respondens</strong></span> <span class='ocrx_word' id='word_1_171' title='bbox 2484 895 2660 943; x_wconf 82' lang='lat' dir='ltr'><strong>mater</strong></span> <span class='ocrx_word' id='word_1_172' title='bbox 2705 886 2826 957; x_wconf 87' lang='lat' dir='ltr'><strong>ejus</strong></span> <span class='ocrx_word' id='word_1_173' title='bbox 2850 895 2906 942; x_wconf 92' lang='lat' dir='ltr'><strong>et</strong></span> <span class='ocrx_word' id='word_1_174' title='bbox 2941 887 3099 953; x_wconf 90' lang='lat' dir='ltr'><strong>dixit,</strong></span> <span class='ocrx_word' id='word_1_175' title='bbox 3132 903 3500 958; x_wconf 82' lang='lat' dir='ltr'><strong>nequaquam,</strong></span> <span class='ocrx_word' id='word_1_176' title='bbox 3539 892 3646 946; x_wconf 80' lang='lat' dir='ltr'><strong>sed.</strong></span> 
     </span>
    </p>
   </div>
   <div class='ocr_carea' id='block_1_24' title="bbox 2059 979 3644 1050">
    <p class='ocr_par' dir='ltr' id='par_1_24' title="bbox 2059 979 3644 1050">
     <span class='ocr_line' id='line_1_24' title="bbox 2059 979 3644 1050; baseline 0.004 -18"><span class='ocrx_word' id='word_1_177' title='bbox 2059 999 2077 1032; x_wconf 74' lang='grc' dir='ltr'><strong><em>ι</em></strong></span> <span class='ocrx_word' id='word_1_178' title='bbox 2119 983 2399 1036; x_wconf 80' lang='lat' dir='ltr'><strong>vocabitur</strong></span> <span class='ocrx_word' id='word_1_179' title='bbox 2435 979 2690 1037; x_wconf 84' lang='lat' dir='ltr'><strong>Joannes.</strong></span> <span class='ocrx_word' id='word_1_180' title='bbox 2735 981 2803 1035; x_wconf 87' lang='lat' dir='ltr'><strong>Et</strong></span> <span class='ocrx_word' id='word_1_181' title='bbox 2851 981 3105 1035; x_wconf 81' lang='lat' dir='ltr'><strong>dixerunt</strong></span> <span class='ocrx_word' id='word_1_182' title='bbox 3143 982 3209 1035; x_wconf 88' lang='lat' dir='ltr'><strong>ad</strong></span> <span class='ocrx_word' id='word_1_183' title='bbox 3257 981 3404 1048; x_wconf 84' lang='lat' dir='ltr'><strong>illam</strong></span> <span class='ocrx_word' id='word_1_184' title='bbox 3443 1000 3457 1036; x_wconf 90' lang='lat'><strong>:</strong></span> <span class='ocrx_word' id='word_1_185' title='bbox 3501 984 3644 1050; x_wconf 83' lang='lat' dir='ltr'><strong>Quia</strong></span> 
     </span>
    </p>
   </div>
   <div class='ocr_carea' id='block_1_25' title="bbox 2058 1071 3644 1146">
    <p class='ocr_par' dir='ltr' id='par_1_25' title="bbox 2058 1071 3644 1146">
     <span class='ocr_line' id='line_1_25' title="bbox 2058 1071 3644 1146; baseline 0.006 -26"><span class='ocrx_word' id='word_1_186' title='bbox 2058 1088 2076 1120; x_wconf 73' lang='grc' dir='ltr'>ι</span> <span class='ocrx_word' id='word_1_187' title='bbox 2123 1085 2282 1125; x_wconf 91' lang='lat' dir='ltr'><strong>nemo</strong></span> <span class='ocrx_word' id='word_1_188' title='bbox 2325 1071 2495 1146; x_wconf 79' lang='lat' dir='ltr'><strong>estin</strong></span> <span class='ocrx_word' id='word_1_189' title='bbox 2536 1071 2860 1140; x_wconf 80' lang='lat' dir='ltr'><strong>cognatione</strong></span> <span class='ocrx_word' id='word_1_190' title='bbox 2889 1078 2981 1124; x_wconf 91' lang='lat' dir='ltr'><strong>tua</strong></span> <span class='ocrx_word' id='word_1_191' title='bbox 3011 1071 3105 1139; x_wconf 86' lang='lat' dir='ltr'><strong>qui</strong></span> <span class='ocrx_word' id='word_1_192' title='bbox 3134 1081 3363 1127; x_wconf 81' lang='lat' dir='ltr'><strong>vocetur</strong></span> <span class='ocrx_word' id='word_1_193' title='bbox 3409 1074 3513 1128; x_wconf 84' lang='lat' dir='ltr'><strong>hoc</strong></span> <span class='ocrx_word' id='word_1_194' title='bbox 3543 1090 3644 1129; x_wconf 92' lang='lat' dir='ltr'><strong>no-</strong></span> 
     </span>
    </p>
   </div>
   <div class='ocr_carea' id='block_1_26' title="bbox 2058 1161 3645 1231">
    <p class='ocr_par' dir='ltr' id='par_1_26' title="bbox 2058 1161 3645 1231">
     <span class='ocr_line' id='line_1_26' title="bbox 2058 1161 3645 1231; baseline 0.004 -20"><span class='ocrx_word' id='word_1_195' title='bbox 2058 1178 2076 1211; x_wconf 82' lang='lat' dir='ltr'><strong>t</strong></span> <span class='ocrx_word' id='word_1_196' title='bbox 2121 1161 2290 1216; x_wconf 90' lang='lat' dir='ltr'><strong>mine.</strong></span> <span class='ocrx_word' id='word_1_197' title='bbox 2337 1161 2636 1215; x_wconf 85' lang='lat' dir='ltr'><strong>lnnuebant</strong></span> <span class='ocrx_word' id='word_1_198' title='bbox 2673 1169 2859 1215; x_wconf 85' lang='lat' dir='ltr'><strong>autem</strong></span> <span class='ocrx_word' id='word_1_199' title='bbox 2907 1161 3051 1230; x_wconf 83' lang='lat' dir='ltr'><strong>patri</strong></span> <span class='ocrx_word' id='word_1_200' title='bbox 3093 1162 3240 1231; x_wconf 83' lang='lat' dir='ltr'><strong>ejus,</strong></span> <span class='ocrx_word' id='word_1_201' title='bbox 3269 1178 3432 1231; x_wconf 90' lang='lat' dir='ltr'><strong>quem</strong></span> <span class='ocrx_word' id='word_1_202' title='bbox 3478 1165 3645 1219; x_wconf 78' lang='lat' dir='ltr'><strong>vellet</strong></span> 
     </span>
    </p>
   </div>
   <div class='ocr_carea' id='block_1_27' title="bbox 2059 1249 3648 1323">
    <p class='ocr_par' dir='ltr' id='par_1_27' title="bbox 2059 1249 3648 1323">
     <span class='ocr_line' id='line_1_27' title="bbox 2059 1249 3648 1323; baseline 0.006 -23"><span class='ocrx_word' id='word_1_203' title='bbox 2059 1268 2076 1300; x_wconf 74' lang='grc' dir='ltr'>ι</span> <span class='ocrx_word' id='word_1_204' title='bbox 2123 1250 2308 1305; x_wconf 75' lang='lat' dir='ltr'><strong>vocari</strong></span> <span class='ocrx_word' id='word_1_205' title='bbox 2338 1265 2484 1304; x_wconf 85' lang='lat' dir='ltr'><strong>eum.</strong></span> <span class='ocrx_word' id='word_1_206' title='bbox 2519 1251 2587 1304; x_wconf 83' lang='lat' dir='ltr'><strong>Et</strong></span> <span class='ocrx_word' id='word_1_207' title='bbox 2622 1249 2904 1319; x_wconf 79' lang='lat' dir='ltr'><strong>postulans</strong></span> <span class='ocrx_word' id='word_1_208' title='bbox 2932 1250 3282 1320; x_wconf 75' lang='lat' dir='ltr'><strong>pugillarem,</strong></span> <span class='ocrx_word' id='word_1_209' title='bbox 3310 1253 3530 1323; x_wconf 84' lang='lat' dir='ltr'><strong>scripsit</strong></span> <span class='ocrx_word' id='word_1_210' title='bbox 3558 1255 3648 1310; x_wconf 88' lang='lat' dir='ltr'><strong>di-</strong></span> 
     </span>
    </p>
   </div>
   <div class='ocr_carea' id='block_1_28' title="bbox 2058 1339 3647 1409">
    <p class='ocr_par' dir='ltr' id='par_1_28' title="bbox 2058 1339 3647 1409">
     <span class='ocr_line' id='line_1_28' title="bbox 2058 1339 3647 1409; baseline 0.006 -17"><span class='ocrx_word' id='word_1_211' title='bbox 2058 1359 2077 1392; x_wconf 90' lang='grc'><strong><em>‹</em></strong></span> <span class='ocrx_word' id='word_1_212' title='bbox 2122 1356 2292 1396; x_wconf 89' lang='lat' dir='ltr'><strong>cens:</strong></span> <span class='ocrx_word' id='word_1_213' title='bbox 2329 1339 2567 1396; x_wconf 81' lang='lat' dir='ltr'><strong>Joannes</strong></span> <span class='ocrx_word' id='word_1_214' title='bbox 2611 1349 2696 1395; x_wconf 90' lang='lat' dir='ltr'><strong>est</strong></span> <span class='ocrx_word' id='word_1_215' title='bbox 2728 1340 2925 1396; x_wconf 85' lang='lat' dir='ltr'><strong>nomen</strong></span> <span class='ocrx_word' id='word_1_216' title='bbox 2952 1339 3090 1409; x_wconf 86' lang='lat' dir='ltr'><strong>ejus,</strong></span> <span class='ocrx_word' id='word_1_217' title='bbox 3135 1350 3192 1397; x_wconf 91' lang='lat' dir='ltr'><strong>et</strong></span> <span class='ocrx_word' id='word_1_218' title='bbox 3221 1343 3473 1398; x_wconf 80' lang='lat' dir='ltr'><strong>admirati</strong></span> <span class='ocrx_word' id='word_1_219' title='bbox 3513 1357 3647 1402; x_wconf 87' lang='lat' dir='ltr'><strong>sunt</strong></span> 
     </span>
    </p>
   </div>
   <div class='ocr_carea' id='block_1_29' title="bbox 2058 1429 3645 1502">
    <p class='ocr_par' dir='ltr' id='par_1_29' title="bbox 2058 1429 3645 1502">
     <span class='ocr_line' id='line_1_29' title="bbox 2058 1429 3645 1502; baseline 0.005 -20"><span class='ocrx_word' id='word_1_220' title='bbox 2058 1448 2077 1482; x_wconf 73' lang='grc' dir='ltr'>ς</span> <span class='ocrx_word' id='word_1_221' title='bbox 2123 1431 2384 1486; x_wconf 86' lang='lat' dir='ltr'><strong>universi.</strong></span> <span class='ocrx_word' id='word_1_222' title='bbox 2415 1429 2677 1500; x_wconf 83' lang='lat' dir='ltr'><strong>Apertum</strong></span> <span class='ocrx_word' id='word_1_223' title='bbox 2708 1440 2794 1486; x_wconf 89' lang='lat' dir='ltr'><strong>est</strong></span> <span class='ocrx_word' id='word_1_224' title='bbox 2822 1441 3002 1487; x_wconf 90' lang='lat' dir='ltr'><strong>autem</strong></span> <span class='ocrx_word' id='word_1_225' title='bbox 3035 1432 3178 1488; x_wconf 88' lang='lat' dir='ltr'><strong>illico</strong></span> <span class='ocrx_word' id='word_1_226' title='bbox 3216 1448 3279 1488; x_wconf 94' lang='lat' dir='ltr'><strong>os</strong></span> <span class='ocrx_word' id='word_1_227' title='bbox 3307 1433 3424 1502; x_wconf 87' lang='lat' dir='ltr'><strong>ejus</strong></span> <span class='ocrx_word' id='word_1_228' title='bbox 3449 1443 3504 1490; x_wconf 92' lang='lat' dir='ltr'><strong>et</strong></span> <span class='ocrx_word' id='word_1_229' title='bbox 3534 1437 3645 1490; x_wconf 85' lang='lat' dir='ltr'><strong>lin-</strong></span> 
     </span>
    </p>
   </div>
   <div class='ocr_carea' id='block_1_30' title="bbox 2060 1519 3646 1590">
    <p class='ocr_par' dir='ltr' id='par_1_30' title="bbox 2060 1519 3646 1590">
     <span class='ocr_line' id='line_1_30' title="bbox 2060 1519 3646 1590; baseline 0.007 -20"><span class='ocrx_word' id='word_1_230' title='bbox 2060 1537 2079 1570; x_wconf 73' lang='grc' dir='ltr'>ι</span> <span class='ocrx_word' id='word_1_231' title='bbox 2106 1535 2247 1590; x_wconf 80' lang='lat' dir='ltr'><strong>.gua,</strong></span> <span class='ocrx_word' id='word_1_232' title='bbox 2270 1529 2326 1575; x_wconf 89' lang='lat' dir='ltr'><strong>et</strong></span> <span class='ocrx_word' id='word_1_233' title='bbox 2350 1519 2670 1590; x_wconf 83' lang='lat' dir='ltr'><strong>loquebatur</strong></span> <span class='ocrx_word' id='word_1_234' title='bbox 2697 1520 3027 1576; x_wconf 83' lang='lat' dir='ltr'><strong>benedicens</strong></span> <span class='ocrx_word' id='word_1_235' title='bbox 3048 1521 3239 1576; x_wconf 89' lang='lat' dir='ltr'><strong>Deum.</strong></span> <span class='ocrx_word' id='word_1_236' title='bbox 3263 1523 3330 1578; x_wconf 91' lang='lat' dir='ltr'><strong>Et</strong></span> <span class='ocrx_word' id='word_1_237' title='bbox 3356 1522 3531 1580; x_wconf 84' lang='lat' dir='ltr'><strong>factus</strong></span> <span class='ocrx_word' id='word_1_238' title='bbox 3555 1535 3646 1581; x_wconf 83' lang='lat' dir='ltr'><strong>est</strong></span> 
     </span>
    </p>
   </div>
   <div class='ocr_carea' id='block_1_31' title="bbox 2059 1609 3646 1681">
    <p class='ocr_par' dir='ltr' id='par_1_31' title="bbox 2059 1609 3646 1681">
     <span class='ocr_line' id='line_1_31' title="bbox 2059 1609 3646 1681; baseline 0.007 -23"><span class='ocrx_word' id='word_1_239' title='bbox 2059 1625 2078 1658; x_wconf 71' lang='grc' dir='ltr'>ι</span> <span class='ocrx_word' id='word_1_240' title='bbox 2125 1609 2290 1664; x_wconf 86' lang='lat' dir='ltr'><strong>timor</strong></span> <span class='ocrx_word' id='word_1_241' title='bbox 2315 1624 2476 1678; x_wconf 88' lang='lat' dir='ltr'><strong>super</strong></span> <span class='ocrx_word' id='word_1_242' title='bbox 2500 1624 2694 1669; x_wconf 88' lang='lat' dir='ltr'><strong>omnes</strong></span> <span class='ocrx_word' id='word_1_243' title='bbox 2724 1610 2928 1666; x_wconf 86' lang='lat' dir='ltr'><strong>vicinos</strong></span> <span class='ocrx_word' id='word_1_244' title='bbox 2954 1627 3168 1676; x_wconf 87' lang='lat' dir='ltr'><strong>eorum,</strong></span> <span class='ocrx_word' id='word_1_245' title='bbox 3190 1620 3248 1666; x_wconf 92' lang='lat' dir='ltr'><strong>et</strong></span> <span class='ocrx_word' id='word_1_246' title='bbox 3272 1627 3435 1681; x_wconf 89' lang='lat' dir='ltr'><strong>super</strong></span> <span class='ocrx_word' id='word_1_247' title='bbox 3457 1615 3646 1670; x_wconf 86' lang='lat' dir='ltr'><strong>omnia</strong></span> 
     </span>
    </p>
   </div>
   <div class='ocr_carea' id='block_1_32' title="bbox 2061 1698 3644 1770">
    <p class='ocr_par' dir='ltr' id='par_1_32' title="bbox 2061 1698 3644 1770">
     <span class='ocr_line' id='line_1_32' title="bbox 2061 1698 3644 1770; baseline 0.005 -19"><span class='ocrx_word' id='word_1_248' title='bbox 2061 1717 2079 1751; x_wconf 88' lang='lat' dir='ltr'><strong>t</strong></span> <span class='ocrx_word' id='word_1_249' title='bbox 2123 1709 2380 1755; x_wconf 87' lang='lat' dir='ltr'><strong>montana</strong></span> <span class='ocrx_word' id='word_1_250' title='bbox 2422 1698 2620 1754; x_wconf 60' lang='lat' dir='ltr'><strong>Iudaeae</strong></span> <span class='ocrx_word' id='word_1_251' title='bbox 2646 1700 3060 1770; x_wconf 87' lang='lat' dir='ltr'><strong>divulgabantur</strong></span> <span class='ocrx_word' id='word_1_252' title='bbox 3085 1702 3270 1756; x_wconf 85' lang='lat' dir='ltr'><strong>omnia</strong></span> <span class='ocrx_word' id='word_1_253' title='bbox 3303 1702 3470 1758; x_wconf 87' lang='lat' dir='ltr'><strong>verba</strong></span> <span class='ocrx_word' id='word_1_254' title='bbox 3503 1705 3644 1761; x_wconf 63' lang='lat' dir='ltr'><strong>haec.</strong></span> 
     </span>
    </p>
   </div>
   <div class='ocr_carea' id='block_1_33' title="bbox 369 1791 3654 1883">
    <p class='ocr_par' dir='ltr' id='par_1_33' title="bbox 369 1791 3654 1883">
     <span class='ocr_line' id='line_1_33' title="bbox 369 1791 3654 1883; baseline -0.001 -23"><span class='ocrx_word' id='word_1_255' title='bbox 369 1807 440 1883; x_wconf 83' lang='lat' dir='ltr'><strong>ad</strong></span> <span class='ocrx_word' id='word_1_256' title='bbox 469 1818 758 1861; x_wconf 71' lang='lat' dir='ltr'><strong>extremum</strong></span> <span class='ocrx_word' id='word_1_257' title='bbox 791 1818 964 1861; x_wconf 82' lang='lat' dir='ltr'><strong>teme.</strong></span> <span class='ocrx_word' id='word_1_258' title='bbox 994 1809 1048 1862; x_wconf 86' lang='lat' dir='ltr'><strong>id</strong></span> <span class='ocrx_word' id='word_1_259' title='bbox 1091 1815 1206 1872; x_wconf 88' lang='lat' dir='ltr'><strong>est,</strong></span> <span class='ocrx_word' id='word_1_260' title='bbox 1241 1816 1302 1861; x_wconf 92' lang='lat' dir='ltr'><strong>ut</strong></span> <span class='ocrx_word' id='word_1_261' title='bbox 1343 1807 1613 1862; x_wconf 87' lang='lat' dir='ltr'><strong>illumines</strong></span> <span class='ocrx_word' id='word_1_262' title='bbox 1639 1809 1952 1862; x_wconf 87' lang='lat' dir='ltr'><strong>universum</strong></span> <span class='ocrx_word' id='word_1_263' title='bbox 1980 1791 2028 1848; x_wconf 84' lang='lat' dir='ltr'><strong>B</strong></span> <span class='ocrx_word' id='word_1_264' title='bbox 2063 1808 2081 1841; x_wconf 83' lang='lat'>‘</span> <span class='ocrx_word' id='word_1_265' title='bbox 2124 1791 2193 1844; x_wconf 73' lang='grc' dir='ltr'><strong>Ει</strong></span> <span class='ocrx_word' id='word_1_266' title='bbox 2213 1798 2510 1883; x_wconf 57' lang='grc' dir='ltr'><strong>Ροδυθζυηῑ</strong></span> <span class='ocrx_word' id='word_1_267' title='bbox 2529 1805 2720 1846; x_wconf 71' lang='lat' dir='ltr'><strong>omnes</strong></span> <span class='ocrx_word' id='word_1_268' title='bbox 2739 1792 2829 1858; x_wconf 69' lang='lat' dir='ltr'><strong>qui</strong></span> <span class='ocrx_word' id='word_1_269' title='bbox 2861 1791 3150 1846; x_wconf 52' lang='lat' dir='ltr'><strong>audierunt</strong></span> <span class='ocrx_word' id='word_1_270' title='bbox 3173 1792 3227 1845; x_wconf 71' lang='lat' dir='ltr'><strong>in</strong></span> <span class='ocrx_word' id='word_1_271' title='bbox 3257 1793 3420 1847; x_wconf 68' lang='lat' dir='ltr'><strong>corde</strong></span> <span class='ocrx_word' id='word_1_272' title='bbox 3443 1809 3543 1848; x_wconf 77' lang='grc' dir='ltr'><strong>5υο</strong></span> <span class='ocrx_word' id='word_1_273' title='bbox 3569 1795 3654 1849; x_wconf 73' lang='lat' dir='ltr'><strong>di-</strong></span> 
     </span>
    </p>
   </div>
   <div class='ocr_carea' id='block_1_34' title="bbox 369 1896 1953 1965">
    <p class='ocr_par' dir='ltr' id='par_1_34' title="bbox 369 1896 1953 1965">
     <span class='ocr_line' id='line_1_34' title="bbox 369 1896 1953 1965; baseline 0.001 -15"><span class='ocrx_word' id='word_1_274' title='bbox 369 1897 648 1960; x_wconf 90' lang='lat' dir='ltr'><strong>mundum,</strong></span> <span class='ocrx_word' id='word_1_275' title='bbox 677 1907 732 1950; x_wconf 87' lang='lat' dir='ltr'><strong>et</strong></span> <span class='ocrx_word' id='word_1_276' title='bbox 774 1896 1000 1952; x_wconf 86' lang='lat' dir='ltr'><strong>salutem</strong></span> <span class='ocrx_word' id='word_1_277' title='bbox 1034 1912 1232 1961; x_wconf 87' lang='lat' dir='ltr'><strong>meam,</strong></span> <span class='ocrx_word' id='word_1_278' title='bbox 1262 1911 1361 1965; x_wconf 89' lang='lat' dir='ltr'><strong>per</strong></span> <span class='ocrx_word' id='word_1_279' title='bbox 1403 1912 1565 1964; x_wconf 89' lang='lat' dir='ltr'><strong>quam</strong></span> <span class='ocrx_word' id='word_1_280' title='bbox 1593 1911 1786 1952; x_wconf 88' lang='lat' dir='ltr'><strong>omnes</strong></span> <span class='ocrx_word' id='word_1_281' title='bbox 1819 1897 1953 1951; x_wconf 89' lang='lat' dir='ltr'><strong>salvi</strong></span> 
     </span>
    </p>
   </div>
   <div class='ocr_carea' id='block_1_35' title="bbox 371 1987 1952 2058">
    <p class='ocr_par' dir='ltr' id='par_1_35' title="bbox 371 1987 1952 2058">
     <span class='ocr_line' id='line_1_35' title="bbox 371 1987 1952 2058; baseline 0.001 -16"><span class='ocrx_word' id='word_1_282' title='bbox 371 1989 503 2043; x_wconf 78' lang='lat' dir='ltr'><strong>ﬁant</strong></span> <span class='ocrx_word' id='word_1_283' title='bbox 544 2004 717 2058; x_wconf 88' lang='lat' dir='ltr'><strong>usque</strong></span> <span class='ocrx_word' id='word_1_284' title='bbox 756 1990 823 2042; x_wconf 88' lang='lat' dir='ltr'><strong>ad</strong></span> <span class='ocrx_word' id='word_1_285' title='bbox 872 2000 1174 2043; x_wconf 82' lang='lat' dir='ltr'><strong>extremum</strong></span> <span class='ocrx_word' id='word_1_286' title='bbox 1227 1996 1389 2042; x_wconf 63' lang='lat' dir='ltr'><strong>terrae</strong></span> <span class='ocrx_word' id='word_1_287' title='bbox 1435 1987 1606 2042; x_wconf 80' lang='lat' dir='ltr'><strong>facias</strong></span> <span class='ocrx_word' id='word_1_288' title='bbox 1646 1989 1952 2058; x_wconf 88' lang='lat' dir='ltr'><strong>pervenire.</strong></span> 
     </span>
    </p>
   </div>
   <div class='ocr_carea' id='block_1_36' title="bbox 371 2067 1956 2149">
    <p class='ocr_par' dir='ltr' id='par_1_36' title="bbox 371 2067 1956 2149">
     <span class='ocr_line' id='line_1_36' title="bbox 371 2067 1956 2149; baseline 0 -15"><span class='ocrx_word' id='word_1_289' title='bbox 371 2067 496 2134; x_wconf 66' lang='lat' dir='ltr'><strong>Haec</strong></span> <span class='ocrx_word' id='word_1_290' title='bbox 519 2079 665 2134; x_wconf 92' lang='lat' dir='ltr'><strong>enim</strong></span> <span class='ocrx_word' id='word_1_291' title='bbox 696 2095 794 2148; x_wconf 91' lang='lat' dir='ltr'><strong>per</strong></span> <span class='ocrx_word' id='word_1_292' title='bbox 818 2079 1181 2148; x_wconf 86' lang='lat' dir='ltr'><strong>apostolorum</strong></span> <span class='ocrx_word' id='word_1_293' title='bbox 1208 2079 1650 2149; x_wconf 65' lang='lat' dir='ltr'><strong>praedicationem</strong></span> <span class='ocrx_word' id='word_1_294' title='bbox 1692 2079 1834 2133; x_wconf 89' lang='lat' dir='ltr'><strong>facta</strong></span> <span class='ocrx_word' id='word_1_295' title='bbox 1864 2095 1956 2134; x_wconf 92' lang='lat' dir='ltr'><strong>co-</strong></span> 
     </span>
    </p>
   </div>
   <div class='ocr_carea' id='block_1_37' title="bbox 371 2168 1955 2242">
    <p class='ocr_par' dir='ltr' id='par_1_37' title="bbox 371 2168 1955 2242">
     <span class='ocr_line' id='line_1_37' title="bbox 371 2168 1955 2242; baseline -0.001 -17"><span class='ocrx_word' id='word_1_296' title='bbox 371 2171 700 2242; x_wconf 87' lang='lat' dir='ltr'><strong>gnoscimus,</strong></span> <span class='ocrx_word' id='word_1_297' title='bbox 733 2171 800 2225; x_wconf 92' lang='lat' dir='ltr'><strong>de</strong></span> <span class='ocrx_word' id='word_1_298' title='bbox 824 2171 1020 2240; x_wconf 87' lang='lat' dir='ltr'><strong>quibus</strong></span> <span class='ocrx_word' id='word_1_299' title='bbox 1050 2169 1335 2224; x_wconf 88' lang='lat' dir='ltr'><strong>Psalmista</strong></span> <span class='ocrx_word' id='word_1_300' title='bbox 1385 2170 1705 2239; x_wconf 65' lang='lat' dir='ltr'><strong>praedicens,</strong></span> <span class='ocrx_word' id='word_1_301' title='bbox 1739 2170 1854 2223; x_wconf 91' lang='lat' dir='ltr'><strong>ait:</strong></span> <span class='ocrx_word' id='word_1_302' title='bbox 1888 2168 1955 2224; x_wconf 81' lang='lat' dir='ltr'><strong>In</strong></span> 
     </span>
    </p>
   </div>
   <div class='ocr_carea' id='block_1_38' title="bbox 371 2259 1954 2328">
    <p class='ocr_par' dir='ltr' id='par_1_38' title="bbox 371 2259 1954 2328">
     <span class='ocr_line' id='line_1_38' title="bbox 371 2259 1954 2328; baseline -0.001 -13"><span class='ocrx_word' id='word_1_303' title='bbox 371 2277 575 2316; x_wconf 87' lang='lat' dir='ltr'><strong>omnem</strong></span> <span class='ocrx_word' id='word_1_304' title='bbox 601 2270 795 2315; x_wconf 84' lang='lat' dir='ltr'><strong>terram</strong></span> <span class='ocrx_word' id='word_1_305' title='bbox 839 2261 994 2314; x_wconf 70' lang='lat' dir='ltr'><strong>exivit</strong></span> <span class='ocrx_word' id='word_1_306' title='bbox 1023 2275 1183 2313; x_wconf 84' lang='lat' dir='ltr'><strong>sonus</strong></span> <span class='ocrx_word' id='word_1_307' title='bbox 1223 2276 1426 2325; x_wconf 86' lang='lat' dir='ltr'><strong>eorum,</strong></span> <span class='ocrx_word' id='word_1_308' title='bbox 1454 2269 1502 2314; x_wconf 88' lang='lat' dir='ltr'><strong>et</strong></span> <span class='ocrx_word' id='word_1_309' title='bbox 1537 2260 1593 2313; x_wconf 88' lang='lat' dir='ltr'><strong>in</strong></span> <span class='ocrx_word' id='word_1_310' title='bbox 1638 2260 1770 2328; x_wconf 78' lang='lat' dir='ltr'><strong>ﬁnes</strong></span> <span class='ocrx_word' id='word_1_311' title='bbox 1814 2259 1954 2314; x_wconf 82' lang='lat' dir='ltr'><strong>orbis</strong></span> 
     </span>
    </p>
   </div>
   <div class='ocr_carea' id='block_1_39' title="bbox 370 2351 1312 2424">
    <p class='ocr_par' dir='ltr' id='par_1_39' title="bbox 370 2351 1312 2424">
     <span class='ocr_line' id='line_1_39' title="bbox 370 2351 1312 2424; baseline -0.006 -14"><span class='ocrx_word' id='word_1_312' title='bbox 370 2366 527 2410; x_wconf 65' lang='lat' dir='ltr'><strong>terris</strong></span> <span class='ocrx_word' id='word_1_313' title='bbox 555 2356 708 2410; x_wconf 80' lang='lat' dir='ltr'><strong>verba</strong></span> <span class='ocrx_word' id='word_1_314' title='bbox 730 2370 906 2407; x_wconf 85' lang='lat' dir='ltr'><strong>eorum</strong></span> <span class='ocrx_word' id='word_1_315' title='bbox 939 2351 1111 2424; x_wconf 86' lang='lat' dir='ltr'><strong>(Psal.</strong></span> <span class='ocrx_word' id='word_1_316' title='bbox 1143 2351 1312 2422; x_wconf 82' lang='lat' dir='ltr'><strong>xvm).</strong></span> 
     </span>
    </p>
   </div>
   <div class='ocr_carea' id='block_1_40' title="bbox 443 2442 1957 2514">
    <p class='ocr_par' dir='ltr' id='par_1_40' title="bbox 443 2442 1957 2514">
     <span class='ocr_line' id='line_1_40' title="bbox 443 2442 1957 2514; baseline -0.001 -16"><span class='ocrx_word' id='word_1_317' title='bbox 443 2445 606 2514; x_wconf 83' lang='lat' dir='ltr'><strong>Reges</strong></span> <span class='ocrx_word' id='word_1_318' title='bbox 637 2444 880 2498; x_wconf 78' lang='lat' dir='ltr'><strong>uidebunt</strong></span> <span class='ocrx_word' id='word_1_319' title='bbox 898 2483 912 2507; x_wconf 94' lang='lat'><strong>,</strong></span> <span class='ocrx_word' id='word_1_320' title='bbox 941 2453 990 2496; x_wconf 87' lang='lat' dir='ltr'><strong>et</strong></span> <span class='ocrx_word' id='word_1_321' title='bbox 1025 2451 1336 2512; x_wconf 75' lang='lat' dir='ltr'><strong>consurgent</strong></span> <span class='ocrx_word' id='word_1_322' title='bbox 1363 2443 1641 2514; x_wconf 75' lang='lat' dir='ltr'><strong>principes,</strong></span> <span class='ocrx_word' id='word_1_323' title='bbox 1671 2451 1719 2496; x_wconf 87' lang='lat' dir='ltr'><strong>et</strong></span> <span class='ocrx_word' id='word_1_324' title='bbox 1763 2442 1957 2497; x_wconf 87' lang='lat' dir='ltr'><strong>adora-</strong></span> 
     </span>
    </p>
   </div>
   <div class='ocr_carea' id='block_1_41' title="bbox 373 2531 1956 2605">
    <p class='ocr_par' dir='ltr' id='par_1_41' title="bbox 373 2531 1956 2605">
     <span class='ocr_line' id='line_1_41' title="bbox 373 2531 1956 2605; baseline -0.003 -14"><span class='ocrx_word' id='word_1_325' title='bbox 373 2538 500 2591; x_wconf 76' lang='lat' dir='ltr'><strong>bunt</strong></span> <span class='ocrx_word' id='word_1_326' title='bbox 525 2544 733 2605; x_wconf 85' lang='lat' dir='ltr'><strong>prapter</strong></span> <span class='ocrx_word' id='word_1_327' title='bbox 773 2532 1056 2587; x_wconf 83' lang='lat' dir='ltr'><strong>Dominum</strong></span> <span class='ocrx_word' id='word_1_328' title='bbox 1090 2532 1253 2586; x_wconf 87' lang='lat' dir='ltr'><strong>Deum</strong></span> <span class='ocrx_word' id='word_1_329' title='bbox 1305 2541 1474 2598; x_wconf 87' lang='lat' dir='ltr'><strong>tuum,</strong></span> <span class='ocrx_word' id='word_1_330' title='bbox 1511 2541 1560 2585; x_wconf 89' lang='lat' dir='ltr'><strong>et</strong></span> <span class='ocrx_word' id='word_1_331' title='bbox 1603 2542 1842 2586; x_wconf 87' lang='lat' dir='ltr'><strong>sanctum</strong></span> <span class='ocrx_word' id='word_1_332' title='bbox 1873 2531 1956 2586; x_wconf 82' lang='lat' dir='ltr'><strong>Is-</strong></span> 
     </span>
    </p>
   </div>
   <div class='ocr_carea' id='block_1_42' title="bbox 373 2622 1955 2697">
    <p class='ocr_par' dir='ltr' id='par_1_42' title="bbox 373 2622 1955 2697">
     <span class='ocr_line' id='line_1_42' title="bbox 373 2622 1955 2697; baseline -0.003 -15"><span class='ocrx_word' id='word_1_333' title='bbox 373 2627 505 2692; x_wconf 87' lang='lat' dir='ltr'><strong>rael,</strong></span> <span class='ocrx_word' id='word_1_334' title='bbox 532 2627 620 2697; x_wconf 88' lang='lat' dir='ltr'><strong>qui</strong></span> <span class='ocrx_word' id='word_1_335' title='bbox 649 2624 799 2693; x_wconf 81' lang='lat' dir='ltr'><strong>elegit</strong></span> <span class='ocrx_word' id='word_1_336' title='bbox 826 2633 895 2677; x_wconf 90' lang='lat' dir='ltr'><strong>te.</strong></span> <span class='ocrx_word' id='word_1_337' title='bbox 932 2622 1054 2677; x_wconf 73' lang='lat' dir='ltr'><strong>iltec</strong></span> <span class='ocrx_word' id='word_1_338' title='bbox 1083 2622 1212 2677; x_wconf 87' lang='lat' dir='ltr'><strong>ﬁent</strong></span> <span class='ocrx_word' id='word_1_339' title='bbox 1231 2623 1448 2691; x_wconf 89' lang='lat' dir='ltr'><strong>quando</strong></span> <span class='ocrx_word' id='word_1_340' title='bbox 1475 2623 1684 2676; x_wconf 86' lang='lat' dir='ltr'><strong>venerit</strong></span> <span class='ocrx_word' id='word_1_341' title='bbox 1707 2622 1955 2678; x_wconf 84' lang='lat' dir='ltr'><strong>Christus</strong></span> 
     </span>
    </p>
   </div>
   <div class='ocr_carea' id='block_1_43' title="bbox 374 2713 1954 2788">
    <p class='ocr_par' dir='ltr' id='par_1_43' title="bbox 374 2713 1954 2788">
     <span class='ocr_line' id='line_1_43' title="bbox 374 2713 1954 2788; baseline -0.003 -16"><span class='ocrx_word' id='word_1_342' title='bbox 374 2719 429 2773; x_wconf 90' lang='lat' dir='ltr'><strong>in</strong></span> <span class='ocrx_word' id='word_1_343' title='bbox 455 2717 622 2788; x_wconf 82' lang='lat' dir='ltr'><strong>gloria</strong></span> <span class='ocrx_word' id='word_1_344' title='bbox 640 2715 819 2770; x_wconf 85' lang='lat' dir='ltr'><strong>Patris</strong></span> <span class='ocrx_word' id='word_1_345' title='bbox 837 2729 961 2769; x_wconf 90' lang='lat' dir='ltr'><strong>cum</strong></span> <span class='ocrx_word' id='word_1_346' title='bbox 981 2713 1187 2785; x_wconf 79' lang='lat' dir='ltr'><strong>angelis</strong></span> <span class='ocrx_word' id='word_1_347' title='bbox 1206 2714 1341 2778; x_wconf 88' lang='lat' dir='ltr'><strong>suis,</strong></span> <span class='ocrx_word' id='word_1_348' title='bbox 1365 2722 1422 2767; x_wconf 92' lang='lat' dir='ltr'><strong>et</strong></span> <span class='ocrx_word' id='word_1_349' title='bbox 1447 2713 1650 2767; x_wconf 91' lang='lat' dir='ltr'><strong>sederit</strong></span> <span class='ocrx_word' id='word_1_350' title='bbox 1679 2713 1730 2767; x_wconf 90' lang='lat' dir='ltr'><strong>in</strong></span> <span class='ocrx_word' id='word_1_351' title='bbox 1760 2714 1954 2768; x_wconf 87' lang='lat' dir='ltr'><strong>throno</strong></span> 
     </span>
    </p>
   </div>
   <div class='ocr_carea' id='block_1_44' title="bbox 373 2795 1949 2873">
    <p class='ocr_par' dir='ltr' id='par_1_44' title="bbox 373 2795 1949 2873">
     <span class='ocr_line' id='line_1_44' title="bbox 373 2795 1949 2873; baseline -0.004 -17"><span class='ocrx_word' id='word_1_352' title='bbox 373 2803 558 2873; x_wconf 77' lang='lat' dir='ltr'><strong>gloriae</strong></span> <span class='ocrx_word' id='word_1_353' title='bbox 589 2815 721 2866; x_wconf 65' lang='lat' dir='ltr'><strong>suae,</strong></span> <span class='ocrx_word' id='word_1_354' title='bbox 749 2799 996 2867; x_wconf 86' lang='lat' dir='ltr'><strong>judicare</strong></span> <span class='ocrx_word' id='word_1_355' title='bbox 1025 2799 1178 2854; x_wconf 89' lang='lat' dir='ltr'><strong>vivos</strong></span> <span class='ocrx_word' id='word_1_356' title='bbox 1202 2807 1259 2853; x_wconf 92' lang='lat' dir='ltr'><strong>et</strong></span> <span class='ocrx_word' id='word_1_357' title='bbox 1286 2806 1530 2852; x_wconf 88' lang='lat' dir='ltr'><strong>mortuos</strong></span> <span class='ocrx_word' id='word_1_358' title='bbox 1559 2796 1776 2868; x_wconf 79' lang='lat' dir='ltr'><strong>(Matth.</strong></span> <span class='ocrx_word' id='word_1_359' title='bbox 1803 2795 1949 2868; x_wconf 84' lang='lat' dir='ltr'><strong>xxv).</strong></span> 
     </span>
    </p>
   </div>
   <div class='ocr_carea' id='block_1_45' title="bbox 375 2888 1953 2960">
    <p class='ocr_par' dir='ltr' id='par_1_45' title="bbox 375 2888 1953 2960">
     <span class='ocr_line' id='line_1_45' title="bbox 375 2888 1953 2960; baseline -0.004 -11"><span class='ocrx_word' id='word_1_360' title='bbox 375 2895 528 2950; x_wconf 83' lang='lat' dir='ltr'><strong>Tunc</strong></span> <span class='ocrx_word' id='word_1_361' title='bbox 570 2906 759 2947; x_wconf 90' lang='lat' dir='ltr'><strong>omnes</strong></span> <span class='ocrx_word' id='word_1_362' title='bbox 803 2890 1105 2946; x_wconf 86' lang='lat' dir='ltr'><strong>adorabunt</strong></span> <span class='ocrx_word' id='word_1_363' title='bbox 1147 2897 1368 2960; x_wconf 80' lang='lat' dir='ltr'><strong>propter</strong></span> <span class='ocrx_word' id='word_1_364' title='bbox 1412 2888 1698 2943; x_wconf 90' lang='lat' dir='ltr'><strong>Dominum</strong></span> <span class='ocrx_word' id='word_1_365' title='bbox 1735 2890 1953 2945; x_wconf 81' lang='lat' dir='ltr'><strong>Patrem</strong></span> 
     </span>
    </p>
   </div>
   <div class='ocr_carea' id='block_1_46' title="bbox 373 2977 1955 3052">
    <p class='ocr_par' dir='ltr' id='par_1_46' title="bbox 373 2977 1955 3052">
     <span class='ocr_line' id='line_1_46' title="bbox 373 2977 1955 3052; baseline -0.006 -13"><span class='ocrx_word' id='word_1_366' title='bbox 373 2999 554 3049; x_wconf 90' lang='lat' dir='ltr'><strong>suum,</strong></span> <span class='ocrx_word' id='word_1_367' title='bbox 584 2983 711 3052; x_wconf 89' lang='lat' dir='ltr'><strong>quia</strong></span> <span class='ocrx_word' id='word_1_368' title='bbox 744 2981 918 3036; x_wconf 80' lang='lat' dir='ltr'><strong>ﬁdelis</strong></span> <span class='ocrx_word' id='word_1_369' title='bbox 944 2989 1048 3045; x_wconf 86' lang='lat' dir='ltr'><strong>est,</strong></span> <span class='ocrx_word' id='word_1_370' title='bbox 1086 2981 1178 3049; x_wconf 90' lang='lat' dir='ltr'><strong>qui</strong></span> <span class='ocrx_word' id='word_1_371' title='bbox 1218 2979 1381 3049; x_wconf 89' lang='lat' dir='ltr'><strong>elegit</strong></span> <span class='ocrx_word' id='word_1_372' title='bbox 1421 2993 1564 3032; x_wconf 88' lang='lat' dir='ltr'><strong>eum.</strong></span> <span class='ocrx_word' id='word_1_373' title='bbox 1599 2977 1724 3032; x_wconf 85' lang='lat' dir='ltr'><strong>Sive</strong></span> <span class='ocrx_word' id='word_1_374' title='bbox 1768 2978 1841 3030; x_wconf 89' lang='lat' dir='ltr'><strong>ita</strong></span> <span class='ocrx_word' id='word_1_375' title='bbox 1872 2977 1955 3031; x_wconf 89' lang='lat' dir='ltr'><strong>in-</strong></span> 
     </span>
    </p>
   </div>
   <div class='ocr_carea' id='block_1_47' title="bbox 375 3066 1954 3143">
    <p class='ocr_par' dir='ltr' id='par_1_47' title="bbox 375 3066 1954 3143">
     <span class='ocr_line' id='line_1_47' title="bbox 375 3066 1954 3143; baseline -0.006 -15"><span class='ocrx_word' id='word_1_376' title='bbox 375 3073 759 3143; x_wconf 86' lang='lat' dir='ltr'><strong>telligendum:</strong></span> <span class='ocrx_word' id='word_1_377' title='bbox 790 3070 960 3139; x_wconf 79' lang='lat' dir='ltr'><strong>Reges</strong></span> <span class='ocrx_word' id='word_1_378' title='bbox 983 3083 1214 3138; x_wconf 89' lang='lat' dir='ltr'><strong>quorum</strong></span> <span class='ocrx_word' id='word_1_379' title='bbox 1243 3083 1341 3122; x_wconf 89' lang='lat' dir='ltr'><strong>cor</strong></span> <span class='ocrx_word' id='word_1_380' title='bbox 1366 3067 1420 3120; x_wconf 92' lang='lat' dir='ltr'><strong>in</strong></span> <span class='ocrx_word' id='word_1_381' title='bbox 1451 3082 1613 3120; x_wconf 89' lang='lat' dir='ltr'><strong>manu</strong></span> <span class='ocrx_word' id='word_1_382' title='bbox 1641 3066 1737 3119; x_wconf 87' lang='lat' dir='ltr'><strong>Dei</strong></span> <span class='ocrx_word' id='word_1_383' title='bbox 1761 3073 1869 3129; x_wconf 83' lang='lat' dir='ltr'><strong>est,</strong></span> <span class='ocrx_word' id='word_1_384' title='bbox 1898 3072 1954 3119; x_wconf 89' lang='lat' dir='ltr'><strong>et</strong></span> 
     </span>
    </p>
   </div>
   <div class='ocr_carea' id='block_1_48' title="bbox 361 3159 1954 3232">
    <p class='ocr_par' dir='ltr' id='par_1_48' title="bbox 361 3159 1954 3232">
     <span class='ocr_line' id='line_1_48' title="bbox 361 3159 1954 3232; baseline -0.003 -14"><span class='ocrx_word' id='word_1_385' title='bbox 361 3162 620 3218; x_wconf 61' lang='lat' dir='ltr'><strong>Ecclesiae</strong></span> <span class='ocrx_word' id='word_1_386' title='bbox 656 3162 928 3232; x_wconf 89' lang='lat' dir='ltr'><strong>principes</strong></span> <span class='ocrx_word' id='word_1_387' title='bbox 976 3161 1276 3214; x_wconf 86' lang='lat' dir='ltr'><strong>adorabunt</strong></span> <span class='ocrx_word' id='word_1_388' title='bbox 1315 3175 1461 3223; x_wconf 91' lang='lat' dir='ltr'><strong>eum,</strong></span> <span class='ocrx_word' id='word_1_389' title='bbox 1492 3159 1617 3227; x_wconf 88' lang='lat' dir='ltr'><strong>quia</strong></span> <span class='ocrx_word' id='word_1_390' title='bbox 1651 3159 1824 3214; x_wconf 83' lang='lat' dir='ltr'><strong>ﬁdelis</strong></span> <span class='ocrx_word' id='word_1_391' title='bbox 1868 3167 1954 3214; x_wconf 87' lang='lat' dir='ltr'><strong>est</strong></span> 
     </span>
    </p>
   </div>
   <div class='ocr_carea' id='block_1_49' title="bbox 374 3247 1954 3317">
    <p class='ocr_par' dir='ltr' id='par_1_49' title="bbox 374 3247 1954 3317">
     <span class='ocr_line' id='line_1_49' title="bbox 374 3247 1954 3317; baseline -0.001 -13"><span class='ocrx_word' id='word_1_392' title='bbox 374 3249 625 3304; x_wconf 90' lang='lat' dir='ltr'><strong>dominus</strong></span> <span class='ocrx_word' id='word_1_393' title='bbox 671 3255 892 3303; x_wconf 87' lang='lat' dir='ltr'><strong>sanctus</strong></span> <span class='ocrx_word' id='word_1_394' title='bbox 935 3247 1117 3301; x_wconf 85' lang='lat' dir='ltr'><strong>lsrael.</strong></span> <span class='ocrx_word' id='word_1_395' title='bbox 1149 3247 1224 3301; x_wconf 91' lang='lat' dir='ltr'><strong>De</strong></span> <span class='ocrx_word' id='word_1_396' title='bbox 1258 3247 1477 3302; x_wconf 89' lang='lat' dir='ltr'><strong>Christo</strong></span> <span class='ocrx_word' id='word_1_397' title='bbox 1504 3247 1704 3300; x_wconf 91' lang='lat' dir='ltr'><strong>etenim</strong></span> <span class='ocrx_word' id='word_1_398' title='bbox 1741 3256 1797 3302; x_wconf 87' lang='lat' dir='ltr'><strong>et</strong></span> <span class='ocrx_word' id='word_1_399' title='bbox 1835 3261 1954 3317; x_wconf 74' lang='lat' dir='ltr'><strong>qua:</strong></span> 
     </span>
    </p>
   </div>
   <div class='ocr_carea' id='block_1_50' title="bbox 374 3335 1954 3407">
    <p class='ocr_par' dir='ltr' id='par_1_50' title="bbox 374 3335 1954 3407">
     <span class='ocr_line' id='line_1_50' title="bbox 374 3335 1954 3407; baseline -0.001 -13"><span class='ocrx_word' id='word_1_400' title='bbox 374 3345 676 3407; x_wconf 84' lang='lat' dir='ltr'><strong>sequuntur</strong></span> <span class='ocrx_word' id='word_1_401' title='bbox 716 3337 940 3407; x_wconf 75' lang='lat' dir='ltr'><strong>intelligi</strong></span> <span class='ocrx_word' id='word_1_402' title='bbox 969 3347 1214 3404; x_wconf 88' lang='lat' dir='ltr'><strong>possunt,</strong></span> <span class='ocrx_word' id='word_1_403' title='bbox 1247 3337 1381 3391; x_wconf 89' lang='lat' dir='ltr'><strong>dicit</strong></span> <span class='ocrx_word' id='word_1_404' title='bbox 1407 3337 1548 3390; x_wconf 88' lang='lat' dir='ltr'><strong>enim</strong></span> <span class='ocrx_word' id='word_1_405' title='bbox 1577 3354 1591 3389; x_wconf 88' lang='lat'><strong>:</strong></span> <span class='ocrx_word' id='word_1_406' title='bbox 1629 3335 1695 3390; x_wconf 89' lang='lat' dir='ltr'><strong>In</strong></span> <span class='ocrx_word' id='word_1_407' title='bbox 1726 3345 1954 3406; x_wconf 88' lang='lat' dir='ltr'><strong>tempore</strong></span> 
     </span>
    </p>
   </div>
   <div class='ocr_carea' id='block_1_51' title="bbox 373 3424 1951 3497">
    <p class='ocr_par' dir='ltr' id='par_1_51' title="bbox 373 3424 1951 3497">
     <span class='ocr_line' id='line_1_51' title="bbox 373 3424 1951 3497; baseline -0.001 -18"><span class='ocrx_word' id='word_1_408' title='bbox 373 3428 566 3497; x_wconf 86' lang='lat' dir='ltr'><strong>placito</strong></span> <span class='ocrx_word' id='word_1_409' title='bbox 588 3427 830 3480; x_wconf 70' lang='lat' dir='ltr'><strong>exaudiui</strong></span> <span class='ocrx_word' id='word_1_410' title='bbox 855 3437 924 3492; x_wconf 88' lang='lat' dir='ltr'><strong>te,</strong></span> <span class='ocrx_word' id='word_1_411' title='bbox 947 3436 996 3480; x_wconf 92' lang='lat' dir='ltr'><strong>et</strong></span> <span class='ocrx_word' id='word_1_412' title='bbox 1015 3427 1070 3480; x_wconf 87' lang='lat' dir='ltr'><strong>in</strong></span> <span class='ocrx_word' id='word_1_413' title='bbox 1092 3426 1175 3480; x_wconf 76' lang='lat' dir='ltr'><strong>die</strong></span> <span class='ocrx_word' id='word_1_414' title='bbox 1197 3425 1384 3480; x_wconf 84' lang='lat' dir='ltr'><strong>salutis</strong></span> <span class='ocrx_word' id='word_1_415' title='bbox 1406 3424 1694 3479; x_wconf 76' lang='lat' dir='ltr'><strong>auxiliatus</strong></span> <span class='ocrx_word' id='word_1_416' title='bbox 1715 3443 1830 3482; x_wconf 86' lang='lat' dir='ltr'><strong>sum</strong></span> <span class='ocrx_word' id='word_1_417' title='bbox 1853 3427 1951 3479; x_wconf 85' lang='lat' dir='ltr'><strong>tui.</strong></span> 
     </span>
    </p>
   </div>
   <div class='ocr_carea' id='block_1_52' title="bbox 376 3518 1954 3591">
    <p class='ocr_par' dir='ltr' id='par_1_52' title="bbox 376 3518 1954 3591">
     <span class='ocr_line' id='line_1_52' title="bbox 376 3518 1954 3591; baseline -0.001 -18"><span class='ocrx_word' id='word_1_418' title='bbox 376 3521 545 3591; x_wconf 86' lang='lat' dir='ltr'><strong>Hujus</strong></span> <span class='ocrx_word' id='word_1_419' title='bbox 579 3521 888 3575; x_wconf 89' lang='lat' dir='ltr'><strong>testimonio</strong></span> <span class='ocrx_word' id='word_1_420' title='bbox 915 3520 1204 3590; x_wconf 83' lang='lat' dir='ltr'><strong>Apostolus</strong></span> <span class='ocrx_word' id='word_1_421' title='bbox 1234 3535 1363 3574; x_wconf 87' lang='lat' dir='ltr'><strong>usus</strong></span> <span class='ocrx_word' id='word_1_422' title='bbox 1411 3528 1512 3583; x_wconf 89' lang='lat' dir='ltr'><strong>est,</strong></span> <span class='ocrx_word' id='word_1_423' title='bbox 1543 3519 1764 3573; x_wconf 90' lang='lat' dir='ltr'><strong>dicens:</strong></span> <span class='ocrx_word' id='word_1_424' title='bbox 1801 3518 1954 3572; x_wconf 88' lang='lat' dir='ltr'><strong>Tem-</strong></span> 
     </span>
    </p>
   </div>
   <div class='ocr_carea' id='block_1_53' title="bbox 372 3609 1954 3681">
    <p class='ocr_par' dir='ltr' id='par_1_53' title="bbox 372 3609 1954 3681">
     <span class='ocr_line' id='line_1_53' title="bbox 372 3609 1954 3681; baseline -0.001 -17"><span class='ocrx_word' id='word_1_425' title='bbox 372 3627 498 3680; x_wconf 84' lang='lat' dir='ltr'><strong>pore</strong></span> <span class='ocrx_word' id='word_1_426' title='bbox 525 3621 814 3681; x_wconf 88' lang='lat' dir='ltr'><strong>opportuno</strong></span> <span class='ocrx_word' id='word_1_427' title='bbox 843 3611 1086 3664; x_wconf 74' lang='lat' dir='ltr'><strong>exaudiui</strong></span> <span class='ocrx_word' id='word_1_428' title='bbox 1110 3620 1181 3675; x_wconf 90' lang='lat' dir='ltr'><strong>te,</strong></span> <span class='ocrx_word' id='word_1_429' title='bbox 1204 3620 1252 3664; x_wconf 91' lang='lat' dir='ltr'><strong>et</strong></span> <span class='ocrx_word' id='word_1_430' title='bbox 1273 3611 1327 3664; x_wconf 89' lang='lat' dir='ltr'><strong>in</strong></span> <span class='ocrx_word' id='word_1_431' title='bbox 1347 3611 1433 3663; x_wconf 85' lang='lat' dir='ltr'><strong>die</strong></span> <span class='ocrx_word' id='word_1_432' title='bbox 1457 3609 1644 3663; x_wconf 87' lang='lat' dir='ltr'><strong>salutis</strong></span> <span class='ocrx_word' id='word_1_433' title='bbox 1666 3610 1954 3663; x_wconf 71' lang='lat' dir='ltr'><strong>auxiliata:</strong></span> 
     </span>
    </p>
   </div>
   <div class='ocr_carea' id='block_1_54' title="bbox 373 3697 1956 3769">
    <p class='ocr_par' dir='ltr' id='par_1_54' title="bbox 373 3697 1956 3769">
     <span class='ocr_line' id='line_1_54' title="bbox 373 3697 1956 3769; baseline -0.001 -17"><span class='ocrx_word' id='word_1_434' title='bbox 373 3715 490 3753; x_wconf 86' lang='lat' dir='ltr'><strong>sum</strong></span> <span class='ocrx_word' id='word_1_435' title='bbox 515 3700 612 3763; x_wconf 90' lang='lat' dir='ltr'><strong>tui,</strong></span> <span class='ocrx_word' id='word_1_436' title='bbox 640 3715 755 3753; x_wconf 85' lang='lat' dir='ltr'><strong>ecce</strong></span> <span class='ocrx_word' id='word_1_437' title='bbox 781 3715 918 3754; x_wconf 87' lang='lat' dir='ltr'><strong>nunc</strong></span> <span class='ocrx_word' id='word_1_438' title='bbox 947 3709 1146 3768; x_wconf 84' lang='lat' dir='ltr'><strong>tempus</strong></span> <span class='ocrx_word' id='word_1_439' title='bbox 1183 3697 1515 3769; x_wconf 78' lang='lat' dir='ltr'><strong>acceptabile,</strong></span> <span class='ocrx_word' id='word_1_440' title='bbox 1545 3715 1682 3752; x_wconf 85' lang='lat' dir='ltr'><strong>nunc</strong></span> <span class='ocrx_word' id='word_1_441' title='bbox 1720 3698 1830 3751; x_wconf 88' lang='lat' dir='ltr'><strong>dies</strong></span> <span class='ocrx_word' id='word_1_442' title='bbox 1869 3714 1956 3750; x_wconf 90' lang='lat' dir='ltr'><strong>sa-</strong></span> 
     </span>
    </p>
   </div>
   <div class='ocr_carea' id='block_1_55' title="bbox 374 3788 1952 3860">
    <p class='ocr_par' dir='ltr' id='par_1_55' title="bbox 374 3788 1952 3860">
     <span class='ocr_line' id='line_1_55' title="bbox 374 3788 1952 3860; baseline -0.001 -18"><span class='ocrx_word' id='word_1_443' title='bbox 374 3789 499 3844; x_wconf 87' lang='lat' dir='ltr'><strong>lutis</strong></span> <span class='ocrx_word' id='word_1_444' title='bbox 528 3789 611 3860; x_wconf 91' lang='lat' dir='ltr'><strong>(II</strong></span> <span class='ocrx_word' id='word_1_445' title='bbox 639 3788 760 3843; x_wconf 89' lang='lat' dir='ltr'><strong>Cor.</strong></span> <span class='ocrx_word' id='word_1_446' title='bbox 789 3789 886 3859; x_wconf 67' lang='grc' dir='ltr'><strong>γι).</strong></span> <span class='ocrx_word' id='word_1_447' title='bbox 925 3788 1159 3859; x_wconf 86' lang='lat' dir='ltr'><strong>Tempus</strong></span> <span class='ocrx_word' id='word_1_448' title='bbox 1182 3789 1440 3858; x_wconf 88' lang='lat' dir='ltr'><strong>placitum</strong></span> <span class='ocrx_word' id='word_1_449' title='bbox 1473 3797 1528 3842; x_wconf 90' lang='lat' dir='ltr'><strong>et</strong></span> <span class='ocrx_word' id='word_1_450' title='bbox 1555 3797 1918 3857; x_wconf 87' lang='lat' dir='ltr'><strong>opportunum</strong></span> <span class='ocrx_word' id='word_1_451' title='bbox 1936 3827 1952 3853; x_wconf 95' lang='lat'><strong>,</strong></span> 
     </span>
    </p>
   </div>
   <div class='ocr_carea' id='block_1_56' title="bbox 375 3879 1950 3950">
    <p class='ocr_par' dir='ltr' id='par_1_56' title="bbox 375 3879 1950 3950">
     <span class='ocr_line' id='line_1_56' title="bbox 375 3879 1950 3950; baseline -0.001 -16"><span class='ocrx_word' id='word_1_452' title='bbox 375 3889 432 3935; x_wconf 88' lang='lat' dir='ltr'><strong>et</strong></span> <span class='ocrx_word' id='word_1_453' title='bbox 457 3880 572 3935; x_wconf 89' lang='lat' dir='ltr'><strong>dies</strong></span> <span class='ocrx_word' id='word_1_454' title='bbox 599 3879 787 3935; x_wconf 90' lang='lat' dir='ltr'><strong>salutis</strong></span> <span class='ocrx_word' id='word_1_455' title='bbox 813 3881 992 3950; x_wconf 86' lang='lat' dir='ltr'><strong>passio</strong></span> <span class='ocrx_word' id='word_1_456' title='bbox 1029 3879 1314 3934; x_wconf 87' lang='lat' dir='ltr'><strong>salvatoris</strong></span> <span class='ocrx_word' id='word_1_457' title='bbox 1357 3887 1468 3944; x_wconf 90' lang='lat' dir='ltr'><strong>est,</strong></span> <span class='ocrx_word' id='word_1_458' title='bbox 1499 3887 1553 3934; x_wconf 91' lang='lat' dir='ltr'><strong>et</strong></span> <span class='ocrx_word' id='word_1_459' title='bbox 1596 3879 1950 3944; x_wconf 88' lang='lat' dir='ltr'><strong>resurrectio,</strong></span> 
     </span>
    </p>
   </div>
   <div class='ocr_carea' id='block_1_57' title="bbox 373 3971 1953 4042">
    <p class='ocr_par' dir='ltr' id='par_1_57' title="bbox 373 3971 1953 4042">
     <span class='ocr_line' id='line_1_57' title="bbox 373 3971 1953 4042; baseline 0 -17"><span class='ocrx_word' id='word_1_460' title='bbox 373 3972 460 4025; x_wconf 91' lang='lat' dir='ltr'><strong>cui</strong></span> <span class='ocrx_word' id='word_1_461' title='bbox 490 3980 545 4026; x_wconf 92' lang='lat' dir='ltr'><strong>et</strong></span> <span class='ocrx_word' id='word_1_462' title='bbox 577 3972 716 4026; x_wconf 86' lang='lat' dir='ltr'><strong>idem</strong></span> <span class='ocrx_word' id='word_1_463' title='bbox 746 3981 900 4042; x_wconf 86' lang='lat' dir='ltr'><strong>pater</strong></span> <span class='ocrx_word' id='word_1_464' title='bbox 935 3972 988 4026; x_wconf 93' lang='lat' dir='ltr'><strong>in</strong></span> <span class='ocrx_word' id='word_1_465' title='bbox 1015 3971 1469 4041; x_wconf 84' lang='lat' dir='ltr'><strong>subsequentibus</strong></span> <span class='ocrx_word' id='word_1_466' title='bbox 1498 3971 1614 4026; x_wconf 88' lang='lat' dir='ltr'><strong>ait:</strong></span> <span class='ocrx_word' id='word_1_467' title='bbox 1647 3971 1779 4026; x_wconf 79' lang='lat' dir='ltr'><strong>Dedi</strong></span> <span class='ocrx_word' id='word_1_468' title='bbox 1812 3980 1865 4026; x_wconf 91' lang='lat' dir='ltr'><strong>te</strong></span> <span class='ocrx_word' id='word_1_469' title='bbox 1895 3972 1953 4025; x_wconf 90' lang='lat' dir='ltr'><strong>in</strong></span> 
     </span>
    </p>
   </div>
   <div class='ocr_carea' id='block_1_58' title="bbox 376 4060 1955 4134">
    <p class='ocr_par' dir='ltr' id='par_1_58' title="bbox 376 4060 1955 4134">
     <span class='ocr_line' id='line_1_58' title="bbox 376 4060 1955 4134; baseline 0.003 -20"><span class='ocrx_word' id='word_1_470' title='bbox 376 4060 554 4116; x_wconf 71' lang='lat' dir='ltr'><strong>ftbdus</strong></span> <span class='ocrx_word' id='word_1_471' title='bbox 597 4062 798 4132; x_wconf 80' lang='lat' dir='ltr'><strong>pepuli,</strong></span> <span class='ocrx_word' id='word_1_472' title='bbox 839 4071 897 4117; x_wconf 91' lang='lat' dir='ltr'><strong>ut</strong></span> <span class='ocrx_word' id='word_1_473' title='bbox 947 4064 1242 4118; x_wconf 86' lang='lat' dir='ltr'><strong>suscitares</strong></span> <span class='ocrx_word' id='word_1_474' title='bbox 1287 4072 1516 4129; x_wconf 88' lang='lat' dir='ltr'><strong>terram,</strong></span> <span class='ocrx_word' id='word_1_475' title='bbox 1554 4071 1611 4118; x_wconf 92' lang='lat' dir='ltr'><strong>et</strong></span> <span class='ocrx_word' id='word_1_476' title='bbox 1649 4063 1955 4134; x_wconf 87' lang='lat' dir='ltr'><strong>possideres</strong></span> 
     </span>
    </p>
   </div>
   <div class='ocr_carea' id='block_1_59' title="bbox 377 4152 1950 4224">
    <p class='ocr_par' dir='ltr' id='par_1_59' title="bbox 377 4152 1950 4224">
     <span class='ocr_line' id='line_1_59' title="bbox 377 4152 1950 4224; baseline 0.001 -17"><span class='ocrx_word' id='word_1_477' title='bbox 377 4153 720 4208; x_wconf 59' lang='lat' dir='ltr'><strong>hereditates</strong></span> <span class='ocrx_word' id='word_1_478' title='bbox 742 4152 1054 4223; x_wconf 88' lang='lat' dir='ltr'><strong>dissipatas,</strong></span> <span class='ocrx_word' id='word_1_479' title='bbox 1076 4163 1133 4207; x_wconf 91' lang='lat' dir='ltr'><strong>ut</strong></span> <span class='ocrx_word' id='word_1_480' title='bbox 1149 4153 1364 4210; x_wconf 87' lang='lat' dir='ltr'><strong>diceres</strong></span> <span class='ocrx_word' id='word_1_481' title='bbox 1386 4155 1471 4208; x_wconf 91' lang='lat' dir='ltr'><strong>his</strong></span> <span class='ocrx_word' id='word_1_482' title='bbox 1497 4155 1590 4224; x_wconf 88' lang='lat' dir='ltr'><strong>qui</strong></span> <span class='ocrx_word' id='word_1_483' title='bbox 1617 4154 1785 4208; x_wconf 90' lang='lat' dir='ltr'><strong>vincti</strong></span> <span class='ocrx_word' id='word_1_484' title='bbox 1808 4162 1950 4219; x_wconf 90' lang='lat' dir='ltr'><strong>sunt,</strong></span> 
     </span>
    </p>
   </div>
   <div class='ocr_carea' id='block_1_60' title="bbox 375 4245 1955 4316">
    <p class='ocr_par' dir='ltr' id='par_1_60' title="bbox 375 4245 1955 4316">
     <span class='ocr_line' id='line_1_60' title="bbox 375 4245 1955 4316; baseline 0.002 -18"><span class='ocrx_word' id='word_1_485' title='bbox 375 4245 541 4311; x_wconf 88' lang='lat' dir='ltr'><strong>exite,</strong></span> <span class='ocrx_word' id='word_1_486' title='bbox 583 4256 639 4301; x_wconf 91' lang='lat' dir='ltr'><strong>et</strong></span> <span class='ocrx_word' id='word_1_487' title='bbox 665 4247 753 4301; x_wconf 90' lang='lat' dir='ltr'><strong>his</strong></span> <span class='ocrx_word' id='word_1_488' title='bbox 773 4246 866 4316; x_wconf 88' lang='lat' dir='ltr'><strong>qui</strong></span> <span class='ocrx_word' id='word_1_489' title='bbox 893 4247 947 4300; x_wconf 91' lang='lat' dir='ltr'><strong>in</strong></span> <span class='ocrx_word' id='word_1_490' title='bbox 997 4246 1254 4313; x_wconf 89' lang='lat' dir='ltr'><strong>tenebris,</strong></span> <span class='ocrx_word' id='word_1_491' title='bbox 1305 4246 1639 4301; x_wconf 88' lang='lat' dir='ltr'><strong>revelamini.</strong></span> <span class='ocrx_word' id='word_1_492' title='bbox 1682 4246 1740 4300; x_wconf 91' lang='lat' dir='ltr'><strong>ln</strong></span> <span class='ocrx_word' id='word_1_493' title='bbox 1778 4245 1955 4302; x_wconf 63' lang='lat' dir='ltr'><strong>foedus</strong></span> 
     </span>
    </p>
   </div>
   <div class='ocr_carea' id='block_1_61' title="bbox 375 4334 1954 4406">
    <p class='ocr_par' dir='ltr' id='par_1_61' title="bbox 375 4334 1954 4406">
     <span class='ocr_line' id='line_1_61' title="bbox 375 4334 1954 4406; baseline 0.002 -19"><span class='ocrx_word' id='word_1_494' title='bbox 375 4335 554 4404; x_wconf 86' lang='lat' dir='ltr'><strong>populi</strong></span> <span class='ocrx_word' id='word_1_495' title='bbox 602 4335 921 4391; x_wconf 88' lang='lat' dir='ltr'><strong>subauditur</strong></span> <span class='ocrx_word' id='word_1_496' title='bbox 963 4334 1292 4400; x_wconf 61' lang='lat' dir='ltr'><strong>Iudaeorum,</strong></span> <span class='ocrx_word' id='word_1_497' title='bbox 1320 4336 1407 4391; x_wconf 85' lang='lat' dir='ltr'><strong>his</strong></span> <span class='ocrx_word' id='word_1_498' title='bbox 1451 4335 1730 4400; x_wconf 88' lang='lat' dir='ltr'><strong>videlicet,</strong></span> <span class='ocrx_word' id='word_1_499' title='bbox 1763 4337 1855 4406; x_wconf 89' lang='lat' dir='ltr'><strong>qui</strong></span> <span class='ocrx_word' id='word_1_500' title='bbox 1887 4351 1954 4391; x_wconf 91' lang='lat' dir='ltr'><strong>ex</strong></span> 
     </span>
    </p>
   </div>
   <div class='ocr_carea' id='block_1_62' title="bbox 378 4427 1951 4496">
    <p class='ocr_par' dir='ltr' id='par_1_62' title="bbox 378 4427 1951 4496">
     <span class='ocr_line' id='line_1_62' title="bbox 378 4427 1951 4496; baseline -0.001 -14"><span class='ocrx_word' id='word_1_501' title='bbox 378 4428 485 4482; x_wconf 88' lang='lat' dir='ltr'><strong>illis</strong></span> <span class='ocrx_word' id='word_1_502' title='bbox 525 4429 748 4482; x_wconf 77' lang='lat' dir='ltr'><strong>credere</strong></span> <span class='ocrx_word' id='word_1_503' title='bbox 775 4428 1078 4489; x_wconf 89' lang='lat' dir='ltr'><strong>voluerunt,</strong></span> <span class='ocrx_word' id='word_1_504' title='bbox 1114 4435 1168 4482; x_wconf 91' lang='lat' dir='ltr'><strong>et</strong></span> <span class='ocrx_word' id='word_1_505' title='bbox 1194 4428 1474 4482; x_wconf 88' lang='lat' dir='ltr'><strong>suscitavit</strong></span> <span class='ocrx_word' id='word_1_506' title='bbox 1499 4437 1720 4492; x_wconf 87' lang='lat' dir='ltr'><strong>terram,</strong></span> <span class='ocrx_word' id='word_1_507' title='bbox 1743 4442 1866 4496; x_wconf 66' lang='lat' dir='ltr'><strong>qua:</strong></span> <span class='ocrx_word' id='word_1_508' title='bbox 1897 4427 1951 4481; x_wconf 93' lang='lat' dir='ltr'><strong>in</strong></span> 
     </span>
    </p>
   </div>
   <div class='ocr_carea' id='block_1_63' title="bbox 2060 1880 3648 1952">
    <p class='ocr_par' dir='ltr' id='par_1_63' title="bbox 2060 1880 3648 1952">
     <span class='ocr_line' id='line_1_63' title="bbox 2060 1880 3648 1952; baseline 0.005 -20"><span class='ocrx_word' id='word_1_509' title='bbox 2060 1899 2079 1932; x_wconf 71' lang='grc' dir='ltr'><em>ς</em></span> <span class='ocrx_word' id='word_1_510' title='bbox 2121 1889 2344 1936; x_wconf 89' lang='lat' dir='ltr'><strong>centes:</strong></span> <span class='ocrx_word' id='word_1_511' title='bbox 2373 1880 2507 1948; x_wconf 84' lang='lat' dir='ltr'><strong>Quis</strong></span> <span class='ocrx_word' id='word_1_512' title='bbox 2545 1890 2708 1951; x_wconf 86' lang='lat' dir='ltr'><strong>putas</strong></span> <span class='ocrx_word' id='word_1_513' title='bbox 2739 1898 2874 1952; x_wconf 90' lang='lat' dir='ltr'><strong>puer</strong></span> <span class='ocrx_word' id='word_1_514' title='bbox 2902 1883 3004 1937; x_wconf 83' lang='lat' dir='ltr'><strong>iste</strong></span> <span class='ocrx_word' id='word_1_515' title='bbox 3034 1883 3178 1937; x_wconf 85' lang='lat' dir='ltr'><strong>erit?</strong></span> <span class='ocrx_word' id='word_1_516' title='bbox 3207 1883 3418 1938; x_wconf 86' lang='lat' dir='ltr'><strong>Etenim</strong></span> <span class='ocrx_word' id='word_1_517' title='bbox 3447 1901 3648 1941; x_wconf 89' lang='lat' dir='ltr'><strong>manus</strong></span> 
     </span>
    </p>
   </div>
   <div class='ocr_carea' id='block_1_64' title="bbox 2061 1973 3648 2046">
    <p class='ocr_par' dir='ltr' id='par_1_64' title="bbox 2061 1973 3648 2046">
     <span class='ocr_line' id='line_1_64' title="bbox 2061 1973 3648 2046; baseline 0.004 -22"><span class='ocrx_word' id='word_1_518' title='bbox 2061 1989 2080 2024; x_wconf 73' lang='grc' dir='ltr'>ι</span> <span class='ocrx_word' id='word_1_519' title='bbox 2122 1973 2335 2029; x_wconf 88' lang='lat' dir='ltr'><strong>Domini</strong></span> <span class='ocrx_word' id='word_1_520' title='bbox 2369 1982 2636 2029; x_wconf 87' lang='lat' dir='ltr'><strong>eratcum</strong></span> <span class='ocrx_word' id='word_1_521' title='bbox 2667 1973 2777 2028; x_wconf 89' lang='lat' dir='ltr'><strong>illo.</strong></span> <span class='ocrx_word' id='word_1_522' title='bbox 2804 1974 2873 2028; x_wconf 85' lang='lat' dir='ltr'><strong>Et</strong></span> <span class='ocrx_word' id='word_1_523' title='bbox 2899 1975 3194 2029; x_wconf 84' lang='lat' dir='ltr'><strong>Zacharias</strong></span> <span class='ocrx_word' id='word_1_524' title='bbox 3218 1984 3375 2044; x_wconf 82' lang='lat' dir='ltr'><strong>pater</strong></span> <span class='ocrx_word' id='word_1_525' title='bbox 3394 1977 3513 2046; x_wconf 89' lang='lat' dir='ltr'><strong>ejus</strong></span> <span class='ocrx_word' id='word_1_526' title='bbox 3541 1978 3648 2031; x_wconf 86' lang='lat' dir='ltr'><strong>im-</strong></span> 
     </span>
    </p>
   </div>
   <div class='ocr_carea' id='block_1_65' title="bbox 2061 2064 3649 2136">
    <p class='ocr_par' dir='ltr' id='par_1_65' title="bbox 2061 2064 3649 2136">
     <span class='ocr_line' id='line_1_65' title="bbox 2061 2064 3649 2136; baseline 0.005 -20"><span class='ocrx_word' id='word_1_527' title='bbox 2061 2081 2081 2116; x_wconf 78' lang='grc' dir='ltr'>ι</span> <span class='ocrx_word' id='word_1_528' title='bbox 2125 2064 2302 2135; x_wconf 89' lang='lat' dir='ltr'><strong>pletus</strong></span> <span class='ocrx_word' id='word_1_529' title='bbox 2323 2074 2408 2120; x_wconf 91' lang='lat' dir='ltr'><strong>est</strong></span> <span class='ocrx_word' id='word_1_530' title='bbox 2421 2065 2628 2136; x_wconf 84' lang='lat' dir='ltr'><strong>Spiritu</strong></span> <span class='ocrx_word' id='word_1_531' title='bbox 2653 2074 2840 2120; x_wconf 86' lang='lat' dir='ltr'><strong>sancto</strong></span> <span class='ocrx_word' id='word_1_532' title='bbox 2861 2073 2916 2120; x_wconf 89' lang='lat' dir='ltr'><strong>et</strong></span> <span class='ocrx_word' id='word_1_533' title='bbox 2935 2067 3280 2136; x_wconf 88' lang='lat' dir='ltr'><strong>prophetavit</strong></span> <span class='ocrx_word' id='word_1_534' title='bbox 3303 2068 3525 2122; x_wconf 87' lang='lat' dir='ltr'><strong>dicens:</strong></span> <span class='ocrx_word' id='word_1_535' title='bbox 3550 2069 3649 2125; x_wconf 83' lang='lat' dir='ltr'><strong>Be-</strong></span> 
     </span>
    </p>
   </div>
   <div class='ocr_carea' id='block_1_66' title="bbox 2061 2156 3656 2226">
    <p class='ocr_par' dir='ltr' id='par_1_66' title="bbox 2061 2156 3656 2226">
     <span class='ocr_line' id='line_1_66' title="bbox 2061 2156 3656 2226; baseline 0.006 -19"><span class='ocrx_word' id='word_1_536' title='bbox 2061 2172 2080 2207; x_wconf 82' lang='lat' dir='ltr'><strong>t</strong></span> <span class='ocrx_word' id='word_1_537' title='bbox 2125 2156 2374 2210; x_wconf 87' lang='lat' dir='ltr'><strong>nedictus</strong></span> <span class='ocrx_word' id='word_1_538' title='bbox 2394 2156 2651 2211; x_wconf 87' lang='lat' dir='ltr'><strong>Dominus</strong></span> <span class='ocrx_word' id='word_1_539' title='bbox 2669 2157 2811 2211; x_wconf 91' lang='lat' dir='ltr'><strong>Deus</strong></span> <span class='ocrx_word' id='word_1_540' title='bbox 2825 2157 3012 2222; x_wconf 86' lang='lat' dir='ltr'><strong>Israel,</strong></span> <span class='ocrx_word' id='word_1_541' title='bbox 3030 2161 3157 2226; x_wconf 87' lang='lat' dir='ltr'><strong>quia</strong></span> <span class='ocrx_word' id='word_1_542' title='bbox 3176 2157 3416 2213; x_wconf 84' lang='lat' dir='ltr'><strong>visitavit</strong></span> <span class='ocrx_word' id='word_1_543' title='bbox 3435 2169 3493 2213; x_wconf 89' lang='lat' dir='ltr'><strong>et</strong></span> <span class='ocrx_word' id='word_1_544' title='bbox 3512 2158 3656 2216; x_wconf 81' lang='lat' dir='ltr'><strong>fecit</strong></span> 
     </span>
    </p>
   </div>
   <div class='ocr_carea' id='block_1_67' title="bbox 2061 2247 2965 2319">
    <p class='ocr_par' dir='ltr' id='par_1_67' title="bbox 2061 2247 2965 2319">
     <span class='ocr_line' id='line_1_67' title="bbox 2061 2247 2965 2319; baseline 0.004 -19"><span class='ocrx_word' id='word_1_545' title='bbox 2061 2265 2082 2299; x_wconf 70' lang='grc' dir='ltr'><strong><em>ι</em></strong></span> <span class='ocrx_word' id='word_1_546' title='bbox 2125 2247 2550 2318; x_wconf 89' lang='lat' dir='ltr'><strong>redemptionem</strong></span> <span class='ocrx_word' id='word_1_547' title='bbox 2585 2249 2761 2319; x_wconf 81' lang='lat' dir='ltr'><strong>plebis</strong></span> <span class='ocrx_word' id='word_1_548' title='bbox 2787 2264 2918 2304; x_wconf 63' lang='lat' dir='ltr'><strong>suae.</strong></span> <span class='ocrx_word' id='word_1_549' title='bbox 2944 2269 2965 2304; x_wconf 71' lang='grc' dir='ltr'>ι</span> 
     </span>
    </p>
   </div>
   <div class='ocr_carea' id='block_1_68' title="bbox 2126 2339 3649 2415">
    <p class='ocr_par' dir='ltr' id='par_1_68' title="bbox 2126 2339 3649 2415">
     <span class='ocr_line' id='line_1_68' title="bbox 2126 2339 3649 2415; baseline 0.005 -22"><span class='ocrx_word' id='word_1_550' title='bbox 2126 2339 2400 2393; x_wconf 73' lang='grc' dir='ltr'><strong>Ειὶιαὺειιι</strong></span> <span class='ocrx_word' id='word_1_551' title='bbox 2432 2350 2608 2394; x_wconf 90' lang='lat' dir='ltr'><strong>autem</strong></span> <span class='ocrx_word' id='word_1_552' title='bbox 2653 2341 2924 2411; x_wconf 82' lang='lat' dir='ltr'><strong>impletum</strong></span> <span class='ocrx_word' id='word_1_553' title='bbox 2959 2351 3037 2396; x_wconf 87' lang='lat' dir='ltr'><strong>est</strong></span> <span class='ocrx_word' id='word_1_554' title='bbox 3071 2351 3270 2415; x_wconf 89' lang='lat' dir='ltr'><strong>tempus</strong></span> <span class='ocrx_word' id='word_1_555' title='bbox 3303 2343 3570 2413; x_wconf 66' lang='lat' dir='ltr'><strong>pariendi,</strong></span> <span class='ocrx_word' id='word_1_556' title='bbox 3597 2356 3649 2401; x_wconf 84' lang='lat' dir='ltr'><strong>et</strong></span> 
     </span>
    </p>
   </div>
   <div class='ocr_carea' id='block_1_69' title="bbox 2055 2431 3650 2505">
    <p class='ocr_par' dir='ltr' id='par_1_69' title="bbox 2055 2431 3650 2505">
     <span class='ocr_line' id='line_1_69' title="bbox 2055 2431 3650 2505; baseline 0.007 -22"><span class='ocrx_word' id='word_1_557' title='bbox 2055 2432 2251 2501; x_wconf 84' lang='lat' dir='ltr'><strong>peperit</strong></span> <span class='ocrx_word' id='word_1_558' title='bbox 2277 2431 2472 2500; x_wconf 78' lang='lat' dir='ltr'><strong>ﬁlium.</strong></span> <span class='ocrx_word' id='word_1_559' title='bbox 2502 2433 2604 2504; x_wconf 87' lang='lat' dir='ltr'><strong>(Ex</strong></span> <span class='ocrx_word' id='word_1_560' title='bbox 2628 2432 2818 2505; x_wconf 86' lang='lat' dir='ltr'><strong>Beda.)</strong></span> <span class='ocrx_word' id='word_1_561' title='bbox 2850 2434 3080 2490; x_wconf 85' lang='lat' dir='ltr'><strong>Verbum</strong></span> <span class='ocrx_word' id='word_1_562' title='bbox 3103 2435 3431 2505; x_wconf 85' lang='lat' dir='ltr'><strong>impletionis</strong></span> <span class='ocrx_word' id='word_1_563' title='bbox 3454 2448 3650 2494; x_wconf 81' lang='lat' dir='ltr'><strong>sancta</strong></span> 
     </span>
    </p>
   </div>
   <div class='ocr_carea' id='block_1_70' title="bbox 2056 2522 3658 2594">
    <p class='ocr_par' dir='ltr' id='par_1_70' title="bbox 2056 2522 3658 2594">
     <span class='ocr_line' id='line_1_70' title="bbox 2056 2522 3658 2594; baseline 0.006 -19"><span class='ocrx_word' id='word_1_564' title='bbox 2056 2522 2327 2590; x_wconf 89' lang='lat' dir='ltr'><strong>scriptura</strong></span> <span class='ocrx_word' id='word_1_565' title='bbox 2369 2523 2424 2576; x_wconf 91' lang='lat' dir='ltr'><strong>in</strong></span> <span class='ocrx_word' id='word_1_566' title='bbox 2453 2523 2719 2578; x_wconf 88' lang='lat' dir='ltr'><strong>bonorum</strong></span> <span class='ocrx_word' id='word_1_567' title='bbox 2770 2532 2978 2579; x_wconf 86' lang='lat' dir='ltr'><strong>tantum</strong></span> <span class='ocrx_word' id='word_1_568' title='bbox 3024 2533 3179 2591; x_wconf 90' lang='lat' dir='ltr'><strong>ortu,</strong></span> <span class='ocrx_word' id='word_1_569' title='bbox 3225 2527 3306 2580; x_wconf 89' lang='lat' dir='ltr'><strong>vel</strong></span> <span class='ocrx_word' id='word_1_570' title='bbox 3346 2528 3527 2594; x_wconf 90' lang='lat' dir='ltr'><strong>obitu,</strong></span> <span class='ocrx_word' id='word_1_571' title='bbox 3559 2529 3658 2586; x_wconf 83' lang='lat' dir='ltr'><strong>vel.</strong></span> 
     </span>
    </p>
   </div>
   <div class='ocr_carea' id='block_1_71' title="bbox 2057 2617 3658 2688">
    <p class='ocr_par' dir='ltr' id='par_1_71' title="bbox 2057 2617 3658 2688">
     <span class='ocr_line' id='line_1_71' title="bbox 2057 2617 3658 2688; baseline 0.004 -20"><span class='ocrx_word' id='word_1_572' title='bbox 2057 2622 2180 2669; x_wconf 90' lang='lat' dir='ltr'><strong>actu</strong></span> <span class='ocrx_word' id='word_1_573' title='bbox 2212 2630 2413 2685; x_wconf 89' lang='lat' dir='ltr'><strong>ponere</strong></span> <span class='ocrx_word' id='word_1_574' title='bbox 2443 2617 2744 2682; x_wconf 90' lang='lat' dir='ltr'><strong>consuevit,</strong></span> <span class='ocrx_word' id='word_1_575' title='bbox 2773 2632 3003 2687; x_wconf 88' lang='lat' dir='ltr'><strong>quarum</strong></span> <span class='ocrx_word' id='word_1_576' title='bbox 3048 2617 3218 2672; x_wconf 87' lang='lat' dir='ltr'><strong>vitam</strong></span> <span class='ocrx_word' id='word_1_577' title='bbox 3251 2618 3658 2688; x_wconf 80' lang='lat' dir='ltr'><strong>plenitudinem</strong></span> 
     </span>
    </p>
   </div>
   <div class='ocr_carea' id='block_1_72' title="bbox 2053 2704 3648 2778">
    <p class='ocr_par' dir='ltr' id='par_1_72' title="bbox 2053 2704 3648 2778">
     <span class='ocr_line' id='line_1_72' title="bbox 2053 2704 3648 2778; baseline 0.006 -21"><span class='ocrx_word' id='word_1_578' title='bbox 2053 2704 2403 2774; x_wconf 81' lang='lat' dir='ltr'><strong>perfectionis</strong></span> <span class='ocrx_word' id='word_1_579' title='bbox 2433 2706 2636 2762; x_wconf 89' lang='lat' dir='ltr'><strong>habere</strong></span> <span class='ocrx_word' id='word_1_580' title='bbox 2661 2707 2944 2778; x_wconf 80' lang='lat' dir='ltr'><strong>significat.</strong></span> <span class='ocrx_word' id='word_1_581' title='bbox 2977 2706 3220 2778; x_wconf 88' lang='lat' dir='ltr'><strong>Denique</strong></span> <span class='ocrx_word' id='word_1_582' title='bbox 3246 2709 3518 2765; x_wconf 72' lang='lat' dir='ltr'><strong>Eliaabeth</strong></span> <span class='ocrx_word' id='word_1_583' title='bbox 3543 2714 3648 2767; x_wconf 86' lang='lat' dir='ltr'><strong>im-</strong></span> 
     </span>
    </p>
   </div>
   <div class='ocr_carea' id='block_1_73' title="bbox 2053 2794 3658 2870">
    <p class='ocr_par' dir='ltr' id='par_1_73' title="bbox 2053 2794 3658 2870">
     <span class='ocr_line' id='line_1_73' title="bbox 2053 2794 3658 2870; baseline 0.007 -23"><span class='ocrx_word' id='word_1_584' title='bbox 2053 2794 2248 2865; x_wconf 87' lang='lat' dir='ltr'><strong>pletum</strong></span> <span class='ocrx_word' id='word_1_585' title='bbox 2280 2805 2357 2850; x_wconf 86' lang='lat' dir='ltr'><strong>est</strong></span> <span class='ocrx_word' id='word_1_586' title='bbox 2382 2806 2582 2868; x_wconf 84' lang='lat' dir='ltr'><strong>tempus</strong></span> <span class='ocrx_word' id='word_1_587' title='bbox 2615 2799 2876 2868; x_wconf 84' lang='lat' dir='ltr'><strong>pariendi.</strong></span> <span class='ocrx_word' id='word_1_588' title='bbox 2910 2798 3121 2870; x_wconf 85' lang='lat' dir='ltr'><strong>Impleti</strong></span> <span class='ocrx_word' id='word_1_589' title='bbox 3154 2810 3276 2856; x_wconf 87' lang='lat' dir='ltr'><strong>sunt</strong></span> <span class='ocrx_word' id='word_1_590' title='bbox 3310 2802 3419 2856; x_wconf 86' lang='lat' dir='ltr'><strong>dies</strong></span> <span class='ocrx_word' id='word_1_591' title='bbox 3452 2802 3658 2859; x_wconf 69' lang='lat' dir='ltr'><strong>Maric-</strong></span> 
     </span>
    </p>
   </div>
   <div class='ocr_carea' id='block_1_74' title="bbox 2055 2885 3645 2956">
    <p class='ocr_par' dir='ltr' id='par_1_74' title="bbox 2055 2885 3645 2956">
     <span class='ocr_line' id='line_1_74' title="bbox 2055 2885 3645 2956; baseline 0.006 -18"><span class='ocrx_word' id='word_1_592' title='bbox 2055 2895 2112 2938; x_wconf 89' lang='lat' dir='ltr'><strong>ut</strong></span> <span class='ocrx_word' id='word_1_593' title='bbox 2144 2894 2370 2956; x_wconf 89' lang='lat' dir='ltr'><strong>pareret.</strong></span> <span class='ocrx_word' id='word_1_594' title='bbox 2409 2885 2646 2955; x_wconf 86' lang='lat' dir='ltr'><strong>Implevit</strong></span> <span class='ocrx_word' id='word_1_595' title='bbox 2689 2886 2941 2942; x_wconf 87' lang='lat' dir='ltr'><strong>Solomon</strong></span> <span class='ocrx_word' id='word_1_596' title='bbox 2984 2888 3249 2956; x_wconf 74' lang='lat' dir='ltr'><strong>tediﬁcare</strong></span> <span class='ocrx_word' id='word_1_597' title='bbox 3287 2890 3500 2944; x_wconf 88' lang='lat' dir='ltr'><strong>domum</strong></span> <span class='ocrx_word' id='word_1_598' title='bbox 3526 2891 3645 2947; x_wconf 84' lang='lat' dir='ltr'><strong>Do-</strong></span> 
     </span>
    </p>
   </div>
   <div class='ocr_carea' id='block_1_75' title="bbox 2054 2974 3645 3050">
    <p class='ocr_par' dir='ltr' id='par_1_75' title="bbox 2054 2974 3645 3050">
     <span class='ocr_line' id='line_1_75' title="bbox 2054 2974 3645 3050; baseline 0.004 -21"><span class='ocrx_word' id='word_1_599' title='bbox 2054 2977 2205 3030; x_wconf 84' lang='lat' dir='ltr'><strong>mini.</strong></span> <span class='ocrx_word' id='word_1_600' title='bbox 2252 2974 2548 3031; x_wconf 78' lang='lat' dir='ltr'><strong>Defunctus</strong></span> <span class='ocrx_word' id='word_1_601' title='bbox 2581 2985 2664 3032; x_wconf 85' lang='lat' dir='ltr'><strong>est</strong></span> <span class='ocrx_word' id='word_1_602' title='bbox 2707 2977 2980 3032; x_wconf 82' lang='lat' dir='ltr'><strong>Abraham</strong></span> <span class='ocrx_word' id='word_1_603' title='bbox 3012 2977 3099 3032; x_wconf 89' lang='lat' dir='ltr'><strong>vel</strong></span> <span class='ocrx_word' id='word_1_604' title='bbox 3125 2977 3266 3033; x_wconf 89' lang='lat' dir='ltr'><strong>alius</strong></span> <span class='ocrx_word' id='word_1_605' title='bbox 3296 2979 3492 3047; x_wconf 86' lang='lat' dir='ltr'><strong>aliquis</strong></span> <span class='ocrx_word' id='word_1_606' title='bbox 3539 2997 3645 3050; x_wconf 84' lang='lat' dir='ltr'><strong>pa-</strong></span> 
     </span>
    </p>
   </div>
   <div class='ocr_carea' id='block_1_76' title="bbox 2057 3068 3652 3143">
    <p class='ocr_par' dir='ltr' id='par_1_76' title="bbox 2057 3068 3652 3143">
     <span class='ocr_line' id='line_1_76' title="bbox 2057 3068 3652 3143; baseline 0.003 -20"><span class='ocrx_word' id='word_1_607' title='bbox 2057 3075 2201 3124; x_wconf 87' lang='lat' dir='ltr'><strong>trum</strong></span> <span class='ocrx_word' id='word_1_608' title='bbox 2233 3083 2398 3124; x_wconf 83' lang='lat' dir='ltr'><strong>senex</strong></span> <span class='ocrx_word' id='word_1_609' title='bbox 2430 3079 2485 3124; x_wconf 88' lang='lat' dir='ltr'><strong>et</strong></span> <span class='ocrx_word' id='word_1_610' title='bbox 2509 3068 2691 3138; x_wconf 88' lang='lat' dir='ltr'><strong>plenus</strong></span> <span class='ocrx_word' id='word_1_611' title='bbox 2717 3069 2944 3133; x_wconf 87' lang='lat' dir='ltr'><strong>dierum,</strong></span> <span class='ocrx_word' id='word_1_612' title='bbox 2987 3077 3045 3124; x_wconf 91' lang='lat' dir='ltr'><strong>et</strong></span> <span class='ocrx_word' id='word_1_613' title='bbox 3077 3081 3349 3140; x_wconf 81' lang='lat' dir='ltr'><strong>postquam</strong></span> <span class='ocrx_word' id='word_1_614' title='bbox 3379 3073 3511 3126; x_wconf 79' lang='lat' dir='ltr'><strong>venit</strong></span> <span class='ocrx_word' id='word_1_615' title='bbox 3541 3073 3652 3143; x_wconf 82' lang='lat' dir='ltr'><strong>ple-</strong></span> 
     </span>
    </p>
   </div>
   <div class='ocr_carea' id='block_1_77' title="bbox 2057 3156 3652 3228">
    <p class='ocr_par' dir='ltr' id='par_1_77' title="bbox 2057 3156 3652 3228">
     <span class='ocr_line' id='line_1_77' title="bbox 2057 3156 3652 3228; baseline 0.004 -17"><span class='ocrx_word' id='word_1_616' title='bbox 2057 3156 2242 3211; x_wconf 85' lang='lat' dir='ltr'><strong>nitudo</strong></span> <span class='ocrx_word' id='word_1_617' title='bbox 2275 3159 2539 3228; x_wconf 68' lang='lat' dir='ltr'><strong>temporis,</strong></span> <span class='ocrx_word' id='word_1_618' title='bbox 2576 3159 2717 3214; x_wconf 81' lang='lat' dir='ltr'><strong>misit</strong></span> <span class='ocrx_word' id='word_1_619' title='bbox 2763 3159 3106 3214; x_wconf 75' lang='lat' dir='ltr'><strong>Deusl&#39;ilium</strong></span> <span class='ocrx_word' id='word_1_620' title='bbox 3128 3176 3306 3227; x_wconf 88' lang='lat' dir='ltr'><strong>suum,</strong></span> <span class='ocrx_word' id='word_1_621' title='bbox 3348 3170 3403 3215; x_wconf 89' lang='lat' dir='ltr'><strong>at</strong></span> <span class='ocrx_word' id='word_1_622' title='bbox 3449 3172 3652 3218; x_wconf 79' lang='lat' dir='ltr'><strong>contra</strong></span> 
     </span>
    </p>
   </div>
   <div class='ocr_carea' id='block_1_78' title="bbox 2057 3247 3756 3319">
    <p class='ocr_par' dir='ltr' id='par_1_78' title="bbox 2057 3247 3756 3319">
     <span class='ocr_line' id='line_1_78' title="bbox 2057 3247 3756 3319; baseline 0.004 -17"><span class='ocrx_word' id='word_1_623' title='bbox 2057 3247 2172 3302; x_wconf 86' lang='lat' dir='ltr'><strong>dies</strong></span> <span class='ocrx_word' id='word_1_624' title='bbox 2219 3247 2506 3319; x_wconf 88' lang='lat' dir='ltr'><strong>impiorum</strong></span> <span class='ocrx_word' id='word_1_625' title='bbox 2558 3248 2780 3315; x_wconf 88' lang='lat' dir='ltr'><strong>inanes,</strong></span> <span class='ocrx_word' id='word_1_626' title='bbox 2824 3258 2880 3303; x_wconf 89' lang='lat' dir='ltr'><strong>et</strong></span> <span class='ocrx_word' id='word_1_627' title='bbox 2918 3251 3113 3315; x_wconf 88' lang='lat' dir='ltr'><strong>vacui;</strong></span> <span class='ocrx_word' id='word_1_628' title='bbox 3162 3252 3259 3304; x_wconf 81' lang='lat' dir='ltr'><strong>viri</strong></span> <span class='ocrx_word' id='word_1_629' title='bbox 3315 3253 3463 3306; x_wconf 91' lang='lat' dir='ltr'><strong>enim</strong></span> <span class='ocrx_word' id='word_1_630' title='bbox 3509 3269 3652 3307; x_wconf 79' lang='lat' dir='ltr'><strong>san-</strong></span> <span class='ocrx_word' id='word_1_631' title='bbox 3733 3252 3756 3260; x_wconf 69' lang='grc'><em>“</em></span> 
     </span>
    </p>
   </div>
   <div class='ocr_carea' id='block_1_79' title="bbox 2055 3337 3658 3414">
    <p class='ocr_par' dir='ltr' id='par_1_79' title="bbox 2055 3337 3658 3414">
     <span class='ocr_line' id='line_1_79' title="bbox 2055 3337 3658 3414; baseline 0.003 -24"><span class='ocrx_word' id='word_1_632' title='bbox 2055 3338 2273 3406; x_wconf 87' lang='lat' dir='ltr'><strong>guinum</strong></span> <span class='ocrx_word' id='word_1_633' title='bbox 2312 3347 2361 3391; x_wconf 89' lang='lat' dir='ltr'><strong>et</strong></span> <span class='ocrx_word' id='word_1_634' title='bbox 2395 3337 2565 3393; x_wconf 77' lang='lat' dir='ltr'><strong>dolosi</strong></span> <span class='ocrx_word' id='word_1_635' title='bbox 2607 3355 2712 3393; x_wconf 87' lang='lat' dir='ltr'><strong>non</strong></span> <span class='ocrx_word' id='word_1_636' title='bbox 2747 3339 3099 3394; x_wconf 81' lang='lat' dir='ltr'><strong>dimidiabunt</strong></span> <span class='ocrx_word' id='word_1_637' title='bbox 3141 3342 3253 3394; x_wconf 85' lang='lat' dir='ltr'><strong>dies</strong></span> <span class='ocrx_word' id='word_1_638' title='bbox 3291 3358 3416 3396; x_wconf 87' lang='lat' dir='ltr'><strong>suos</strong></span> <span class='ocrx_word' id='word_1_639' title='bbox 3461 3340 3658 3414; x_wconf 83' lang='lat' dir='ltr'><strong>(Psal..</strong></span> 
     </span>
    </p>
   </div>
   <div class='ocr_carea' id='block_1_80' title="bbox 2056 3428 2198 3499">
    <p class='ocr_par' dir='ltr' id='par_1_80' title="bbox 2056 3428 2198 3499">
     <span class='ocr_line' id='line_1_80' title="bbox 2056 3428 2198 3499; baseline -0.014 -18"><span class='ocrx_word' id='word_1_640' title='bbox 2056 3428 2198 3499; x_wconf 79' lang='grc' dir='ltr'><strong>ων).</strong></span> 
     </span>
    </p>
   </div>
   <div class='ocr_carea' id='block_1_81' title="bbox 2129 3518 3650 3596">
    <p class='ocr_par' dir='ltr' id='par_1_81' title="bbox 2129 3518 3650 3596">
     <span class='ocr_line' id='line_1_81' title="bbox 2129 3518 3650 3596; baseline 0.005 -23"><span class='ocrx_word' id='word_1_641' title='bbox 2129 3518 2196 3572; x_wconf 88' lang='lat' dir='ltr'><strong>Et</strong></span> <span class='ocrx_word' id='word_1_642' title='bbox 2221 3520 2506 3575; x_wconf 89' lang='lat' dir='ltr'><strong>audierunt</strong></span> <span class='ocrx_word' id='word_1_643' title='bbox 2535 3521 2690 3575; x_wconf 82' lang='lat' dir='ltr'><strong>vicini</strong></span> <span class='ocrx_word' id='word_1_644' title='bbox 2730 3532 2779 3577; x_wconf 89' lang='lat' dir='ltr'><strong>et</strong></span> <span class='ocrx_word' id='word_1_645' title='bbox 2819 3525 3028 3593; x_wconf 79' lang='lat' dir='ltr'><strong>cognati</strong></span> <span class='ocrx_word' id='word_1_646' title='bbox 3069 3525 3209 3594; x_wconf 87' lang='lat' dir='ltr'><strong>ejus,</strong></span> <span class='ocrx_word' id='word_1_647' title='bbox 3234 3527 3360 3596; x_wconf 83' lang='lat' dir='ltr'><strong>quia</strong></span> <span class='ocrx_word' id='word_1_648' title='bbox 3394 3527 3650 3596; x_wconf 80' lang='lat' dir='ltr'><strong>magni/i-</strong></span> 
     </span>
    </p>
   </div>
   <div class='ocr_carea' id='block_1_82' title="bbox 2056 3596 3653 3680">
    <p class='ocr_par' dir='ltr' id='par_1_82' title="bbox 2056 3596 3653 3680">
     <span class='ocr_line' id='line_1_82' title="bbox 2056 3596 3653 3680; baseline 0.004 -17"><span class='ocrx_word' id='word_1_649' title='bbox 2056 3611 2189 3663; x_wconf 85' lang='lat' dir='ltr'><strong>cavit</strong></span> <span class='ocrx_word' id='word_1_650' title='bbox 2217 3609 2475 3665; x_wconf 86' lang='lat' dir='ltr'><strong>Dominus</strong></span> <span class='ocrx_word' id='word_1_651' title='bbox 2522 3596 2937 3668; x_wconf 72' lang='lat' dir='ltr'><strong>misericordiam</strong></span> <span class='ocrx_word' id='word_1_652' title='bbox 2966 3631 3119 3668; x_wconf 87' lang='lat' dir='ltr'><strong>suam</strong></span> <span class='ocrx_word' id='word_1_653' title='bbox 3147 3631 3265 3668; x_wconf 87' lang='lat' dir='ltr'><strong>cum</strong></span> <span class='ocrx_word' id='word_1_654' title='bbox 3301 3615 3415 3680; x_wconf 86' lang='lat' dir='ltr'><strong>illa,</strong></span> <span class='ocrx_word' id='word_1_655' title='bbox 3443 3628 3492 3670; x_wconf 86' lang='lat' dir='ltr'><strong>et</strong></span> <span class='ocrx_word' id='word_1_656' title='bbox 3519 3635 3653 3672; x_wconf 86' lang='lat' dir='ltr'><strong>con-</strong></span> 
     </span>
    </p>
   </div>
   <div class='ocr_carea' id='block_1_83' title="bbox 2054 3699 3651 3772">
    <p class='ocr_par' dir='ltr' id='par_1_83' title="bbox 2054 3699 3651 3772">
     <span class='ocr_line' id='line_1_83' title="bbox 2054 3699 3651 3772; baseline 0.007 -21"><span class='ocrx_word' id='word_1_657' title='bbox 2054 3699 2458 3768; x_wconf 85' lang='lat' dir='ltr'><strong>gratulabantur</strong></span> <span class='ocrx_word' id='word_1_658' title='bbox 2492 3703 2539 3755; x_wconf 84' lang='lat' dir='ltr'><strong>ei</strong></span> <span class='ocrx_word' id='word_1_659' title='bbox 2568 3700 2670 3772; x_wconf 87' lang='lat' dir='ltr'><strong>(Ex</strong></span> <span class='ocrx_word' id='word_1_660' title='bbox 2695 3701 2950 3772; x_wconf 83' lang='lat' dir='ltr'><strong>August.)</strong></span> <span class='ocrx_word' id='word_1_661' title='bbox 2981 3703 3155 3758; x_wconf 80' lang='lat' dir='ltr'><strong>liabet</strong></span> <span class='ocrx_word' id='word_1_662' title='bbox 3185 3714 3503 3760; x_wconf 87' lang='lat' dir='ltr'><strong>sanctorum</strong></span> <span class='ocrx_word' id='word_1_663' title='bbox 3531 3709 3651 3762; x_wconf 82' lang='lat' dir='ltr'><strong>edi-</strong></span> 
     </span>
    </p>
   </div>
   <div class='ocr_carea' id='block_1_84' title="bbox 2058 3787 3658 3861">
    <p class='ocr_par' dir='ltr' id='par_1_84' title="bbox 2058 3787 3658 3861">
     <span class='ocr_line' id='line_1_84' title="bbox 2058 3787 3658 3861; baseline 0.007 -20"><span class='ocrx_word' id='word_1_664' title='bbox 2058 3787 2132 3842; x_wconf 92' lang='lat' dir='ltr'><strong>tio</strong></span> <span class='ocrx_word' id='word_1_665' title='bbox 2169 3788 2409 3844; x_wconf 66' lang='lat' dir='ltr'><strong>lanitium</strong></span> <span class='ocrx_word' id='word_1_666' title='bbox 2435 3790 2811 3860; x_wconf 82' lang='lat' dir='ltr'><strong>plurimorum,</strong></span> <span class='ocrx_word' id='word_1_667' title='bbox 2838 3793 2963 3861; x_wconf 89' lang='lat' dir='ltr'><strong>quia</strong></span> <span class='ocrx_word' id='word_1_668' title='bbox 2991 3808 3277 3848; x_wconf 89' lang='lat' dir='ltr'><strong>commune</strong></span> <span class='ocrx_word' id='word_1_669' title='bbox 3303 3806 3386 3850; x_wconf 89' lang='lat' dir='ltr'><strong>est</strong></span> <span class='ocrx_word' id='word_1_670' title='bbox 3414 3796 3658 3852; x_wconf 63' lang='lat' dir='ltr'><strong>bonum.</strong></span> 
     </span>
    </p>
   </div>
   <div class='ocr_carea' id='block_1_85' title="bbox 2055 3875 3650 3948">
    <p class='ocr_par' dir='ltr' id='par_1_85' title="bbox 2055 3875 3650 3948">
     <span class='ocr_line' id='line_1_85' title="bbox 2055 3875 3650 3948; baseline 0.007 -17"><span class='ocrx_word' id='word_1_671' title='bbox 2055 3875 2270 3932; x_wconf 71' lang='lat' dir='ltr'><strong>Iustitia</strong></span> <span class='ocrx_word' id='word_1_672' title='bbox 2309 3881 2456 3934; x_wconf 86' lang='lat' dir='ltr'><strong>enim</strong></span> <span class='ocrx_word' id='word_1_673' title='bbox 2498 3883 2800 3936; x_wconf 87' lang='lat' dir='ltr'><strong>communis</strong></span> <span class='ocrx_word' id='word_1_674' title='bbox 2838 3889 2922 3936; x_wconf 92' lang='lat' dir='ltr'><strong>est</strong></span> <span class='ocrx_word' id='word_1_675' title='bbox 2965 3883 3158 3948; x_wconf 86' lang='lat' dir='ltr'><strong>virtus,</strong></span> <span class='ocrx_word' id='word_1_676' title='bbox 3191 3892 3246 3938; x_wconf 90' lang='lat' dir='ltr'><strong>et</strong></span> <span class='ocrx_word' id='word_1_677' title='bbox 3279 3885 3400 3940; x_wconf 88' lang='lat' dir='ltr'><strong>ideo</strong></span> <span class='ocrx_word' id='word_1_678' title='bbox 3431 3887 3486 3940; x_wconf 81' lang='lat' dir='ltr'><strong>in</strong></span> <span class='ocrx_word' id='word_1_679' title='bbox 3518 3897 3650 3942; x_wconf 91' lang='lat' dir='ltr'><strong>ortu</strong></span> 
     </span>
    </p>
   </div>
   <div class='ocr_carea' id='block_1_86' title="bbox 2047 3966 3651 4047">
    <p class='ocr_par' dir='ltr' id='par_1_86' title="bbox 2047 3966 3651 4047">
     <span class='ocr_line' id='line_1_86' title="bbox 2047 3966 3651 4047; baseline 0.008 -26"><span class='ocrx_word' id='word_1_680' title='bbox 2047 3966 2180 4035; x_wconf 85' lang='lat' dir='ltr'><strong>justi</strong></span> <span class='ocrx_word' id='word_1_681' title='bbox 2212 3969 2405 4024; x_wconf 70' lang='lat' dir='ltr'><strong>futurae</strong></span> <span class='ocrx_word' id='word_1_682' title='bbox 2438 3972 2561 4026; x_wconf 64' lang='lat' dir='ltr'><strong>vita:</strong></span> <span class='ocrx_word' id='word_1_683' title='bbox 2606 3973 2819 4043; x_wconf 88' lang='lat' dir='ltr'><strong>insigne</strong></span> <span class='ocrx_word' id='word_1_684' title='bbox 2863 3973 3218 4043; x_wconf 86' lang='lat' dir='ltr'><strong>promittitur,</strong></span> <span class='ocrx_word' id='word_1_685' title='bbox 3247 3985 3302 4029; x_wconf 91' lang='lat' dir='ltr'><strong>et</strong></span> <span class='ocrx_word' id='word_1_686' title='bbox 3342 3978 3525 4047; x_wconf 87' lang='lat' dir='ltr'><strong>gratia</strong></span> <span class='ocrx_word' id='word_1_687' title='bbox 3561 3993 3651 4033; x_wconf 87' lang='lat' dir='ltr'><strong>se-</strong></span> 
     </span>
    </p>
   </div>
   <div class='ocr_carea' id='block_1_87' title="bbox 2055 4059 3651 4137">
    <p class='ocr_par' dir='ltr' id='par_1_87' title="bbox 2055 4059 3651 4137">
     <span class='ocr_line' id='line_1_87' title="bbox 2055 4059 3651 4137; baseline 0.008 -25"><span class='ocrx_word' id='word_1_688' title='bbox 2055 4067 2246 4112; x_wconf 90' lang='lat' dir='ltr'><strong>cutura</strong></span> <span class='ocrx_word' id='word_1_689' title='bbox 2270 4059 2484 4114; x_wconf 89' lang='lat' dir='ltr'><strong>virtutis</strong></span> <span class='ocrx_word' id='word_1_690' title='bbox 2513 4061 2882 4118; x_wconf 77' lang='lat' dir='ltr'><strong>exsultatione</strong></span> <span class='ocrx_word' id='word_1_691' title='bbox 2907 4063 3212 4120; x_wconf 87' lang='lat' dir='ltr'><strong>vicinorum</strong></span> <span class='ocrx_word' id='word_1_692' title='bbox 3254 4066 3651 4137; x_wconf 69' lang='lat' dir='ltr'><strong>prmligurante</strong></span> 
     </span>
    </p>
   </div>
   <div class='ocr_carea' id='block_1_88' title="bbox 2055 4147 2316 4216">
    <p class='ocr_par' dir='ltr' id='par_1_88' title="bbox 2055 4147 2316 4216">
     <span class='ocr_line' id='line_1_88' title="bbox 2055 4147 2316 4216; baseline 0.008 -16"><span class='ocrx_word' id='word_1_693' title='bbox 2055 4147 2316 4216; x_wconf 88' lang='lat' dir='ltr'><strong>signatur.</strong></span> 
     </span>
    </p>
   </div>
   <div class='ocr_carea' id='block_1_89' title="bbox 2125 4236 3651 4309">
    <p class='ocr_par' dir='ltr' id='par_1_89' title="bbox 2125 4236 3651 4309">
     <span class='ocr_line' id='line_1_89' title="bbox 2125 4236 3651 4309; baseline 0.01 -20"><span class='ocrx_word' id='word_1_694' title='bbox 2125 4236 2196 4290; x_wconf 88' lang='lat' dir='ltr'><strong>Et</strong></span> <span class='ocrx_word' id='word_1_695' title='bbox 2221 4237 2420 4306; x_wconf 81' lang='lat' dir='ltr'><strong>factum</strong></span> <span class='ocrx_word' id='word_1_696' title='bbox 2442 4249 2517 4294; x_wconf 85' lang='lat' dir='ltr'><strong>est</strong></span> <span class='ocrx_word' id='word_1_697' title='bbox 2546 4241 2602 4294; x_wconf 89' lang='lat' dir='ltr'><strong>in</strong></span> <span class='ocrx_word' id='word_1_698' title='bbox 2628 4241 2715 4296; x_wconf 90' lang='lat' dir='ltr'><strong>die</strong></span> <span class='ocrx_word' id='word_1_699' title='bbox 2749 4251 2952 4309; x_wconf 82' lang='lat' dir='ltr'><strong>octaua,</strong></span> <span class='ocrx_word' id='word_1_700' title='bbox 2984 4255 3235 4298; x_wconf 86' lang='lat' dir='ltr'><strong>venerunt</strong></span> <span class='ocrx_word' id='word_1_701' title='bbox 3263 4246 3651 4304; x_wconf 78' lang='lat' dir='ltr'><strong>circumcidere</strong></span> 
     </span>
    </p>
   </div>
   <div class='ocr_carea' id='block_1_90' title="bbox 2052 4333 3648 4407">
    <p class='ocr_par' dir='ltr' id='par_1_90' title="bbox 2052 4333 3648 4407">
     <span class='ocr_line' id='line_1_90' title="bbox 2052 4333 3648 4407; baseline 0.008 -24"><span class='ocrx_word' id='word_1_702' title='bbox 2052 4346 2273 4400; x_wconf 89' lang='lat' dir='ltr'><strong>puerum</strong></span> <span class='ocrx_word' id='word_1_703' title='bbox 2295 4341 2344 4386; x_wconf 90' lang='lat' dir='ltr'><strong>et</strong></span> <span class='ocrx_word' id='word_1_704' title='bbox 2369 4333 2616 4386; x_wconf 84' lang='lat' dir='ltr'><strong>vocabant</strong></span> <span class='ocrx_word' id='word_1_705' title='bbox 2639 4351 2757 4388; x_wconf 87' lang='lat' dir='ltr'><strong>eum</strong></span> <span class='ocrx_word' id='word_1_706' title='bbox 2779 4337 2986 4390; x_wconf 85' lang='lat' dir='ltr'><strong>nomine</strong></span> <span class='ocrx_word' id='word_1_707' title='bbox 3007 4337 3172 4407; x_wconf 82' lang='lat' dir='ltr'><strong>patris</strong></span> <span class='ocrx_word' id='word_1_708' title='bbox 3194 4338 3277 4392; x_wconf 87' lang='lat' dir='ltr'><strong>sui</strong></span> <span class='ocrx_word' id='word_1_709' title='bbox 3292 4336 3648 4405; x_wconf 83' lang='lat' dir='ltr'><strong>Zachariam,</strong></span> 
     </span>
    </p>
   </div>
   <div class='ocr_carea' id='block_1_91' title="bbox 2054 4421 3656 4496">
    <p class='ocr_par' dir='ltr' id='par_1_91' title="bbox 2054 4421 3656 4496">
     <span class='ocr_line' id='line_1_91' title="bbox 2054 4421 3656 4496; baseline 0.008 -26"><span class='ocrx_word' id='word_1_710' title='bbox 2054 4428 2102 4471; x_wconf 88' lang='lat' dir='ltr'><strong>et</strong></span> <span class='ocrx_word' id='word_1_711' title='bbox 2135 4421 2447 4489; x_wconf 81' lang='lat' dir='ltr'><strong>respondens</strong></span> <span class='ocrx_word' id='word_1_712' title='bbox 2476 4433 2644 4476; x_wconf 89' lang='lat' dir='ltr'><strong>mater</strong></span> <span class='ocrx_word' id='word_1_713' title='bbox 2670 4424 2784 4493; x_wconf 87' lang='lat' dir='ltr'><strong>ejus</strong></span> <span class='ocrx_word' id='word_1_714' title='bbox 2807 4424 2940 4479; x_wconf 72' lang='lat' dir='ltr'><strong>dixit</strong></span> <span class='ocrx_word' id='word_1_715' title='bbox 2956 4439 2974 4476; x_wconf 91' lang='lat'><em>:</em></span> <span class='ocrx_word' id='word_1_716' title='bbox 3001 4441 3350 4496; x_wconf 82' lang='lat' dir='ltr'><strong>nequaquam,</strong></span> <span class='ocrx_word' id='word_1_717' title='bbox 3373 4428 3468 4481; x_wconf 86' lang='lat' dir='ltr'><strong>sed</strong></span> <span class='ocrx_word' id='word_1_718' title='bbox 3489 4444 3656 4482; x_wconf 64' lang='grc' dir='ltr'><strong>εοεαε</strong></span> 
     </span>
    </p>
   </div>
   <div class='ocr_carea' id='block_1_92' title="bbox 378 4502 3649 4584">
    <p class='ocr_par' dir='ltr' id='par_1_92' title="bbox 378 4502 3649 4584">
     <span class='ocr_line' id='line_1_92' title="bbox 378 4502 3649 4584; baseline 0 -14"><span class='ocrx_word' id='word_1_719' title='bbox 378 4515 696 4570; x_wconf 67' lang='lat' dir='ltr'><strong>idololatria:</strong></span> <span class='ocrx_word' id='word_1_720' title='bbox 731 4514 943 4583; x_wconf 80' lang='lat' dir='ltr'><strong>iacebat</strong></span> <span class='ocrx_word' id='word_1_721' title='bbox 990 4516 1287 4580; x_wconf 86' lang='lat' dir='ltr'><strong>erroribus,</strong></span> <span class='ocrx_word' id='word_1_722' title='bbox 1315 4524 1370 4570; x_wconf 93' lang='lat' dir='ltr'><strong>et</strong></span> <span class='ocrx_word' id='word_1_723' title='bbox 1397 4516 1694 4584; x_wconf 84' lang='lat' dir='ltr'><strong>possidebit</strong></span> <span class='ocrx_word' id='word_1_724' title='bbox 1726 4515 1951 4570; x_wconf 66' lang='lat' dir='ltr'><strong>hzerelli-</strong></span> <span class='ocrx_word' id='word_1_725' title='bbox 1975 4502 2029 4560; x_wconf 85' lang='lat' dir='ltr'><strong>D</strong></span> <span class='ocrx_word' id='word_1_726' title='bbox 2054 4506 2192 4559; x_wconf 71' lang='lat' dir='ltr'><strong>bitur</strong></span> <span class='ocrx_word' id='word_1_727' title='bbox 2230 4506 2484 4563; x_wconf 74' lang='lat' dir='ltr'><strong>Joannes.</strong></span> <span class='ocrx_word' id='word_1_728' title='bbox 2516 4509 2648 4565; x_wconf 80' lang='lat' dir='ltr'><strong>Mire</strong></span> <span class='ocrx_word' id='word_1_729' title='bbox 2682 4521 2906 4567; x_wconf 87' lang='lat' dir='ltr'><strong>sanctus</strong></span> <span class='ocrx_word' id='word_1_730' title='bbox 2928 4514 3259 4584; x_wconf 79' lang='lat' dir='ltr'><strong>evangelista</strong></span> <span class='ocrx_word' id='word_1_731' title='bbox 3298 4517 3649 4584; x_wconf 55' lang='lat' dir='ltr'><strong>praemitten-</strong></span> 
     </span>
    </p>
   </div>
   <div class='ocr_carea' id='block_1_93' title="bbox 378 4605 1954 4674">
    <p class='ocr_par' dir='ltr' id='par_1_93' title="bbox 378 4605 1954 4674">
     <span class='ocr_line' id='line_1_93' title="bbox 378 4605 1954 4674; baseline -0.001 -14"><span class='ocrx_word' id='word_1_732' title='bbox 378 4615 519 4660; x_wconf 86' lang='lat' dir='ltr'><strong>tates</strong></span> <span class='ocrx_word' id='word_1_733' title='bbox 543 4606 856 4674; x_wconf 86' lang='lat' dir='ltr'><strong>dissipatas,</strong></span> <span class='ocrx_word' id='word_1_734' title='bbox 886 4619 1007 4672; x_wconf 59' lang='lat' dir='ltr'><strong>quae</strong></span> <span class='ocrx_word' id='word_1_735' title='bbox 1033 4605 1392 4658; x_wconf 86' lang='lat' dir='ltr'><strong>habitatorem</strong></span> <span class='ocrx_word' id='word_1_736' title='bbox 1422 4620 1530 4658; x_wconf 88' lang='lat' dir='ltr'><strong>non</strong></span> <span class='ocrx_word' id='word_1_737' title='bbox 1563 4605 1833 4659; x_wconf 84' lang='lat' dir='ltr'><strong>habebant</strong></span> <span class='ocrx_word' id='word_1_738' title='bbox 1860 4605 1954 4659; x_wconf 87' lang='lat' dir='ltr'><strong>do-</strong></span> 
     </span>
    </p>
   </div>
   <div class='ocr_carea' id='block_1_94' title="bbox 378 4692 1950 4763">
    <p class='ocr_par' dir='ltr' id='par_1_94' title="bbox 378 4692 1950 4763">
     <span class='ocr_line' id='line_1_94' title="bbox 378 4692 1950 4763; baseline -0.003 -13"><span class='ocrx_word' id='word_1_739' title='bbox 378 4697 604 4761; x_wconf 90' lang='lat' dir='ltr'><strong>minum,</strong></span> <span class='ocrx_word' id='word_1_740' title='bbox 634 4703 688 4749; x_wconf 92' lang='lat' dir='ltr'><strong>et</strong></span> <span class='ocrx_word' id='word_1_741' title='bbox 716 4694 847 4748; x_wconf 90' lang='lat' dir='ltr'><strong>dicit</strong></span> <span class='ocrx_word' id='word_1_742' title='bbox 880 4693 987 4758; x_wconf 90' lang='lat' dir='ltr'><strong>his,</strong></span> <span class='ocrx_word' id='word_1_743' title='bbox 1017 4693 1110 4761; x_wconf 89' lang='lat' dir='ltr'><strong>qui</strong></span> <span class='ocrx_word' id='word_1_744' title='bbox 1150 4701 1496 4763; x_wconf 88' lang='lat' dir='ltr'><strong>peccatorum</strong></span> <span class='ocrx_word' id='word_1_745' title='bbox 1526 4692 1754 4746; x_wconf 87' lang='lat' dir='ltr'><strong>vinculis</strong></span> <span class='ocrx_word' id='word_1_746' title='bbox 1784 4692 1950 4746; x_wconf 89' lang='lat' dir='ltr'><strong>strin-</strong></span> 
     </span>
    </p>
   </div>
   <div class='ocr_carea' id='block_1_95' title="bbox 378 4781 1952 4857">
    <p class='ocr_par' dir='ltr' id='par_1_95' title="bbox 378 4781 1952 4857">
     <span class='ocr_line' id='line_1_95' title="bbox 378 4781 1952 4857; baseline -0.003 -18"><span class='ocrx_word' id='word_1_747' title='bbox 378 4786 678 4857; x_wconf 87' lang='lat' dir='ltr'><strong>gebantur:</strong></span> <span class='ocrx_word' id='word_1_748' title='bbox 710 4782 894 4850; x_wconf 87' lang='lat' dir='ltr'><strong>Exite,</strong></span> <span class='ocrx_word' id='word_1_749' title='bbox 923 4783 1049 4852; x_wconf 89' lang='lat' dir='ltr'><strong>quia</strong></span> <span class='ocrx_word' id='word_1_750' title='bbox 1095 4781 1316 4836; x_wconf 89' lang='lat' dir='ltr'><strong>funibus</strong></span> <span class='ocrx_word' id='word_1_751' title='bbox 1354 4789 1699 4851; x_wconf 86' lang='lat' dir='ltr'><strong>peccatorum</strong></span> <span class='ocrx_word' id='word_1_752' title='bbox 1731 4796 1952 4836; x_wconf 90' lang='lat' dir='ltr'><strong>suorum</strong></span> 
     </span>
    </p>
   </div>
   <div class='ocr_carea' id='block_1_96' title="bbox 378 4874 1955 4946">
    <p class='ocr_par' dir='ltr' id='par_1_96' title="bbox 378 4874 1955 4946">
     <span class='ocr_line' id='line_1_96' title="bbox 378 4874 1955 4946; baseline -0.002 -13"><span class='ocrx_word' id='word_1_753' title='bbox 378 4877 748 4946; x_wconf 88' lang='lat' dir='ltr'><strong>unusquisque</strong></span> <span class='ocrx_word' id='word_1_754' title='bbox 773 4875 1181 4946; x_wconf 87' lang='lat' dir='ltr'><strong>constringitur,</strong></span> <span class='ocrx_word' id='word_1_755' title='bbox 1207 4885 1262 4929; x_wconf 90' lang='lat' dir='ltr'><strong>et</strong></span> <span class='ocrx_word' id='word_1_756' title='bbox 1286 4875 1370 4928; x_wconf 89' lang='lat' dir='ltr'><strong>his</strong></span> <span class='ocrx_word' id='word_1_757' title='bbox 1394 4874 1487 4943; x_wconf 90' lang='lat' dir='ltr'><strong>qui</strong></span> <span class='ocrx_word' id='word_1_758' title='bbox 1515 4875 1774 4929; x_wconf 85' lang='lat' dir='ltr'><strong>sedebant</strong></span> <span class='ocrx_word' id='word_1_759' title='bbox 1798 4875 1851 4929; x_wconf 89' lang='lat' dir='ltr'><strong>in</strong></span> <span class='ocrx_word' id='word_1_760' title='bbox 1883 4883 1955 4930; x_wconf 88' lang='lat' dir='ltr'><strong>to-</strong></span> 
     </span>
    </p>
   </div>
   <div class='ocr_carea' id='block_1_97' title="bbox 378 4964 1951 5034">
    <p class='ocr_par' dir='ltr' id='par_1_97' title="bbox 378 4964 1951 5034">
     <span class='ocr_line' id='line_1_97' title="bbox 378 4964 1951 5034; baseline -0.001 -13"><span class='ocrx_word' id='word_1_761' title='bbox 378 4966 583 5032; x_wconf 88' lang='lat' dir='ltr'><strong>nebris,</strong></span> <span class='ocrx_word' id='word_1_762' title='bbox 616 4976 672 5021; x_wconf 92' lang='lat' dir='ltr'><strong>et</strong></span> <span class='ocrx_word' id='word_1_763' title='bbox 713 4967 888 5021; x_wconf 89' lang='lat' dir='ltr'><strong>lucem</strong></span> <span class='ocrx_word' id='word_1_764' title='bbox 919 4966 1103 5020; x_wconf 89' lang='lat' dir='ltr'><strong>videre</strong></span> <span class='ocrx_word' id='word_1_765' title='bbox 1134 4979 1241 5019; x_wconf 90' lang='lat' dir='ltr'><strong>non</strong></span> <span class='ocrx_word' id='word_1_766' title='bbox 1272 4970 1550 5034; x_wconf 87' lang='lat' dir='ltr'><strong>poterant,</strong></span> <span class='ocrx_word' id='word_1_767' title='bbox 1577 4964 1690 5020; x_wconf 89' lang='lat' dir='ltr'><strong>ait:</strong></span> <span class='ocrx_word' id='word_1_768' title='bbox 1724 4965 1951 5020; x_wconf 69' lang='lat' dir='ltr'><strong>ReVela-</strong></span> 
     </span>
    </p>
   </div>
   <div class='ocr_carea' id='block_1_98' title="bbox 378 5055 1953 5128">
    <p class='ocr_par' dir='ltr' id='par_1_98' title="bbox 378 5055 1953 5128">
     <span class='ocr_line' id='line_1_98' title="bbox 378 5055 1953 5128; baseline -0.003 -13"><span class='ocrx_word' id='word_1_769' title='bbox 378 5059 533 5124; x_wconf 88' lang='lat' dir='ltr'><strong>mini,</strong></span> <span class='ocrx_word' id='word_1_770' title='bbox 564 5060 619 5113; x_wconf 91' lang='lat' dir='ltr'><strong>hi</strong></span> <span class='ocrx_word' id='word_1_771' title='bbox 653 5059 798 5115; x_wconf 88' lang='lat' dir='ltr'><strong>enim</strong></span> <span class='ocrx_word' id='word_1_772' title='bbox 826 5073 1015 5113; x_wconf 91' lang='lat' dir='ltr'><strong>omnes</strong></span> <span class='ocrx_word' id='word_1_773' title='bbox 1057 5066 1341 5128; x_wconf 86' lang='lat' dir='ltr'><strong>postquam</strong></span> <span class='ocrx_word' id='word_1_774' title='bbox 1371 5057 1616 5112; x_wconf 91' lang='lat' dir='ltr'><strong>conversi</strong></span> <span class='ocrx_word' id='word_1_775' title='bbox 1651 5055 1869 5121; x_wconf 89' lang='lat' dir='ltr'><strong>fuerint,</strong></span> <span class='ocrx_word' id='word_1_776' title='bbox 1896 5064 1953 5112; x_wconf 92' lang='lat' dir='ltr'><strong>et</strong></span> 
     </span>
    </p>
   </div>
   <div class='ocr_carea' id='block_1_99' title="bbox 377 5147 1952 5218">
    <p class='ocr_par' dir='ltr' id='par_1_99' title="bbox 377 5147 1952 5218">
     <span class='ocr_line' id='line_1_99' title="bbox 377 5147 1952 5218; baseline -0.003 -11"><span class='ocrx_word' id='word_1_777' title='bbox 377 5151 583 5207; x_wconf 88' lang='lat' dir='ltr'><strong>clarum</strong></span> <span class='ocrx_word' id='word_1_778' title='bbox 617 5149 796 5203; x_wconf 89' lang='lat' dir='ltr'><strong>lumen</strong></span> <span class='ocrx_word' id='word_1_779' title='bbox 824 5147 1026 5204; x_wconf 86' lang='lat' dir='ltr'><strong>Christi</strong></span> <span class='ocrx_word' id='word_1_780' title='bbox 1053 5148 1385 5218; x_wconf 80' lang='lat' dir='ltr'><strong>aspexerint,</strong></span> <span class='ocrx_word' id='word_1_781' title='bbox 1421 5155 1711 5217; x_wconf 88' lang='lat' dir='ltr'><strong>pascentur</strong></span> <span class='ocrx_word' id='word_1_782' title='bbox 1751 5147 1807 5201; x_wconf 93' lang='lat' dir='ltr'><strong>in</strong></span> <span class='ocrx_word' id='word_1_783' title='bbox 1849 5147 1952 5203; x_wconf 88' lang='lat' dir='ltr'><strong>viis</strong></span> 
     </span>
    </p>
   </div>
   <div class='ocr_carea' id='block_1_100' title="bbox 379 5237 1953 5309">
    <p class='ocr_par' dir='ltr' id='par_1_100' title="bbox 379 5237 1953 5309">
     <span class='ocr_line' id='line_1_100' title="bbox 379 5237 1953 5309; baseline -0.003 -13"><span class='ocrx_word' id='word_1_784' title='bbox 379 5251 434 5296; x_wconf 88' lang='lat' dir='ltr'><strong>et</strong></span> <span class='ocrx_word' id='word_1_785' title='bbox 469 5241 677 5297; x_wconf 87' lang='lat' dir='ltr'><strong>semitis</strong></span> <span class='ocrx_word' id='word_1_786' title='bbox 721 5255 1000 5296; x_wconf 84' lang='lat' dir='ltr'><strong>sacrarum</strong></span> <span class='ocrx_word' id='word_1_787' title='bbox 1028 5239 1468 5309; x_wconf 86' lang='lat' dir='ltr'><strong>Scripturarum,</strong></span> <span class='ocrx_word' id='word_1_788' title='bbox 1511 5247 1568 5294; x_wconf 89' lang='lat' dir='ltr'><strong>et</strong></span> <span class='ocrx_word' id='word_1_789' title='bbox 1595 5237 1813 5294; x_wconf 87' lang='lat' dir='ltr'><strong>dicent:</strong></span> <span class='ocrx_word' id='word_1_790' title='bbox 1843 5238 1953 5292; x_wconf 85' lang='lat' dir='ltr'><strong>Do-</strong></span> 
     </span>
    </p>
   </div>
   <div class='ocr_carea' id='block_1_101' title="bbox 378 5327 2030 5400">
    <p class='ocr_par' dir='ltr' id='par_1_101' title="bbox 378 5327 2030 5400">
     <span class='ocr_line' id='line_1_101' title="bbox 378 5327 2030 5400; baseline -0.002 -16"><span class='ocrx_word' id='word_1_791' title='bbox 378 5332 551 5384; x_wconf 83' lang='lat' dir='ltr'><strong>minus</strong></span> <span class='ocrx_word' id='word_1_792' title='bbox 575 5331 740 5400; x_wconf 83' lang='lat' dir='ltr'><strong>pascit</strong></span> <span class='ocrx_word' id='word_1_793' title='bbox 771 5346 873 5394; x_wconf 84' lang='lat' dir='ltr'><strong>me,</strong></span> <span class='ocrx_word' id='word_1_794' title='bbox 896 5338 942 5383; x_wconf 89' lang='lat' dir='ltr'><strong>et</strong></span> <span class='ocrx_word' id='word_1_795' title='bbox 974 5327 1103 5382; x_wconf 80' lang='lat' dir='ltr'><strong>nihil</strong></span> <span class='ocrx_word' id='word_1_796' title='bbox 1127 5328 1254 5382; x_wconf 83' lang='lat' dir='ltr'><strong>mihi</strong></span> <span class='ocrx_word' id='word_1_797' title='bbox 1293 5327 1474 5393; x_wconf 88' lang='lat' dir='ltr'><strong>deerit,</strong></span> <span class='ocrx_word' id='word_1_798' title='bbox 1506 5329 1561 5382; x_wconf 86' lang='lat' dir='ltr'><strong>in</strong></span> <span class='ocrx_word' id='word_1_799' title='bbox 1587 5327 1701 5382; x_wconf 79' lang='lat' dir='ltr'><strong>loco</strong></span> <span class='ocrx_word' id='word_1_800' title='bbox 1743 5343 1952 5397; x_wconf 69' lang='lat' dir='ltr'><strong>pascuae</strong></span> <span class='ocrx_word' id='word_1_801' title='bbox 2021 5359 2030 5372; x_wconf 71' lang='grc' dir='ltr'><em>ι</em></span> 
     </span>
    </p>
   </div>
   <div class='ocr_carea' id='block_1_102' title="bbox 379 5419 1950 5489">
    <p class='ocr_par' dir='ltr' id='par_1_102' title="bbox 379 5419 1950 5489">
     <span class='ocr_line' id='line_1_102' title="bbox 379 5419 1950 5489; baseline -0.003 -12"><span class='ocrx_word' id='word_1_802' title='bbox 379 5423 450 5477; x_wconf 79' lang='lat' dir='ltr'><strong>ibi</strong></span> <span class='ocrx_word' id='word_1_803' title='bbox 495 5438 576 5476; x_wconf 88' lang='lat' dir='ltr'><strong>me</strong></span> <span class='ocrx_word' id='word_1_804' title='bbox 610 5421 901 5475; x_wconf 82' lang='lat' dir='ltr'><strong>collocavit.</strong></span> <span class='ocrx_word' id='word_1_805' title='bbox 935 5419 1102 5489; x_wconf 81' lang='lat' dir='ltr'><strong>Super</strong></span> <span class='ocrx_word' id='word_1_806' title='bbox 1145 5436 1337 5489; x_wconf 87' lang='lat' dir='ltr'><strong>aquam</strong></span> <span class='ocrx_word' id='word_1_807' title='bbox 1373 5420 1668 5489; x_wconf 77' lang='lat' dir='ltr'><strong>refectionis</strong></span> <span class='ocrx_word' id='word_1_808' title='bbox 1714 5420 1950 5475; x_wconf 85' lang='lat' dir='ltr'><strong>educavit</strong></span> 
     </span>
    </p>
   </div>
   <div class='ocr_carea' id='block_1_103' title="bbox 379 5509 852 5583">
    <p class='ocr_par' dir='ltr' id='par_1_103' title="bbox 379 5509 852 5583">
     <span class='ocr_line' id='line_1_103' title="bbox 379 5509 852 5583; baseline -0.002 -18"><span class='ocrx_word' id='word_1_809' title='bbox 379 5528 460 5565; x_wconf 84' lang='lat' dir='ltr'><strong>me</strong></span> <span class='ocrx_word' id='word_1_810' title='bbox 486 5509 658 5583; x_wconf 86' lang='lat' dir='ltr'><strong>(Psal.</strong></span> <span class='ocrx_word' id='word_1_811' title='bbox 692 5511 852 5582; x_wconf 84' lang='lat' dir='ltr'><strong>xsti).</strong></span> 
     </span>
    </p>
   </div>
   <div class='ocr_carea' id='block_1_104' title="bbox 617 5614 1715 5666">
    <p class='ocr_par' dir='ltr' id='par_1_104' title="bbox 617 5614 1715 5666">
     <span class='ocr_line' id='line_1_104' title="bbox 617 5614 1715 5666; baseline -0.001 -12"><span class='ocrx_word' id='word_1_812' title='bbox 617 5616 951 5657; x_wconf 71' lang='grc' dir='ltr'><strong>ενΑΝαειιυιί</strong></span> <span class='ocrx_word' id='word_1_813' title='bbox 985 5615 1256 5656; x_wconf 64' lang='lat' dir='ltr'><strong>SECUNDUM</strong></span> <span class='ocrx_word' id='word_1_814' title='bbox 1289 5614 1495 5666; x_wconf 68' lang='grc' dir='ltr'><strong>ιυοΑει,</strong></span> <span class='ocrx_word' id='word_1_815' title='bbox 1531 5616 1648 5654; x_wconf 75' lang='lat' dir='ltr'><strong>CAP.</strong></span> <span class='ocrx_word' id='word_1_816' title='bbox 1675 5617 1715 5655; x_wconf 84' lang='grc'><strong>1.</strong></span> 
     </span>
    </p>
   </div>
   <div class='ocr_carea' id='block_1_105' title="bbox 461 5693 1955 5770">
    <p class='ocr_par' dir='ltr' id='par_1_105' title="bbox 461 5693 1955 5770">
     <span class='ocr_line' id='line_1_105' title="bbox 461 5693 1955 5770; baseline 0.001 -25"><span class='ocrx_word' id='word_1_817' title='bbox 461 5712 480 5745; x_wconf 79' lang='grc' dir='ltr'>ι</span> <span class='ocrx_word' id='word_1_818' title='bbox 517 5695 792 5752; x_wconf 82' lang='lat' dir='ltr'><strong>Elisaboth</strong></span> <span class='ocrx_word' id='word_1_819' title='bbox 820 5694 1101 5770; x_wconf 84' lang='lat' dir='ltr'><strong>impletum</strong></span> <span class='ocrx_word' id='word_1_820' title='bbox 1130 5700 1214 5748; x_wconf 89' lang='lat' dir='ltr'><strong>est</strong></span> <span class='ocrx_word' id='word_1_821' title='bbox 1245 5700 1456 5762; x_wconf 87' lang='lat' dir='ltr'><strong>tempus</strong></span> <span class='ocrx_word' id='word_1_822' title='bbox 1481 5693 1746 5763; x_wconf 87' lang='lat' dir='ltr'><strong>pariendi,</strong></span> <span class='ocrx_word' id='word_1_823' title='bbox 1779 5701 1832 5748; x_wconf 82' lang='lat' dir='ltr'><strong>et</strong></span> <span class='ocrx_word' id='word_1_824' title='bbox 1865 5708 1955 5764; x_wconf 85' lang='lat' dir='ltr'><strong>pc-</strong></span> 
     </span>
    </p>
   </div>
   <div class='ocr_carea' id='block_1_106' title="bbox 2054 4597 3655 4676">
    <p class='ocr_par' dir='ltr' id='par_1_106' title="bbox 2054 4597 3655 4676">
     <span class='ocr_line' id='line_1_106' title="bbox 2054 4597 3655 4676; baseline 0.008 -25"><span class='ocrx_word' id='word_1_825' title='bbox 2054 4597 2180 4652; x_wconf 89' lang='lat' dir='ltr'><strong>dum</strong></span> <span class='ocrx_word' id='word_1_826' title='bbox 2225 4602 2457 4668; x_wconf 86' lang='lat' dir='ltr'><strong>putavit,</strong></span> <span class='ocrx_word' id='word_1_827' title='bbox 2484 4602 2627 4672; x_wconf 88' lang='lat' dir='ltr'><strong>quod</strong></span> <span class='ocrx_word' id='word_1_828' title='bbox 2655 4603 2870 4674; x_wconf 87' lang='lat' dir='ltr'><strong>pluritni</strong></span> <span class='ocrx_word' id='word_1_829' title='bbox 2908 4605 3168 4660; x_wconf 85' lang='lat' dir='ltr'><strong>infantem</strong></span> <span class='ocrx_word' id='word_1_830' title='bbox 3204 4607 3375 4676; x_wconf 88' lang='lat' dir='ltr'><strong>patris</strong></span> <span class='ocrx_word' id='word_1_831' title='bbox 3417 4610 3655 4664; x_wconf 77' lang='lat' dir='ltr'><strong>nomine</strong></span> 
     </span>
    </p>
   </div>
   <div class='ocr_carea' id='block_1_107' title="bbox 2054 4687 3652 4765">
    <p class='ocr_par' dir='ltr' id='par_1_107' title="bbox 2054 4687 3652 4765">
     <span class='ocr_line' id='line_1_107' title="bbox 2054 4687 3652 4765; baseline 0.008 -24"><span class='ocrx_word' id='word_1_832' title='bbox 2054 4687 2330 4745; x_wconf 58' lang='lat' dir='ltr'><strong>Zacharias</strong></span> <span class='ocrx_word' id='word_1_833' title='bbox 2371 4693 2744 4762; x_wconf 88' lang='lat' dir='ltr'><strong>appellandum</strong></span> <span class='ocrx_word' id='word_1_834' title='bbox 2772 4703 3063 4765; x_wconf 88' lang='lat' dir='ltr'><strong>putarunt,</strong></span> <span class='ocrx_word' id='word_1_835' title='bbox 3088 4704 3148 4750; x_wconf 93' lang='lat' dir='ltr'><strong>ut</strong></span> <span class='ocrx_word' id='word_1_836' title='bbox 3177 4698 3433 4752; x_wconf 88' lang='lat' dir='ltr'><strong>advertas</strong></span> <span class='ocrx_word' id='word_1_837' title='bbox 3473 4699 3652 4754; x_wconf 86' lang='lat' dir='ltr'><strong>matri</strong></span> 
     </span>
    </p>
   </div>
   <div class='ocr_carea' id='block_1_108' title="bbox 2052 4783 3656 4858">
    <p class='ocr_par' dir='ltr' id='par_1_108' title="bbox 2052 4783 3656 4858">
     <span class='ocr_line' id='line_1_108' title="bbox 2052 4783 3656 4858; baseline 0.007 -24"><span class='ocrx_word' id='word_1_838' title='bbox 2052 4795 2162 4835; x_wconf 88' lang='lat' dir='ltr'><strong>non</strong></span> <span class='ocrx_word' id='word_1_839' title='bbox 2195 4795 2390 4836; x_wconf 91' lang='lat' dir='ltr'><strong>nomen</strong></span> <span class='ocrx_word' id='word_1_840' title='bbox 2439 4783 2663 4853; x_wconf 86' lang='lat' dir='ltr'><strong>alicujus</strong></span> <span class='ocrx_word' id='word_1_841' title='bbox 2703 4786 3039 4857; x_wconf 82' lang='lat' dir='ltr'><strong>displicuisse</strong></span> <span class='ocrx_word' id='word_1_842' title='bbox 3088 4788 3390 4858; x_wconf 84' lang='lat' dir='ltr'><strong>degeneris,</strong></span> <span class='ocrx_word' id='word_1_843' title='bbox 3443 4791 3546 4845; x_wconf 83' lang='lat' dir='ltr'><strong>sed</strong></span> <span class='ocrx_word' id='word_1_844' title='bbox 3594 4790 3656 4847; x_wconf 83' lang='lat' dir='ltr'><strong>id</strong></span> 
     </span>
    </p>
   </div>
   <div class='ocr_carea' id='block_1_109' title="bbox 2053 4871 3650 4948">
    <p class='ocr_par' dir='ltr' id='par_1_109' title="bbox 2053 4871 3650 4948">
     <span class='ocr_line' id='line_1_109' title="bbox 2053 4871 3650 4948; baseline 0.006 -23"><span class='ocrx_word' id='word_1_845' title='bbox 2053 4881 2241 4926; x_wconf 83' lang='lat' dir='ltr'><strong>sancto</strong></span> <span class='ocrx_word' id='word_1_846' title='bbox 2282 4871 2519 4928; x_wconf 87' lang='lat' dir='ltr'><strong>infusum</strong></span> <span class='ocrx_word' id='word_1_847' title='bbox 2555 4876 2798 4946; x_wconf 89' lang='lat' dir='ltr'><strong>Spiritu,</strong></span> <span class='ocrx_word' id='word_1_848' title='bbox 2837 4879 2979 4948; x_wconf 89' lang='lat' dir='ltr'><strong>quod</strong></span> <span class='ocrx_word' id='word_1_849' title='bbox 3023 4879 3092 4934; x_wconf 90' lang='lat' dir='ltr'><strong>ab</strong></span> <span class='ocrx_word' id='word_1_850' title='bbox 3143 4879 3335 4948; x_wconf 85' lang='lat' dir='ltr'><strong>angelo</strong></span> <span class='ocrx_word' id='word_1_851' title='bbox 3364 4888 3498 4934; x_wconf 90' lang='lat' dir='ltr'><strong>ante</strong></span> <span class='ocrx_word' id='word_1_852' title='bbox 3536 4880 3650 4934; x_wconf 84' lang='lat' dir='ltr'><strong>Za-</strong></span> 
     </span>
    </p>
   </div>
   <div class='ocr_carea' id='block_1_110' title="bbox 2055 4963 3654 5037">
    <p class='ocr_par' dir='ltr' id='par_1_110' title="bbox 2055 4963 3654 5037">
     <span class='ocr_line' id='line_1_110' title="bbox 2055 4963 3654 5037; baseline 0.006 -21"><span class='ocrx_word' id='word_1_853' title='bbox 2055 4963 2255 5017; x_wconf 64' lang='lat' dir='ltr'><strong>chariae</strong></span> <span class='ocrx_word' id='word_1_854' title='bbox 2303 4964 2480 5020; x_wconf 87' lang='lat' dir='ltr'><strong>fuerat</strong></span> <span class='ocrx_word' id='word_1_855' title='bbox 2503 4969 2942 5034; x_wconf 66' lang='lat' dir='ltr'><strong>praenuntiatum.</strong></span> <span class='ocrx_word' id='word_1_856' title='bbox 2971 4969 3040 5023; x_wconf 87' lang='lat' dir='ltr'><strong>Et</strong></span> <span class='ocrx_word' id='word_1_857' title='bbox 3069 4970 3282 5037; x_wconf 90' lang='lat' dir='ltr'><strong>quidem</strong></span> <span class='ocrx_word' id='word_1_858' title='bbox 3326 4970 3419 5025; x_wconf 91' lang='lat' dir='ltr'><strong>ille</strong></span> <span class='ocrx_word' id='word_1_859' title='bbox 3452 4980 3654 5026; x_wconf 82' lang='lat' dir='ltr'><strong>mutus</strong></span> 
     </span>
    </p>
   </div>
   <div class='ocr_carea' id='block_1_111' title="bbox 2055 5051 3658 5129">
    <p class='ocr_par' dir='ltr' id='par_1_111' title="bbox 2055 5051 3658 5129">
     <span class='ocr_line' id='line_1_111' title="bbox 2055 5051 3658 5129; baseline 0.005 -23"><span class='ocrx_word' id='word_1_860' title='bbox 2055 5051 2307 5108; x_wconf 88' lang='lat' dir='ltr'><strong>intimare</strong></span> <span class='ocrx_word' id='word_1_861' title='bbox 2348 5056 2670 5110; x_wconf 87' lang='lat' dir='ltr'><strong>vocabulum</strong></span> <span class='ocrx_word' id='word_1_862' title='bbox 2718 5056 2812 5110; x_wconf 81' lang='lat' dir='ltr'><strong>filii</strong></span> <span class='ocrx_word' id='word_1_863' title='bbox 2862 5058 3104 5129; x_wconf 89' lang='lat' dir='ltr'><strong>nequivit</strong></span> <span class='ocrx_word' id='word_1_864' title='bbox 3148 5059 3343 5123; x_wconf 80' lang='lat' dir='ltr'><strong>uxori,</strong></span> <span class='ocrx_word' id='word_1_865' title='bbox 3394 5060 3493 5114; x_wconf 88' lang='lat' dir='ltr'><strong>sed</strong></span> <span class='ocrx_word' id='word_1_866' title='bbox 3544 5075 3658 5129; x_wconf 80' lang='lat' dir='ltr'><strong>per</strong></span> 
     </span>
    </p>
   </div>
   <div class='ocr_carea' id='block_1_112' title="bbox 2054 5145 3649 5218">
    <p class='ocr_par' dir='ltr' id='par_1_112' title="bbox 2054 5145 3649 5218">
     <span class='ocr_line' id='line_1_112' title="bbox 2054 5145 3649 5218; baseline 0.004 -21"><span class='ocrx_word' id='word_1_867' title='bbox 2054 5145 2392 5214; x_wconf 87' lang='lat' dir='ltr'><strong>prophetiam</strong></span> <span class='ocrx_word' id='word_1_868' title='bbox 2433 5146 2706 5202; x_wconf 88' lang='lat' dir='ltr'><strong>Elisabeth</strong></span> <span class='ocrx_word' id='word_1_869' title='bbox 2733 5147 2952 5212; x_wconf 88' lang='lat' dir='ltr'><strong>didicit,</strong></span> <span class='ocrx_word' id='word_1_870' title='bbox 2995 5148 3138 5218; x_wconf 89' lang='lat' dir='ltr'><strong>quod</strong></span> <span class='ocrx_word' id='word_1_871' title='bbox 3169 5163 3278 5202; x_wconf 87' lang='lat' dir='ltr'><strong>non</strong></span> <span class='ocrx_word' id='word_1_872' title='bbox 3307 5148 3581 5204; x_wconf 81' lang='lat' dir='ltr'><strong>didicerat</strong></span> <span class='ocrx_word' id='word_1_873' title='bbox 3613 5165 3649 5204; x_wconf 92' lang='lat' dir='ltr'><strong>a</strong></span> 
     </span>
    </p>
   </div>
   <div class='ocr_carea' id='block_1_113' title="bbox 2055 5237 2272 5291">
    <p class='ocr_par' dir='ltr' id='par_1_113' title="bbox 2055 5237 2272 5291">
     <span class='ocr_line' id='line_1_113' title="bbox 2055 5237 2272 5291; baseline 0 -1"><span class='ocrx_word' id='word_1_874' title='bbox 2055 5237 2272 5291; x_wconf 88' lang='lat' dir='ltr'><strong>marito.</strong></span> 
     </span>
    </p>
   </div>
   <div class='ocr_carea' id='block_1_114' title="bbox 2124 5322 3650 5401">
    <p class='ocr_par' dir='ltr' id='par_1_114' title="bbox 2124 5322 3650 5401">
     <span class='ocr_line' id='line_1_114' title="bbox 2124 5322 3650 5401; baseline 0.007 -24"><span class='ocrx_word' id='word_1_875' title='bbox 2124 5322 2193 5378; x_wconf 80' lang='lat' dir='ltr'><strong>Et</strong></span> <span class='ocrx_word' id='word_1_876' title='bbox 2218 5326 2462 5381; x_wconf 74' lang='lat' dir='ltr'><strong>dixerunt</strong></span> <span class='ocrx_word' id='word_1_877' title='bbox 2491 5327 2560 5380; x_wconf 92' lang='lat' dir='ltr'><strong>ad</strong></span> <span class='ocrx_word' id='word_1_878' title='bbox 2595 5327 2762 5392; x_wconf 88' lang='lat' dir='ltr'><strong>illam,</strong></span> <span class='ocrx_word' id='word_1_879' title='bbox 2799 5329 2922 5399; x_wconf 84' lang='lat' dir='ltr'><strong>quia</strong></span> <span class='ocrx_word' id='word_1_880' title='bbox 2959 5345 3110 5382; x_wconf 88' lang='lat' dir='ltr'><strong>nemo</strong></span> <span class='ocrx_word' id='word_1_881' title='bbox 3134 5341 3210 5383; x_wconf 87' lang='lat' dir='ltr'><strong>est</strong></span> <span class='ocrx_word' id='word_1_882' title='bbox 3235 5330 3290 5383; x_wconf 78' lang='lat' dir='ltr'><strong>in</strong></span> <span class='ocrx_word' id='word_1_883' title='bbox 3323 5332 3650 5401; x_wconf 74' lang='lat' dir='ltr'><strong>cognatione</strong></span> 
     </span>
    </p>
   </div>
   <div class='ocr_carea' id='block_1_115' title="bbox 2055 5417 3654 5490">
    <p class='ocr_par' dir='ltr' id='par_1_115' title="bbox 2055 5417 3654 5490">
     <span class='ocr_line' id='line_1_115' title="bbox 2055 5417 3654 5490; baseline 0.004 -20"><span class='ocrx_word' id='word_1_884' title='bbox 2055 5427 2168 5481; x_wconf 88' lang='lat' dir='ltr'><strong>tua,</strong></span> <span class='ocrx_word' id='word_1_885' title='bbox 2193 5418 2282 5487; x_wconf 84' lang='lat' dir='ltr'><strong>qui</strong></span> <span class='ocrx_word' id='word_1_886' title='bbox 2310 5426 2516 5472; x_wconf 82' lang='lat' dir='ltr'><strong>vocetur</strong></span> <span class='ocrx_word' id='word_1_887' title='bbox 2553 5419 2650 5472; x_wconf 82' lang='lat' dir='ltr'><strong>hoc</strong></span> <span class='ocrx_word' id='word_1_888' title='bbox 2697 5419 2921 5472; x_wconf 87' lang='lat' dir='ltr'><strong>nomine.</strong></span> <span class='ocrx_word' id='word_1_889' title='bbox 2965 5417 3262 5474; x_wconf 84' lang='lat' dir='ltr'><strong>Innuebant</strong></span> <span class='ocrx_word' id='word_1_890' title='bbox 3309 5422 3448 5490; x_wconf 86' lang='lat' dir='ltr'><strong>patri</strong></span> <span class='ocrx_word' id='word_1_891' title='bbox 3493 5422 3654 5490; x_wconf 69' lang='lat' dir='ltr'><strong>ejus,</strong></span> 
     </span>
    </p>
   </div>
   <div class='ocr_carea' id='block_1_116' title="bbox 2052 5509 3650 5580">
    <p class='ocr_par' dir='ltr' id='par_1_116' title="bbox 2052 5509 3650 5580">
     <span class='ocr_line' id='line_1_116' title="bbox 2052 5509 3650 5580; baseline 0.001 -17"><span class='ocrx_word' id='word_1_892' title='bbox 2052 5525 2206 5579; x_wconf 86' lang='lat' dir='ltr'><strong>quem</strong></span> <span class='ocrx_word' id='word_1_893' title='bbox 2242 5509 2387 5564; x_wconf 82' lang='lat' dir='ltr'><strong>vellet</strong></span> <span class='ocrx_word' id='word_1_894' title='bbox 2426 5526 2608 5564; x_wconf 80' lang='lat' dir='ltr'><strong>uocare</strong></span> <span class='ocrx_word' id='word_1_895' title='bbox 2630 5525 2768 5574; x_wconf 81' lang='lat' dir='ltr'><strong>eum,</strong></span> <span class='ocrx_word' id='word_1_896' title='bbox 2803 5519 2852 5563; x_wconf 91' lang='lat' dir='ltr'><strong>et</strong></span> <span class='ocrx_word' id='word_1_897' title='bbox 2875 5509 3145 5579; x_wconf 86' lang='lat' dir='ltr'><strong>postulans</strong></span> <span class='ocrx_word' id='word_1_898' title='bbox 3167 5510 3478 5580; x_wconf 83' lang='lat' dir='ltr'><strong>pugillarem</strong></span> <span class='ocrx_word' id='word_1_899' title='bbox 3503 5513 3650 5565; x_wconf 84' lang='lat' dir='ltr'><strong>scri-</strong></span> 
     </span>
    </p>
   </div>
   <div class='ocr_carea' id='block_1_117' title="bbox 2052 5599 3656 5670">
    <p class='ocr_par' dir='ltr' id='par_1_117' title="bbox 2052 5599 3656 5670">
     <span class='ocr_line' id='line_1_117' title="bbox 2052 5599 3656 5670; baseline 0.002 -16"><span class='ocrx_word' id='word_1_900' title='bbox 2052 5602 2154 5670; x_wconf 85' lang='lat' dir='ltr'><strong>psit</strong></span> <span class='ocrx_word' id='word_1_901' title='bbox 2185 5602 2402 5654; x_wconf 83' lang='lat' dir='ltr'><strong>dicens:</strong></span> <span class='ocrx_word' id='word_1_902' title='bbox 2432 5599 2664 5654; x_wconf 81' lang='lat' dir='ltr'><strong>Joannes</strong></span> <span class='ocrx_word' id='word_1_903' title='bbox 2705 5610 2779 5654; x_wconf 85' lang='lat' dir='ltr'><strong>est</strong></span> <span class='ocrx_word' id='word_1_904' title='bbox 2821 5616 3006 5654; x_wconf 87' lang='lat' dir='ltr'><strong>nomen</strong></span> <span class='ocrx_word' id='word_1_905' title='bbox 3035 5601 3170 5664; x_wconf 86' lang='lat' dir='ltr'><strong>eius,</strong></span> <span class='ocrx_word' id='word_1_906' title='bbox 3213 5611 3260 5654; x_wconf 87' lang='lat' dir='ltr'><strong>et</strong></span> <span class='ocrx_word' id='word_1_907' title='bbox 3304 5602 3480 5655; x_wconf 84' lang='lat' dir='ltr'><strong>mirati</strong></span> <span class='ocrx_word' id='word_1_908' title='bbox 3513 5611 3656 5658; x_wconf 74' lang='lat' dir='ltr'><strong>sunt</strong></span> 
     </span>
    </p>
   </div>
   <div class='ocr_carea' id='block_1_118' title="bbox 2057 5689 3654 5763">
    <p class='ocr_par' dir='ltr' id='par_1_118' title="bbox 2057 5689 3654 5763">
     <span class='ocr_line' id='line_1_118' title="bbox 2057 5689 3654 5763; baseline 0.001 -18"><span class='ocrx_word' id='word_1_909' title='bbox 2057 5691 2305 5746; x_wconf 81' lang='lat' dir='ltr'><strong>universi.</strong></span> <span class='ocrx_word' id='word_1_910' title='bbox 2332 5689 2564 5746; x_wconf 82' lang='lat' dir='ltr'><strong>Joannes</strong></span> <span class='ocrx_word' id='word_1_911' title='bbox 2606 5698 2710 5756; x_wconf 82' lang='lat' dir='ltr'><strong>est,</strong></span> <span class='ocrx_word' id='word_1_912' title='bbox 2745 5689 2950 5758; x_wconf 86' lang='lat' dir='ltr'><strong>inquit,</strong></span> <span class='ocrx_word' id='word_1_913' title='bbox 2981 5705 3168 5746; x_wconf 84' lang='lat' dir='ltr'><strong>nomen</strong></span> <span class='ocrx_word' id='word_1_914' title='bbox 3213 5690 3348 5763; x_wconf 82' lang='lat' dir='ltr'><strong>ejus,</strong></span> <span class='ocrx_word' id='word_1_915' title='bbox 3377 5691 3482 5748; x_wconf 85' lang='lat' dir='ltr'><strong>hoc</strong></span> <span class='ocrx_word' id='word_1_916' title='bbox 3513 5703 3605 5746; x_wconf 71' lang='grc' dir='ltr'><strong>εει</strong></span> <span class='ocrx_word' id='word_1_917' title='bbox 3626 5726 3654 5753; x_wconf 69' lang='grc' dir='ltr'><strong><em>ι</em></strong></span> 
     </span>
    </p>
   </div>
  </div>
