3932 6204
261 342 368 402 585

1085 343 1599 401 COLLECTIONES
1640 345 1706 401 ΙΝ
1743 345 2123 402 EPISTOIAS
2163 347 2251 402 ΕΤ
2293 348 2710 408 EVANGELIA.

3411 356 3519 413 586

259 477 370 518 non
407 459 458 516 ei
491 475 590 516 nos
625 471 822 515 nomen
861 460 1211 530 imponimus,
1252 463 1379 531 quia
1403 464 1517 533 jam
1543 479 1572 516 a
1603 463 1712 517 Deo
1738 477 1835 517 no-
1867 466 1916 524 Α
1941 462 2093 530 quasi
2136 463 2406 518 venditam
2433 465 2536 520 sub
2563 473 2785 534 peccato
2815 465 2960 520 unici
3007 465 3101 521 ﬁlii
3131 468 3216 522 sui
3249 471 3514 540 sanguine

258 571 388 611 men
428 553 664 624 accepit,
708 552 874 607 habet
898 554 1214 607 vocabulum
1245 569 1423 618 suum,
1451 554 1592 622 quod
1619 554 1840 624 agnovi-

256 658 385 699 mus
411 657 520 697 non
546 644 689 712 quod
728 641 1012 712 elegimus,
1041 659 1143 698 nec
1167 642 1382 699 mireris
1415 645 1462 698 si
1487 659 1683 698 nomen
1725 659 1840 698 mu-

259 735 383 799 lier,
407 733 554 803 quod
581 748 690 787 non
713 732 920 787 audivit
946 733 1202 799 asseruit,
1231 735 1444 803 quando
1459 733 1692 804 Spiritus
1721 749 1854 788 san--

255 833 402 888 ctus,
431 822 524 892 qui
570 821 760 891 angelo
803 821 1182 887 mandaverat,
1216 823 1494 877 revelavit.
1527 820 1711 891 Neque
1744 837 1840 892 po-

260 925 405 970 terat
449 913 660 968 Domini
696 913 946 983 ignorare
981 915 1362 982 praenuntium,
1393 928 1514 982 quae
1551 915 1838 983 propheta-

256 1012 417 1059 verat
447 1003 741 1058 Christum.
776 1001 844 1054 Et
870 1001 1008 1056 bene
1035 1003 1290 1057 additur:
1317 1001 1455 1066 Quia
1492 1019 1641 1056 nemo
1665 1003 1719 1056 in
1751 1019 1838 1056 co-

257 1094 505 1162 gnatione
525 1091 640 1160 ejus
667 1100 884 1144 vocatur
904 1091 1000 1146 hoc
1021 1092 1248 1158 nomine,
1270 1104 1330 1149 ut
1350 1091 1618 1160 intelligas
1641 1106 1834 1146 nomen

257 1199 369 1238 non
397 1183 614 1252 generis
633 1197 758 1236 esse
776 1218 792 1246 ,
821 1182 919 1237 sed
944 1181 1105 1236 vatis.

333 1275 583 1343 Apertum
622 1283 697 1326 est
725 1273 867 1326 iflico
892 1288 953 1326 os
982 1273 1102 1342 ejus
1130 1282 1179 1327 et
1222 1273 1404 1343 lingua
1445 1283 1494 1328 et
1529 1273 1838 1344 loquebatur

256 1361 566 1417 benedicens
594 1361 784 1424 Deum,
809 1370 858 1414 et
887 1361 1060 1430 factus
1086 1372 1160 1416 est
1197 1364 1354 1416 timor
1378 1380 1535 1433 super
1559 1380 1736 1418 omnes
1764 1364 1840 1418 rio

254 1455 407 1507 cinos
429 1469 629 1507 eorum.
659 1451 796 1518 Quia
822 1466 920 1506 vox
944 1449 1225 1506 clamantis
1249 1453 1304 1506 in
1330 1453 1545 1508 deserto
1571 1461 1655 1507 est
1684 1463 1830 1517 nata,

252 1545 458 1599 merito
475 1551 565 1598 est
591 1543 770 1613 lingua
795 1543 1003 1611 parenti
1032 1542 1229 1607 soluta,
1253 1557 1431 1612 neque
1450 1544 1594 1598 enim
1622 1551 1832 1612 patrem

250 1651 292 1690 a
331 1635 578 1690 laudibus
617 1633 780 1688 silere
809 1632 1066 1698 decebat,
1111 1635 1202 1703 qui
1245 1635 1394 1690 verbi
1438 1650 1688 1704 praecone
1729 1635 1832 1690 sibi

253 1737 395 1782 nato
431 1726 716 1796 gaudebat,
755 1725 951 1795 quippe
997 1725 1083 1779 cui
1129 1726 1269 1780 labia
1315 1741 1435 1796 qua:
1482 1726 1832 1781 incredulitas

254 1818 532 1880 vinxerat,
557 1816 691 1870 ﬁdes
713 1813 825 1884 jam
854 1813 1033 1869 solvit.
1063 1816 1262 1870 Verum
1290 1816 1406 1871 haec
1445 1816 1607 1871 etiam
1633 1817 1834 1886 allego—
1861 1820 1909 1879 Β

255 1911 378 1965 rice
424 1909 471 1964 si
519 1908 641 1978 quis
700 1908 1032 1977 perscrutari
1079 1907 1380 1972 desiderat,
1427 1896 1654 1962 Joannis
1695 1909 1837 1963 cele-

250 1999 418 2055 brata
443 1999 719 2065 nativitas,
740 1999 928 2069 gratiae
952 1997 1086 2054 Novi
1113 1998 1452 2053 Testamenti
1473 2008 1558 2054 est
1585 2000 1838 2054 inchoata

251 2090 586 2145 sublimitas.
615 2090 712 2145 Cui
736 2090 898 2145 vicini
934 2099 991 2144 et
1014 2090 1227 2161 cognati
1256 2091 1428 2159 patris
1454 2106 1649 2145 nomen
1671 2105 1836 2160 quam

251 2180 484 2237 Joannis
519 2183 808 2252 imponere
835 2183 1126 2248 malebant,
1157 2183 1283 2251 quia
1323 2180 1526 2245 Judaai,
1566 2182 1658 2250 qui
1701 2181 1836 2251 legis

253 2271 315 2324 ei
355 2272 747 2337 observatione,
775 2271 929 2340 quasi
959 2270 1219 2326 aﬂinitate
1241 2271 1416 2341 juncti
1458 2279 1634 2335 erant,
1664 2271 1837 2340 magis

248 2360 556 2430 justitiam,
585 2377 706 2431 qua:
742 2376 808 2416 ex
835 2361 956 2432 lege
979 2369 1084 2425 est,
1113 2361 1335 2425 sectari,
1368 2376 1530 2429 quam
1561 2359 1683 2415 ﬁdei
1715 2375 1836 2431 gra-

255 2453 398 2506 tiam
423 2453 694 2522 suscipere
718 2452 1022 2522 cupiebant.
1051 2451 1158 2508 Sed
1181 2450 1424 2516 Joannis,
1453 2452 1557 2507 hoc
1581 2460 1684 2516 est,
1715 2467 1836 2522 gra-

255 2544 356 2598 tia:
398 2543 493 2598 Dei
518 2544 836 2598 vocabulum
861 2552 1036 2600 mater
1063 2545 1264 2608 verbis,
1291 2552 1444 2615 pater
1473 2543 1670 2599 litteris
1712 2546 1836 2600 inti—

252 2651 418 2692 mare
460 2644 727 2707 satagunt.
756 2637 890 2704 Quia
931 2646 987 2692 et
1017 2637 1101 2693 lex
1152 2639 1265 2706 ipsa
1295 2639 1595 2708 psalmique
1619 2653 1682 2693 ac
1710 2654 1838 2709 pro-

246 2729 440 2798 phetae
467 2728 669 2797 apertis
697 2729 1085 2783 sententiarum
1115 2728 1339 2783 vocibus
1377 2729 1607 2798 gratiam
1632 2727 1836 2783 Christi

245 2819 579 2891 praedicant,
606 2827 663 2874 et
697 2819 1060 2874 sacerdotium
1093 2818 1222 2874 illud
1265 2827 1421 2874 vetus
1467 2817 1712 2888 ﬁguratis
1733 2832 1837 2872 cte-

247 2911 628 2967 remoniarum
674 2919 730 2965 et
777 2910 1166 2964 sacrificiorum
1211 2909 1418 2963 umbris
1458 2908 1636 2962 eidem
1685 2911 1836 2962 testi-

250 3003 504 3057 monium
532 3001 796 3072 perhibet.
820 3001 1156 3070 Pnlchreque
1193 2999 1482 3054 Zacharias
1521 3007 1710 3054 octava
1748 2998 1836 3052 die

1939 551 2185 606 redemit.
2236 551 2387 619 Quod
2426 555 2553 623 quia
2589 555 2783 610 beatus
2830 555 3119 610 Zacharias
3151 559 3400 626 proxime
3431 557 3518 611 fa-

1937 643 2186 696 ciendum
2248 653 2605 712 cognoverat,
2651 645 2967 714 prophetico
3016 661 3166 701 more
3209 647 3361 717 quasi
3402 647 3519 716 jam

1936 730 2139 788 factum
2168 744 2372 788 narrat.
2402 736 2470 790 Et
2501 737 2794 791 notandum
2823 738 2968 805 quod
3004 738 3254 795 visitasse
3283 747 3338 793 et
3363 740 3522 794 rede-

1937 825 2103 879 misse
2153 825 2364 894 plebem
2421 841 2576 880 suam
2627 828 2847 892 dicitur,
2901 842 3009 882 non
3055 829 3186 897 quia
3233 829 3518 892 videlicet,

1936 914 2079 970 hanc
2102 915 2325 970 veniens
2353 931 2510 970 suam
2537 917 2761 982 invenit,
2787 919 2881 972 sed
2909 918 3034 986 quia
3067 919 3334 974 visitando
3364 934 3519 974 suam

1937 1003 2084 1068 fecit,
2115 1003 2203 1057 cui
2245 1005 2420 1059 simile
2457 1013 2542 1060 est
2586 1007 2813 1076 quodin
2853 1007 3270 1064 Proverbiorum
3314 1009 3422 1063 ﬁne
3453 1010 3522 1064 de

1935 1093 2122 1148 eadem
2152 1093 2307 1162 plebe
2347 1103 2634 1148 cantatur:
2667 1095 2944 1150 Mulierem
2985 1097 3174 1166 fortem
3215 1100 3333 1170 quis
3374 1101 3520 1154 inve-

1935 1181 2037 1234 niet
2061 1181 2242 1251 (Prov.
2270 1181 2514 1255 ultimo)?
2543 1183 2726 1255 Neque
2758 1185 2905 1240 enim
2933 1189 3180 1242 eamdem
3210 1190 3516 1254 mulierem,

1933 1268 2185 1331 videlicet
2225 1269 2524 1325 Ecclesium
2550 1311 2566 1336 ,
2616 1271 2830 1337 fortem,
2863 1273 2916 1327 id
2946 1282 3049 1339 est,
3081 1275 3240 1332 fidem
3269 1277 3520 1332 devotam

1935 1357 2162 1426 invenit,
2197 1359 2292 1414 sed
2324 1361 2428 1415 sibi
2457 1363 2832 1430 desponsando
2874 1361 3071 1419 fortem
3109 1366 3361 1432 reddidit,
3389 1382 3516 1436 quia

1934 1463 2046 1504 suae
2075 1448 2199 1504 fidei
2225 1451 2558 1507 sublimitate
2586 1452 2836 1522 perfecit.

2084 1645 2151 1699 IN
2190 1644 2440 1701 VlGlLlA
2479 1642 2721 1699 SANCTI
2761 1644 2966 1698 PETRI
3002 1641 3364 1700 APOSTOLI.

2145 1772 2337 1812 LECTIO
2369 1771 2582 1811 Λοτυωι
2616 1771 3027 1822 Αῐιοδτοιοιωκ,
3061 1773 3180 1812 CAP.
3220 1774 3302 1812 Ill.

2011 1931 2030 1964 ι
2066 1913 2258 1967 Petrus
2299 1921 2354 1966 et
2380 1908 2618 1965 Joannes
2655 1911 3017 1966 ascendebant
3048 1910 3104 1964 in
3157 1910 3412 1980 templum
3445 1910 3513 1968 ad

1941 2023 1960 2056 ι
2005 2006 2196 2059 horam
2230 2002 2497 2058 orationis
2526 2016 2744 2056 nonam.
2773 2001 2840 2055 Et
2877 2002 3094 2070 quidam
3133 2001 3237 2066 vir,
3263 2003 3357 2071 qui
3395 2011 3516 2058 erat

1940 2114 1960 2147 ο
2003 2095 2226 2149 claudus
2255 2109 2324 2148 ex
2366 2101 2524 2148 utero
2559 2093 2750 2147 matris
2795 2108 2907 2147 sua:
2957 2091 3319 2161 bajnlabatur,
3352 2108 3516 2162 quem

1941 2204 1960 2236 ο
2003 2186 2244 2255 quotidie
2270 2186 2542 2254 ponebant
2567 2183 2636 2238 ad
2655 2191 2879 2252 portam
2921 2183 3129 2252 templi,
3160 2198 3281 2251 quae
3315 2183 3516 2238 dicitur

1940 2293 1960 2326 t
2005 2274 2278 2344 Speciosa,
2297 2281 2357 2327 ut
2377 2282 2586 2342 peteret
2605 2272 3002 2343 eleemosynam
3025 2274 3092 2326 ab
3118 2273 3516 2328 introeuntibus

1941 2385 1960 2418 t
2005 2369 2057 2421 in
2087 2366 2363 2436 templum.
2394 2365 2444 2420 Is
2480 2380 2604 2420 cum
2641 2365 2866 2420 vidisset
2894 2362 3112 2418 Petrum
3139 2372 3190 2418 et
3225 2363 3510 2430 Joannem,

1939 2478 1959 2511 ι
2002 2459 2322 2530 incipientes
2348 2458 2572 2514 introire
2609 2457 2662 2512 in
2707 2456 2984 2525 templum,
3016 2456 3239 2526 rogabat
3282 2463 3344 2509 ut
3371 2456 3514 2511 elec-

1940 2570 1959 2603 ι
2003 2567 2282 2622 mosynam
2307 2552 2597 2620 acciperet.
2624 2549 2844 2604 intuens
2879 2556 3060 2603 autem
3086 2549 3140 2603 in
3167 2562 3290 2602 eum
3321 2548 3514 2602 Petrus

1940 2659 1959 2692 ι
2005 2657 2128 2696 cum
2153 2640 2360 2695 Joanne
2403 2640 2578 2694 dixit:
2616 2639 2842 2708 Respice
2871 2638 2924 2692 in
2961 2651 3079 2691 nos.
3105 2636 3176 2691 At
3210 2637 3301 2690 ille
3333 2637 3512 2691 inten-

1940 2748 1960 2781 ι
2003 2730 2162 2784 debat
2190 2731 2241 2783 in
2271 2745 2384 2793 eos,
2431 2743 2655 2798 sperans
2695 2742 2755 2782 se
2795 2726 2999 2794 aliquid
3047 2734 3394 2795 accepturum
3440 2726 3510 2778 ab

1940 2837 1960 2871 α
2003 2819 2101 2873 eis.
2132 2818 2321 2873 Petrus
2349 2825 2527 2872 autem
2558 2816 2727 2870 dixit:
2760 2815 3058 2884 Argentum
3082 2821 3137 2868 et
3165 2827 3356 2866 aurum
3404 2827 3512 2866 non

1939 2927 1959 2960 ι
1999 2917 2083 2963 est
2111 2909 2264 2973 mihi,
2293 2908 2436 2978 quod
2462 2915 2643 2960 autem
2686 2906 2876 2969 habeo,
2911 2907 3014 2960 hoc
3053 2904 3150 2959 tibi
3185 2905 3254 2958 do
3280 2921 3296 2958 :
3326 2903 3384 2956 In
3415 2919 3512 2957 no-

1941 3019 1959 3053 t
2007 3000 2151 3054 mine
2177 2997 2304 3054 Jesu
2333 2999 2532 3054 Christi
2563 2996 2861 3060 Nazareni,
2913 3009 3071 3064 surge
3096 3003 3150 3049 et
3176 2993 3411 3048 ambula.
3445 2993 3516 3048 Et

245 3094 435 3166 prolis
459 3093 616 3149 editae
641 3093 896 3164 loquitur,
936 3092 1063 3161 quia
1107 3107 1204 3161 per
1241 3090 1450 3145 Domini
1482 3089 1834 3144 resurrectio-
1870 3159 1902 3166 _
1942 3108 1961 3140 ι
2001 3089 2336 3160 apprehensa
2355 3087 2474 3158 ejus
2511 3101 2670 3140 manu
2697 3086 2940 3150 dextera,
2966 3083 3222 3138 allevavit
3264 3098 3407 3138 eum.
3445 3083 3515 3136 Et

251 3159 411 3251 item,
433 3201 553 3256 qua
572 3159 763 3240 octava
786 3185 873 3240 die
893 3159 1016 3254 post
1036 3159 1320 3253 septimam
1342 3183 1549 3238 sabbati
1570 3181 1712 3237 facta
1725 3191 1830 3246 est,
1859 3159 1904 3220 Ο
1941 3198 1960 3232 t
2001 3159 2250 3248 protinus
2285 3177 2631 3234 consolidatze
2669 3185 2794 3231 sunt
2837 3175 2996 3230 bases
3044 3174 3162 3244 ejus
3191 3181 3247 3229 et
3289 3174 3508 3243 plantae,

251 3277 476 3332 occulta
509 3275 794 3330 sacerdotii
819 3274 1006 3345 legalis
1050 3288 1251 3328 arcana
1273 3280 1591 3343 patuerunt,
1626 3271 1833 3342 lingua-

254 3381 372 3437 que
411 3365 722 3436 pontiﬁcum
770 3363 1110 3428 Judaeorum,
1157 3376 1320 3432 quam
1360 3360 1669 3416 difﬁdentiae
1719 3361 1835 3414 vin-

257 3458 384 3513 ulla
437 3457 803 3522 strinxerant,
840 3453 1209 3522 intelligentia:
1250 3451 1553 3509 rationabili
1583 3459 1670 3507 est
1703 3465 1835 3507 voce

260 3546 465 3601 soluta.

215 3682 218 3684 γ
335 3634 408 3689 Et
447 3651 606 3704 super
629 3705 634 3710 ι
658 3636 835 3690 omnia
884 3643 1134 3688 montana
1181 3633 1386 3688 ludant
1431 3631 1838 3703 diuulgabantur

254 3728 445 3780 omnia
477 3724 632 3779 verba
655 3726 790 3779 hare.
827 3723 897 3778 Et
923 3731 1209 3794 posuerunt
1239 3723 1295 3776 in
1330 3721 1486 3776 corde
1521 3737 1618 3778 suo
1655 3720 1834 3774 dicen.

263 3826 339 3870 tes
359 3831 379 3869 :
406 3814 550 3880 Quid
577 3824 728 3885 putas
759 3830 887 3884 puer
905 3815 1002 3868 iste
1035 3814 1152 3880 erit,
1192 3813 1378 3866 etenim
1408 3828 1594 3865 manus
1625 3811 1838 3864 Domini

260 3916 378 3960 erat
409 3923 529 3960 cum
553 3905 671 3960 illo.
695 3905 894 3976 Magna
916 3921 1077 3975 opera
1103 3904 1334 3968 Domini,
1363 3904 1620 3974 exqufsita
1647 3903 1702 3955 in
1729 3919 1840 3956 om-

266 4013 357 4049 nes
381 3995 674 4050 voluntates
701 3996 815 4066 ejus
842 3992 1013 4066 (Psal.
1038 4009 1104 4050 cx
1144 3993 1185 4064 ).
1213 3994 1351 4048 Ecce
1377 3993 1520 4047 enim
1547 4007 1715 4047 unum
1740 3993 1841 4046 Za-

265 4067 472 4140 chariae
516 4085 818 4152 silentium,
846 4102 955 4141 non
999 4087 1102 4156 ipsi
1148 4093 1354 4140 tantum
1402 4099 1522 4139 cum
1567 4085 1726 4139 datur
1773 4083 1840 4138 ad

264 4189 488 4244 penam
533 4174 941 4241 incredulitatis,
970 4185 1027 4230 et
1065 4177 1277 4246 signum
1316 4175 1568 4229 credendi
1598 4175 1838 4243 proficit,

264 4266 363 4320 sed
408 4275 467 4321 et
498 4281 621 4321 cum
650 4267 912 4331 aufertur,
949 4281 1138 4322 omnes
1173 4266 1380 4321 vicinos
1419 4263 1536 4332 ejus
1581 4264 1843 4320 miraculo

263 4373 336 4412 ac
386 4358 584 4412 timore
635 4357 938 4428 stnpefacit.
988 4357 1180 4413 Omnia
1230 4358 1644 4424 circumquaque
1695 4371 1846 4409 mon-

1937 3290 1957 3324 t
1999 3280 2056 3327 et
2081 3271 2337 3326 exsiliens
2378 3270 2526 3325 stetit
2555 3275 2612 3323 et
2637 3266 2966 3322 ambulabat.
3005 3266 3074 3320 Et
3114 3265 3338 3320 intravit
3381 3280 3505 3320 cum

1938 3381 1957 3414 ‹
2003 3361 2108 3416 illis
2137 3360 2192 3415 in
2221 3359 2496 3432 templum,
2535 3358 2821 3412 ambulans
2846 3365 2902 3412 et
2925 3355 3184 3411 exsiliens
3206 3364 3261 3409 et
3286 3354 3512 3409 laudans

1937 3470 1957 3503 ι
2001 3450 2191 3505 Deum.
2240 3449 2306 3503 Et
2341 3448 2472 3502 vidit
2499 3462 2623 3501 eum
2649 3446 2825 3501 omnis
2874 3443 3100 3514 populus
3139 3443 3505 3512 ambulantem

1858 3569 1892 3610 ι
1939 3560 1957 3593 t
2003 3550 2059 3597 et
2088 3539 2396 3594 laudantem
2441 3538 2630 3602 Deum,
2663 3536 3061 3604 cognoscebant
3105 3540 3283 3587 autem
3332 3532 3507 3597 illum,

1948 3652 1968 3686 ι
2002 3631 2253 3702 quoniam
2295 3629 2412 3700 ipse
2454 3637 2603 3692 erat,
2655 3627 2748 3697 qui
2793 3627 2862 3681 ad
2903 3625 3302 3695 eleemosynam
3349 3625 3510 3680 sede-

1942 3741 1960 3773 ι
2004 3723 2116 3786 bat,
2153 3721 2218 3775 ad
2248 3719 2548 3789 speciosam
2588 3725 2800 3787 portam
2829 3715 3032 3786 templi,
3062 3723 3118 3770 et
3155 3713 3342 3780 repleti
3388 3722 3515 3770 sunt

1941 3832 1960 3866 t
2005 3827 2192 3867 omnes
2237 3817 2457 3880 stupore
2498 3816 2553 3863 et
2579 3806 2812 3874 exstasi,
2855 3805 2912 3861 in
2955 3820 3020 3862 ω
3047 3805 3194 3876 quod
3234 3805 3514 3860 acciderat

1941 3921 1961 3954 ε
2007 3901 2104 3955 illi.
2131 3919 2149 3952 ι

2008 3990 2197 4046 Petrus
2217 3999 2263 4046 et
2284 3991 2516 4045 Joannes
2536 3989 2879 4045 ascendebant
2899 3989 2956 4042 in
2976 3986 3222 4057 templum
3242 3986 3312 4039 ad
3333 3986 3518 4040 horam

1938 4085 2190 4139 orationis
2236 4098 2452 4138 nonam.
2492 4081 2737 4151 Apostoli
2780 4095 2923 4134 nona
2966 4079 3100 4132 hora
3143 4075 3398 4144 templum
3433 4076 3518 4129 in-

1938 4175 2200 4247 gressuri,
2227 4176 2402 4243 primo
2424 4173 2672 4228 claudum
2699 4173 2789 4226 diu
2812 4169 3042 4225 debilem
3065 4169 3299 4233 salvant,
3323 4167 3519 4222 deinde

1940 4265 2007 4319 ad
2034 4278 2311 4332 vesperam
2339 4277 2510 4330 usque
2537 4261 2868 4324 laborantes,
2893 4259 3062 4313 multa
3087 4259 3368 4314 hominum
3397 4257 3517 4310 mil-

1939 4354 2011 4408 lia
2061 4353 2227 4406 verho
2256 4351 2379 4405 ﬁdei
2413 4351 2678 4406 imbuant.
2717 4349 2854 4417 Quia
2883 4348 3132 4402 doctores
3158 4346 3432 4410 Ecclesiae,
3464 4346 3518 4399 in

267 4454 400 4499 tana
445 4445 587 4500 fama
640 4447 753 4500 nati
807 4449 1084 4518 prophetat
1154 4444 1446 4516 profundit.
1499 4443 1696 4498 Omnes
1751 4443 1840 4512 qui
1868 4492 1921 4518 η
1947 4444 2106 4499 ﬁnem
2132 4442 2316 4497 mundi
2345 4441 2640 4505 venientes,
2664 4448 2721 4495 et
2747 4438 3020 4510 languenti
3048 4439 3201 4508 prius
3227 4437 3434 4503 lsraeli,
3465 4445 3521 4491 et

1868 4492 1921 4552 D

263 4533 464 4589 audire
496 4542 768 4604 poterant,
799 4535 866 4589 ad
894 4534 1310 4604 perquirendum
1354 4531 1664 4601 diligentius
1690 4532 1843 4600 pueri
1871 4526 1920 4552 ν
1945 4531 2284 4603 postmodum
2332 4531 2496 4585 etiam
2559 4530 2844 4600 gentilitati
2900 4529 3212 4598 praedicant.
3261 4526 3334 4580 Hi
3399 4535 3518 4582 sunt

265 4623 368 4691 qui
419 4633 584 4677 natus
624 4631 711 4678 est
740 4624 958 4678 modum
991 4630 1296 4692 statumque
1344 4621 1619 4688 sollicitat,
1660 4630 1720 4676 ut
1760 4621 1845 4676 his

265 4717 525 4772 videlicet
589 4726 750 4788 atque
815 4715 1118 4786 huiusmodi
1181 4715 1396 4770 futurus
1450 4714 1651 4770 Christi
1715 4729 1844 4783 pro-

263 4808 436 4878 pheta
469 4807 880 4862 commendetur
919 4806 1195 4877 anspiciis,
1223 4807 1431 4875 iterque
1471 4805 1550 4877 (ut
1590 4806 1668 4860 ita
1695 4805 1847 4860 dixe-

262 4897 415 4969 rim)
443 4896 764 4967 prtecursori
808 4896 1054 4951 veritatis
1093 4896 1474 4966 prtecurrentia
1517 4896 1670 4965 signa
1703 4908 1844 4965 prte-

261 4989 457 5044 beant.

349 5079 419 5133 Et
443 5077 733 5134 Zacharias
753 5088 902 5150 pater
926 5078 1040 5148 ejus
1067 5077 1307 5149 impletus
1333 5085 1404 5130 est
1414 5075 1614 5146 Spiritu
1637 5085 1841 5141 sancto,

265 5178 326 5222 et
377 5169 698 5238 prophetarit
762 5167 939 5224 dicens
975 5182 994 5220 :
1036 5166 1348 5220 Benedictus
1404 5165 1654 5220 Dominus
1703 5163 1843 5218 Deus

263 5256 470 5322 Israel,
484 5259 612 5328 quia
635 5258 864 5323 uisitauit
882 5267 930 5310 et
958 5256 1081 5325 fecit
1111 5255 1510 5325 redemptionem
1531 5253 1691 5323 plebis
1713 5269 1842 5308 suta.

262 5348 490 5415 Quanta
529 5349 748 5418 superni
777 5348 1016 5402 muneris
1048 5357 1132 5405 est
1156 5347 1398 5415 largitas,
1425 5346 1470 5400 si
1503 5353 1748 5415 prompta
1777 5347 1845 5400 a.l

261 5438 650 5508 accipiendum
695 5446 896 5493 nostra:
940 5437 1063 5493 ﬁdei
1109 5439 1186 5493 sit
1224 5438 1416 5507 pietas.
1453 5437 1592 5493 Ecce
1635 5435 1847 5504 loquela

263 5541 403 5598 quae
425 5528 536 5582 sola
563 5536 648 5583 est
668 5529 849 5583 ablata
880 5526 1158 5592 diffidenti,
1185 5541 1309 5581 cum
1337 5526 1528 5595 spiritu
1552 5525 1848 5595 prophetiae

265 5627 373 5674 est
401 5621 644 5675 restituta
673 5619 932 5675 credenti.
961 5619 1212 5674 Visitavit
1233 5626 1412 5672 autem
1449 5616 1706 5671 Dominus
1739 5616 1851 5685 ple-

265 5713 412 5764 bem
446 5725 618 5776 suam,
651 5711 808 5782 quasi
846 5710 1002 5782 longa
1047 5709 1360 5766 inﬁrmitate
1387 5707 1773 5774 tabescentem,
1797 5715 1854 5762 et

1943 4621 2080 4676 enim
2107 4619 2352 4689 operarii,
2383 4635 2512 4688 quos
2541 4635 2677 4672 nona
2705 4617 3056 4671 et'undecima
3080 4617 3212 4670 hora
3238 4617 3293 4670 in
3317 4617 3520 4670 vineam

1943 4709 2325 4783 paterfamilias
2350 4708 2548 4764 inducit
2577 4706 2792 4779 (Matth.
2820 4706 2935 4778 xx).

2016 4811 2086 4865 Et
2113 4810 2328 4880 quidam
2357 4809 2452 4872 vir,
2487 4809 2578 4878 qui
2621 4818 2733 4862 erat
2768 4808 2990 4862 claudus
3033 4823 3099 4860 ea:
3143 4817 3290 4861 utero
3332 4805 3520 4860 matris

1944 4919 2077 4967 sute,
2116 4901 2469 4972 bajulabatur.
2514 4898 2651 4968 Quia
2695 4899 2930 4970 populus
2979 4899 3142 4954 lsrael
3192 4913 3298 4953 non
3343 4897 3516 4952 solum

1945 4993 2173 5048 Domino
2201 4992 2480 5046 lncarnato
2501 5030 2521 5059 ,
2614 4994 2707 5051 sed
2778 5008 2809 5047 a
2983 4988 3175 5058 primis
3193 4988 3358 5041 etiam
3383 4986 3519 5055 legis

1948 5081 2280 5150 temporibus
2306 5079 2447 5134 (lane
2494 5078 2710 5134 rebellis
2755 5078 3000 5141 exstitit,
3044 5078 3200 5147 quasi
3247 5092 3315 5132 ex
3361 5084 3520 5130 utero

1945 5173 2137 5227 matris
2162 5171 2389 5226 claudus
2421 5169 2542 5232 fuit,
2583 5169 2726 5239 quod
2771 5169 2912 5224 bene
2943 5168 3110 5224 Jacob
3152 5183 3276 5224 cum
3329 5166 3519 5237 angelo

1946 5263 2204 5326 luctante,
2232 5249 2512 5316 benedicta
2547 5261 2792 5330 quidem,
2821 5261 2917 5315 sed
2948 5245 3522 5329 claudicante‘ﬁgura-

1949 5361 2055 5417 tur,
2083 5352 2209 5422 quia
2237 5350 2467 5420 populus
2497 5351 2724 5406 Domino
2754 5350 2808 5404 in
2836 5351 3086 5420 passione
3115 5349 3434 5420 praevalens,
3461 5346 3520 5400 in

1945 5440 2264 5510 quibusdam
2291 5453 2388 5507 per
2414 5439 2571 5494 ﬁdem
2602 5439 2942 5505 benedictus,
2969 5441 3023 5495 in
3049 5438 3368 5510 quibusdam
3392 5447 3521 5489 vero

1947 5539 2032 5585 est
2059 5545 2156 5600 per
2190 5527 2562 5586 inﬁdelitatem
2590 5529 2836 5584 claudus.

2021 5619 2187 5685 Quem
2228 5619 2483 5690 ponebant
2511 5622 2740 5692 quotidie
2779 5631 2898 5675 ante
2941 5629 3144 5690 portam
3184 5615 3359 5687 templi
3403 5631 3519 5687 qua

1948 5709 2143 5764 dicitur
2164 5708 2430 5782 Speciosa,
2454 5719 2555 5767 etc.
2583 5709 2746 5765 Porta
2777 5711 2957 5780 templi
2984 5709 3239 5778 Speciosa
3263 5706 3521 5767 Domi-nus
