3932 6204
377 346 490 405 ’587

1670 335 2022 396 sumam
2060 331 2352 413 Assius

381 467 485 522 est,
513 471 610 528 per
630 471 794 528 quem
825 455 872 510 si
900 454 1024 524 quis
1050 450 1339 519 introierit,
1371 450 1690 507 salvabitnr.
1713 449 1796 505 Ad
1821 449 1964 503 hanc
1990 451 2043 510 Α
2069 453 2188 510 ret,
2233 452 2292 498 et
2337 443 2454 498 base
2497 442 2612 498 sola
2660 448 2715 496 et
2768 425 2900 496 vera
2935 447 3024 496 est
3061 437 3316 509 probatio
3361 439 3564 508 integri
3610 441 3664 496 in

381 557 596 618 portam
641 545 832 602 debilis
857 543 1020 599 lsrael
1053 544 1133 598 ire
1159 557 1276 597 non
1308 541 1516 607 valens,
1545 539 1702 611 legis,
1732 539 1968 610 prophe-

381 646 673 707 tarumquc
698 634 926 690 vocibus
954 632 1198 698 affertur,
1221 641 1283 688 ut
1310 635 1382 688 ab
1417 631 1846 703 ingredientibus
1878 629 1966 683 in-

380 727 582 783 teriora
613 724 895 794 sapientiae
922 723 1045 778 ﬁdei
1085 723 1366 778 audiendis
1393 723 1651 792 deposcat
1679 719 1964 785 auxilium,

380 815 475 885 qui
504 814 760 868 vaticinia
798 812 1139 877 futurorum,
1179 813 1338 882 quasi
1381 813 1452 866 ad
1495 820 1712 881 portam
1761 818 1980 880 ponunt

383 905 681 960 auditores.
712 903 822 959 Sed
848 903 1000 958 Petri
1023 911 1107 958 est
1139 903 1195 956 in
1225 903 1482 973 templum
1526 903 1841 973 perducere,
1878 901 1968 956 cui

381 1011 481 1065 pro
511 995 856 1051 confessione
898 993 1062 1060 forti,
1084 1001 1141 1049 et
1183 1007 1480 1063 cognomen
1509 1001 1678 1063 petrae
1703 1000 1760 1047 et
1787 991 1982 1046 claves

383 1085 508 1141 cmli
537 1095 667 1140 sunt
699 1084 863 1138 datae.
1931 1091 1951 1107 ‘

455 1177 741 1247 Argentum
767 1184 819 1230 et
859 1189 1052 1228 aurum
1088 1189 1192 1229 non
1223 1181 1299 1228 est
1343 1172 1494 1226 mihi.
1527 1169 1727 1225 Habuit
1753 1170 1969 1240 quidem

380 1276 538 1324 vetus
581 1266 992 1322 tabernaculum
1025 1264 1445 1333 iustiﬁcationes
1485 1262 1733 1326 culturae,
1758 1270 1814 1315 et
1842 1276 1980 1314 sana

379 1366 532 1413 ctum
558 1356 817 1412 saecularcs
843 1371 986 1411 auro
1001 1362 1333 1424 argentoque
1359 1351 1698 1414 distinctum,
1727 1349 1825 1404 sed
1859 1363 1972 1403 me-

383 1449 530 1508 tallis
570 1447 708 1517 legis
739 1445 959 1514 sanguis
1001 1443 1278 1513 Evangelii
1335 1441 1627 1511 pretiosior
1657 1439 1888 1494 emicat.
1918 1445 1987 1490 et

382 1539 614 1610 populus
649 1538 768 1603 ille,
799 1537 888 1605 qui
939 1545 1066 1590 ante
1098 1545 1319 1588 auratos
1364 1543 1548 1603 postes
1591 1540 1769 1586 mente
1810 1530 1971 1585 debili

379 1629 647 1699 iacuerat,
691 1628 750 1681 in
783 1627 1002 1680 nomine
1038 1624 1284 1679 crucifixi
1312 1623 1568 1684 salvatus,
1603 1621 1859 1690 templum
1891 1636 1974 1674 re-

386 1719 481 1792 gni
525 1717 762 1773 caelestis
810 1715 1112 1786 ingreditur
1140 1714 1327 1788 (Hebr.
1352 1713 1472 1784 vn).
1504 1712 1975 1785 Alioquinbeatus

2069 537 2300 593 Domino
2347 537 2574 601 amoris,
2619 535 2664 589 si
2701 548 2832 606 erga
2874 532 3076 588 fratres
3140 531 3417 587 studueris
3475 534 3664 590 curam

2067 626 2282 683 solliciti
2344 641 2616 682 exemere
2659 625 2879 680 laboris.
2931 622 3068 678 Nam
3125 621 3440 693 quicunque
3504 623 3666 680 fratri

2065 733 2204 787 opus
2249 716 2489 787 pietatis,
2516 714 2660 784 quod
2695 713 2837 769 valet
2884 713 3217 782 impendere,
3257 713 3512 784 negligit,
3563 715 3668 768 mi-

2067 823 2172 862 nns
2217 805 2364 876 iuste
2413 820 2474 860 se
2525 805 2862 860 conditorem
2917 803 3142 872 diligere
3190 805 3464 870 ostendit,
3511 806 3668 875 cuius

2069 897 2323 951 mandata
2365 895 2422 950 in
2465 895 2821 951 sustentanda
2865 893 3098 965 proximi
3148 896 3480 951 necessitate
3529 911 3664 951 con-

2069 989 2286 1044 temnit.
3019 1021 3021 1023 ι
3233 1003 3240 1010 ’

2140 1078 2281 1131 Dicit
2303 1078 2351 1131 ei
2377 1078 2570 1131 iterum
2590 1089 2610 1128 :
2635 1074 2820 1131 Simon
2843 1072 3093 1139 Joannis,
3121 1090 3270 1128 amas
3311 1075 3432 1129 me?
3453 1084 3512 1128 at
3536 1075 3625 1130 ille
3645 1090 3665 1128 :

2074 1167 2271 1232 Etiam,
2307 1167 2554 1232 Domine,
2581 1176 2638 1220 tu
2664 1169 2765 1220 scis
2793 1167 2920 1238 quia
2945 1183 3072 1220 amo
3096 1177 3162 1220 te.
3198 1168 3387 1222 Simon
3431 1184 3669 1239 namque

2079 1260 2360 1324 obediens,
2388 1258 2628 1316 Joamies
2657 1260 2862 1314 dicitur
2897 1260 2991 1314 Dei
3021 1261 3227 1330 gratia,
3251 1271 3307 1315 et
3342 1270 3567 1330 propter
3601 1277 3668 1316 ea

2074 1361 2221 1408 recte
2250 1353 2460 1422 primus
2504 1353 2902 1422 apostolorum,
2935 1365 3058 1406 cum
3107 1353 3174 1407 de
3219 1368 3408 1408 amore
3437 1369 3536 1408 suo
3581 1369 3669 1409 re-

2073 1446 2324 1513 quiritur,
2357 1443 2544 1499 Simon
2573 1445 2819 1510 Joannis,
2851 1446 2904 1500 id
2932 1454 3018 1500 est
3050 1445 3312 1501 obediens
3351 1447 3445 1501 Dei
3489 1449 3666 1518 gratia

2074 1543 2322 1600 vocatur,
2367 1543 2431 1589 ut
2481 1534 2685 1604 liquido
2731 1535 2944 1590 cunctis
2985 1536 3304 1591 ostendatur
3349 1538 3476 1603 hoc,
3523 1540 3668 1608 quod

2077 1626 2278 1695 majore
2305 1641 2417 1695 prie
2458 1627 2672 1681 caneris
2699 1626 3007 1681 obedientia
3059 1626 3152 1680 Dei
3195 1627 3366 1696 jussis
3421 1627 3671 1698 obsequi-

2077 1726 2183 1781 tur,
2215 1718 2358 1786 quod
2387 1719 2687 1773 ardentiori
2710 1717 2870 1772 illum-
2889 1718 3157 1774 charitate
3191 1717 3540 1788 amplectitur
3559 1733 3671 1772 non

385 1808 603 1874 Petrus,
631 1807 896 1862 Dominici
926 1821 1136 1860 memor
1161 1805 1438 1875 prtecepti,
1465 1819 1570 1872 quo
1594 1803 1796 1856 dicitur
1824 1819 1837 1854 :
1866 1801 1976 1854 Νο-
2001 1798 2050 1857 Β
2076 1807 2295 1862 humani
2340 1809 2520 1863 meriti
2540 1849 2554 1872 ,
2598 1809 2693 1864 sed
2722 1808 2964 1863 muneris
3006 1824 3130 1864 esse
3167 1809 3358 1863 divini.
3391 1808 3561 1864 Came
3605 1824 3673 1864 ac

384 1899 476 1954 lite
502 1899 768 1969 possidere
805 1913 996 1951 astrum
1021 1907 1078 1950 et.
1120 1907 1394 1965 argentum
1435 1893 1652 1966 (Matth.
1679 1893 1765 1964 ι),
1811 1906 1975 1960 pecu-

384 1990 534 2044 niam
564 2004 727 2060 quam
755 1988 1010 2057 adpedes
1031 1985 1399 2056 apostolorum
1422 1984 1715 2054 ponebant,
1732 1997 1838 2037 non
1870 1981 1979 2036 sibi

298 2146 303 2150 ἡ
387 2080 710 2144 recondere,
740 2078 836 2134 sed
866 2078 936 2132 ad
959 2092 1092 2132 usus
1115 2090 1436 2147 pauperum,
1466 2074 1558 2144 qui
1583 2089 1682 2128 sua
1711 2072 1977 2142 patrimo-

387 2171 480 2224 nia
510 2169 873 2238 reliquerant,
889 2181 1178 2223 reservare
1202 2165 1430 2220 solebat.

459 2259 531 2312 Et
559 2259 882 2330 apprehensa
909 2272 1070 2311 manu
1111 2257 1230 2325 ejus
1270 2253 1514 2318 dextera,
1545 2250 1785 2305 alienavit
1823 2265 1980 2311 eum,

387 2357 496 2404 etc.
523 2348 696 2414 Quem
725 2349 892 2403 verba
918 2348 1104 2416 erigit,
1141 2346 1285 2399 hunc
1311 2343 1477 2398 etiam
1505 2343 1728 2397 dextera
1757 2339 1977 2395 confor-

388 2446 490 2503 tat,
519 2439 647 2507 quia
675 2452 856 2493 sermo
888 2435 1154 2500 docentis,
1182 2435 1238 2489 in
1265 2433 1432 2488 corde
1456 2432 1765 2486 auditorum
1791 2429 1978 2487 minus

387 2528 564 2594 valet,
595 2529 642 2582 si
674 2543 791 2582 non
828 2528 994 2583 etiam
1031 2525 1266 2594 propriae
1306 2521 1535 2578 actionis
1566 2519 1977 2576 commendetur

389 2618 677 2689 exemplis.

458 2708 530 2763 Et
559 2709 810 2764 miliens
823 2708 961 2762 stetit
983 2717 1031 2762 et
1060 2706 1361 2762 ambulabat
1390 2714 1438 2759 et
1467 2701 1680 2756 intrarit
1715 2715 1833 2753 cum
1865 2698 1980 2754 illis

387 2801 445 2854 in
470 2800 740 2869 templum.
769 2795 915 2855 Ordo
942 2799 1292 2870 perfectionis
1315 2797 1583 2867 egregius,
1623 2793 1800 2864 primo
1827 2792 1978 2846 illum

390 2905 679 2962 resurgere
705 2891 797 2959 qui
822 2889 1088 2958 iacuerat,
1117 2888 1311 2945 deinde
1340 2888 1585 2958 arripere
1613 2887 1893 2950 virtutem,
1919 2890 1980 2939 et

388 2984 472 3040 sic
500 2985 654 3054 regni
675 2983 903 3054 ianuam
930 3001 1068 3040 cum
1083 2984 1340 3055 apostolis
1365 2984 1592 3038 intrare.

460 3075 530 3129 Et
557 3075 756 3147 impleti
805 3086 930 3131 sunt
966 3086 1178 3147 stupore
1223 3084 1274 3129 et
1315 3074 1534 3138 exstasi,
1561 3081 1667 3128 etc.
1719 3071 1978 3126 Exstasin

2077 1903 2376 1963 temperate
2400 1903 2457 1948 et
2485 1894 2716 1964 simplici
2745 1895 2879 1949 voce
2907 1895 3022 1948 ait:
3054 1895 3302 1960 Dontine,
3328 1904 3388 1948 tu
3417 1895 3518 1949 seis
3543 1897 3672 1965 quis

2076 1999 2196 2036 uno
2221 1992 2294 2049 te,-
2333 1983 2476 2052 quod
2517 1993 2603 2038 est
2629 1993 2813 2054 aperte
2857 1984 3060 2048 dicere,
3088 1983 3216 2039 Scio
3243 1985 3371 2055 quia
3416 1993 3492 2049 te,
3519 1996 3584 2040 ut
3613 1995 3672 2039 tu

2077 2073 2271 2128 melius
2300 2074 2465 2138 nosti,
2493 2073 2707 2145 integro
2731 2076 2902 2130 corde
2927 2075 3113 2144 diligo,
3138 2090 3302 2146 quam
3329 2092 3458 2131 vero
3487 2087 3542 2132 te
3569 2078 3664 2131 alii

2074 2165 2322 2237 diligant,
2353 2165 2488 2221 mihi
2515 2166 2738 2235 quidem
2766 2165 3010 2238 ignotum
3031 2208 3046 2235 ,
3073 2169 3170 2222 sed
3198 2167 3293 2222 tibi
3325 2179 3456 2224 sunt
3479 2171 3669 2225 omnia

2075 2267 2225 2313 nota.

2148 2350 2501 2404 Contristotus
2523 2360 2600 2405 est
2636 2349 2848 2416 Petrus,
2880 2353 3008 2424 quin
3038 2351 3178 2406 dixit
3195 2354 3246 2407 ei
3277 2363 3356 2408 ter
3381 2369 3532 2409 amas
3559 2356 3674 2411 me!

2075 2441 2144 2495 Et
2169 2441 2297 2496 dicit
2325 2443 2413 2496 ei:
2439 2442 2680 2509 Domine,
2715 2453 2777 2498 tu
2802 2445 2978 2498 omnia
3017 2445 3140 2508 scis,
3173 2455 3230 2498 tu
3256 2447 3360 2501 scis
3380 2448 3508 2517 quia
3547 2464 3672 2502 omo

2074 2539 2147 2596 te,
2175 2530 2303 2584 dicit
2329 2532 2376 2584 ei
2399 2547 2418 2586 :
2458 2529 2628 2587 Pasce
2656 2547 2820 2603 agnos
2850 2549 3011 2588 meos.
3055 2533 3284 2590 Provida
3333 2544 3518 2591 autem
3553 2537 3675 2607 pie-

2077 2630 2187 2676 tate
2213 2621 2477 2677 Dominus
2505 2623 2667 2678 tertio
2695 2623 2915 2678 Petrum
2947 2639 3016 2678 an
3043 2640 3102 2680 se
3130 2625 3323 2696 diligat
3347 2626 3668 2697 interrogat,

2073 2719 2135 2766 ut
2168 2712 2284 2781 ipsa
2329 2711 2474 2765 trina
2517 2711 2854 2768 confessione
2895 2715 3129 2781 vincula,
3159 2730 3282 2784 quae
3311 2715 3401 2771 ille
3443 2724 3528 2771 ter
3573 2733 3676 2773 nc-

2075 2801 2252 2872 gando
2277 2800 2486 2873 ligavit,
2513 2801 2786 2866 absolvat,
2811 2811 2874 2858 et
2895 2805 3113 2873 quoties
3141 2806 3370 2871 territus
3397 2805 3520 2875 eius
3543 2821 3676 2875 pasa-

2075 2891 2248 2957 sione,
2276 2906 2382 2962 qua
2429 2891 2581 2946 illum
2624 2907 2788 2947 nosse
2833 2903 3163 2963 negaverat,
3217 2895 3379 2952 toties
3423 2910 3676 2951 resurre—

2075 2981 2258 3036 ctione
2284 2987 2522 3047 creatus,
2545 2981 2692 3050 quod
2718 2981 2868 3035 illum
2898 2989 3016 3036 toto
3039 2990 3186 3037 amet
3211 2983 3384 3038 corde
3417 2992 3671 3039 testator.

2080 3070 2188 3127 Sed
2230 3071 2334 3126 hoc
2379 3071 2585 3140 pastori
2635 3080 2726 3127 est
2755 3070 2866 3127 ﬁxo
2906 3073 3071 3128 corde
3118 3075 3433 3141 tenendum,
3467 3085 3528 3130 ut
3573 3091 3678 3132 eos

395 3181 655 3238 pavorem
683 3167 833 3221 dicit.
858 3166 992 3220 Nam
1023 3166 1135 3220 alio
1159 3165 1321 3220 modo
1349 3161 1827 3232 dicitnr'esstasis,
1859 3176 1982 3216 cum
2009 3151 2056 3215 C
2085 3163 2289 3231 quibus.
2341 3170 2572 3232 praeest,
2626 3180 2734 3219 non
2781 3165 2937 3234 quasi
2985 3181 3114 3221 suos
3154 3167 3428 3236 proprios,
3467 3168 3566 3222 sed
3607 3177 3678 3223 ut

401 3271 579 3323 mens,
609 3273 716 3312 non
745 3273 946 3328 pavore
971 3257 1264 3323 alienatur,
1293 3256 1400 3311 sed»
1417 3253 1600 3324 aliqua
1627 3254 1984 3324 inspiratione

396 3355 496 3404 aut
518 3348 848 3404 revelatione
875 3348 1193 3404 assumitur.

740 3439 1085 3494 svmcsunu'
1105 3451 1338 3502 JOANNIS,
1369 3450 1489 3490 cu».
1518 3450 1648 3490 cur.

467 3549 488 3582 ι
523 3529 674 3586 Dixit
702 3529 860 3586 Jesus
907 3531 1109 3585 Petro:
1141 3529 1330 3583 Simon
1372 3526 1616 3591 Joannis,
1663 3523 1843 3596 diligis
1892 3538 1981 3579 me

2082 3251 2295 3307 Domini
2337 3252 2420 3307 sui
2455 3267 2684 3324 gregem
2715 3261 2954 3310 tractare
2998 3255 3331 3323 meminerit,
3350 3255 3514 3326 iuxta
3533 3257 3675 3314 illud

2081 3341 2222 3410 quod
2265 3340 2428 3396 Petro
2457 3341 2692 3396 dicitur:
2733 3341 2794 3396 Si
2823 3342 3001 3412 diligis
3037 3359 3149 3409 me,
3169 3357 3673 3414 messores-meos.

2080 3429 2268 3495 Meas,
2302 3429 2508 3498 inquit,
2538 3445 2646 3484 non
2687 3438 2831 3494 tuas,
2874 3445 3026 3486 meas
3069 3431 3168 3486 tibi
3213 3448 3344 3488 oves
3385 3449 3676 3489 commen-

2080 3523 2232 3577 datas
2270 3523 2400 3585 scio,
2433 3531 2488 3576 et
2532 3523 2632 3578 bas
2673 3523 2828 3592 quasi
2879 3538 3029 3579 meas
3068 3538 3280 3594 regere,
3309 3526 3356 3580 si
3405 3541 3496 3581 me
3543 3542 3678 3596 per-

395 3637 420 3671 s
459 3619 580 3691 plus
614 3621 737 3675 his?
765 3621 906 3675 Dicit
943 3619 1039 3675 ei:
1083 3619 1282 3685 Etiam,
1325 3618 1570 3683 Domine,
1613 3623 1672 3670 tu
1698 3616 1808 3670 scis
1851 3615 1980 3686 quia
2078 3618 2222 3673 fccte
2262 3633 2416 3673 amas
2452 3617 2650 3682 recole,
2700 3626 2762 3672 ut
2806 3633 2982 3673 meam
3035 3618 3288 3674 videlicet
3316 3620 3372 3674 in
3420 3620 3505 3675 eis
3548 3621 3677 3691 glo-

397 3729 417 3763 I
463 3727 588 3766 amo
617 3719 691 3766 te.
735 3711 875 3765 Dicit
903 3711 995 3765 ei:
1031 3711 1202 3766 Pasce
1227 3725 1396 3780 agnos
1425 3723 1596 3763 meos.
1634 3707 1777 3762 Dicit
1803 3707 1856 3761 ei
1883 3707 1979 3761 ite.
2079 3710 2248 3775 riam,
2288 3723 2476 3764 meum.
2517 3710 2844 3776 dominia,
2889 3724 3012 3765 mea
3054 3709 3208 3766 lucra
3251 3725 3360 3766 non
3410 3719 3505 3765 tua
3546 3727 3678 3782 μω-

396 3817 422 3850 ι-
464 3815 622 3854 rum:
657 3799 846 3854 Simon
871 3798 1122 3864 Joannis,
1142 3798 1322 3869 diligis
1350 3797 1474 3852 me?
1509 3796 1602 3850 Ait
1638 3795 1713 3850 illi
1739 3812 1753 3848 :
1778 3795 1975 3858 Etiam,
2077 3799 2196 3869 pria
2227 3813 2462 3868 quaeras.

395 3907 418 3940 ι
461 3889 707 3953 Domine,
734 3897 789 3941 tu
815 3889 924 3943 scis
943 3888 1070 3958 quia
1097 3903 1221 3942 amo
1245 3896 1317 3942 te.
1346 3887 1489 3940 Dicit
1509 3887 1595 3940 ei:
1620 3886 1789 3941 Pasce
1810 3900 1980 3956 agnos
2149 3887 2258 3958 (Ea:
2279 3885 2442 3957 vnlg.)
2487 3886 2717 3942 Dilectio
2744 3888 3266 3958 ampliorem-quam.
3283 3905 3443 3944 amor
3473 3891 3678 3945 retinet

393 3997 418 4032 ο
461 3995 628 4034 meos.
662 3979 805 4032 Dicit
846 3978 905 4032 ei
937 3978 1100 4032 tertio
1126 3995 1141 4031 :
1177 3974 1368 4031 Simon
1397 3973 1644 4041 Joannis,
1677 3991 1828 4030 amas
1858 3975 1979 4030 me?
2077 3980 2414 4051 qualitatem,
2442 3987 2498 4035 et
2525 3979 2648 4036 ideo
2674 3981 2887 4035 dicente
2915 3980 3146 4036 Domino
3172 4001 3185 4035 :
3211 3981 3400 4037 Simon
3418 3982 3673 4049 Joannis,

393 4087 416 4122 ι
457 4071 524 4127 Et
571 4071 931 4127 contristatae
961 4078 1058 4125 est.
1091 4069 1308 4134 Petrus,
1342 4069 1638 4139 quiadisit
1675 4069 1738 4124 ei:
1777 4069 1975 4123 tertio:

393 4181 417 4214 ε
457 4162 594 4230 Quia
615 4177 767 4216 amas
791 4176 904 4226 me,
925 4169 980 4215 et
1007 4160 1142 4215 dicit
1162 4159 1212 4213 ei
1239 4177 1260 4213 τ’
1277 4159 1525 4224 Domine,
1555 4168 1621 4212 tu
1638 4159 1820 4213 omnia
1846 4159 1976 4225 scis,

391 4271 416 4304 ‹
460 4261 516 4307 tu
541 4255 658 4308 scis
695 4252 826 4322 quia
855 4265 984 4316 amo
1014 4258 1085 4306 te.
1131 4251 1276 4306 Dicit
1315 4249 1404 4305 ei:
1442 4248 1620 4304 Pasce
1647 4264 1778 4303 oves
1807 4263 1978 4302 meas.

393 4363 416 4396 σ
459 4344 656 4410 Amen,
689 4359 847 4399 amen
900 4345 1022 4399 dico
1052 4343 1170 4411 tibi,
1191 4359 1316 4399 cum
1339 4358 1490 4398 esses
1513 4343 1704 4414 iunior
1722 4343 1978 4414 cingebat

392 4452 415 4486 α
462 4445 536 4501 te,
563 4443 619 4491 et
645 4435 959 4491 ambulabas
982 4435 1074 4491 ubi
1097 4435 1338 4500 volebas,
1361 4450 1485 4488 cum
1509 4443 1688 4489 autem
1709 4436 1974 4498 senueris,

391 4543 414 4574 ι
460 4525 721 4579 extendes
751 4539 945 4578 manus
974 4533 1114 4587 tuas,
1159 4532 1216 4578 et
1249 4523 1388 4577 alius
1417 4533 1473 4577 te
1501 4523 1700 4592 cinget,
1732 4531 1788 4576 et
1816 4523 1977 4576 ducet

391 4628 415 4662 ε
458 4627 570 4682 quo
613 4627 721 4667 non
764 4612 865 4666 vis.
933 4611 1047 4666 Hoc
1091 4621 1272 4666 autem
1320 4612 1460 4666 dixit
1503 4611 1822 4680 significans
1871 4627 1977 4680 qua

392 4720 417 4756 ‹
462 4711 638 4758 morte
664 4702 1058 4757 clarificaturus
1083 4709 1228 4756 esset
1254 4701 1443 4756 Deum.
1459 4720 1478 4754 ι

462 4791 616 4846 Dixit
637 4791 797 4847 Iesus
821 4789 982 4846 Petro
1005 4805 1024 4844 :
1055 4790 1240 4847 Simon
1265 4790 1513 4856 Joannis,
1545 4791 1726 4862 diligis
1745 4809 1826 4846 nte
1858 4792 1976 4864 plus

388 4881 518 4935 Itis?
559 4881 700 4936 Dicit
741 4882 790 4935 ei
813 4899 831 4936 ε
863 4880 1316 4945 Etiam,Domine,
1358 4889 1416 4933 tu
1450 4880 1555 4934 scis
1581 4882 1708 4951 quia
1739 4896 1860 4935 amo
1904 4892 1974 4938 te.

388 4971 657 5028 Virtutem
686 4972 842 5028 nobis
863 4970 1124 5042 perfecta:
1147 4971 1455 5026 dilectionis
1483 4985 1724 5041 praesens
1753 4971 1970 5028 Domini

388 5068 564 5122 nostri
611 5067 966 5138 interrogatio
990 5064 1250 5130 ostendit,
1277 5063 1519 5135 perfecta
1561 5064 1705 5118 enim
1751 5064 1968 5120 dilectio

385 5166 494 5221 est,
523 5173 628 5226 qua
677 5157 974 5214 Dominum
995 5172 1063 5212 es
1110 5165 1224 5212 toto
1264 5156 1449 5220 corde,
1481 5161 1594 5210 tota
1623 5153 1824 5219 annua,
1855 5163 1970 5209 tota

388 5227 944 5318 virtutcfprosimum
991 5254 1173 5300 autem
1221 5253 1476 5313 tanquam
1520 5258 1621 5298 nos
1669 5243 1817 5312 ipsos
1846 5243 1960 5298 dili~

386 5353 519 5411 gere
563 5337 849 5408 iubemur,
890 5344 948 5392 et
991 5345 1185 5391 neutra
1232 5336 1426 5390 harum
1476 5333 1693 5389 dilectio
1729 5333 1848 5388 sine
1885 5333 1969 5388 alv-

388 5440 513 5485 tera
553 5429 725 5492 valet,
765 5435 864 5482 aut
904 5433 994 5481 est
1038 5423 1313 5495 perfecta,
1351 5424 1483 5494 quia
1526 5439 1628 5480 nec
1671 5423 1814 5478 Deus
1839 5437 1972 5478 vero

387 5520 507 5575 sine
541 5519 810 5590 proximo,
848 5532 949 5573 nec
985 5516 1104 5572 sine
1150 5515 1261 5571 Deo
1305 5529 1432 5570 vere
1471 5515 1652 5585 potest
1686 5515 1971 5585 proximus

390 5612 586 5669 amari.

464 5699 605 5756 Dicit
627 5703 677 5756 ei
700 5715 719 5754 :
750 5699 917 5756 Pasce
955 5713 1120 5772 agnos
1161 5713 1322 5752 meos.
1369 5693 1449 5752 Ac
1495 5696 1542 5752 si
1587 5704 1772 5766 aperte
1817 5696 1948 5752 dice-

2077 4071 2254 4140 diligis
2282 4087 2384 4134 me,
2415 4085 2521 4124 non
2548 4085 2714 4124 ausus
2738 4082 2822 4126 est
2847 4071 3043 4127 Petrus
3073 4071 3236 4127 fateri.
3273 4072 3588 4128 dilectionis
3612 4089 3674 4128 se

2077 4158 2279 4214 habere
2322 4173 2652 4221 mensuram,
2689 4157 2785 4213 sed
2833 4160 3118 4214 humiliter
3153 4158 3447 4230 proﬁtetur
3483 4174 3674 4216 amare

2077 4267 2158 4308 se.
2193 4251 2452 4320 Superior
2482 4252 2629 4306 enim
2661 4252 2834 4306 amori
2863 4251 3082 4307 dilectio
3109 4252 3398 4322 reperitur.
3425 4253 3672 4321 Denique

2079 4341 2242 4395 tertia
2293 4340 2652 4409 appellatione
2706 4341 2963 4396 Dominus
3010 4341 3358 4412 interrogans
3405 4341 3667 4408 Petrum,

2079 4429 2204 4496 quia
2253 4443 2359 4482 non
2402 4430 2542 4483 sicut
2588 4429 2861 4497 prioribus
2905 4430 3113 4486 vicibus
3162 4432 3372 4487 duabus
3415 4432 3668 4495 dixerat,

2076 4520 2278 4591 diligis,
2315 4522 2411 4575 sed
2443 4537 2590 4575 amas
2624 4537 2738 4588 me,
2792 4523 3159 4577 contristatns.
3191 4532 3275 4578 est
3319 4523 3542 4588 Petrus,
3575 4538 3670 4579 cur

2079 4610 2134 4664 in
2182 4613 2342 4666 tertia
2387 4611 2813 4683 interrogatione
2867 4621 2976 4669 non
3036 4614 3274 4678 dixerit,
3315 4614 3501 4682 diligis
3552 4630 3666 4679 nte,

2077 4703 2173 4757 sed
2211 4719 2363 4759 amas
2390 4719 2498 4768 me,
2527 4705 2672 4760 velut
2713 4704 2828 4773 iam
2859 4721 2963 4760 non
3003 4705 3072 4760 de
3099 4705 3314 4760 sublimi
3347 4707 3550 4762 ordine
3589 4707 3670 4763 di-

2076 4791 2356 4858 lectionis,
2387 4794 2482 4849 sed
2538 4794 2608 4849 de
2649 4793 2910 4851 inferiore
2957 4795 3160 4851 amoris
3201 4796 3378 4866 gratia
3423 4811 3670 4866 percurr-

2077 4890 2276 4937 status.

2145 4972 2311 5026 Amen
2347 4973 2650 5035 amen,dico
2694 4975 2805 5040 tibi,
2843 4993 2961 5030 cum
3005 4993 3140 5031 esses
3172 4977 3378 5046 junior,
3418 4978 3672 5048 cingebat

2069 5069 2140 5125 te,
2181 5071 2234 5114 et
2277 5062 2586 5118 ambulabas
2635 5065 2726 5119 ubi
2765 5065 2993 5133 volebas,
3025 5083 3144 5120 cum
3183 5078 3363 5121 autem
3403 5070 3665 5132 sentietis,

2069 5157 2351 5212 emendem
2392 5174 2582 5214 manus
2625 5170 2764 5223 tuas,
2815 5172 2866 5215 et
2912 5163 3050 5217 alius
3094 5174 3152 5217 te-
3181 5164 3348 5234 cinget
3389 5173 3440 5218 et
3481 5166 3662 5232 ducar,

2071 5267 2172 5322 quo
2209 5260 2268 5302 tu
2300 5268 2403 5306 non
2437 5252 2532 5306 vis.
2582 5253 2662 5308 Ac
2711 5255 2754 5308 si
2803 5263 3055 5324 patenter
3099 5256 3281 5311 dicat:
3312 5257 3527 5323 Quanta
3574 5275 3668 5314 me

2071 5342 2337 5398 cbaritate
2365 5344 2577 5413 diligas,
2608 5345 2736 5401 hinc
2777 5347 3069 5417 aliquando
3097 5348 3372 5418 probabis,
3400 5363 3528 5404 cum
3561 5363 3670 5420 pro

2071 5431 2417 5500 parvulorum
2447 5449 2691 5490 meorum
2712 5437 2820 5490 vita
2843 5438 2910 5491 ad
2933 5447 3159 5493 mortem
3186 5440 3446 5494 certamin
3468 5453 3671 5509 perro-

2072 5523 2241 5587 neris,
2272 5529 2334 5576 ut
2361 5531 2416 5578 et
2449 5524 2527 5578 illi
2565 5525 2622 5580 in
2649 5541 2874 5596 corpore
2899 5529 3108 5598 possint
3147 5529 3355 5596 par-iter
3391 5539 3447 5584 et
3477 5537 3670 5588 menti:

2072 5609 2270 5664 salvari
2289 5651 2304 5675 ,
2336 5611 2452 5679 ipse
2480 5620 2753 5668 tormenta
2793 5615 3040 5684 corporis
3071 5615 3277 5682 omnia,
3307 5629 3428 5686 quae
3457 5619 3670 5672 advert-

2074 5700 2275 5754 sarium
2312 5700 2552 5772 inﬂigere
2581 5703 2730 5771 libet,
2763 5703 2888 5759 forti
2931 5705 3128 5762 mentis
3157 5709 3464 5765 constantia
3515 5707 3668 5763 tole-
