3932 6204
239 355 340 412 589

1053 351 1570 409 COLLECTIONES
1602 351 1669 407 IN
1708 351 2084 410 EPISTULAS
2122 355 2210 410 ΕΓ
2250 356 2668 412 EVANGELIA.

3379 367 3483 424 Z90

237 469 400 523 rahis.
426 465 485 521 ln
510 464 825 521 extensione
848 465 991 518 enim
1019 480 1271 518 manuum
1299 466 1618 533 [insitionem
1646 479 1813 518 mcm-
1839 468 1888 526 Α
1917 466 1984 519 ad
2025 465 2364 536 supplicium,
2409 479 2462 523 et
2501 485 2625 524 cum
2672 470 2999 526 ducerentur
3043 472 3098 527 in
3136 473 3240 540 via,
3275 479 3486 544 rogavit

234 561 458 614 brorum
507 557 646 627 ejus,
704 571 808 627 qua
835 557 982 611 cruci
1012 566 1130 610 erat
1159 556 1422 626 aptandus
1454 557 1707 610 insinuat.
1755 554 1812 608 ln

233 652 504 706 cinctione
541 650 767 705 alterius
802 650 1198 718 impositionem
1231 649 1589 712 vinculorum,
1616 647 1813 716 quibus

233 758 262 796 a
287 748 638 811 persecutore
672 747 796 794 erat
815 739 1081 793 arcendus
1110 738 1382 806 exprimit.
1431 733 1485 790 In
1514 739 1674 791 ducto
1705 749 1813 804 quo

234 831 424 895 nollet,
450 829 624 899 ipsam
655 828 847 884 mortis
881 843 942 882 ac
971 827 1238 896 passionis
1273 827 1626 880 acerbitatem
1673 825 1815 880 indi-

233 929 340 984 cat,
373 937 536 991 quam
567 918 862 988 corporalis
891 918 1007 988 ejus
1038 917 1324 972 inﬁrmitas
1348 917 1624 982 horrebat,
1656 917 1814 988 cujus

233 1009 399 1064 animi
426 1010 651 1063 lirmitas
681 1007 978 1078 spiritualis
1011 1008 1171 1062 etiam
1206 1008 1430 1061 adversa
1470 1023 1568 1076 pro
1593 1009 1811 1063 domino

233 1097 521 1152 hetabauir
562 1106 758 1154 cuncta
807 1096 1065 1166 perferre.
1124 1095 1240 1152 Non
1288 1097 1431 1151 enim
1479 1097 1808 1152 voluntatem

231 1203 413 1246 suam.
445 1187 539 1242 sed
563 1186 893 1241 voluntatem
921 1187 1198 1254 qumrebat
1230 1184 1354 1253 ejus
1383 1186 1472 1256 qui
1508 1186 1654 1241 misit
1683 1203 1808 1241 eum

231 1276 501 1332 Christus.

307 1365 423 1421 Hoc
469 1377 642 1436 autem
681 1367 833 1429 dixit,
873 1365 1175 1434 signiﬁcans
1216 1381 1320 1436 qua
1359 1375 1524 1418 morte
1549 1367 1810 1435 clariﬁca-

231 1472 384 1513 turus
421 1469 549 1514 esset
571 1457 758 1512 Deum.
804 1456 1129 1511 Clariﬁcavit
1173 1460 1370 1526 quippe
1401 1457 1594 1512 Petrus
1629 1467 1807 1513 morte

228 1567 333 1606 sua
385 1551 572 1614 Deum,
623 1548 840 1618 quando
888 1550 990 1602 hoc
1042 1549 1241 1602 indicio
1285 1548 1495 1603 cunctis
1544 1559 1805 1617 quantum

228 1639 378 1693 Deus
411 1646 555 1693 esset
588 1636 862 1702 colendus,
900 1636 1268 1706 amandasque
1309 1639 1646 1702 monstravit,
1679 1639 1806 1693 dum

227 1731 352 1800 ipse
379 1730 504 1782 data
543 1728 760 1797 optione
798 1727 982 1781 mallet
1016 1726 1194 1780 crucis
1233 1726 1415 1782 subire
1453 1736 1804 1792 tormentum,

226 1837 398 1891 quam
435 1836 464 1874 a
493 1820 728 1876 caelestis
757 1819 905 1874 verbi
936 1819 1317 1888 praedicatione
1356 1833 1588 1873 cessare.

569 1949 637 2005 lN
679 1949 925 2004 NATALI
967 1949 1210 2004 SANCTI
1247 1949 1472 2004 PETRI.

425 2081 618 2121 ιεετιο
657 2081 872 2121 Αετυωι
911 2081 1312 2131 Ανοετοιοκωί,
1352 2083 1471 2121 CAP.
1511 2082 1610 2121 XII.

314 2200 332 2232 ι
377 2180 522 2236 Misit
547 2179 786 2235 Herodes
815 2195 907 2233 rex
933 2195 1145 2241 manus,
1175 2188 1232 2234 ut
1264 2180 1522 2251 allligeret
1547 2183 1808 2249 quosdam

309 2270 374 2327 de
388 2270 649 2326 Ecclesia.
675 2271 884 2327 Occidit
914 2279 1089 2325 autem
1113 2269 1371 2325 Iacobum
1397 2272 1620 2327 fratrem
1645 2272 1808 2328 Ioan-

308 2363 392 2416 nis
428 2361 622 2432 gladio.
672 2361 878 2416 Videas
920 2367 1099 2415 autem
1141 2361 1266 2429 quia
1302 2361 1543 2430 placeret
1582 2361 1802 2428 Iudzeis,

309 2452 556 2520 apposuit
603 2451 1008 2520 apprehendere
1053 2459 1107 2504 et
1141 2449 1382 2505 Petrum.
1418 2450 1592 2505 Erant
1626 2459 1805 2506 autem

310 2540 427 2594 dies
459 2555 790 2610 azymorum.
819 2538 990 2606 Quem
1018 2554 1140 2594 cum
1169 2540 1629 2611 apprehendisset,
1659 2542 1809 2596 misit

306 2631 358 2686 in
399 2645 697 2695 carcerem,
738 2630 1063 2700 tradensque
1097 2639 1330 2700 quatuor
1359 2630 1808 2701 quaternionibus

231 2742 251 2775 ι
309 2723 538 2778 militum
586 2725 651 2778 ad
700 2722 1147 2788 custodiendum,
1195 2722 1379 2778 volens
1433 2731 1556 2792 post
1604 2723 1808 2793 pascha

232 2833 258 2867 ‹
307 2815 603 2884 producere
631 2828 755 2869 eum
781 2814 998 2884 populo.
1051 2813 1119 2867 Et
1141 2813 1334 2868 Petrus
1363 2813 1581 2882 quidem
1617 2828 1808 2868 serva-

233 2927 252 2960 s
307 2909 468 2962 batur
506 2907 559 2961 in
587 2921 824 2970 carcere,
857 2906 1032 2961 oratio
1071 2913 1253 2960 autem
1283 2903 1444 2960 ﬁebat
1476 2905 1593 2959 sine
1630 2903 1807 2960 inter-

232 3018 252 3050 ι
302 2999 563 3054 missione
605 2998 672 3052 ab
701 2998 944 3053 Ecclesia
982 2998 1047 3052 ad
1074 2997 1243 3053 Deum
1275 3012 1375 3067 pro
1410 3011 1497 3052 eo.
1528 2995 1664 3052 Cum
1713 3011 1809 3052 au-

231 3110 250 3145 t
307 3102 417 3148 tem
444 3091 806 3161 producturus
839 3105 962 3146 eum
994 3099 1137 3145 esset
1164 3088 1426 3154 Herodes,
1458 3089 1512 3143 in
1549 3089 1666 3158 ipsa
1705 3105 1805 3144 no-

232 3205 251 3240 l
305 3195 392 3243 cte
426 3157 546 3241 erat
572 3185 764 3240 Petrus
791 3184 1066 3240 dormiens
1105 3184 1247 3238 inter
1271 3167 1406 3237 duos
1434 3157 1654 3248 milites,
1689 3181 1806 3236 vin-
1835 3157 1879 3218 Ο

232 3298 251 3331 ‹
302 3287 425 3334 ctus
463 3277 670 3332 duabus
721 3275 962 3341 catenis,
1012 3281 1068 3330 et
1110 3273 1361 3328 custodes
1423 3279 1550 3326 ante
1603 3271 1803 3326 ostium

231 3386 250 3420 ι
305 3366 682 3422 custodiebant
725 3378 1022 3426 carcerem,
1075 3370 1130 3418 et
1177 3376 1304 3417 ecce
1341 3361 1562 3433 angelus
1589 3360 1805 3415 Domini

231 3475 251 3509 ι
309 3457 510 3521 astitit,
547 3464 604 3511 et
639 3455 817 3509 lumen
853 3453 1066 3509 refulsit
1102 3453 1158 3508 in
1197 3453 1502 3508 habitaculo
1545 3453 1802 3517 carceris,

231 3566 250 3599 ι
308 3560 671 3617 percussoque
717 3545 885 3600 latere
924 3545 1070 3599 Petri
1121 3545 1380 3599 excitavit
1418 3560 1543 3599 eum
1584 3545 1800 3600 dicens:

231 3657 250 3692 ι
312 3637 480 3709 Surge
506 3637 780 3692 velociter.
806 3636 872 3690 Et
901 3635 1213 3690 ceciderunt
1231 3643 1434 3689 catenae
1455 3634 1522 3688 de
1555 3633 1816 3692 manibus

230 3749 250 3782 ι
308 3727 440 3797 ejus.
477 3727 621 3782 Dixit
648 3735 826 3781 autem
855 3725 1074 3796 angelus
1099 3725 1166 3780 ad
1194 3740 1316 3779 eum
1346 3742 1360 3778 :
1387 3725 1723 3794 Prreciugere
1751 3732 1808 3778 et

231 3835 252 3868 ι
298 3815 468 3873 calcia
493 3824 543 3870 te
565 3815 769 3884 caligas
790 3823 930 3869 tuas.
963 3813 1030 3868 Et
1045 3812 1171 3868 fecit
1193 3813 1290 3868 sic.
1317 3812 1384 3866 Et
1403 3812 1537 3866 dixit
1557 3812 1633 3866 illi
1653 3829 1664 3864 ε
1688 3811 1808 3867 Cir-

235 3925 255 3959 t
300 3906 499 3962 cumda
541 3905 640 3961 tibi
678 3904 1056 3959 vestimentum
1090 3911 1273 3968 tuum,
1329 3909 1384 3958 et
1431 3917 1660 3972 sequere
1695 3917 1803 3957 me.

233 4017 255 4050 ί
298 3998 370 4052 Et
393 3998 582 4052 exiens
601 3995 1060 4066 sequebatureum
1091 4003 1145 4050 et
1163 3994 1437 4050 nesciebat
1465 3995 1591 4064 quia
1619 4009 1806 4049 verum

233 4104 255 4139 ι
299 4094 405 4149 est,
438 4084 584 4155 quod
603 4084 765 4140 ﬁebat
783 4099 880 4153 per
907 4083 1180 4154 angelum,
1208 4085 1512 4150 aestimabat
1540 4092 1719 4138 autem
1749 4099 1809 4139 se
1857 4135 1863 4142 .

235 4194 254 4227 ι
300 4177 476 4231 visum
504 4175 706 4230 videre.
753 4173 1117 4229 Transeuntes
1157 4181 1338 4227 autem
1368 4174 1598 4243 primam
1634 4182 1689 4229 et
1717 4189 1806 4228 se-

233 4284 254 4317 s
299 4261 536 4321 cundam
565 4263 887 4329 custodiam,
909 4273 1177 4317 venerunt
1204 4264 1270 4318 ad
1300 4271 1512 4334 portam
1539 4263 1771 4319 ferream
1790 4306 1805 4330 ,

235 4375 255 4408 ι
301 4371 418 4426 quae
456 4355 611 4410 ducit
645 4354 713 4409 ad
741 4353 1018 4408 civitatem
1045 4368 1166 4422 qua:
1204 4353 1346 4410 ultro
1371 4361 1556 4424 aperta
1594 4361 1678 4408 est
1702 4353 1802 4408 eis.

235 4465 256 4499 s
302 4449 365 4502 Et
385 4454 652 4502 exeuntes
675 4451 1055 4514 processerunt
1069 4443 1244 4497 vicum
1261 4458 1446 4496 unum.
1466 4443 1532 4496 Et
1550 4443 1807 4498 continuo

235 4559 256 4592 ε
302 4539 556 4596 discessit
592 4535 812 4607 angelus
847 4535 914 4589 ab
943 4549 1027 4589 eo.
1065 4533 1133 4588 Et
1151 4533 1347 4588 Petrus
1375 4535 1440 4588 ad
1469 4547 1530 4589 se
1554 4547 1807 4589 reversus

234 4651 254 4683 ι
302 4632 440 4685 dixit
472 4646 487 4680 :
515 4626 672 4681 Nunc
706 4627 820 4681 scio
843 4639 991 4690 vere,
1023 4625 1147 4694 quia
1179 4624 1326 4678 misit
1357 4623 1616 4678 Dominus
1643 4637 1806 4693 ange-

233 4742 252 4772 l
300 4722 409 4776 lum
442 4733 627 4782 suum,
654 4725 710 4772 et
735 4717 931 4784 eripuit
968 4729 1054 4768 me
1090 4714 1158 4768 de
1185 4729 1344 4767 manu
1369 4713 1620 4777 Herodis,
1653 4720 1708 4767 et
1740 4711 1810 4766 de

234 4830 254 4863 s
302 4812 450 4868 omni
485 4807 892 4877 exspectatione
918 4804 1088 4874 plebis
1115 4802 1442 4858 Iudaeorum.
1483 4820 1506 4854 ι

306 4901 454 4956 Misit
497 4896 730 4952 Herodes
773 4912 864 4950 rea:
902 4911 1123 4959 manus,
1174 4902 1233 4947 ut
1270 4883 1512 4964 aﬂligeret
1551 4892 1809 4964 quosdam

229 4989 578 5046 deEcclesia.
628 4985 729 5058 (Ex
777 4984 1056 5054 Iosepho.)
1118 4983 1272 5037 Hunc
1331 4982 1597 5037 Herodem
1647 4981 1809 5036 tertio

227 5085 444 5142 Claudii
475 5088 640 5145 anno,
671 5079 752 5135 sui
773 5093 903 5132 vero
924 5077 1075 5148 regni
1105 5075 1354 5145 septimo,
1381 5073 1450 5128 ab
1475 5074 1666 5144 angelo
1688 5088 1810 5143 ρετα-

229 5188 476 5234 cussum,
509 5176 700 5224 narrat
723 5167 968 5222 historia.

307 5259 512 5315 Occidit
535 5267 708 5312 autem
721 5255 978 5310 Iacobum
1001 5254 1219 5324 fratrem
1237 5252 1462 5308 Joannis
1482 5251 1681 5322 gladio,
1702 5260 1808 5307 etc.

231 5352 338 5423 (Ex
366 5347 560 5418 Beda.)
605 5346 683 5401 De
727 5345 829 5399 hoc
872 5343 1073 5400 Iacobo
1121 5343 1369 5398 Clemens
1416 5342 1813 5397 Alexandrinus

231 5440 518 5497 historiam
545 5437 836 5506 quamdam
861 5435 1077 5506 dignam
1104 5434 1362 5489 memoria
1393 5432 1578 5489 refert.
1601 5451 1622 5485 ι
1652 5433 1721 5488 Et
1745 5435 1811 5502 is,

232 5531 437 5600 inquit,
465 5529 557 5598 qui
587 5526 859 5584 obtulerat
894 5539 1017 5580 eum
1039 5525 1208 5595 judici
1253 5525 1320 5579 ad
1346 5524 1667 5594 martyrium
1697 5523 1812 5594 (Ia-

233 5622 435 5676 cobum
465 5616 694 5689 scilicet)
733 5623 911 5670 motus
955 5615 1118 5668 etiam
1163 5614 1296 5683 ipse,
1324 5612 1608 5668 confessus
1642 5621 1728 5667 est
1755 5628 1814 5669 se

237 5724 371 5765 esse
395 5709 778 5766 Christianum.
811 5705 967 5762 Ducti
1008 5711 1139 5761 sunt
1183 5709 1364 5759 autem
1399 5700 1577 5776 -ambo
1610 5703 1814 5774 pariter

1832 4497 1886 4557 D

1913 555 2203 621 Iacobum,
2239 559 2351 612 dari
2395 560 2495 614 sibi
2535 560 2938 627 remissionem;
2973 572 3029 616 at
3071 563 3159 619 ille
3194 580 3486 635 parumper

1913 646 2250 713 deliberans,
2282 647 2393 702 Pax
2430 649 2551 714 tibi,
2583 651 2792 720 inquit,
2826 662 2881 707 et
2909 654 3185 712 osculatus
3221 665 3306 712 est
3337 673 3482 722 eum,

1912 744 1967 790 et
1992 736 2065 790 ita
2095 739 2253 792 ambo
2287 739 2447 794 simul
2481 742 2657 810 capite
2682 743 2826 811 plexi
2853 753 2998 798 sunt.
3032 766 3058 798 ι

1983 825 2319 898 Tradensque
2349 840 2600 900 quatuor
2641 835 3068 902 quaternionibus
3115 838 3337 893 militum
3362 879 3377 904 ,
3430 850 3486 896 et

1912 915 2136 985 reliqua.
2196 915 2350 972 Sicut
2388 922 2633 975 centurio
2670 931 2910 988 centum,
2939 927 3013 979 ita
3041 930 3326 996 quaternio
3350 946 3484 1000 qua-

1911 1013 2033 1058 tuor
2057 1007 2158 1060 sub
2181 1022 2240 1061 se
2267 1008 2466 1063 milites
2487 1011 2740 1065 habebat.

1979 1091 2342 1166 Percussoque
2383 1096 2546 1152 latere
2572 1097 2718 1153 Petri
2755 1103 3000 1156 excitauit
3036 1122 3175 1170 eum,
3203 1114 3308 1162 etc.
3355 1108 3486 1163 Per-

1908 1189 2089 1243 cussio
2130 1189 2336 1256 lateris,
2369 1196 2808 1250 commemoratio
2845 1198 3112 1264 passionis
3140 1200 3342 1254 Christi
3379 1211 3482 1266 est,

1908 1283 1974 1336 de
2014 1282 2168 1350 cujus
2203 1285 2436 1341 vulnere
2487 1287 2631 1341 salus
2673 1298 2854 1343 nostra
2904 1292 3193 1361 proﬂuxit,
3231 1303 3286 1350 et
3331 1297 3488 1352 nobis

1907 1381 2121 1445 quoque
2162 1391 2540 1444 pressurarum
2577 1390 2766 1436 catena
2816 1386 3062 1449 retentis,
3099 1388 3205 1442 tale
3236 1388 3485 1444 solatium

1908 1465 2023 1536 ipse
2056 1469 2236 1521 reddit
2275 1471 2549 1539 apostolus
2574 1471 2786 1536 Petrus,
2815 1475 3038 1528 dicens:
3079 1475 3284 1530 Christo
3324 1480 3488 1548 igitur

1903 1572 2058 1626 passo
2080 1555 2133 1610 in
2157 1573 2332 1622 carne,
2357 1568 2404 1610 et
2432 1560 2516 1612 hos
2536 1561 2717 1614 eadem
2738 1563 3053 1630 cogitatione
3075 1567 3378 1620 armamini.

1977 1645 2307 1718 Prwcingere
2342 1657 2391 1702 et
2426 1649 2594 1703 calcia
2623 1662 2672 1704 te
2692 1652 2892 1723 caligas
2918 1664 3056 1708 tuas.
3099 1655 3170 1709 Et
3199 1657 3343 1725 fecit,
3377 1666 3484 1714 etc.

1905 1737 1973 1792 Et
1996 1740 2292 1809 prophetas
2330 1747 2390 1794 et
2421 1742 2694 1809 apostolos
2729 1744 2960 1814 cingulis
2995 1761 3122 1800 usos
3157 1746 3322 1802 fuisse
3351 1748 3487 1818 legi-

1831 1816 1879 1874 B
1908 1845 2046 1895 mus,
2081 1831 2235 1900 cujus
2284 1831 2386 1887 sibi
2414 1829 2611 1887 Petrus
2660 1833 2948 1903 ligamenta
2987 1847 3207 1907 propter
3254 1816 3488 1908 rigorem

1905 1921 2145 1975 carceris
2177 1922 2244 1976 ad
2269 1922 2458 1976 horam
2505 1923 2800 1989 laxaverat,
2834 1933 2892 1979 ut
2924 1928 3103 1981 timica
3148 1927 3292 1982 circa
3323 1930 3488 1997 pedes

1908 2013 2162 2079 demissa,
2199 2012 2369 2085 frigus
2403 2015 2574 2069 noctis
2612 2024 2884 2087 utcunque
2926 2026 3274 2088 temperaret,
3305 2035 3490 2076 exem-

1905 2104 2051 2174 plum
2081 2105 2331 2173 praebens
2381 2104 2630 2169 infirmis,
2661 2107 2744 2161 vel
2771 2123 2894 2161 cum
2923 2109 3164 2164 molestia
3195 2112 3486 2180 corporali,
3589 2109 3598 2112 ’

1907 2194 1991 2250 vel
2027 2195 2221 2265 injuria
2271 2203 2541 2252 tentemur
2569 2199 2826 2264 humana,
2874 2200 3034 2255 licere
3078 2202 3234 2256 nobis
3283 2203 3489 2272 aliquid

1907 2285 1974 2340 de
2021 2286 2192 2341 nostri
2238 2289 2499 2358 propositi
2547 2289 2726 2359 rigore
2761 2289 2965 2345 laxare.
3007 2289 3073 2346 Et
3110 2294 3245 2363 quia.
3283 2295 3488 2350 dictum

1905 2383 2024 2431 est:
2051 2375 2172 2430 Sint
2203 2375 2367 2430 lumbi
2399 2380 2556 2432 vestri
2575 2381 2842 2450 praecincti
2871 2379 3024 2454 (Luc.
3053 2385 3175 2454 ιιι),
3206 2393 3260 2436 et
3278 2383 3490 2438 calciatl

1905 2473 2057 2544 pedes
2093 2475 2148 2528 in
2179 2477 2614 2546 prteparationem
2650 2477 2920 2548 Evangelii
2955 2480 3104 2548 pacis
3146 2479 3361 2550 (Ephes.
3385 2479 3484 2548 vr),

1906 2570 2257 2638 spiritualiter
2278 2572 2536 2626 virtutum
2568 2572 2824 2643 verbique
2847 2575 3174 2645 praedicandi
3204 2589 3484 2630 resumere

1898 2657 2155 2743 jubemur
2186 2660 2436 2732 insignia.

1985 2747 2249 2804 Venerunt
2275 2751 2345 2804 ad
2373 2761 2577 2822 portam
2603 2752 2848 2820 ferream,
2880 2770 2998 2823 qua:
3027 2754 3173 2808 ducit
3205 2753 3276 2808 ad
3303 2754 3489 2809 civita-

1906 2850 2008 2895 tem
2032 2882 2046 2906 ,
2086 2857 2203 2911 qua:
2242 2839 2381 2894 ultro
2425 2850 2606 2911 aperta
2639 2851 2714 2894 est
2755 2843 2828 2896 eis
2853 2883 2868 2905 ,
2911 2851 3016 2898 etc.
3079 2843 3318 2913 Angusta
3377 2845 3488 2900 imo

1907 2931 2082 2987 ferrea
2110 2939 2229 2986 erat
2251 2938 2428 3002 porta,
2453 2947 2574 3002 qua:
2597 2932 2741 2987 ducit
2767 2933 2833 2986 ad
2857 2930 3154 2987 Jerusalem
3185 2933 3486 2999 cmlestem,

1907 3023 2002 3078 sed
2040 3023 2402 3092 apostolorum
2430 3024 2671 3093 vestigiis
2707 3025 2862 3079 nobis
2883 3023 2997 3094 jam
3030 3024 3169 3079 facta
3213 3033 3298 3080 est
3339 3041 3488 3081 mea-

1908 3110 2051 3176 bilis,
2077 3111 2166 3181 qui
2195 3113 2455 3184 sanguine
2482 3115 2700 3185 proprio
2725 3112 2960 3170 ferreum
2982 3115 3234 3171 vicerunt
3262 3116 3484 3182 ostium,

1910 3197 1977 3254 de
2006 3201 2106 3256 hoc
2127 3200 2326 3256 Arator
2349 3216 2364 3255 :

2030 3307 2347 3377 Eerreaguid
2368 3314 2542 3377 mirum
2561 3313 2600 3361 si
2625 3313 2805 3377 cedunt
2823 3315 2942 3377 ostia
2970 3313 3137 3377 Petro,

2029 3371 2186 3442 Quem
2204 3371 2347 3442 Deus
2369 3375 2599 3442 albunea:
2618 3376 2868 3442 custodem
2888 3376 3091 3435 deputat
3115 3371 3261 3442 ﬁala,

2031 3435 2358 3492 Ecclesttnque
2381 3448 2485 3483 suae
2509 3434 2692 3483 faciens
2716 3439 2936 3487 retinere
2957 3434 3212 3488 cacumen.

2033 3495 2284 3544 lnfernum
2309 3507 2544 3556 superare
2565 3497 2728 3556 jubet.

1977 3588 2047 3642 Et
2070 3588 2262 3643 Petrus
2292 3588 2362 3641 ad
2397 3605 2452 3642 se
2487 3604 2720 3642 reversus
2762 3589 2916 3642 dixit.
2953 3587 3009 3643 ld
3037 3596 3140 3654 est,
3179 3605 3210 3644 ι
3241 3600 3486 3647 contem-

1902 3678 2160 3750 plationis
2185 3677 2418 3732 culmine
2452 3678 2517 3731 ad
2549 3677 2651 3733 hoc
2687 3693 2989 3750 regressus,
3018 3679 3164 3748 quod
3191 3679 3244 3734 in
3275 3679 3486 3737 intelle-

1907 3779 1998 3826 ctu
2033 3767 2305 3826 communi
2334 3778 2390 3823 et
2414 3768 2562 3837 prius
2587 3767 2707 3820 luit.

1979 3858 2138 3915 Nunc
2157 3859 2266 3914 scio
2288 3875 2426 3923 vere,
2441 3859 2565 3929 quia
2589 3858 2730 3912 misit
2755 3856 3008 3912 Dominus
3030 3857 3283 3929 Angelum
3306 3877 3483 3926 suum,

1907 3963 1954 4008 et
1977 3953 2165 4022 eripuit
2199 3967 2281 4004 me
2311 3950 2376 4022 de
2408 3966 2567 4004 manu
2593 3947 2842 4014 Herodis,
2871 3957 2976 4003 etc.
3011 3948 3165 4015 Quod
3199 3952 3487 4020 unusquis-

1907 4059 2012 4114 que
2060 4051 2311 4100 nostrum
2349 4042 2546 4098 habeat
2589 4041 2858 4111 angelum,
2885 4048 2941 4095 et
2983 4041 3038 4093 in
3081 4040 3220 4095 libro
3247 4039 3484 4097 Pastoris

1907 4143 1964 4190 et
2001 4135 2054 4188 in
2085 4133 2270 4188 multis
2298 4139 2498 4188 sancte
2522 4129 2816 4200 Scriptura:
2849 4129 2983 4184 locis
3012 4129 3305 4184 invenitur.
3347 4130 3483 4186 Nam

1907 4234 1962 4280 et
1974 4224 2234 4278 Dominus
2259 4222 2324 4276 de
2342 4219 2612 4290 parvulis:
2630 4219 2838 4289 Angeli,
2865 4219 3060 4288 inquit,
3088 4235 3268 4272 eorum
3284 4235 3489 4289 semper
3575 4239 3600 4257 ς

1907 4314 2079 4370 uident
2105 4311 2293 4382 faciem
2313 4310 2489 4366 Patris
2523 4310 2623 4364 mei
2664 4307 2879 4379 (Matth.
2905 4307 3085 4379 xvtu).
3127 4307 3194 4362 Et
3226 4305 3394 4362 Iacob
3422 4310 3489 4363 de

1907 4417 1966 4458 se
1995 4401 2272 4470 loquitur:
2300 4397 2529 4468 Angelus
2569 4397 2661 4468 qui
2694 4396 2828 4450 eruit
2873 4412 2955 4449 me
2996 4395 3061 4449 de
3099 4397 3297 4450 cunctis
3333 4395 3486 4450 malis

1913 4490 2067 4565 (Gen.
2134 4489 2346 4562 vam).
2403 4487 2471 4543 Et
2516 4487 2607 4542 hic
2653 4485 2898 4558 discipuli
2947 4485 3198 4556 angelum
3257 4486 3486 4557 apostoli

1911 4582 2061 4638 Petri
2087 4581 2272 4637 venire
2297 4577 2609 4634 credebant.

2215 4707 2548 4747 EVANGELIUI
2591 4705 2870 4755 IAT‘I’HBI,
2909 4705 3028 4745 CAP.
3067 4706 3180 4745 XVI.

1991 4814 2011 4849 ι
2055 4795 2214 4851 Venit
2241 4791 2401 4848 Iesus
2436 4792 2489 4846 in
2518 4802 2702 4863 partes
2729 4791 2989 4848 Caesarea:
3017 4791 3268 4862 Philippi,
3306 4800 3362 4848 et
3403 4792 3486 4846 in-

1922 4905 1942 4939 σ
1985 4885 2281 4957 terrogavit
2305 4869 2596 4952 discipulos
2636 4897 2763 4937 suos
2801 4882 2987 4936 dicens
3024 4897 3038 4934 :
3081 4881 3254 4947 Quem
3299 4882 3488 4938 dicunt

1922 4995 1944 5030 ο
1986 4977 2234 5031 homines
2276 4971 2612 5028 esseFilium
2660 4971 2940 5026 hominis?
2981 4969 3054 5025 At
3093 4969 3169 5025 illi
3208 4971 3488 5037 dixerunt,

1921 5083 1941 5118 ι
1984 5065 2072 5119 alii
2129 5061 2391 5118 Ioannem
2442 5061 2754 5130 Baptistam,
2809 5060 2899 5114 alii
2947 5061 3350 5124 autem'Eliam,
3389 5061 3485 5116 alii

1922 5174 1944 5209 ε
1985 5169 2116 5210 vero
2139 5151 2448 5217 Ieremiam,
2473 5161 2569 5206 aut
2595 5165 2762 5204 unum
2787 5165 2852 5204 ex
2875 5150 3174 5220 prophetis.
3217 5150 3358 5205 Dicit
3383 5150 3490 5204 illis

1922 5267 1942 5301 ι
1986 5245 2183 5302 Iesus:
2213 5242 2322 5299 Vos
2347 5251 2528 5296 autem
2556 5255 2718 5310 quem
2743 5256 2831 5296 me
2853 5255 2973 5296 esse
3001 5241 3224 5296 dicitis?
3254 5241 3488 5310 Respon-

1925 5355 1945 5390 ι
1989 5338 2124 5392 deus
2161 5343 2340 5389 autem
2370 5331 2555 5386 Simon
2585 5330 2777 5385 Petrus
2803 5331 2979 5386 dixit:
3007 5331 3086 5386 Tu
3127 5347 3187 5387 es
3211 5330 3484 5394 Christus,

1923 5425 2132 5484 «Filius
2159 5423 2253 5478 Dei
2277 5423 2407 5476 vivi.
2438 5421 2791 5490 Respondeas
2836 5429 3016 5476 autem
3043 5419 3201 5494 Iesus
3229 5420 3368 5473 dixit
3397 5420 3481 5472 ei:

1923 5537 1944 5571 ο
1987 5517 2184 5572 Beatus
2233 5529 2294 5570 es
2329 5511 2794 5581 Simon‘Barjona,
2839 5513 2966 5582 quis
3011 5527 3138 5567 eam
3170 5519 3226 5565 et
3267 5509 3486 5579 sangttis

1925 5627 1946 5662 ι
1984 5623 2094 5663 non
2143 5605 2404 5660 revelavit
2440 5604 2562 5668 tibi,
2599 5604 2694 5658 sed
2729 5604 2890 5659 Pater
2927 5617 3076 5656 meus
3111 5599 3203 5668 qui
3246 5599 3302 5652 in
3332 5598 3488 5654 cilis

1925 5719 1946 5753 ι
1988 5707 2092 5756 est.
2139 5695 2207 5752 Et
2235 5710 2335 5767 ego
2371 5695 2493 5751 dico
2520 5694 2642 5760 tibi,
2669 5694 2804 5764 quia
2828 5703 2884 5748 tu
2910 5706 2969 5748 es
2996 5690 3202 5755 Petrus,
3233 5697 3289 5745 et
3323 5704 3488 5762 super

3399 5875 3439 5883 υσ-
