3932 6204
415 308 516 368 591

1702 298 2056 359 SMARAGDI
2089 301 2380 358 ABBATlS

3559 307 3660 364 ἴδω

420 442 443 478 ι
488 424 629 479 hanc
653 428 862 492 petram
890 417 1164 474 aediﬁcabo
1193 415 1487 473 Ecclesiam
1515 431 1713 481 meam,
1739 426 1794 472 et
1819 424 1985 486 porta:
2011 418 2063 478 Α
2087 414 2304 485 spondit
2328 433 2341 468 :
2366 414 2607 482 Domine,
2631 422 2685 470 tu
2711 417 2835 470 scis.
2875 414 2942 471 Et
2965 416 3154 472 volunt
3186 417 3518 489 scriptorum
3542 422 3666 476 vitio

418 531 441 568 ς
484 513 643 570 inferi
673 527 779 584 non
801 509 1166 580 prtevale‘cunt
1189 508 1448 562 adversus
1471 522 1610 562 eam.
1636 507 1702 562 Et
1727 507 1824 561 tibi
1853 507 1989 561 dabo

419 621 440 657 ι
485 605 665 660 claves
705 599 858 672 regni
895 598 1177 654 caelorum.
1228 598 1294 652 Et
1337 597 1693 668 quodcunque
1736 597 1989 668 ligaveris

419 713 440 747 ι
487 707 650 762 super
679 683 900 754 terrain,
929 689 1028 744 erit
1065 687 1288 758 ligatum
1318 695 1372 742 et
1416 687 1468 741 in
1502 686 1671 742 ctelis.
1711 686 1778 741 Et
1814 686 1987 755 quod-

416 803 436 835 ι
477 797 692 851 cunque
732 780 957 836 solveris
978 794 1140 849 super
1187 787 1406 844 terram,
1435 778 1544 831 erit
1571 777 1803 832 solutum
1837 785 1894 832 et
1931 775 1987 830 in

416 894 435 926 ι
481 875 654 930 cmlis.
701 893 722 927 ι

489 964 639 1019 Venit
661 963 816 1018 Jesus
860 963 915 1015 in
948 971 1120 1033 partes
1143 959 1396 1015 Πίθων-ιω
1419 956 1667 1029 Philippi.
1710 956 1988 1028 Philippus

411 1055 514 1109 iste
550 1061 636 1108 est
677 1051 844 1106 frater
865 1049 1115 1114 Herodis,
1147 1050 1212 1104 de
1247 1062 1357 1117 quo
1398 1062 1559 1116 supra
1591 1047 1844 1101 diximus.
1884 1046 1989 1102 Te-

410 1146 628 1199 trarcha
667 1143 896 1197 lthurete
927 1147 983 1196 et
1015 1139 1422 1195 Trachonitidis
1461 1139 1764 1210 regionum,
1803 1138 1895 1206 qui
1930 1139 1985 1192 in

407 1237 666 1291 honorem
696 1234 894 1290 Tiberii
921 1233 1155 1290 Czcsaris
1183 1232 1508 1297 Caesaream,
1541 1246 1662 1301 qua:
1701 1245 1845 1285 nunc
1878 1229 1985 1284 Pa-

406 1339 537 1381 ucas
563 1323 759 1380 dicitur
787 1324 1134 1395 appellatum,
1165 1331 1220 1378 et
1243 1330 1328 1378 est
1365 1323 1418 1377 in
1453 1321 1731 1392 provincia
1761 1321 1984 1377 Phoeni-

406 1431 505 1470 CIS.

476 1504 543 1557 Et
569 1503 921 1573 interrogabat
945 1502 1229 1572 discipulos
1264 1519 1387 1557 suos
1428 1504 1606 1558 dicens
1635 1517 1653 1556 :
1692 1502 1861 1570 Quem
1901 1504 1984 1558 di-

402 1605 524 1648 cunt
544 1593 776 1648 homines
796 1592 1096 1648 esseFilium
1119 1594 1362 1648 hominis.
1381 1595 1480 1665 (Ex
1497 1593 1740 1666 Hieron.)
1766 1593 1880 1649 Non
1903 1595 1985 1648 di-

407 1684 504 1747 xit,
539 1697 700 1752 quem
727 1698 812 1737 me
839 1682 1026 1738 dicunt
1047 1698 1166 1738 esse
1192 1683 1461 1748 homines,
1491 1683 1780 1738 sedFilium
1815 1684 1982 1737 homi-

2089 507 2463 576 depravatum,
2488 513 2548 559 ut
2572 521 2670 575 pro
2696 506 2802 561 Bar
2821 505 3050 573 Joanna,
3075 507 3180 563 hoc
3207 517 3312 566 est.
3341 507 3485 565 illius
3507 509 3666 566 Joan-

2088 595 2197 659 nis,
2247 595 2477 664 Barjona
2525 596 2785 666 scriptum
2833 596 2924 662 sit,
2978 613 3086 652 una
3142 598 3388 653 detracta
3441 600 3660 671 syllaba.

2086 680 2288 736 Joanna
2330 691 2509 737 autem
2554 684 2940 754 interpretatur
2960 685 3175 742 Domini
3225 688 3421 756 gratia,
3462 698 3665 745 utrum-

2087 787 2193 841 que
2226 782 2408 826 autem
2440 789 2636 828 nomen
2666 774 2894 844 mystice
2934 775 3160 848 intelligi
3196 785 3396 846 potest,
3428 781 3571 848 quod
3614 788 3666 834 et

2087 860 2336 915 columba
2371 862 2620 930 spiritum
2648 871 2896 917 sanctum
2937 871 2992 917 et
3025 865 3197 934 gratia
3229 864 3326 920 Dei
3358 866 3558 920 donum
3589 867 3662 922 si-

2087 949 2306 1022 gniﬁcet
2363 953 2660 1022 spirituale.
2709 954 2846 1010 Illud
2889 970 3101 1025 quoque
3149 958 3297 1026 quod
3341 957 3417 1012 ait
3469 976 3481 1010 :
3530 957 3661 1014 Caro

2085 1050 2135 1094 et
2175 1043 2390 1111 sanguis
2435 1058 2540 1096 non
2585 1043 2827 1099 revelavit
2873 1046 2988 1111 tibi,
3019 1047 3326 1117 apostolica:
3366 1049 3660 1103 narrationi

2086 1145 2452 1206 comparatur,
2484 1138 2537 1191 in
2559 1152 2664 1207 qua
2693 1138 2804 1192 ait:
2835 1137 3094 1193 Continuo
3119 1156 3224 1194 non
3260 1140 3491 1210 acquievi
3521 1140 3664 1195 carni

2085 1236 2133 1279 et
2155 1227 2400 1296 sanguini
2423 1225 2567 1298 (Gal.
2589 1227 2652 1296 ι),
2670 1243 2886 1282 carnem
2911 1227 2984 1283 ibi
3013 1236 3068 1282 et
3096 1227 3412 1298 sanguinem
3432 1228 3657 1291 Juda:os,

2086 1324 2145 1369 ut
2171 1317 2255 1371 his
2279 1331 2493 1386 quoque
2527 1318 2627 1372 sub
2656 1317 2762 1372 alio
2788 1332 2951 1372 sensu
2991 1317 3413 1382 demonstretur,
3439 1319 3581 1388 quod
3613 1317 3662 1373 ei

2085 1423 2192 1462 non
2224 1425 2319 1478 per
2353 1409 2655 1464 doctrinam
2697 1408 3113 1474 Pharisaeorum,
3138 1411 3233 1464 sed
3279 1425 3376 1479 per
3414 1407 3508 1463 Dei
3543 1425 3662 1481 gra-

2085 1500 2215 1554 tiam
2241 1500 2492 1556 Christus
2519 1497 2789 1554 DeiFilius
2818 1499 3086 1555 revelatus
3109 1501 3196 1555 sit.

2153 1588 2224 1642 Et
2244 1605 2336 1660 ego
2358 1589 2451 1643 tibi
2473 1589 2610 1642 dico.
2641 1587 2781 1656 Quid
2804 1589 3049 1659 estquod
3073 1591 3181 1644 ait:
3204 1589 3272 1645 Et
3294 1607 3386 1661 ego
3409 1590 3525 1646 dico
3549 1592 3659 1656 tibi,

2084 1679 2209 1748 quia
2252 1687 2308 1733 tu
2347 1677 2477 1733 mihi
2516 1679 2720 1744 dixisti,
2763 1686 2820 1732 tu
2860 1694 2922 1734 es
2959 1678 3377 1735 ChristusFilius
3403 1680 3497 1735 Dei
3533 1682 3658 1747 vivi,

403 1776 504 1840 nis,
552 1790 620 1830 ne
645 1772 918 1842 iactanter
945 1777 1012 1830 de
1038 1789 1097 1830 se
1123 1789 1368 1844 quaerere
1401 1776 1690 1830 videretur.
1740 1775 1809 1829 Et
1855 1782 1980 1829 nota
2009 1756 2057 1817 Β
2082 1779 2138 1825 et
2165 1786 2265 1842 ego
2302 1770 2394 1825 tibi
2434 1785 2684 1826 sermone
2714 1785 2891 1835 casso,
2931 1778 2985 1825 et
3014 1770 3218 1825 nullum
3248 1787 3382 1842 opus
3407 1773 3660 1836 habente,

400 1865 545 1935 quod
583 1867 905 1936 ubicumque
933 1866 1194 1936 scriptum
1234 1874 1319 1921 est
1351 1867 1404 1920 in
1431 1866 1607 1921 Veteri
1637 1865 1982 1920 Testamento

377 1951 806 2020 Filiushominis,
845 1955 897 2009 in
925 1955 1150 2010 Hebraeo
1179 1956 1414 2025 positum
1449 1957 1519 2010 sit
1562 1964 1682 2015 me:
1707 1964 1799 2041 τι,
1842 1955 1984 2009 ﬁlius

343 2049 348 2055 ’
399 2049 593 2104 Adam.
634 2047 874 2118 llludque
917 2050 1061 2118 quod
1093 2048 1146 2102 in
1170 2047 1386 2103 Psalmo
1436 2047 1702 2118 legimus:
1730 2045 1860 2101 Filii
1889 2046 1984 2100 ho-

399 2141 640 2207 minum,
689 2156 952 2211 usquequo
998 2141 1142 2211 gravi
1197 2141 1370 2206 corde,
1416 2141 1469 2194 in
1517 2139 1742 2195 Hebraeo
1786 2137 1984 2194 dicitur

397 2239 519 2289 mn
567 2239 683 2294 ua,
735 2230 828 2284 lilii
862 2231 1054 2284 Adam.
1132 2230 1361 2288 Pulchre
1417 2241 1596 2286 autem
1648 2231 1976 2300 interrogat:

402 2316 568 2382 Quem
595 2318 774 2372 dicunt
811 2334 920 2372 esse
948 2316 1392 2372 hominesFilium
1431 2319 1676 2382 hominis,
1719 2319 1844 2388 quia
1887 2317 1980 2386 qui

397 2407 507 2465 deF
511 2408 601 2463 ilio
632 2408 869 2464 hominis
903 2407 1202 2478 loquuntur
1229 2407 1478 2462 homines
1523 2417 1669 2462 sunt.
1716 2406 1816 2473 Qui
1852 2422 1980 2462 vero

398 2498 738 2553 divinitatem
788 2496 904 2566 ejus
953 2496 1275 2568 intelligunt,
1327 2511 1434 2551 non
1482 2495 1750 2562 homines,
1782 2497 1878 2551 sed
1905 2495 1978 2550 dii

397 2587 758 2657 appellantur.

431 2681 535 2737 .At
582 2680 663 2734 illi
713 2681 955 2735 dixerunt
991 2699 1012 2738 :
1057 2678 1160 2733 Alii
1203 2677 1464 2732 Joannem
1512 2675 1835 2748 Baptistam,
1885 2675 1977 2729 alii

401 2769 602 2834 Eliam,
642 2771 734 2824 alii
775 2787 894 2824 vero
923 2768 1229 2835 Jeremiam,
1262 2777 1354 2821 aut
1399 2784 1558 2820 unum
1594 2784 1658 2821 ex
1691 2766 1972 2836 prophetis.

403 2859 566 2914 Miror
600 2860 861 2929 quosdam
893 2860 1213 2928 interpretes
1249 2873 1444 2912 causas
1505 2873 1759 2912 errorum
1800 2857 1976 2926 inqui-

396 2965 519 3004 rere
555 2949 892 3020 singulorum
930 2958 984 3004 et
1017 2948 1432 3018 disputationem
1478 2945 1847 3018 longissimam
1894 2954 1974 3002 te-

2085 1859 2178 1914 sed
2205 1860 2326 1914 dico
2358 1859 2474 1924 tibi,
2501 1859 2629 1928 quia
2668 1875 2846 1914 meum
2879 1857 3079 1914 dixisse
3110 1857 3306 1914 fecisse
3341 1868 3444 1914 est.

2156 1950 2295 2017 Quia
2325 1959 2382 2004 tu
2414 1967 2467 2004 es
2495 1949 2698 2014 Petrus,
2740 1962 2788 2005 et
2813 1966 2968 2020 super
2991 1951 3125 2005 hanc
3161 1961 3363 2022 petram
3390 1952 3661 2020 wdiﬁcabo

2084 2046 2375 2100 Ecclesiam
2399 2063 2585 2101 meam.
2618 2045 2771 2101 Sicut
2798 2047 2910 2116 ipse
2936 2046 3114 2102 lumen
3141 2047 3398 2116 apostolis
3419 2046 3660 2111 donavit,

2083 2145 2144 2192 ut
2172 2137 2354 2192 lumen
2383 2139 2568 2193 mundi
2597 2138 2950 2209 appellentur,
2983 2147 3174 2194 caetera
3203 2154 3322 2210 qum
3348 2154 3414 2206 ex
3444 2138 3664 2193 domino

2083 2228 2260 2283 sortiti
2290 2228 2551 2283 vocabula
2589 2238 2738 2294 sunt,
2785 2229 2944 2302 itaet
2975 2228 3206 2294 Simoni,
3250 2230 3338 2299 qui
3403 2231 3664 2286 credebat

2082 2328 2290 2390 petram
2316 2318 2595 2374 Christum
2617 2361 2632 2386 ,
2667 2320 2810 2376 Petri
2850 2321 3074 2394 largitus
3103 2330 3188 2376 est
3220 2336 3436 2378 nomen.
3469 2321 3541 2375 At
3572 2338 3659 2377 se-

2080 2408 2313 2463 cundum
2349 2410 2719 2479 metaphoram
2745 2420 2930 2480 petae,
2969 2419 3116 2467 recte
3146 2412 3343 2467 dicitur
3370 2411 3450 2479 ei,
3492 2415 3663 2469 aedili-

2081 2499 2214 2554 cabo
2245 2499 2542 2554 Ecclesiam
2577 2515 2751 2555 meam
2781 2515 2942 2571 super
2981 2508 3052 2555 te.

2148 2585 2256 2658 (Ea:
2280 2587 2603 2661 Fulgentio.)
2653 2588 2777 2644 Sive
2812 2605 2974 2661 super
3004 2592 3144 2645 hanc
3183 2599 3424 2661 petram,
3465 2592 3518 2646 id
3551 2600 3657 2657 est,

2079 2690 2244 2747 super
2279 2677 2455 2743 illum,
2486 2693 2647 2747 quem
2674 2693 2770 2734 ore
2796 2687 2890 2734 tuo
2915 2680 3194 2735 confessus
3227 2696 3287 2736 es
3323 2682 3540 2737 dicens:
3579 2682 3659 2735 Tu

2076 2782 2130 2821 es
2162 2766 2578 2825 ChristusFilius
2607 2770 2704 2824 Dei
2735 2770 2866 2836 vivi,
2911 2772 3026 2828 sive
3064 2787 3225 2843 super
3251 2774 3395 2829 hanc
3417 2783 3653 2844 petram,

2076 2874 2240 2930 super
2274 2863 2674 2920 confessionem
2709 2863 2878 2919 Petri.

2145 2949 2216 3006 Et
2257 2962 2423 3022 parta:
2468 2954 2624 3024 inferi
2669 2972 2775 3010 non
2821 2957 3172 3028 prwvalebunt
3220 2959 3467 3014 adversus
3514 2978 3653 3014 eam.

396 3056 544 3106 xere,
575 3055 742 3110 quare
772 3041 1048 3096 dominum
1076 3049 1322 3094 nostrum
1351 3036 1556 3102 Jesum,
1589 3037 1677 3091 alii
1707 3033 1970 3091 Joannem
2001 3101 2041 3119 Π
2076 3041 2190 3113 Ego
2219 3051 2405 3111 portas
2439 3043 2594 3099 inferi
2621 3046 2750 3100 vitia
2779 3061 2903 3101 reor
2930 3057 3090 3118 atque
3118 3058 3360 3119 peccata,
3392 3049 3475 3103 vel
3505 3060 3661 3106 certe

395 3101 739 3200 putaverunt,
775 3130 866 3184 alii
903 3129 1093 3192 Eliam,
1127 3128 1216 3183 alii
1241 3125 1553 3192 Jeremiam,
1585 3136 1678 3181 aut
1713 3142 1877 3180 unum
1903 3141 1969 3181 ex
1999 3101 2043 3162 ί)
2079 3101 2458 3187 ιιξινθῖίοοι-υω
2509 3133 2803 3200 doctrinas,
2852 3151 2950 3205 per
2997 3101 3144 3206 quasr
3183 3101 3360 3194 illecti,
3405 3139 3665 3197 homines

395 3221 690 3291 prophetis,
721 3236 844 3276 cum
877 3221 955 3274 sic
991 3233 1177 3274 errare
1204 3217 1479 3289 potuerint
1513 3217 1566 3270 in
1595 3216 1707 3270 Elia
1739 3227 1792 3271 et
1816 3215 1970 3273 Jere-

397 3311 526 3376 mia,
556 3311 824 3381 quomodo
853 3309 1093 3366 llerodes
1135 3307 1337 3365 erravit
1381 3307 1435 3361 in
1473 3305 1704 3372 Joanne,
1753 3307 1967 3362 dicens:

399 3399 564 3464 Quem
593 3417 684 3470 ego
707 3399 958 3454 decollari
978 3398 1258 3462 Joannem,
1283 3398 1390 3468 ipse
1416 3399 1644 3451 surrexit
1672 3414 1703 3451 a
1728 3397 1970 3464 mortuis,

393 3504 442 3548 et
468 3495 679 3548 virtutes
715 3501 998 3564 operantur
1022 3492 1076 3544 in
1109 3491 1198 3545 illo
1222 3490 1415 3563 (Marc.
1447 3493 1543 3562 vn).

479 3581 578 3638 Vos
613 3594 802 3646 autem,
827 3599 978 3654 quem
1006 3599 1086 3635 me
1105 3581 1321 3636 dicitis?
1353 3580 1637 3652 Respondit
1662 3582 1844 3638 Simon
1870 3581 1972 3638 Pe-

394 3685 508 3728 trus
541 3689 559 3727 :
596 3673 674 3725 Tu
704 3689 756 3725 es
790 3668 1086 3726 ChristusF
1089 3671 1210 3726 ilius
1241 3671 1336 3724 Dei
1376 3673 1493 3725 vivi.
1530 3671 1772 3726 Prudens
1801 3671 1974 3727 lector

393 3763 633 3827 attende,
663 3762 803 3833 quod
835 3777 900 3816 ex
929 3761 1382 3832 consequentibus
1419 3768 1677 3830 textaque
1703 3761 1971 3817 sermonis

395 3850 626 3922 apostoli
667 3865 1005 3920 nequaquam
1034 3850 1312 3915 homines,
1354 3850 1448 3904 sed
1494 3849 1566 3904 dii
1611 3850 1966 3920 appellentur.

395 3944 532 3998 Cum
563 3942 708 3996 enim
735 3941 960 3996 dixisset
985 3957 998 3994 ;
1027 3939 1190 4005 Quem
1213 3941 1392 3994 dicunt
1415 3940 1648 3995 homines
1671 3941 1972 3998 esseFilium

395 4035 638 4099 hominis,
663 4032 894 4104 subjecit
923 4051 936 4088 :
978 4030 1076 4086 Vos
1105 4041 1299 4097 autem,
1322 4048 1472 4103 quem
1507 4047 1589 4086 me
1612 4047 1724 4085 esse
1761 4031 1975 4085 aicitis?

395 4128 503 4182 illis
543 4128 667 4197 quia
707 4126 953 4181 homines
990 4131 1144 4190 sunt,
1196 4125 1429 4177 humana
1468 4122 1830 4192 opinantibus,
1877 4136 1973 4176 vos

394 4218 486 4287 qui
514 4218 586 4272 dii
617 4220 774 4284 estis,
802 4232 960 4287 quem
1005 4230 1091 4271 me
1119 4214 1478 4270 existimatis?
1524 4212 1716 4268 Petrus
1747 4227 1814 4267 ex
1849 4227 1972 4282 per-

395 4324 526 4364 sona
556 4309 798 4363 omnium
824 4305 1186 4376 apostolorum
1215 4304 1530 4375 proﬁtetur:
1556 4302 1633 4356 'l'u
1656 4320 1708 4358 es
1731 4301 1971 4358 Christus

369 4400 655 4458 FiliusDei
687 4401 804 4454 vivi.
847 4397 1015 4452 Deum
1044 4398 1225 4451 vivum
1277 4395 1530 4466 appellat,
1578 4396 1645 4450 ad
1692 4409 1973 4464 compara-

398 4489 596 4540 tionem
633 4489 855 4542 deorum
886 4501 1092 4551 eorum,
1119 4485 1210 4554 qui
1239 4494 1497 4554 putantur
1523 4486 1616 4549 dii,
1648 4485 1740 4540 sed
1773 4486 1972 4540 mortui

397 4585 541 4641 sunt,
566 4576 879 4639 Saturnum,
899 4574 1107 4638 Jovem,
1132 4575 1403 4637 Cererem,
1424 4575 1674 4628 Liberum
1701 4583 1756 4628 ct
1777 4583 1972 4630 caetera

398 4665 662 4720 “olorum
697 4673 947 4734 portenta
983 4662 1315 4733 significans.

468 4755 798 4825 Respondeas
821 4753 1000 4817 Jesus,
1035 4753 1170 4806 dixit
1191 4753 1239 4805 ei
1264 4769 1281 4806 :
1305 4752 1499 4806 Beatus
1537 4769 1614 4817 es,
1637 4751 1819 4807 Simon
1837 4751 1975 4806 Bar—

391 4847 551 4918 jona,
595 4846 720 4916 quia
765 4861 888 4898 caro
935 4853 983 4898 et
1026 4843 1238 4912 sanguis
1283 4859 1387 4896 non
1428 4840 1665 4896 retelavit
1714 4841 1846 4905 tibi,
1882 4842 1972 4896 sed

386 4934 546 4990 Pater
580 4950 724 4989 meus
761 4935 849 5004 qui
882 4935 939 4988 in
977 4931 1117 4986 caelis
1151 4941 1245 4986 est.
1287 4931 1440 4998 Quod
1479 4947 1607 4986 caro
1651 4939 1707 4986 et
1752 4932 1970 5004 sanguis

401 5025 640 5082 revelare
678 5041 783 5080 non
813 5026 1017 5095 potuit,
1052 5025 1105 5078 id
1141 5033 1245 5090 est,
1279 5024 1523 5078 doctrina
1562 5025 1817 5091 humana,
1846 5023 1970 5096 Spi-

397 5115 534 5169 ritus
573 5115 744 5170 sancti
786 5117 956 5187 gratia
993 5114 1286 5169 revelatum
1327 5126 1432 5169 est.
1477 5114 1618 5185 Ergo
1652 5130 1720 5169 ex
1757 5115 1968 5172 confes-

399 5205 552 5259 sione
599 5213 824 5259 sortitur
869 5204 1185 5260 vocabulum
1209 5243 1224 5270 ,
1282 5204 1427 5272 quod
1474 5203 1855 5258 revelationem
1899 5219 1968 5258 ex

400 5293 602 5365 Spiritu
645 5302 832 5349 sancto
871 5293 1087 5357 habeat,
1135 5291 1288 5362 cujus
1335 5300 1391 5347 et
1433 5292 1574 5348 ﬁlius
1621 5292 1969 5362 appellandus

399 5385 488 5441 sit.
519 5383 797 5455 Siquidem
827 5383 1053 5452 Barjona
1098 5383 1153 5436 in
1177 5375 1362 5453 Pingua
1391 5384 1575 5438 nostra
1615 5393 1795 5448 sonat,
1826 5384 1971 5440 ﬁlius

399 5475 678 5530 columba.
707 5474 810 5528 Alii
854 5473 1170 5543 simpliciter
1199 5473 1471 5543 accipiunt
1504 5475 1646 5542 quod
1674 5473 1884 5540 Simon,
1915 5474 1970 5530 id

398 5576 482 5620 est
503 5566 713 5631 Petrus,
749 5566 889 5620 ﬁlius
925 5566 997 5620 sit
1022 5565 1273 5631 Joannis,
1309 5563 1463 5633 juxta
1492 5566 1716 5622 alterius
1743 5567 1844 5622 loci
1887 5567 1969 5622 in-

403 5657 816 5728 terrogationem
846 5674 858 5710 :
885 5654 1066 5710 Simon
1113 5653 1360 5721 Joannis,
1389 5655 1564 5728 diligis
1598 5657 1722 5711 me?
1757 5657 1848 5727 qui
1881 5673 1967 5714 re-

2076 3222 2343 3276 ducuntur
2369 3223 2436 3278 ad
2466 3229 2749 3277 tartarum.
2781 3222 2950 3279 Nemo
2987 3225 3171 3296 itaque
3201 3237 3350 3290 putet
3383 3230 3449 3283 de
3478 3239 3666 3286 morte

2076 3313 2202 3379 dici,
2239 3314 2382 3384 quod
2425 3315 2649 3384 apostoli
2697 3315 2991 3372 conditioni
3037 3320 3228 3374 mortis
3269 3319 3495 3390 subjecti
3547 3337 3662 3377 non

2075 3402 2300 3469 fuerint,
2329 3420 2556 3474 quorum
2588 3408 2846 3478 martyria
2878 3409 3058 3464 videat
3084 3426 3392 3468 coruscare.

2149 3495 2216 3549 Et
2251 3495 2344 3549 tibi
2375 3495 2508 3549 dabo
2546 3497 2714 3552 claves
2754 3499 2897 3570 regni
2933 3501 3201 3567 ccelorum,
3239 3513 3284 3557 et
3309 3503 3666 3578 quodcunque

2075 3586 2315 3670 ligaveris
2355 3605 2511 3658 super
2551 3598 2767 3655 terram,
2811 3593 2906 3644 erit
2950 3592 3169 3662 ligatum
3212 3605 3260 3648 et
3299 3597 3353 3650 in
3393 3598 3561 3664 ralis,
3609 3613 3666 3654 et

2073 3679 2414 3750 quodcunque
2444 3679 2660 3735 solveris
2691 3698 2846 3752 super
2876 3692 3091 3749 terram,
3125 3685 3223 3738 erit
3252 3686 3480 3741 solutum
3517 3700 3568 3742 et
3605 3692 3662 3744 in

2075 3769 2233 3824 cwlis.
2283 3769 2447 3825 Istum
2492 3771 2668 3827 locum
2705 3774 2942 3845 episcopi
2988 3784 3043 3830 et
3077 3778 3378 3848 presbyteri
3423 3795 3533 3833 non
3570 3781 3662 3835 in-

2078 3860 2414 3932 tclligentes,
2456 3863 2661 3934 aliquid
2696 3865 2800 3920 sibi
2839 3867 2903 3921 de
2937 3866 3333 3923 Pharisaeorum
3371 3881 3665 3926 assumunt

2075 3954 2362 4022 supercilio
2384 3993 2400 4018 ,
2431 3963 2490 4008 ut
2526 3955 2608 4010 vel
2637 3957 2892 4011 damnent
2937 3958 3273 4025 innocentes,
3316 3961 3400 4015 vel
3445 3961 3666 4018 solvere

2074 4057 2133 4098 se
2157 4045 2347 4098 noxios
2372 4046 2721 4113 arbitrentur,
2747 4063 2867 4101 cum
2893 4049 3034 4119 apud
3059 4049 3226 4104 Deum
3252 4065 3357 4105 non
3385 4055 3663 4107 sententia

2076 4132 2439 4198 sacerdotum,
2483 4135 2576 4189 sed
2610 4151 2797 4189 eorum
2835 4139 2944 4190 vita
2973 4147 3268 4206 quieratur.
3316 4139 3574 4209 Legimus
3603 4143 3666 4196 in

2079 4224 2321 4278 Levitico
2353 4225 2419 4279 de
2450 4225 2698 4294 leprosis,
2731 4229 2819 4283 ubi
2853 4228 3133 4298 jubentur,
3177 4239 3237 4286 ut
3271 4233 3567 4288 ostendant
3597 4250 3667 4290 se

2076 4313 2466 4378 sacerdotibus,
2498 4325 2552 4370 et
2596 4317 2640 4370 si
2671 4317 2873 4388 lepram
2911 4319 3220 4386 habuerint,
3249 4329 3378 4376 tunc
3409 4339 3443 4376 a
3474 4340 3672 4379 sacer-

2077 4406 2200 4461 dote
2230 4406 2489 4460 immundi
2515 4406 2854 4481 ﬁant(Levit.
2888 4411 3023 4480 xiv),
3071 4427 3174 4466 non
3213 4413 3355 4483 quod
3402 4417 3669 4470 sacerdo-

2079 4503 2158 4549 tes
2187 4494 2429 4564 leprosos
2455 4504 2511 4550 et
2541 4497 2844 4554 immundos
2873 4499 3096 4567 faciant,
3127 4503 3222 4557 sed
3250 4505 3393 4573 quod
3421 4504 3674 4560 habeant

2075 4585 2322 4640 notitiam
2356 4585 2554 4656 leprosi
2589 4595 2644 4641 et
2685 4603 2791 4643 non
2839 4589 3058 4662 leprosi,
3101 4601 3158 4648 et
3199 4594 3410 4662 possint
3445 4595 3670 4649 discer-

2076 4689 2224 4738 nere,
2273 4676 2366 4746 qui
2413 4677 2645 4732 mundus
2673 4679 2834 4747 quive
2882 4681 3190 4738 immundus
3237 4684 3325 4737 sit.
3373 4685 3676 4751 Quomodo

2075 4780 2205 4835 ergo
2241 4765 2313 4819 ibi
2339 4765 2610 4837 leprosum
2637 4771 2890 4826 sacerdos
2919 4775 3176 4828 mundum
3207 4775 3290 4829 vel
3313 4776 3675 4832 immundum

2073 4853 2228 4921 facit,
2267 4857 2347 4911 sic
2373 4866 2443 4911 etv
2464 4858 2554 4914 hic
2581 4859 2768 4929 alligat
2791 4861 2877 4916 vel
2913 4863 3073 4917 solvit
3109 4865 3392 4934 episcopus
3417 4875 3475 4922 et
3497 4882 3677 4936 pres-

2071 4947 2248 5016 hyter,
2288 4962 2395 5002 non
2429 4963 2526 5004 eos
2551 4950 2642 5018 qui
2682 4951 2920 5008 insontes
2948 4962 3074 5008 sunt
3102 4955 3186 5008 vel
3213 4956 3386 5021 noxii,
3429 4957 3524 5010 sed
3550 4971 3679 5026 pro

2070 5033 2245 5090 ollicio
2273 5051 2394 5102 suo,
2420 5053 2543 5092 cum
2568 5048 2913 5108 peccatorum
2951 5042 3183 5099 audierit
3207 5046 3516 5112 varietates,
3545 5047 3682 5102 scit

2068 5123 2162 5192 qui
2195 5123 2440 5195 ligandus
2465 5128 2558 5193 sit,
2581 5129 2672 5198 qui
2699 5129 3012 5187 solvendus.

2403 5276 2474 5332 IN
2518 5278 2759 5335 VlGlLlA
2800 5276 3044 5338 SANCTI
3090 5284 3314 5342 PAULI.

2076 5404 2270 5447 LECTIO
2301 5405 2570 5446 ιριετοωε
2609 5409 2765 5449 ΒΕΔΊΊ
2806 5412 2959 5450 PAULI
2998 5412 3252 5454 APOSTOLI
3289 5413 3355 5452 AD
3386 5413 3685 5466 GALLI'LS,

2757 5481 2874 5518 CAP.
2917 5481 2954 5518 1.

2151 5587 2179 5625 t
2215 5568 2410 5624 Notum
2461 5570 2605 5626 enim
2657 5573 2810 5628 vobis
2872 5573 3008 5630 facio
3059 5575 3440 5650 Evangelium,
3497 5579 3697 5645 quod

2083 5677 2102 5712 ι
2148 5659 2570 5730 evangelizatum
2602 5669 2685 5718 est
2719 5677 2751 5717 a
2780 5679 2885 5730 me,
2913 5667 3166 5734 quoniam
3197 5680 3300 5722 non
3343 5678 3426 5723 est
3454 5681 3698 5721 secun-
