3940 6206
263 292 363 349 393

1099 287 1611 349 COLLECTIONES
1639 290 1712 346 IN
1751 289 2128 347 EPISTOLAS
2163 293 2244 348 E'i
2292 291 2705 349 EVANGELIA.

3395 294 3500 351 594

266 420 287 455 ι
330 402 456 458 dum
509 401 806 459 hominem.
843 400 1031 474 Neque
1067 403 1212 457 enim
1253 418 1352 473 ego
1390 403 1458 457 ab
1488 401 1704 457 homine
1740 418 1835 456 ac-
1864 406 1911 464 A
1938 401 2227 474 Evangelio
2252 403 2345 458 Dei
2375 418 2496 459 esse
2517 419 2577 459 sc
2606 403 2814 468 scribit,
2844 413 2900 459 et
2932 403 3192 461 Jeremias
3216 415 3504 479 antequam

266 511 286 545 ε
328 493 447 564 cepi
487 492 652 558 illud,
701 507 878 563 neque
924 493 1118 558 didici,
1169 493 1264 548 sed
1313 508 1410 562 per
1455 492 1836 546 revelationem

265 602 286 635 ι
327 582 456 639 Jesu
479 582 706 639 Christi.
731 582 973 638 Audistis
996 582 1140 638 enim
1167 582 1634 637 conversationem
1662 596 1839 635 meam

265 689 284 723 α
328 670 621 740 aliquando
663 670 719 724 in
752 668 1055 735 Judaismo,
1101 669 1229 739 quia
1272 683 1435 738 supra
1470 668 1686 722 modum
1712 682 1839 738 per-

264 779 283 811 i
333 760 604 827 sequebar
648 757 941 837 Ecdesiam
984 757 1106 823 Dei,
1154 766 1211 813 et
1256 758 1625 829 expugnabam
1667 755 1836 822 illam,

264 870 282 904 ι
329 861 387 909 et
416 851 773 923 proﬁciebam
812 851 869 905 in
899 849 1177 905 Judaismo
1213 864 1373 918 supra
1412 849 1610 903 multos
1640 857 1838 903 coaeta-

263 960 282 993 i
329 958 464 998 neos
501 957 673 1007 meos,
705 941 759 995 in
788 955 984 1012 genere
1012 954 1134 994 meo
1164 939 1526 994 abundantius
1559 940 1841 993 aemulator

266 1052 285 1085 ο
328 1033 575 1088 existens
619 1039 971 1101 paternarum
1007 1044 1252 1084 mearum
1299 1028 1664 1083 traditionum.
1706 1029 1838 1083 Cum

264 1146 284 1179 ι
330 1135 514 1181 autem
560 1124 769 1194 placuit
824 1124 874 1178 ei
930 1123 1022 1192 qui
1065 1137 1153 1177 me
1208 1121 1510 1192 segregavit
1560 1122 1630 1175 ab
1672 1121 1841 1175 ubero

264 1235 283 1267 ι
330 1216 525 1271 matris
574 1230 743 1280 meae,
793 1222 849 1268 et
893 1213 1109 1268 vocavit
1150 1226 1251 1282 per
1296 1211 1526 1283 gratiam
1568 1225 1744 1277 suam,
1781 1219 1843 1265 ut

264 1324 283 1356 ι
330 1305 597 1361 revelaret
625 1302 816 1358 Filium
863 1317 1023 1358 suum
1083 1303 1141 1356 in
1191 1306 1301 1367 me,
1351 1310 1413 1356 ut
1461 1301 1839 1356 annuntiarem

263 1415 283 1447 ι
329 1396 483 1451 illum
522 1396 670 1450 inter
711 1404 918 1465 gentes,
958 1396 1217 1450 continuo
1254 1410 1361 1448 non
1405 1394 1649 1463 acquievi
1690 1395 1841 1449 carni

262 1505 281 1537 ι
328 1495 388 1541 et
429 1485 700 1557 sanguini,
748 1499 924 1554 neque
945 1484 1067 1539 veni
1102 1482 1527 1553 Hierosolymam
1575 1482 1644 1537 ad
1691 1491 1843 1537 ante-

262 1597 283 1631 c
331 1594 579 1635 cessares
628 1592 778 1632 meos
822 1576 1117 1647 apostolos,
1177 1576 1271 1631 sed
1316 1575 1426 1630 abii
1472 1575 1528 1628 in
1560 1573 1839 1639 Arabiam,

260 1686 281 1720 σ
329 1676 387 1723 et
422 1668 624 1723 iterum
658 1680 909 1721 reversus
956 1680 1074 1720 sum
1104 1666 1452 1729 Damascum,
1500 1662 1692 1718 deinde
1717 1663 1837 1717 veni

1936 493 2262 547 formaretur
2303 494 2360 547 in
2413 502 2590 559 utero,
2648 502 2809 549 notus
2851 494 2990 561 Deo,
3037 496 3508 569 sanctiﬁcatusque

1934 584 2248 653 perhibetur
2274 582 2409 655 (Jer.
2432 584 2494 655 ι).
2522 584 2649 640 Sive
2671 594 2884 640 uterum
2914 586 3105 642 matris
3130 585 3301 657 legem
3327 587 3510 644 dicere

1935 686 2241 740 possumus,
2279 688 2400 742 qua:
2438 672 2655 728 Christo
2691 674 2911 741 gravida
2952 683 3086 729 erat.
3130 676 3177 731 A
3210 675 3363 745 cujus
3389 694 3513 734 car-

1936 761 2045 815 nali
2096 762 2441 817 observantia
2497 773 2806 833 separatum
2857 779 2915 819 se
2963 766 3095 821 dicit
3137 782 3236 834 per
3279 770 3509 840 gratiam

1937 851 2159 906 Christi.
2192 851 2308 907 Non
2337 860 2420 907 est
2446 861 2625 908 autem
2670 854 2852 924 Ipsum
2876 855 3313 914 revelarelFilz'um
3355 878 3508 917 suum

1937 943 1993 997 in
2027 960 2127 1009 me,
2168 961 2233 1000 ac
2269 945 2314 1000 si
2355 946 2558 1002 diceret
2590 966 2601 1002 :
2633 948 2919 1004 Revelaret
2957 951 3086 1006 mihi
3107 952 3298 1008 Filium
3328 970 3504 1012 suum.

1938 1032 2034 1087 Cui
2071 1034 2213 1088 enim
2241 1036 2371 1106 quid
2403 1037 2695 1103 revelatur,
2722 1039 2849 1094 huic
2876 1039 3008 1096 illud
3060 1050 3239 1113 potest
3281 1044 3508 1100 revelari

1938 1124 2084 1191 quod
2117 1133 2243 1180 ante
2277 1127 2334 1181 in
2371 1142 2437 1182 eo
2476 1143 2583 1183 non
2621 1136 2758 1183 erat.
2808 1129 2865 1183 in
2905 1146 3013 1199 quo
3047 1147 3175 1188 vero
3216 1134 3508 1195 revelatur,

1940 1210 2069 1266 illud
2119 1214 2409 1278 revelatur,
2461 1217 2604 1286 quod
2649 1219 2803 1287 prius
2853 1218 2953 1274 fuit
2997 1221 3050 1275 in
3096 1236 3180 1286 eo,
3228 1231 3283 1277 et
3326 1232 3512 1293 postea

1940 1302 2238 1358 revelatum
2264 1312 2367 1360 est.
2401 1304 2589 1362 Simile
2613 1316 2697 1363 est
2722 1308 2851 1364 illud
2882 1311 2935 1363 in
2961 1310 3279 1380 Evangelio:
3305 1311 3512 1366 Medius

1938 1402 2039 1445 stat
2056 1410 2208 1463 quem
2239 1412 2327 1449 vos
2360 1398 2587 1451 nescitis.
2629 1397 2698 1451 Et
2725 1397 2851 1452 alibi
2885 1416 2898 1451 :
2928 1396 3060 1451 Erat
3095 1400 3187 1451 tua:
3216 1416 3364 1462 vera,
3396 1417 3513 1470 qua:

1939 1480 2203 1536 illuminat
2257 1500 2461 1537 omnem
2506 1486 2767 1539 hominem
2818 1486 3102 1539 venientem
3141 1486 3196 1539 in
3240 1487 3511 1541 mundum.

1940 1571 2021 1625 Ex
2059 1587 2165 1640 quo
2199 1574 2543 1642 perspicuum
2582 1572 2643 1626 ﬁt
2680 1581 2872 1627 natura
2911 1573 3160 1628 omnibus
3203 1573 3299 1628 Dei
3341 1574 3518 1629 inesse

1940 1663 2210 1716 notitiam.
2232 1663 2341 1718 Nec
2370 1679 2693 1733 quemquam
2725 1665 2840 1717 sine
2865 1663 3085 1718 Christo
3118 1664 3288 1729 nasci,
3325 1673 3380 1718 et
3409 1678 3515 1719 non

259 1776 280 1809 ι
328 1758 759 1829 Hierosolymam
786 1757 972 1811 videre
996 1755 1310 1819 Petrum,et
1345 1754 1518 1808 mansi
1555 1752 1695 1822 apud
1715 1767 1839 1806 eum
1866 1737 1915 1796 Β
1941 1752 2141 1805 habere
2165 1752 2409 1821 germina
2442 1753 2496 1806 in
2529 1767 2588 1807 se
2616 1752 2892 1821 sapientize
2926 1760 2980 1806 et
3008 1750 3254 1820 justitim,
3284 1752 3518 1822 reliqua-

258 1867 277 1899 ε
328 1848 524 1903 diebus
552 1845 884 1916 quindecim,
911 1844 1077 1898 alium
1117 1851 1295 1898 autem
1326 1841 1694 1912 apostolorum
1729 1841 1838 1894 vidi

258 1956 278 1989 ι
329 1937 636 2000 neminem,
691 1933 796 1988 nisi
838 1931 1100 1988 Jacohum
1150 1930 1372 1985 fratrem
1423 1929 1667 1995 Domini,
1721 1944 1839 1997 quae

259 2049 277 2079 ι
327 2037 512 2083 autem
564 2027 763 2091 scribo,
809 2040 936 2080 ecce
981 2039 1167 2080 coram
1220 2022 1350 2085 Deo,
1389 2021 1512 2103 quia
1548 2035 1657 2074 non
1692 2035 1841 2073 men-

257 2138 277 2170 s
331 2119 456 2176 tior.
506 2136 525 2170 ι

329 2202 533 2261 Notum
592 2204 733 2259 vobis
780 2204 917 2273 facio
962 2202 1336 2272 Evangelium,
1383 2198 1523 2271 quod
1582 2196 1840 2267 evangeli-

252 2308 437 2352 satum
462 2305 537 2351 est
565 2314 597 2350 a
624 2312 723 2359 me,
745 2296 994 2365 quoniam
1024 2310 1126 2347 non
1146 2303 1219 2347 est
1248 2291 1531 2347 secundum
1557 2290 1836 2343 hominem.

254 2390 445 2462 Neque
475 2405 569 2459 ego
600 2387 665 2441 ab
699 2387 905 2441 homine
944 2386 1119 2457 accepi
1147 2384 1304 2450 illud,
1339 2399 1500 2454 neque
1533 2382 1718 2446 didici,
1749 2380 1840 2435 sed

250 2501 352 2555 per
371 2482 733 2536 reuelationem
754 2480 791 2534 ,1
794 2497 885 2534 esu
913 2477 1132 2534 Christi.
1176 2479 1411 2535 Verbum
1447 2480 1620 2549 ipsum
1645 2480 1842 2536 ἀποκα-

250 2572 483 2645 ὶύψιως,
531 2571 584 2625 id
624 2578 738 2636 est,
775 2568 1144 2632 revelationis,
1198 2568 1412 2639 proprie
1434 2568 1841 2637 Scripturarum

250 2671 366 2725 est,
395 2669 451 2714 et
475 2676 505 2714 a
534 2660 679 2714 nullo
706 2659 1029 2728 sapientium
1059 2657 1241 2713 szeculi
1270 2658 1411 2728 apud
1436 2656 1656 2713 Graecos
1684 2674 1843 2714 usur-

250 2759 469 2821 patum,
514 2750 620 2804 hoc
664 2757 767 2813 est,
816 2746 1195 2802 revelationem
1247 2747 1391 2802 illam
1436 2748 1634 2820 signat,
1677 2764 1840 2819 quam

250 2841 397 2896 vidit
424 2856 545 2895 cum
573 2839 894 2894 Damascum
930 2838 1133 2913 vadens
1181 2838 1235 2893 in
1280 2839 1475 2894 itinere
1502 2837 1706 2894 Christi
1751 2856 1844 2895 vo-

251 2944 379 2984 cem
411 2928 609 2983 meruit
638 2930 845 2995 audire,
878 2938 934 2984 et
961 2930 1178 2985 caecatis
1203 2928 1391 2992 oculis,
1423 2945 1611 2985 verum
1660 2930 1841 2987 lumen

250 3019 447 3074 mundi
488 3019 715 3073 intuitus
745 3028 850 3074 est.
899 3018 957 3074 Si
990 3020 1133 3075 enim
1163 3017 1513 3089 Evangelium
1540 3018 1691 3075 Pauli
1731 3037 1839 3076 non

1942 1858 2169 1913 rumque
2196 1843 2480 1897 virtutum.

2010 1933 2163 1989 Unde
2200 1934 2352 1988 multi
2383 1935 2586 2003 absque
2615 1933 2719 1988 ﬁde
2762 1942 2816 1987 et
2864 1933 3155 2003 Evangelio
3182 1933 3403 2000 Christi,
3435 1932 3517 1991 vel

1939 2023 2209 2093 sapienter
2253 2021 2457 2077 faciant
2483 2023 2681 2092 aliqua.
2713 2022 2798 2076 vel
2844 2030 3047 2087 sancte,
3094 2032 3154 2076 ut
3197 2023 3515 2091 parentibus

1938 2116 2326 2184 obsequantur,
2353 2122 2407 2168 et
2434 2122 2496 2168 ut
2537 2114 2683 2182 inopi
2727 2129 2942 2167 manum
2964 2114 3262 2184 porrigant,
3291 2129 3399 2168 non
3423 2129 3520 2184 op-

1938 2207 2177 2276 primaut
2204 2207 2431 2269 vicinos,
2463 2221 2570 2261 non
2607 2206 2779 2260 aliena
2805 2205 3037 2275 rapiant.
3070 2205 3257 2261 Potest
3278 2216 3332 2261 et
3362 2207 3522 2261 aliter

1940 2296 2111 2366 accipi
2163 2295 2220 2349 in
2265 2296 2471 2350 Paulo:
2501 2295 2598 2351 Dei
2644 2295 2786 2359 ﬁlius
2815 2295 3113 2358 reveletur,
3143 2297 3287 2368 quod
3322 2298 3519 2366 prredi-

1939 2392 2098 2438 cante
2117 2384 2226 2449 illo,
2242 2384 2459 2455 agnitus
2480 2385 2551 2439 sit
2569 2384 2838 2456 gentibus,
2852 2398 3013 2454 quem
3030 2393 3160 2441 ante
3181 2387 3514 2442 nesciebant.

2010 2474 2269 2528 Continuo
2308 2492 2414 2529 non
2439 2476 2670 2547 acquievi
2699 2476 2845 2529 carni
2871 2484 2920 2528 et
2958 2477 3226 2543 sanguini,
3277 2476 3423 2540 Sive,
3459 2488 3522 2531 ut

1940 2564 1995 2618 in
2042 2562 2231 2619 Graeco
2274 2564 2468 2621 melius
2522 2564 2771 2630 habetur,
2819 2566 2878 2620 οὐ
2924 2567 3311 2638 προσανεθέμην
3362 2570 3520 2641 σαρκὶ

1938 2659 2021 2711 καὶ
2045 2657 2244 2728 αἵματι.
2278 2654 2396 2710 Non
2425 2655 2655 2710 contulit
2682 2656 2843 2724 plane
2870 2654 3070 2710 Paulus
3094 2665 3215 2724 post
3246 2656 3523 2712 revelatio—

1940 2765 2064 2804 nem
2112 2747 2318 2803 Christi
2367 2765 2492 2803 cum
2539 2763 2704 2801 carne
2755 2756 2810 2802 et
2856 2748 3140 2816 sanguine,
3179 2749 3303 2817 quia
3353 2749 3522 2803 noluit

1896 2892 1911 2898 κ
1940 2840 2263 2910 margaritas
2296 2838 2560 2909 projicere
2591 2847 2717 2891 ante
2745 2852 2958 2906 porcos,
2983 2852 3085 2892 nec
3116 2837 3246 2890 dare
3273 2845 3520 2892 sanctum

1941 2931 2184 2987 canibus.
2233 2932 2367 2987 Vide
2411 2931 2540 3000 quid
2583 2931 2649 2985 de
2691 2928 3065 3017 peccatoribus
3091 2928 3352 3001 scriptum
3395 2928 3505 2982 sit:

1946 3020 2071 3076 Non
2090 3021 2411 3092 permanebit
2428 3021 2640 3091 spiritus
2660 3036 2804 3074 meus
2834 3019 2888 3072 in
2917 3018 3208 3073 hominibus
3234 3018 3370 3082 istis,
3395 3019 3521 3089 quia

249 3116 346 3164 est
386 3109 680 3164 secundum
700 3110 999 3173 hominem,
1033 3124 1209 3179 neque
1257 3080 1343 3166 abv
1368 3110 1586 3166 homine
1628 3114 1838 3183 accepit
1868 3080 1913 3143 Ο
1943 3128 2067 3166 caro
2090 3080 2223 3166 usunt
2254 3109 2408 3184 (Gen.
2439 3080 2540 3183 vi).
2592 3110 2727 3165 Cum
2762 3109 2978 3173 talibus,
3024 3108 3116 3178 qui
3151 3124 3279 3164 caro
3306 3080 3365 3163 et
3389 3080 3519 3164 sau-

250 3199 391 3255 illud
440 3209 532 3254 aut
556 3202 761 3266 didicit,
794 3202 888 3258 sed
916 3218 1012 3272 per
1041 3203 1423 3258 revelationem
1453 3202 1582 3259 Jesu
1615 3204 1837 3270 Christi,

254 3307 372 3345 non
429 3300 512 3345 est
564 3292 754 3362 utique
806 3292 967 3346 homo
1018 3291 1176 3348 Jesus
1233 3294 1501 3360 Christus,
1536 3296 1629 3365 qui
1672 3294 1840 3352 Paulo

254 3381 616 3452 Evangelium
656 3382 933 3446 revelavit,
978 3385 1122 3454 quod
1152 3385 1196 3440 si
1236 3401 1342 3439 non
1372 3392 1457 3439 est
1492 3386 1675 3452 homo,
1714 3402 1841 3442 con-

253 3482 556 3544 sequenter
577 3476 717 3530 Deus
742 3482 843 3530 est.
873 3476 987 3530 Non
1015 3477 1159 3547 quod
1182 3477 1455 3531 hominem
1483 3486 1839 3547 assumptum,

255 3565 360 3621 sed
408 3581 516 3636 quo
556 3572 763 3619 tantum
804 3567 1077 3621 hominem
1140 3582 1450 3621 renuamus.
1503 3566 1651 3623 Inter
1699 3569 1846 3623 acci-

256 3670 392 3728 pere
438 3663 617 3711 autem
664 3664 722 3710 et
761 3656 969 3711 discere
1004 3657 1120 3714 hoc
1162 3657 1409 3722 interest,
1459 3659 1600 3726 quod
1648 3651 1845 3729 accipit

257 3762 363 3819 per
389 3748 576 3812 alium,
609 3748 699 3817 qui
733 3747 965 3817 primum
998 3748 1325 3812 insinuatur,
1363 3757 1423 3801 ut
1447 3749 1514 3803 ad
1541 3747 1701 3802 ﬁdem
1729 3749 1845 3819 ejus

260 3838 587 3903 adducatur,
627 3846 688 3891 ut
723 3827 909 3894 credat
950 3853 1079 3893 vera
1126 3851 1245 3893 esse
1293 3854 1412 3908 qua:
1449 3841 1650 3910 scripta
1698 3850 1842 3906 sunt,

261 3931 428 3986 discit
462 3938 643 3985 autem
681 3930 750 3994 is,
780 3929 871 3999 qui
909 3945 973 3984 ea
1011 3945 1129 3999 qua:
1160 3945 1258 4000 per
1284 3932 1570 4002 (enigmata
1607 3941 1663 3989 et
1687 3951 1846 4004 para-

260 4022 419 4077 bolas
457 4021 683 4093 ﬁgurata
720 4029 867 4087 sunt,
896 4023 1178 4092 explanata
1223 4031 1278 4077 ct
1313 4033 1502 4094 aperta
1545 4028 1842 4100 cognoscit,

262 4121 322 4167 et
357 4128 465 4167 non
498 4111 717 4166 homine
756 4111 1049 4179 revelante,
1091 4115 1184 4169 sed
1213 4113 1429 4171 Christo
1463 4117 1554 4186 qui
1591 4118 1847 4173 rcvelavit

266 4203 455 4258 Paulo.

337 4294 577 4349 Audistis
605 4294 742 4348 enim
778 4297 1220 4350 conversationem
1262 4314 1431 4352 meam
1468 4297 1752 4370 aliquando
1792 4300 1847 4353 in

1940 3209 2061 3281 guis
2084 3216 2264 3275 erant,
2292 3224 2400 3263 non
2429 3207 2657 3264 contulit
2673 3207 2964 3277 Apostolus
2990 3205 3360 3277 Evangelium,
3382 3205 3524 3277 quod

1940 3302 1992 3356 ei
2039 3301 2215 3357 fuerat
2252 3301 2567 3366 revelatum,
2600 3302 2695 3356 sed
2739 3299 2997 3369 paulatim
3045 3314 3138 3354 eos
3181 3299 3249 3354 de
3278 3314 3446 3355 carne
3471 3311 3527 3355 et

1944 3393 2204 3463 sanguine
2232 3392 2397 3447 vertit
2424 3392 2478 3446 in
2523 3391 2794 3462 spiritum,
2827 3399 2883 3444 et
2923 3399 3050 3445 tunc
3074 3389 3291 3446 demum
3315 3390 3396 3444 eis
3436 3405 3527 3445 oc-

1943 3481 2089 3536 culta
2112 3480 2384 3552 Evangelii
2414 3490 2753 3535 sacramenta
2780 3480 3070 3534 commisit.

2021 3573 2202 3645 Neque
2230 3573 2344 3628 ueni
2375 3571 2817 3643 Hierosolymam,
2839 3580 2945 3626 etc.
2976 3571 3115 3638 Quid
3145 3571 3276 3626 mihi
3305 3571 3529 3642 prodest

1945 3664 2051 3719 ista
2092 3662 2301 3734 religio,
2341 3663 2386 3718 si
2433 3661 2629 3733 legam,
2662 3661 2805 3732 quod
2837 3661 3036 3717 Paulus
3074 3671 3198 3732 post
3246 3662 3529 3719 revelatio-

1942 3770 2064 3810 nem
2093 3752 2295 3809 Christi
2324 3752 2507 3808 statim
2527 3752 2653 3808 ierit
2675 3754 2729 3808 in
2742 3753 3017 3818 Arabiam,
3040 3761 3096 3807 et
3112 3752 3180 3807 de
3200 3753 3398 3809 Arabia
3425 3754 3529 3807 Da-

1943 3861 2186 3901 mascum
2209 3843 2375 3901 fuerit
2399 3860 2674 3911 reversus,
2702 3860 2802 3899 nec
2823 3845 2991 3900 sciam
3014 3845 3142 3915 quid
3164 3844 3237 3899 ibi
3266 3844 3530 3913 gesserit?

1943 3936 2133 3993 Exitus
2157 3952 2221 3991 ac
2247 3937 2454 3991 reditus
2478 3936 2571 3990 dat
2598 3935 2730 3989 mihi
2772 3935 3111 3990 occasionem
3139 3933 3349 3988 altioris
3373 3932 3529 3987 intel-

1945 4030 2196 4100 ligentiae.
2228 4027 2430 4083 Arabia
2468 4042 2589 4097 quae
2630 4026 3020 4095 interpretatur
3060 4024 3280 4078 humilis
3306 4032 3363 4079 et
3386 4023 3531 4078 occi-

1946 4122 2073 4185 dua,
2100 4128 2257 4175 vetus
2283 4117 2552 4189 signiﬁcat
2568 4124 2990 4172 .testamentum.
3027 4114 3223 4169 Statim
3264 4116 3449 4185 itaque
3469 4124 3529 4169 ut

1946 4211 2174 4267 credidit
2194 4210 2415 4274 Paulus,
2454 4208 2523 4262 ad
2549 4207 2745 4278 legem,
2777 4206 2845 4261 ad
2872 4206 3182 4275 prophetas,
3212 4204 3280 4258 ad
3317 4203 3528 4259 Veteris

1948 4299 2282 4355 Testamenti
2315 4296 2429 4366 jam
2467 4296 2520 4351 in
2564 4295 2788 4350 occiduo
2829 4294 2990 4363 positi
3037 4301 3374 4347 sacramenta
3402 4307 3531 4347 cou-

264 4386 575 4451 Judaismo,
605 4387 732 4457 quia
758 4403 919 4457 supra
948 4387 1162 4441 modum
1192 4388 1532 4461 persequebar
1561 4390 1847 4445 Ecclesiam
1872 4422 1926 4482 Β
1950 4404 2162 4453 versus,
2183 4388 2435 4458 quaesivit
2463 4387 2518 4441 in
2538 4387 2621 4441 eis
2645 4385 2944 4449 Christum,
2965 4396 3126 4452 quem
3150 4381 3336 4449 jussus
3356 4376 3533 4437 fuerat

267 4476 388 4541 Dei,
412 4485 465 4530 et
491 4474 880 4545 expugnabam,
908 4484 1013 4531 etc.
1066 4475 1235 4543 Quam
1284 4478 1501 4549 elegans
1542 4480 1849 4536 observatio

264 4566 593 4637 pondusque
620 4563 907 4619 verborum
933 4581 946 4617 :
970 4566 1231 4631 Audistis,
1259 4567 1453 4638 inquit,
1486 4570 1848 4625 conversatio-

269 4674 393 4712 nem
430 4673 542 4710 non
582 4663 792 4726 gratam
828 4656 1117 4725 aliquando
1150 4673 1255 4712 non
1285 4659 1445 4713 modo
1473 4660 1526 4714 in
1553 4657 1849 4726 Judaismo,

269 4764 376 4803 non
426 4748 483 4802 in
508 4746 631 4815 lege
672 4746 790 4811 Dei,
818 4763 980 4817 supra
1012 4748 1227 4802 modum
1268 4752 1633 4820 persequebar
1668 4752 1853 4807 Eccle—

273 4842 409 4894 siam
446 4838 569 4901 Dei,
601 4853 709 4892 non
757 4847 816 4891 ut
868 4839 1069 4893 caueri.
1125 4838 1261 4893 Hinc
1303 4854 1519 4911 quoque
1566 4842 1853 4898 admiratio

272 4930 545 4992 nascitur,
577 4929 721 4999 quod
760 4944 865 4983 non
906 4929 1275 4999 unusquisque
1303 4930 1369 4984 de
1411 4932 1496 4986 his
1534 4932 1627 5002 qui
1666 4932 1856 4987 leviter

272 5017 746 5089 persequebantur
774 5016 1070 5071 Ecclesiam
1098 5017 1213 5081 Dei,
1243 5019 1335 5071 sed
1376 5018 1464 5072 ille
1486 5021 1581 5089 qui
1631 5029 1858 5076 caeteros

276 5108 324 5162 in
371 5108 762 5180 persecutione
803 5107 1087 5171 vincebat,
1117 5116 1412 5164 conversus
1441 5112 1508 5166 ad
1552 5111 1713 5167 ﬁdem
1755 5113 1857 5176 sit,

277 5200 585 5256 Ecclesiam
603 5198 787 5253 dicens
803 5199 919 5265 Dei,
939 5198 1020 5252 vel
1044 5200 1216 5268 ipsum
1244 5199 1514 5256 Christum
1541 5201 1710 5257 Deum
1738 5219 1860 5259 esse

276 5289 573 5362 signiﬁcat,
593 5286 675 5341 vel
704 5287 942 5357 ejusdem
968 5288 1062 5342 Dei
1088 5305 1206 5343 esse
1230 5290 1547 5357 Ecclesiam,
1573 5292 1663 5360 qui
1689 5307 1860 5361 quou—

279 5381 399 5435 dam
432 5379 572 5449 legis
598 5379 756 5435 datOr
783 5377 900 5433 fuit.
1475 5432 1489 5441 ,

346 5467 485 5522 Cum
529 5477 703 5522 autem
737 5466 933 5539 placuit
966 5467 1034 5534 ei,
1067 5469 1159 5538 qui
1189 5485 1269 5523 me
1302 5472 1585 5539 segregavit
1619 5472 1684 5526 ab
1713 5482 1860 5529 utero

286 5561 468 5613 matris
508 5573 653 5620 mem,
687 5571 735 5613 et
764 5559 962 5613 vocavit
989 5575 1100 5628 per,
1138 5568 1243 5613 etc.
1292 5558 1409 5614 Non
1450 5560 1622 5615 selum
1666 5563 1718 5616 in
1759 5565 1860 5618 hoc

290 5646 427 5713 loco,
482 5647 577 5700 sed
631 5654 685 5701 et
737 5648 803 5703 ad
848 5647 1121 5702 Romanos
1168 5648 1364 5704 Paulus
1410 5656 1749 5719 segregatum
1806 5654 1857 5705 in

572 5745 842 5804 Parnm.
888 5743 1012 5807 Cll,
1038 5789 1042 5793 «

1952 4481 2008 4536 in
2032 4478 2282 4551 gentibus
2311 4478 2629 4548 praedicare,
2677 4484 2735 4531 et
2782 4483 3000 4545 reperto
3029 4474 3142 4539 illo,
3190 4488 3297 4528 non
3336 4483 3422 4530 est
3455 4473 3529 4528 ibi

1952 4567 2154 4622 diutius
2195 4576 2586 4631 commoratus,
2632 4566 2727 4621 sed
2773 4579 3023 4621 reversus
3063 4572 3148 4618 est
3189 4565 3530 4625 Damascum.

1953 4659 2058 4714 hoc
2093 4665 2176 4714 cst
2217 4658 2284 4711 ad
2317 4658 2631 4727 sanguinem
2659 4665 2715 4710 et
2752 4656 2821 4711 ad
2852 4657 3159 4727 passionem
3208 4654 3429 4719 Christi,
3475 4665 3533 4711 et

1955 4750 2079 4806 inde
2100 4750 2413 4820 prophetica
2461 4749 2692 4803 lectione
2739 4747 2987 4802 ﬁrmatus
3016 4746 3192 4816 pergit
3219 4745 3531 4818 Hierosoly-

1956 4858 2123 4906 mam,
2150 4842 2323 4896 locum
2356 4840 2579 4894 visionis
2623 4848 2678 4893 et
2722 4822 3042 4909 pacis,°non
3093 4845 3202 4892 tam
3243 4838 3537 4894 disciturus

1960 4931 2161 5001 aliquid
2212 4930 2278 4983 de
2333 4928 2615 4998 apostolis,
2662 4942 2824 4996 quam
2872 4940 2996 4980 cum
3040 4926 3122 4980 eis
3165 4926 3533 4996 Evangelium,

1959 5022 2102 5090 quod
2130 5021 2410 5084 docuerat,
2439 5018 2753 5073 collaturus.

2032 5111 2230 5167 Deinde
2266 5120 2381 5181 post
2418 5110 2700 5164 triennium
2744 5108 2857 5162 veni
2905 5106 3323 5180 Hierosolymam
3367 5110 3539 5166 videre

1966 5202 2199 5256 Petrum.
2232 5201 2348 5256 Non
2392 5209 2452 5254 ut
2475 5199 2686 5264 oculos,
2713 5213 2881 5267 genas
2909 5199 3222 5270 vultumque
3252 5200 3370 5271 ejus
3398 5199 3539 5270 aspi-

1965 5300 2130 5356 ceret,
2181 5299 2358 5345 utrum
2405 5289 2727 5344 macilentus
2770 5304 2837 5343 an
2876 5290 3111 5361 pinguis,
3154 5290 3363 5345 adunco
3404 5303 3537 5343 naso

1965 5388 2110 5435 esset
2132 5396 2198 5433 an
2231 5387 2398 5442 recto,
2429 5387 2487 5433 et
2513 5386 2696 5432 utrum
2729 5377 2960 5433 frontem
2993 5380 3214 5434 vestiret
3253 5391 3427 5441 coma,
3466 5389 3535 5428 an

1966 5470 2051 5539 (ut
2074 5467 2320 5522 Clemens
2344 5468 2398 5522 in
2426 5468 2664 5536 periodis
2701 5468 2820 5539 ejus
2845 5468 3031 5539 refert)
3066 5467 3327 5523 calvitiem
3366 5464 3534 5518 babe-

1951 5569 2049 5632 ..rct
2074 5560 2126 5613 in
2154 5560 2350 5628 capite,
2398 5574 2501 5614 nec
2532 5568 2663 5629 puto
2690 5561 3001 5629 apostolicae
3038 5558 3203 5613 fuisse
3231 5554 3534 5624 gravitatis.

1968 5665 2018 5708 u:
2067 5665 2185 5724 post
2222 5663 2425 5709 tantam
2468 5654 2684 5708 triennii
2727 5653 3171 5723 praeparationem
3213 5645 3413 5717 aliquid
3439 5647 3537 5703 hu~
