3932 6204
260 357 270 367 ί
342 334 450 392 598

1626 323 1975 380 SMARAGDI
2014 298 2300 379 sedans

3487 323 3594 380 596

331 462 568 504 zinanum
614 445 670 500 in
712 442 875 498 Petro
918 439 1149 496 voluerit
1193 438 1456 510 aspicere,
1497 437 1593 493 sed
1636 436 1722 493 bis
1748 437 1918 493 oculis
1945 437 1997 497 Α
2026 454 2044 487 ι
2078 435 2135 490 in
2164 431 2453 503 discipulos
2474 430 2711 497 Domini,
2737 429 2968 486 accessit
2998 429 3063 484 ad
3084 428 3383 499 principem
3412 444 3596 487 sacer-

330 538 560 608 aspexit
589 549 710 590 eum
738 534 934 603 quibus
960 539 1016 586 et
1053 531 1215 587 modo
1259 531 1312 586 in
1348 529 1605 601 Epistolis
1634 530 1746 586 suis
1775 530 1923 586 vide-

338 633 461 693 tur,
495 626 581 682 his
607 623 778 680 oculis
820 622 1018 676 Paulus
1053 621 1189 676 vidit
1238 619 1500 690 Cepliam,
1556 619 1752 689 quibus
1780 634 1923 673 nunc

349 730 383 771 a
426 699 777 787 prudentibus
822 713 1128 783 quibusque
1173 711 1371 767 Paulus
1416 711 1532 781 ipse
1571 709 1918 780 conspicitur.

350 807 485 863 Nam
510 814 566 860 et
588 804 733 874 quod
758 803 909 859 visus
927 804 999 858 sit
1017 803 1098 858 ire
1120 800 1547 884 Hierosolymam
1567 799 1634 854 ad
1663 800 1766 854 hoc
1786 799 1918 868 ipse,

350 906 411 953 ut
450 897 660 952 videret
695 894 1028 966 Apostolum,
1063 908 1173 948 non
1205 892 1445 948 discendi
1494 890 1693 957 studio,
1736 890 1827 959 qui
1868 896 1923 943 et

350 991 465 1061 ipse
493 989 741 1044 eumdem
786 985 1186 1056 praedicationis
1231 984 1457 1038 haberet
1484 989 1779 1047 auctorem,
1828 981 1923 1035 sed

349 1080 574 1136 honoris
597 1078 763 1149 priori
792 1075 1034 1146 apostolo
1057 1073 1350 1130 deferendi.

420 1171 491 1224 Et
515 1170 685 1223 mansi
714 1167 855 1237 apud
883 1183 1002 1221 eum
1057 1165 1238 1219 diebus
1267 1162 1579 1234 quindecim.
1618 1160 1735 1216 Non
1766 1175 1926 1232 gran-

352 1260 403 1317 di
440 1258 668 1330 indiguit
711 1256 1048 1327 magisterio,
1089 1255 1179 1325 qui
1224 1261 1378 1309 tanto
1421 1268 1480 1330 se
1527 1250 1595 1306 ad
1637 1250 1927 1323 videndum

348 1348 568 1405 Petrum
596 1357 837 1418 tempore
865 1334 1210 1417 praeparavit.
1240 1344 1308 1398 Et
1328 1343 1460 1399 licet
1482 1341 1804 1412 quibusdam
1834 1355 1926 1395 su-

350 1438 612 1510 perﬂuum
640 1437 888 1491 videatur
915 1450 1169 1490 numeros
1205 1450 1418 1504 quoque
1443 1434 1530 1503 qui
1562 1434 1614 1487 in
1646 1430 1928 1502 scripturis

352 1535 478 1583 sunt
506 1526 817 1589 observare,
843 1532 1022 1579 tamen
1051 1539 1161 1578 non
1186 1523 1388 1592 absque
1419 1537 1479 1577 re
1515 1523 1752 1577 arbitror
1772 1521 1928 1590 quin-

352 1618 527 1672 decim
567 1618 701 1683 dies,
733 1616 930 1687 quibus
974 1615 1116 1685 apud
1158 1614 1378 1669 Petrum
1420 1613 1617 1668 Paulus
1646 1612 1924 1677 habitavit,

354 1709 567 1778 plenam
589 1706 897 1777 significare
933 1705 1237 1770 scientiam,
1279 1711 1814 1773 consummatamque
1837 1702 1931 1757 do-

2025 544 2044 577 t
2080 525 2282 591 dctum,
2313 531 2367 581 et
2406 524 2560 594 petiit
2585 523 2654 578 ab
2690 537 2755 578 eo
2784 521 3041 593 epistolas
3079 521 3133 575 in
3173 521 3498 577 Damascum
3527 525 3596 580 ad

2024 636 2044 669 ι
2079 629 2401 687 synagogas,
2431 622 2494 669 ut
2521 614 2566 669 si
2611 628 2747 684 quos
2789 613 3088 668 invenisset
3130 612 3290 681 hujus
3321 614 3423 668 vias
3450 615 3600 672 viros

2025 726 2043 759 ι
2074 722 2138 762 ac
2162 707 2438 772 mulieres,
2469 706 2679 760 vinctos
2710 704 3033 775 perduceret
3057 704 3114 757 in
3142 701 3504 760 Hierusalem.
3530 705 3599 761 Et

2025 823 2044 855 ι
2076 817 2200 857 cum
2226 802 2331 857 iter
2355 801 2579 864 faceret,
2621 798 2846 865 contigit
2881 806 2940 850 ut
2986 797 3445 867 appropinquaret
3487 797 3595 852 Da-

2026 911 2044 943 ‹
2075 900 2276 947 mas‘co.
2309 890 2380 945 Et
2425 889 2603 945 subito
2640 885 2995 942 circumfulsit
3036 900 3160 940 eum
3188 886 3280 940 lux
3328 886 3394 942 de
3436 887 3597 942 caelo.

2027 1006 2045 1039 ί
2077 987 2146 1042 Ει
2172 986 2453 1042 cadensin
2482 995 2685 1041 terram
2709 984 2911 1039 audivit
2938 998 3127 1038 vocem
3149 984 3418 1040 dicentem
3448 986 3552 1041 sibi
3585 1004 3599 1041 :

2029 1097 2047 1130 ι
2083 1077 2264 1144 Saule,
2314 1077 2475 1133 Saule
2518 1077 2645 1146 quid
2694 1089 2783 1130 me
2824 1075 3211 1145 persequeris?
3263 1073 3365 1141 Qui
3415 1076 3598 1131 dixit:

2030 1190 2049 1222 ι
2083 1168 2213 1237 Quis
2253 1185 2330 1232 es,
2364 1169 2634 1223 Domine?
2666 1166 2733 1220 Et
2774 1166 2897 1220 ille:
2926 1165 3038 1235 Ego
3077 1181 3195 1220 sum
3232 1164 3409 1230 Iesus,
3441 1183 3601 1236 quem

2030 1278 2049 1310 ι
2080 1267 2136 1313 ιιι
2166 1256 2508 1328 persequeris
2541 1275 2555 1309 :
2587 1256 2781 1310 durum
2825 1264 2911 1310 est
2951 1254 3049 1310 tibi
3098 1263 3286 1309 contra
3326 1255 3601 1309 stimulum

2031 1366 2051 1399 ι
2083 1348 2384 1402 calcitrare.
2430 1345 2497 1399 Et
2534 1352 2769 1399 tremens
2797 1360 2860 1400 ac
2888 1354 3112 1414 stupens
3154 1344 3324 1400 dixit:
3355 1345 3602 1411 Domine,

2031 1458 2051 1490 ς
2083 1439 2214 1509 quid
2251 1454 2339 1493 me
2363 1438 2447 1493 vis
2488 1436 2707 1492 facere?
2739 1435 2807 1491 Et
2836 1436 3097 1490 Dominus
3133 1435 3199 1490 ad
3227 1452 3352 1492 eum
3378 1453 3392 1487 :
3434 1434 3607 1506 Surge

2033 1548 2052 1579 ‹
2080 1537 2134 1585 et
2158 1529 2440 1599 ingredere
2466 1526 2760 1587 civitatem,
2792 1533 2849 1580 et
2888 1525 2961 1580 ibi
3010 1525 3222 1581 dicetur
3245 1526 3361 1589 tibi,
3394 1525 3523 1595 quid
3542 1535 3608 1579 τω

2033 1638 2054 1670 ι
2084 1626 2331 1688 oporteat
2354 1615 2574 1672 facere?
2608 1616 2721 1688 Yiri
2744 1624 2929 1671 autem
2969 1615 3046 1671 illi
3092 1616 3183 1685 qui
3211 1616 3608 1671 comitabantur

2036 1727 2055 1761 ι
2092 1684 2214 1763 cum
2243 1706 2359 1773 illo,
2392 1684 2939 1776 stabanfstupefactl,
2969 1684 3250 1759 audientes
3274 1704 3491 1773 quidem
3513 1718 3610 1758 vo-

353 1799 605 1864 ctrinam,
637 1797 901 1867 siquidem
931 1797 1237 1866 quindecim
1265 1802 1393 1850 sunt
1421 1795 1663 1850 carmina
1694 1795 1747 1849 in
1783 1793 1929 1848 Psal-
1958 1772 2005 1831 Β
2038 1819 2056 1850 ‹
2087 1814 2227 1864 cem,
2258 1797 2532 1851 neminem
2583 1772 2763 1851 autem
2802 1796 3069 1850 videntes.
3122 1772 3374 1849 Surrexit
3423 1802 3609 1849 autem

352 1890 508 1956 terio,
539 1898 593 1943 et
620 1888 928 1957 quindecim
975 1888 1174 1958 gradus
1216 1903 1313 1957 per
1352 1900 1488 1955 quos
1533 1887 1599 1941 ad
1628 1886 1927 1941 canendum

351 1978 463 2033 Deo
494 1980 548 2032 in
580 1978 733 2032 atriis
760 1978 877 2049 ejus
899 1976 1302 2032 consistendum
1318 1975 1498 2044 justus
1521 1977 1785 2031 ascendit.

424 2070 598 2123 Alium
624 2078 798 2123 autem
827 2067 1182 2138 apostolorum
1220 2068 1327 2121 vidi
1374 2069 1648 2131 neminem,
1696 2067 1797 2121 nisi
1833 2064 1956 2136 Ja-g

354 2160 535 2214 cubum
577 2159 795 2228 fratrem
840 2158 1073 2212 Domini.
1124 2157 1191 2211 Et
1237 2158 1418 2211 cancri
1463 2156 1692 2226 apostoli
1732 2155 1932 2210 fratres

353 2248 567 2302 Domini
589 2247 859 2311 dicuntur,
890 2246 1031 2301 sicut
1056 2247 1112 2299 in
1147 2245 1473 2316 Evangelio:
1517 2243 1682 2310 Vade,
1710 2244 1794 2298 dic
1822 2243 1935 2312 fra-

353 2339 520 2393 tribus
544 2339 694 2399 meis,
719 2338 849 2391 vado
891 2337 960 2390 ad
988 2338 1203 2393 Patrem
1246 2352 1419 2389 meum
1454 2346 1503 2390 et
1531 2336 1601 2389 ad
1613 2336 1825 2391 Patrem
1851 2351 1935 2389 ue-

352 2440 522 2485 strum
567 2427 750 2500 (loan.
775 2426 920 2498 ult.).
951 2424 1062 2482 Sed
1085 2426 1355 2496 quomodo
1392 2423 1515 2491 Job,
1544 2432 1599 2480 et
1635 2425 1816 2480 caeteri
1840 2438 1934 2494 pa-

353 2519 609 2575 triarcha:
654 2517 784 2573 dicti
828 2525 954 2572 sunt
997 2516 1213 2587 quidem
1259 2515 1445 2570 famuli
1496 2515 1609 2581 Dei,
1638 2515 1732 2570 sed
1777 2516 1933 2585 quasi

353 2612 605 2683 egregius
633 2610 850 2682 quidem
896 2608 1129 2680 Mayses,
1171 2616 1232 2663 ut
1260 2608 1589 2664 scriberetur
1614 2608 1680 2663 de
1714 2620 1799 2671 eo,
1838 2607 1933 2662 sed

355 2718 465 2758 non
503 2701 644 2756 sicut
681 2699 889 2771 Moyses
936 2697 1169 2753 famulus
1198 2711 1374 2763 meus,
1406 2699 1485 2752 sic
1520 2705 1577 2752 et
1618 2696 1809 2751 beatus
1844 2694 1932 2749 Ja-

354 2791 524 2847 cobus
554 2789 862 2860 specialiter
907 2787 1079 2842 frater
1124 2794 1348 2857 propter
1393 2786 1638 2857 egregios
1676 2799 1856 2840 mores
1881 2792 1936 2840 et

353 2879 827 2950 incomparabilem
856 2878 1015 2933 ﬁdem
1044 2877 1473 2947 sapientiamque
1520 2892 1626 2932 non
1668 2876 1933 2931 modicam

353 2970 651 3042 appellatus
676 2976 759 3024 est
779 2966 1210 3035 Domini’frater,
1247 2975 1303 3021 et
1329 2967 1470 3036 quod
1498 2967 1704 3035 primus
1741 2965 1792 3020 ei
1832 2965 1934 3020 Ec-

353 3064 532 3119 clesiae.
556 3059 856 3132 praefuerit,
888 3075 1008 3129 qua:
1054 3059 1232 3128 prima
1261 3057 1316 3110 in
1346 3056 1563 3111 Christo
1609 3055 1837 3110 credens
1862 3070 1928 3110 ex

353 3119 760 3209 Judazis‘fuerat
788 3119 1134 3221 congregata.
1959 3119 2004 3180 Ο

425 3243 581 3312 Quod
608 3251 787 3297 autem
829 3240 1070 3310 exceptis
1114 3238 1396 3293 duodecim
1430 3236 1648 3306 quidam
1676 3245 1938 3291 vocentur

354 3336 604 3409 apostoli,
635 3334 767 3389 illud
794 3333 849 3387 in
876 3346 1038 3387 causa
1064 3339 1168 3396 est,
1196 3344 1386 3384 omnes
1415 3328 1506 3399 qui
1546 3328 1830 3382 Dominum
1860 3326 1939 3380 vi-

353 3429 568 3492 derant,
592 3433 649 3482 et
672 3440 798 3480 eum
821 3430 1007 3493 postea
1048 3421 1437 3492 praedicabant,
1466 3418 1630 3473 fuisse
1668 3418 1938 3488 apostolos

354 3518 667 3590 appellatos,
706 3524 767 3571 ut
812 3513 945 3569 illud
987 3511 1058 3568 ad
1103 3510 1412 3567 Corinthios
1446 3510 1726 3575 scribitur,
1783 3507 1936 3563 Visus

355 3622 429 3667 cst
455 3610 561 3665 illis
588 3607 850 3671 undecim,
888 3604 1076 3659 deinde
1120 3605 1259 3657 visus
1302 3611 1451 3656 estet
1482 3600 1705 3665 Iacobo,
1750 3600 1938 3655 deinde

359 3701 608 3775 apostolis
632 3698 887 3753 omnibus.
940 3695 1077 3750 Nam
1120 3704 1175 3750 et
1199 3695 1291 3749 alii
1318 3696 1386 3750 ab
1410 3694 1495 3748 his
1520 3708 1656 3762 quos
1680 3692 1939 3746 Dominus

356 3795 594 3865 elegerat
631 3789 865 3845 ordinati
909 3796 1034 3843 sunt
1079 3786 1331 3855 apostoli,
1364 3784 1503 3838 sicut
1532 3782 1597 3836 ad
1628 3783 1939 3852 Philippen-

356 3899 445 3940 ses
473 3884 583 3938 ait:
617 3879 980 3935 Necessarium
1019 3877 1310 3932 existimaui
1350 3874 1769 3943 Epaphroditum
1798 3890 1940 3927 com-

355 3976 643 4031 militonem
678 3986 872 4035 meum,
920 3978 1143 4023 vestrum
1189 3975 1361 4019 autem
1405 3964 1697 4035 apostolum
1736 3965 1938 4017 mittere

356 4068 427 4123 ad
446 4084 536 4122 vos
564 4063 783 4139 (Philip.
808 4064 891 4133 ιι).
939 4060 1009 4115 Et
1055 4058 1122 4113 ad
1151 4055 1462 4112 Corinthios
1487 4058 1554 4113 de
1579 4056 1779 4111 talibus
1806 4055 1942 4110 scri-

355 4161 541 4217 bitur:
590 4158 713 4214 Sivc
751 4152 973 4226 apostoli
1010 4149 1369 4205 Ecclesiarum
1406 4149 1464 4203 in
1509 4148 1681 4219 gloria
1702 4146 1815 4201 'Dei
1848 4146 1934 4219 (ΙΙ

359 4250 481 4305 Cor.
512 4247 652 4319 vm).
688 4246 830 4302 Silas
853 4235 1140 4316 quoque‘et
1156 4241 1320 4297 Judas
1343 4239 1412 4294 ab
1430 4238 1686 4310 apostolis
1714 4238 1938 4309 apostoli

359 4342 621 4397 nominati
648 4347 792 4395 sunt.

433 4429 564 4495 Qua:
593 4438 767 4481 autem
792 4424 959 4479 scribo
986 4422 1151 4487 vobis,
1173 4437 1286 4475 ecce
1313 4436 1488 4475 coram
1514 4419 1642 4483 Deo,
1668 4419 1806 4490 quod
1834 4434 1937 4472 non

361 4520 599 4574 mentior.
652 4517 780 4572 Sive
821 4513 1140 4581 simpliciter
1176 4509 1561 4584 accipiendum,
1594 4519 1652 4563 ut
1678 4510 1765 4570 sit,
1817 4522 1938 4577 quas

363 4608 542 4661 scribo
577 4605 729 4659 vobis
758 4618 885 4657 vera
908 4608 1056 4664 sunt,
1095 4607 1150 4652 et
1184 4600 1293 4653 Deo
1334 4607 1471 4653 teste
1498 4599 1778 4662 confirmo,
1811 4599 1936 4666 quia

366 4699 511 4754 nulla
556 4704 672 4750 arte
711 4695 1021 4756 verborum,
1060 4690 1205 4745 nullo
1248 4697 1374 4744 sunt
1420 4690 1595 4744 fucata
1633 4689 1932 4753 mendacio,

365 4791 479 4843 slve
507 4787 685 4851 altius,
717 4793 773 4840 ut
797 4785 1022 4855 legatur,
1054 4797 1174 4851 quae
1217 4780 1397 4834 scribo
1423 4780 1577 4833 vobis
1604 4794 1784 4834 coram
1830 4779 1938 4834 Deo

367 4888 512 4942 sunt,
552 4878 605 4933 id
636 4888 738 4943 est,
765 4877 861 4932 Dei
903 4876 1063 4946 digna
1099 4880 1409 4941 conspectu,
1442 4872 1568 4941 quia
1598 4871 1805 4925 scilicet
1832 4887 1935 4925 non

364 4969 621 5034 mentior,
669 4975 723 5023 et
767 4967 1035 5037 quomodo
1087 4963 1228 5019 oculi
1274 4962 1483 5017 Domini
1535 4977 1696 5032 super
1737 4960 1933 5029 justos,

366 5058 562 5113 avertit
587 5066 767 5111 autem
808 5057 998 5111 faciem
1034 5070 1185 5110 suam
1214 5070 1245 5107 a
1290 5062 1579 5123 conspectu
1628 5053 1933 5122 impiorum,

368 5148 445 5204 ita
471 5161 611 5200 nunc
659 5161 741 5208 ea,
777 5160 896 5214 quas
940 5146 1251 5199 scribuntur
1297 5157 1477 5197 coram
1524 5143 1634 5197 Deo
1661 5151 1807 5209 sunt,
1852 5160 1937 5198 me

367 5252 475 5294 non
509 5236 818 5297 mentiente,
849 5235 942 5304 qui
985 5235 1185 5300 scribo,
1231 5249 1350 5303 quae
1379 5248 1484 5288 non
1531 5243 1713 5288 essent
1752 5250 1935 5289 coram

370 5325 602 5380 Domino
623 5327 666 5379 si
690 5325 970 5378 mentirer.

722 5458 785 5513 IN
816 5460 1067 5514 NA'I‘ALI
1095 5458 1335 5513 SANCTI
1365 5459 1586 5515 PAULI.

606 5589 801 5629 LECTIO
826 5587 1041 5627 ACTUUI
1066 5586 1466 5638 APOSTOLORUI,
1489 5588 1605 5627 CAP.
1633 5589 1706 5625 IS.

446 5703 466 5737 ι
501 5684 695 5742 Saulus
719 5696 898 5742 autem
928 5687 1104 5742 adhuc
1148 5685 1360 5755 spirans
1394 5684 1656 5738 minarum
1690 5695 1740 5740 et
1783 5686 1942 5740 caedis

1964 4476 2014 4533 Ι)

2035 1909 2054 1942 ‹
2089 1889 2282 1945 Saulus
2308 1889 2374 1943 de
2411 1895 2579 1952 terra,
2627 1880 2936 1957 apertisque
2977 1884 3146 1940 oculis
3189 1883 3322 1939 nihil
3366 1883 3608 1938 videbat.

2036 2000 2054 2033 ι
2088 1980 2171 2034 Ad
2200 1994 2393 2033 manus
2433 1986 2612 2032 autem
2660 1977 2812 2031 illum
2860 1975 3159 2039 trahentes,
3196 1974 3613 2029 introduxerunt

2035 2091 2054 2123 ι
2090 2070 2429 2124 Damascum.
2482 2068 2550 2121 Et
2588 2074 2706 2122 erat
2732 2067 2902 2121 tribus
2947 2066 3134 2121 diebus
3166 2080 3272 2118 non
3300 2064 3510 2128 videns,
3555 2075 3620 2120 et

2037 2176 2055 2210 ι
2088 2173 2196 2212 non
2227 2156 2573 2211 manducavit
2611 2170 2788 2225 neque
2818 2155 2972 2210 bibit.
3010 2154 3141 2208 Erat
3170 2161 3351 2208 autem
3384 2154 3609 2223 quidam

2037 2267 2055 2299 ι
2089 2248 2382 2318 discipulus
2408 2247 2682 2312 Damasci,
2721 2246 2936 2300 nomine
2970 2244 3229 2299 Ananias.
3271 2243 3338 2297 Et
3365 2244 3500 2298 dixit
3541 2244 3612 2298 ad

2038 2361 2057 2394 ‹
2092 2336 2238 2397 illum
2266 2341 2321 2395 in
2344 2341 2464 2395 visu
2494 2337 2753 2393 Dominus
2783 2356 2796 2391 :
2821 2336 3049 2392 Anania.
3081 2335 3154 2390 At
3187 2336 3274 2391 ille
3307 2335 3421 2390 ait:
3467 2335 3609 2391 Ecce

2038 2454 2057 2486 ι
2092 2449 2212 2506 ego,
2246 2433 2486 2488 Domine.
2514 2432 2582 2487 Et
2607 2431 2866 2486 Dominus
2891 2430 2958 2486 ad
2986 2444 3108 2485 eum
3135 2444 3149 2483 :
3180 2427 3353 2501 Surge
3383 2436 3437 2483 et
3468 2429 3613 2484 vade

2039 2542 2058 2575 ι
2094 2525 2150 2579 in
2194 2524 2390 2586 vicum,
2436 2522 2528 2591 qui
2559 2521 3011 2598 vocaturiteetus,
3048 2527 3104 2573 et
3129 2533 3309 2591 qurere
3350 2518 3405 2571 in
3451 2517 3612 2571 domo

2039 2633 2058 2666 ι
2095 2613 2244 2669 Judae
2290 2611 2513 2666 Saulum
2556 2611 2791 2675 nomine,
2874 2607 3221 2675 Tarsensem,
3293 2622 3417 2663 ecce
3465 2607 3611 2663 enim

2039 2725 2056 2759 ι
2090 2714 2229 2762 orat.
2263 2705 2330 2760 Et
2374 2703 2509 2758 vidit
2551 2704 2726 2758 virum
2760 2701 3025 2756 Ananiam
3071 2702 3289 2756 nomine
3335 2702 3611 2755 introeun-

2040 2816 2058 2847 t
2090 2804 2198 2852 tem
2225 2803 2280 2852 et
2310 2795 2675 2864 imponentem
2704 2792 3052 2858 sibi'manus,
3078 2800 3138 2847 ut
3160 2791 3336 2847 visum
3365 2793 3607 2863 recipiat,

2039 2905 2057 2937 ι
2089 2884 2387 2956 Respondit
2412 2892 2589 2938 autem
2618 2882 2855 2936 Ananias
2880 2899 2893 2934 :
2923 2880 3167 2946 Domine,
3206 2881 3384 2936 audivi
3411 2897 3441 2934 a
3470 2881 3611 2934 mul-

2040 2994 2057 3026 ι
2089 2976 2159 3030 tis
2181 2973 2248 3029 de
2275 2974 2391 3029 viro
2417 2973 2542 3039 hoc,
2573 2979 2773 3041 quanta
2800 2971 2941 3026 mala
2967 2970 3159 3026 fecerit
3186 2973 3387 3025 sanctis
3424 2971 3528 3025 tuis
3557 2971 3614 3026 in

2038 3087 2059 3118 ι
2097 3065 2454 3120 Hierusalem.
2483 3065 2549 3119 Et
2570 3064 2659 3119 hic
2688 3072 3010 3134 potestatem
3035 3063 3199 3118 habet
3224 3078 3254 3117 a
3281 3062 3615 3133 principibus

2040 3178 2061 3211 ι
2095 3159 2434 3214 sacerdotum
2469 3156 2718 3229 alligandi
2770 3172 2958 3213 omnes
2999 3157 3089 3225 qui
3126 3157 3377 3211 invocant
3419 3171 3613 3211 nomen

2042 3271 2061 3303 ‹
2099 3260 2271 3305 tuum.
2299 3250 2450 3305 Dixit
2477 3257 2653 3303 autem
2682 3249 2747 3303 ad
2776 3264 2899 3303 eum
2938 3247 3199 3302 Dominus
3224 3266 3235 3301 :
3282 3245 3449 3311 Vade,
3478 3261 3614 3315 quo-

2042 3364 2061 3398 t
2097 3344 2244 3398 niam
2272 3356 2367 3396 vas
2393 3341 2675 3396 electionis
2696 3348 2781 3394 est
2810 3341 2940 3395 mihi
2968 3341 3091 3407 iste,
3116 3348 3176 3397 ut
3208 3348 3386 3412 portet
3413 3354 3615 3396 nomen

2041 3453 2061 3485 ‹
2092 3448 2271 3487 meum
2311 3446 2496 3487 coram
2539 3430 2785 3500 gentibus
2825 3439 2881 3486 et
2921 3432 3141 3500 regibus
3186 3437 3239 3484 et
3281 3428 3403 3484 filiis
3430 3429 3613 3485 lsrael.

2043 3542 2060 3575 ι
2097 3524 2208 3593 Ego
2231 3522 2375 3577 enim
2409 3521 2689 3576 ostendam
2738 3520 2835 3587 illi,
2867 3530 3065 3591 quanta
3098 3528 3346 3591 Oporteat
3371 3535 3495 3574 eum
3517 3535 3619 3590 pro

2042 3631 2062 3665 ι
2097 3613 2311 3668 nomine
2335 3626 2456 3667 meo
2481 3612 2612 3682 pati.
2639 3612 2708 3666 Et
2740 3611 2873 3667 abiit
2914 3611 3171 3674 Ananias,
3217 3616 3271 3665 et
3298 3610 3541 3666 introivit
3561 3611 3618 3666 in

2042 3722 2060 3754 ι
2097 3704 2336 3770 domum,
2365 3710 2418 3757 et
2446 3703 2728 3772 imponens
2754 3703 2803 3756 ei
2829 3717 3041 3766 manus,
3086 3701 3264 3756 dixit:
3305 3700 3471 3757 Saule
3504 3700 3615 3755 fra-

2042 3814 2060 3847 ‹
2101 3804 2200 3861 ter,
2227 3794 2488 3853 Dominus
2513 3793 2670 3849 Jcsus
2714 3793 2861 3848 misit
2890 3808 3007 3857 me;
3026 3793 3118 3862 qui
3146 3792 3393 3861 apparuit
3436 3792 3531 3845 tibi
3564 3792 3619 3846 iu

2042 3904 2061 3936 ‹
2094 3885 2183 3939 via
2228 3900 2332 3955 qua
2358 3885 2631 3947 veniebas,
2678 3892 2737 3937 ut
2783 3883 2967 3938 videas
3011 3890 3065 3937 et
3105 3882 3375 3951 implearis
3408 3880 3619 3951 Spiritu

2044 3996 2063 4028 ι
2100 3986 2309 4032 sancto.
2366 3975 2434 4030 Et
2475 3974 2759 4029 confestim
2812 3973 3123 4028 ceciderunt
3169 3973 3237 4027 ab
3283 3971 3456 4027 oculis
3504 3972 3622 4041 ejus

2044 4085 2061 4117 ι
2098 4074 2356 4136 tanquam
2403 4079 2662 4134 squamre,
2708 4072 2763 4119 et
2799 4064 2975 4118 visum
3018 4063 3239 4132 recepit.
3285 4062 3353 4116 Et
3390 4078 3622 4134 surgens

2043 4176 2062 4208 ‹
2093 4158 2401 4228 baptizatus
2438 4163 2545 4214 est.
2593 4163 2648 4209 et
2688 4166 2811 4209 cum
2841 4154 3138 4225 accepisset
3177 4152 3355 4208 cibum
3402 4152 3623 4208 confor-

2043 4266 2059 4297 ι
2096 4254 2247 4300 tatus
2273 4255 2375 4300 est.
2403 4265 2421 4296 ι

2110 4335 2307 4391 Saulus
2337 4346 2511 4389 autem
2534 4333 2706 4387 adhuc
2771 4334 2978 4403 spirans
3018 4333 3275 4387 minarum
3300 4342 3349 4386 et
3374 4324 3536 4387 credis
3564 4333 3621 4387 in

2038 4428 2321 4499 discipulos
2376 4427 2603 4481 Domini.
2648 4425 2746 4496 (Ex
2785 4424 2971 4498 Beda.)
3026 4422 3326 4479 Prtesentes
3369 4425 3622 4490 videlicet

2040 4508 2274 4575 caedibus
2300 4518 2556 4582 alliciens,
2582 4527 2636 4571 et
2659 4518 2821 4572 minis
2849 4517 3128 4573 deterrens
3154 4516 3426 4570 absentes.

2110 4610 2293 4676 Saule,
2328 4608 2507 4675 Saule,
2536 4596 2762 4680 quidme
2785 4606 3145 4679 persequeris!
3174 4605 3291 4660 Non
3326 4607 3464 4661 dixit
3489 4607 3617 4677 quid

2037 4700 2378 4769 persequeris
2406 4701 2646 4754 membra
2677 4714 2816 4766 mea,
2844 4700 2955 4764 sed,
2986 4700 3112 4770 quid
3140 4717 3219 4753 me
3252 4703 3621 4772 persequeris?

2038 4791 2162 4859 quia
2192 4790 2306 4860 ipse
2334 4791 2386 4845 in
2427 4806 2654 4860 corpore
2687 4805 2806 4857 suo,
2848 4791 2989 4860 quod
3023 4800 3105 4846 est
3134 4791 3396 4859 Ecclesia,
3442 4793 3617 4847 adhuc

2036 4882 2244 4950 patitur
2268 4881 2500 4951 iniquos,
2538 4892 2593 4936 et
2617 4882 2670 4935 in
2697 4881 2851 4952 cujus
2880 4882 3042 4936 etiam
3069 4882 3325 4937 membris
3353 4883 3617 4939 beneﬁcia

2039 4969 2256 5034 collata,
2294 4970 2394 5024 sibi
2441 4970 2582 5024 facta
2612 4986 2733 5026 esse
2760 4972 3061 5036 denuntiat,
3093 4987 3217 5025 cum
3243 4972 3321 5026 ait
3349 4991 3361 5025 :
3406 4972 3616 5027 Esuriri

2038 5068 2086 5114 et
2112 5057 2328 5112 dedistis
2379 5059 2509 5112 mihi
2551 5060 2869 5113 manducare
2912 5059 3126 5131 (Matth.
3154 5060 3307 5129 xxv),
3354 5071 3411 5115 et
3454 5078 3617 5133 expo—

2039 5148 2216 5204 nendo
2248 5147 2543 5217 subiunxit,
2570 5148 2821 5215 Quandiu
2871 5150 2963 5203 uni
2995 5166 3059 5204 ex
3108 5149 3345 5204 minimis
3380 5151 3518 5205 meis
3542 5152 3623 5205 fe-

2040 5238 2211 5295 cistis.
2244 5236 2358 5306 Ego
2382 5253 2497 5290 sum
2521 5252 2670 5307 queat
2697 5247 2753 5291 tu
2788 5240 3127 5309 persequeris.
3163 5239 3280 5295 Non
3315 5241 3471 5303 dixit.
3507 5241 3619 5312 Ego

2043 5340 2162 5381 sum
2198 5325 2363 5391 Deus,
2391 5341 2492 5395 ego
2533 5341 2652 5380 sum
2698 5327 2792 5380 Dei
2822 5326 2983 5391 filius,
3020 5329 3113 5383 sed
3158 5328 3500 5395 humilitatis,
3533 5331 3616 5385 in-

2042 5416 2177 5485 quit,
2207 5430 2341 5469 meee
2364 5414 2575 5469 inﬁrma
2602 5417 2834 5484 suscipe,
2866 5425 2920 5469 et
2949 5426 3051 5470 tua)
3074 5416 3339 5488 superbia:
3364 5433 3619 5487 squamas

2040 5510 2265 5575 depone.

2116 5595 2222 5650 Sed
2268 5612 2422 5666 surge
2465 5607 2513 5651 et
2559 5599 2825 5666 ingredere
2872 5598 3150 5663 civitatem,
3197 5607 3248 5652 et
3275 5599 3479 5653 dicetur
3522 5598 3622 5652 tibi

2041 5687 2168 5758 quid
2190 5696 2238 5741 te
2260 5696 2492 5757 oporteat
2520 5687 2714 5757 facere,
2745 5696 2848 5742 etc.
2876 5686 2991 5741 Non
3013 5688 3265 5743 continuo
3293 5705 3412 5759 qua:
3435 5696 3618 5745 essent
