3932 6204
369 284 475 340 397

1211 274 1727 333 COLLECTIONES
1755 273 1832 331 IN
1858 271 2246 331 d‘JPlSTOLAS
2270 272 2369 326 ἘΤ
2410 270 2815 327 E’VANGELIA.

3515 270 3618 333 595

362 394 608 452 facienda
640 390 981 457 monstravit,
1023 390 1124 447 sed
1154 391 1212 445 in
1243 390 1463 446 civitate
1491 388 1833 459 postmodum
1862 389 1940 440 fa-
1968 391 2019 447 Α
2113 383 2221 455 (Ex
2253 384 2499 455 August.)
2539 384 2637 437 llic
2663 382 2917 438 discimus
2946 397 3068 435 cum
3094 383 3209 438 suis
3237 382 3514 453 discipulis
3531 386 3622 458 ju.

361 485 554 544 cienda
585 482 931 552 pmmonuit,
978 489 1037 535 ut
1083 487 1233 536 tanto
1260 488 1385 551 post
1419 481 1478 538 in
1518 480 1675 537 bonis
1714 478 1939 535 solidius

364 586 558 643 staret,
585 585 790 647 quanto
830 577 982 647 prius
1017 575 1260 633 funditus
1300 592 1522 633 eversus
1544 591 1576 631 a
1601 574 1830 645 pristino
1858 589 1945 630 er-

363 684 489 724 rore
508 668 815 723 cecidisset.

434 759 645 831 Apertis
682 758 846 814 oculis
889 758 1023 813 nihil
1075 758 1299 824 videbat,
1347 767 1397 814 et
1445 758 1543 819 rel.
1596 757 1945 828 Nequaquam

363 853 631 923 potuisset
674 851 814 906 bene
860 865 1049 905 rursus
1086 849 1291 914 videre,
1321 849 1427 904 nisi
1470 850 1618 918 prius
1645 856 1947 905 excmcatus

361 942 574 996 fuisset.
604 940 749 994 Bene
769 940 1044 1009 propriam
1067 939 1406 1009 sapientiam,
1434 954 1553 1009 quae
1573 940 1943 1008 perturbatur,

362 1029 681 1093 excludens,
705 1027 830 1082 ﬁdei
858 1042 1075 1098 semper
1088 1034 1295 1083 cuncta
1325 1025 1710 1081 committeret.

434 1120 505 1177 Et
526 1129 640 1174 erat
677 1118 843 1182 tribus
868 1118 1048 1173 diebus
1078 1134 1182 1172 non
1221 1117 1417 1182 ridens,
1448 1124 1553 1172 etc.
1587 1116 1725 1183 Quia
1765 1115 1947 1171 Domi-

354 1229 497 1268 num
526 1227 634 1268 non
674 1210 979 1266 crediderat
1023 1210 1186 1264 tertia
1223 1209 1313 1264 die
1355 1218 1586 1264 mortem
1618 1207 1947 1278 resurgendo

360 1303 583 1366 vicisse,
625 1316 725 1357 suo
761 1301 876 1371 jam
924 1300 1209 1355 instruitur
1252 1299 1518 1369 exemplo,
1558 1299 1651 1369 qui
1696 1297 1947 1354 tenebras

363 1394 667 1455 triduanas,
693 1392 811 1447 luce
834 1406 1074 1457 reuersa,
1105 1399 1358 1455 mutaret.

437 1482 554 1552 Ego
591 1483 732 1538 enim
764 1481 1033 1541 ostendant
1074 1479 1175 1545 illi,
1217 1490 1412 1549 quanta
1438 1487 1669 1550 oporteat
1711 1495 1825 1533 eum
1852 1495 1945 1548 pro

364 1574 574 1628 nomine
606 1561 721 1628 meo
742 1572 880 1643 pati,
922 1580 978 1626 et
1018 1572 1116 1626 rel.
1149 1570 1263 1627 Non
1302 1570 1481 1635 debet,
1514 1572 1707 1640 inquit,
1756 1572 1947 1624 timere

362 1663 519 1734 quasi
561 1670 891 1732 persecutor,
922 1663 1017 1717 sed
1055 1662 1233 1731 potius
1276 1662 1431 1730 quasi
1481 1661 1648 1715 frater
1675 1661 1942 1731 amplecti,

2037 477 2346 537 .dicaturum
2395 474 2598 537 desum.
2649 474 2798 531 Unde
2844 482 2900 529 et
2947 473 3073 529 alibi
3119 471 3320 529 Iudaeis
3349 475 3524 531 dixit:
3558 477 3621 533 Si

2034 587 2167 641 ergo
2190 571 2245 631 in
2271 568 2555 633 Beelzebub
2593 568 2745 639 ejicio
2788 567 3071 633 darmonia,
3110 566 3209 636 ﬁlii
3243 568 3397 621 vestri
3435 569 3488 620 in
3519 586 3620 638 quo

2044 660 2263 731 ejiciunt
2286 660 2310 713 ἵ
2336 656 2452 713 ideo
2492 659 2592 730 ipsi
2626 658 2833 728 judices
2859 657 3015 711 vestri
3050 667 3202 711 erant
3240 657 3456 729 (Matth.
3484 660 3618 730 xu).

2045 751 2157 807 Nec
2183 752 2440 823 quoniam
2487 766 2650 821 super
2694 750 2976 805 duodecim
3007 750 3162 804 sedes
3194 765 3441 805 sessuros
3477 765 3621 816 esse,

2045 854 2142 901 aut
2189 845 2472 900 duodecim
2508 844 2653 899 solos
2692 843 2937 898 homines
2973 859 3096 898 cum
3146 844 3237 900 illo
3282 844 3625 915 judicaturos

2044 946 2237 1009 putare
2265 939 2602 997 deberemus.
2644 937 2984 993 Duodenario
3011 938 3208 1008 quippe
3251 955 3476 995 numero
3503 943 3621 998 uni.

2046 1044 2203 1087 versa
2229 1028 2473 1099 (incedam
2503 1027 2801 1098 signiﬁcata
2826 1035 2910 1083 est
2930 1027 3288 1096 iudicantium
3314 1030 3617 1098 multitudo,

2046 1130 2267 1192 propter
2312 1121 2445 1175 duas
2492 1130 2675 1190 partes
2740 1119 3071 1188 septenarii,
3129 1135 3236 1190 quo
3284 1121 3621 1192 signiﬁcatur

2044 1212 2361 1285 plerumque
2384 1211 2727 1276 universitas,
2757 1225 2878 1281 quae
2903 1212 3020 1266 duae
3064 1221 3270 1282 partes,
3303 1213 3356 1268 id
3379 1223 3483 1280 est,
3515 1215 3618 1269 tria

2044 1312 2357 1373 acquatuor,
2401 1301 2569 1356 altera
2613 1316 2710 1370 per
2746 1300 2970 1355 alteram
3007 1310 3216 1370 partem
3257 1302 3621 1377 multiplicatae

2051 1395 2327 1451 duodecim
2351 1393 2568 1449 faciunt.
2596 1392 2728 1447 Nam
2749 1401 2804 1446 et
2829 1389 3059 1462 quatuor
3080 1400 3185 1459 ter,
3221 1403 3277 1449 et
3306 1395 3407 1449 tria
3429 1405 3622 1465 quater

2046 1486 2327 1547 duodecim
2378 1493 2522 1541 sunt.
2564 1483 2815 1552 Alioquin
2858 1484 3111 1552 quoniam
3152 1485 3207 1551 in
3253 1484 3433 1546 locum
3471 1485 3621 1542 Iudae

2047 1576 2325 1632 traditoris
2371 1574 2673 1645 apostolum
2716 1573 2971 1627 Mathiam
3019 1573 3248 1645 legimus
3289 1576 3618 1642 ordinatum,

2048 1668 2323 1740 apostolus
2364 1665 2584 1732 Paulus,
2625 1666 2717 1735 qui
2763 1665 2882 1736 plus
2907 1664 3014 1721 illis
3055 1667 3308 1722 omnibus
3335 1668 3620 1736 laboravit,

362 1752 491 1822 quia
516 1752 727 1807 diversa
753 1762 874 1820 quae
903 1750 1106 1807 sanctis
1124 1750 1382 1805 intulerat
1406 1758 1684 1819 promptus
1711 1759 1795 1806 est
1824 1766 1947 1809 sus-
1973 1756 2022 1827 Β
2048 1757 2138 1812 ubi
2160 1756 2228 1811 ad
2249 1755 2597 1826 judicandum
2627 1755 2812 1810 sedeat
2838 1770 2946 1810 non
2986 1755 3224 1822 habebit,
3253 1759 3344 1826 qui
3386 1759 3623 1829 profecto

364 1843 539 1898 linere
562 1857 685 1896 cum
713 1842 933 1899 sanctis.

436 1932 506 1987 Et
555 1933 827 2003 confestim
868 1931 1171 1994 ceciderunt
1224 1934 1288 1987 ab
1325 1932 1489 1987 oculis
1528 1933 1642 2002 ejus
1690 1941 1949 2004 tanquam

364 2037 618 2092 squama,
654 2030 758 2076 etc.
789 2021 1052 2083 Draconis
1078 2036 1237 2077 omne
1262 2037 1461 2093 corpus
1487 2022 1685 2078 dicitur
1707 2024 1947 2094 squamis

364 2126 485 2166 esse
514 2120 846 2175 contextum,
875 2111 1011 2179 Quia
1040 2126 1169 2184 ergo
1208 2109 1376 2173 Judaei
1405 2122 1685 2182 serpentes
1714 2122 1769 2169 et
1792 2115 1944 2185 geni-

369 2204 511 2259 mina
540 2214 666 2259 sunt
691 2204 995 2274 viperarum
1031 2204 1229 2269 vocati,
1266 2204 1389 2273 quia
1424 2204 1636 2259 illorum
1658 2206 1945 2280 perﬁdiam

370 2295 694 2361 sectabatur,
738 2296 894 2364 quasi
934 2295 1072 2365 pelle
1097 2295 1403 2364 serpentina
1443 2296 1629 2351 oculos
1652 2298 1831 2353 cordis
1853 2300 1946 2354 ob—

372 2393 594 2450 texerat,
624 2386 719 2439 sed
761 2386 1078 2440 cadentibus
1113 2386 1213 2441 sub
1255 2402 1416 2440 manu
1458 2387 1681 2444 Anania:
1725 2389 1793 2443 ab
1830 2389 1946 2461 ejus

371 2476 538 2530 oculis
582 2477 843 2546 squamis,
889 2483 1224 2531 monstratur
1273 2477 1327 2532 in
1360 2474 1517 2541 facie,
1568 2479 1712 2547 quod
1757 2494 1944 2533 verum

371 2568 545 2625 lumen
562 2568 674 2638 jam
703 2568 895 2638 recipit
919 2568 973 2622 in
1003 2579 1203 2624 mente.

674 2675 1019 2723 \EVANGELIUI
1054 2676 1331 2725 Il.\'l"l'll.£l,
1371 2676 1489 2715 CAP.
1519 2678 1629 2723 XIX.

442 2769 460 2801 ι
500 2750 651 2805 Tunc
682 2751 1012 2820 respondens
1038 2750 1247 2816 Petrus,
1270 2751 1406 2806 dixit
1432 2752 1482 2806 ei
1509 2770 1521 2804 :
1568 2752 1707 2807 Ecce
1733 2768 1834 2809 nos
1861 2770 1946 2810 re-

380 2856 398 2889 ε
427 2838 679 2909 liquimus
705 2840 909 2903 omnia,
953 2847 1008 2894 et
1061 2839 1231 2894 secuti
1274 2854 1459 2893 sumus
1489 2847 1541 2893 te
1579 2858 1591 2892 :
1643 2841 1773 2909 quid
1814 2858 1945 2913 ergo

379 2948 399 2981 ι
429 2930 529 2984 erit
554 2929 754 2983 nobis?
780 2926 940 3001 Iesus
960 2936 1140 2982 autem
1170 2928 1306 2982 dixit
1333 2926 1436 2982 illis
1461 2945 1473 2980 :
1505 2926 1677 2983 Amen
1708 2929 1828 2991 dico
1854 2946 1947 2986 vo-

379 3038 398 3072 r
423 3020 527 3085 bis,
557 3020 702 3089 quod
729 3033 827 3074 vos
872 3019 963 3089 qui
984 3018 1152 3075 secuti
1174 3019 1305 3073 estis
1328 3033 1413 3073 me
1438 3018 1491 3073 in
1514 3021 1943 3091 regeneratione,

2047 1863 2170 1902 cum
2218 1847 2337 1910 aliis
2380 1847 2583 1901 sanctis
2627 1845 2695 1900 ad
2740 1860 3023 1905 numerum
3064 1846 3306 1917 judicum
3353 1864 3411 1903 se
3455 1852 3621 1920 peni-

2047 1956 2176 1996 nere
2200 1941 2534 1995 demonstrat
2561 1952 2683 1992 cum
2712 1936 2871 1992 dicit:
2912 1936 3138 1991 Nescitis
3158 1939 3281 2008 quia
3301 1939 3512 2008 angelos
3530 1941 3624 2013 ju-

2045 2032 2334 2087 dicabimus
2379 2028 2430 2103 (1
2466 2026 2590 2083 Cor.
2616 2028 2714 2100 vi),
2744 2027 2810 2081 de
2832 2026 2964 2096 ipsis
2990 2041 3202 2096 quoque
3230 2025 3535 2094 judicandis
3567 2031 3621 2085 in

2046 2126 2149 2180 hoc
2176 2136 2401 2177 numero
2425 2119 2754 2176 duodenario
2782 2119 2975 2174 similis
2994 2135 3156 2175 causa
3185 2130 3287 2175 est.
3318 2120 3436 2176 Non
3480 2125 3623 2179 enim

2046 2215 2173 2287 quia
2201 2214 2407 2268 dictum
2433 2221 2538 2279 est,
2584 2212 2878 2280 iudicantes
2919 2211 3192 2265 duodecim
3233 2212 3400 2267 tribus
3430 2213 3620 2278 Israel.

2046 2303 2220 2358 tribus
2245 2302 2395 2367 Levi,
2437 2316 2558 2371 quae
2593 2301 2752 2356 tertia
2793 2301 3001 2357 decima
3022 2310 3107 2358 est
3133 2304 3203 2357 ab
3229 2304 3310 2361 eis
3328 2302 3625 2379 judieanda

2046 2410 2154 2450 non
2170 2395 2294 2459 erit,
2313 2403 2406 2449 aut
2426 2393 2600 2448 solum
2616 2392 2766 2446 illum
2790 2392 3066 2464 populum,
3089 2409 3196 2449 non
3223 2409 3344 2450 cum
3359 2411 3423 2451 eo
3439 2407 3626 2467 gentes

2043 2494 2270 2542 czcteras
2311 2485 2653 2557 iudicabunt.
2706 2470 2860 2550 Quod
2913 2492 3095 2539 autem
3128 2485 3223 2551 ait,
3272 2486 3327 2539 in
3355 2503 3625 2556 regenera-

2044 2587 2203 2642 tione,
2238 2577 2425 2647 procul
2469 2576 2631 2631 dubio
2681 2583 3019 2633 mortuorum
3049 2578 3501 2637 resurrectionem
3535 2596 3626 2636 no-

2046 2670 2191 2725 mine
2218 2668 2387 2741 voluit
2429 2667 2853 2738 regenerationis
2898 2667 3141 2737 intelligi,
3191 2669 3270 2724 sic
3308 2672 3451 2726 enim
3496 2688 3625 2727 caro

2046 2770 2226 2816 nostra
2262 2759 2669 2829 regenerabitur
2707 2773 2804 2827 per
2840 2758 3321 2829 incorruptionem,
3367 2765 3626 2831 quemad-

2047 2853 2264 2907 modum
2294 2858 2378 2905 est
2398 2851 2577 2905 anima
2602 2857 2791 2903 nostra
2814 2858 3130 2918 regenerata
3159 2866 3257 2918 per
3275 2851 3456 2907 ﬁdem.
3486 2855 3626 2920 Quid

2046 2960 2175 3015 ergo
2203 2943 2271 2998 de
2312 2942 2479 3001 Paulo
2523 2941 2807 2996 dicemus?
2857 2939 3107 3010 Nunquid
3153 2944 3342 3001 tertius
3386 2944 3626 3001 decimus

2041 3032 2345 3105 iudicabit?
2378 3029 2658 3103 Quomodo
2682 3028 2755 3084 ‘in
2780 3037 2996 3085 centum
3032 3033 3420 3102 quinquaginta
3453 3036 3627 3091 tribus

377 3129 397 3165 ι
425 3127 545 3168 cum
570 3111 771 3168 sederit
795 3111 936 3165 ﬁlius
964 3111 1198 3166 hominis
1227 3111 1281 3164 in
1316 3111 1443 3166 sede
1483 3110 1784 3180 majestatis
1809 3129 1941 3179 sua),

2050 3126 2288 3195 piscibus
2300 3125 2573 3192 ingentem
2588 3136 2873 3176 numerum
2886 3132 3216 3188 sanctorum,
3233 3132 3287 3179 et
3308 3125 3361 3179 in
3386 3126 3624 3195 quinque

378 3220 395 3251 ι
420 3202 676 3258 sedebitis
711 3210 765 3255 et
787 3217 883 3257 vos
909 3215 1073 3270 super
1111 3202 1267 3255 sedes
1307 3200 1609 3266 duodecim,
1639 3200 1945 3270 iudicantes

379 3312 396 3345 t
429 3293 712 3349 duodecim
745 3293 915 3348 tribus
934 3291 1118 3347 Israel.
1149 3291 1217 3345 Et
1237 3292 1415 3346 omnis
1434 3293 1525 3362 qui
1555 3292 1835 3364 reliquerit
1857 3294 1948 3350 do-

379 3402 396 3432 ι
423 3399 567 3438 mum
597 3381 681 3435 vel
708 3380 906 3435 fratres
934 3388 1027 3434 aut
1069 3394 1305 3446 sorores,
1333 3389 1429 3433 aut
1467 3389 1677 3450 patrem
1704 3389 1798 3435 aut
1825 3397 1944 3437 ma-

379 3489 396 3523 t
437 3481 574 3526 trem
617 3478 712 3525 aut
756 3485 980 3525 uxorem
1028 3477 1122 3523 aut
1174 3468 1313 3528 ﬁlios
1358 3478 1450 3524 aut
1499 3485 1676 3540 agros,
1728 3482 1948 3542 propter

375 3580 394 3612 ι
429 3576 621 3617 nomen
660 3575 861 3625 meum,
906 3558 1214 3630 centuplum
1244 3559 1472 3629 accipiet
1499 3568 1554 3613 et
1583 3561 1748 3614 vitam
1788 3570 1948 3621 teter-

376 3675 395 3704 ι
425 3668 550 3706 nam
574 3648 923 3721 possidebit.»

439 3741 587 3796 Tunc
609 3738 921 3811 respondens
945 3736 1136 3792 Petrus
1163 3738 1298 3793 dixit
1326 3739 1373 3793 ei
1393 3753 1411 3790 .'
1464 3740 1599 3795 Ecce
1626 3758 1719 3797 nos
1738 3743 1950 3814 reliqui-

365 3852 481 3890 mus
505 3834 682 3889 omnia
703 3842 750 3886 et
776 3832 938 3886 secuti
985 3846 1164 3885 sumus
1186 3840 1235 3883 te
1270 3844 1288 3881 :
1333 3831 1459 3901 quid
1485 3849 1606 3903 ergo
1635 3836 1731 3887 erit
1759 3835 1950 3889 nobis?

359 3929 464 4002 (Ex
509 3924 753 3996 llieron.)
780 3922 1011 3979 Grandis
1055 3919 1277 3976 ﬁducia!
1304 3921 1498 3977 Petrus
1533 3924 1770 4001 piscator
1809 3934 1945 3986 erat,

358 4020 520 4074 dives
557 4032 664 4071 non
705 4014 897 4078 fuerat,
936 4012 1086 4068 cibos
1115 4028 1276 4066 manu
1323 4019 1378 4065 et
1402 4022 1518 4067 arte
1561 4015 1854 4085 quaerebat,
1897 4026 1952 4077 et

361 4121 552 4165 tamen
579 4107 816 4176 loquitur
842 4103 1191 4168 conﬁdenter,
1240 4102 1542 4174 reliquimus
1589 4108 1784 4161 omnia.
1822 4108 1949 4163 0m-

356 4200 451 4255 nia
477 4198 627 4253 enim
655 4195 928 4265 relinquit,
958 4193 1050 4263 qui
1088 4193 1420 4248 voluntatem
1467 4196 1697 4252 habendi
1724 4197 1943 4253 deserit.

358 4289 474 4345 Sed
501 4286 631 4356 quia
661 4300 766 4340 non
795 4283 993 4338 sullicit
1019 4290 1228 4337 tantum
1252 4282 1576 4352 relinquere,
1601 4283 1780 4356 jungit
1806 4286 1948 4355 quod

355 4380 665 4453 perfectum
694 4386 797 4443 est,
828 4384 883 4431 et
919 4374 1090 4429 secuti
1113 4390 1299 4429 sumus
1326 4381 1401 4439 te,
1430 4372 1653 4431 fecimus
1679 4376 1821 4445 quod
1835 4377 1950 4449 jus-

353 4472 506 4535 sisti,
539 4469 667 4539 quid
692 4468 855 4538 igitur
878 4465 1028 4520 dabis
1058 4463 1308 4535 prtemii?

429 4565 595 4620 Jesus
621 4571 798 4616 autem
831 4559 965 4613 dixit
987 4557 1092 4611 illis
1115 4570 1134 4609 :
1163 4557 1325 4612 Amen
1348 4558 1465 4613 dico
1489 4557 1649 4622 vobis,
1676 4555 1816 4627 quod
1840 4573 1948 4622 vos,

353 4657 452 4727 qui
483 4653 649 4708 secuti
670 4651 793 4705 estis
816 4666 894 4703 me
921 4650 977 4703 in
1004 4648 1407 4718 regeneratione,
1436 4664 1552 4701 cum
1581 4648 1771 4701 sederit
1787 4646 1949 4701 Filius

356 4742 617 4805 beluinis,
635 4740 690 4795 in
710 4739 827 4793 sede
852 4737 1142 4806 majestatis
1171 4752 1305 4802 suat,
1347 4737 1589 4793 sedebitis
1629 4753 1786 4806 super
1804 4737 1949 4790 sedes

357 4827 648 4883 duodecim
670 4826 969 4895 judicantes
997 4824 1268 4878 duodecim
1298 4824 1462 4878 tribus
1492 4824 1682 4879 Israel.
1731 4824 1848 4879 Non
1870 4825 1952 4879 di—

361 4920 470 4983 xit,
504 4916 597 4986 qui
624 4914 916 4984 reliquistis
936 4913 1140 4977 omnia,
1168 4913 1270 4966 hoc
1302 4914 1445 4968 enim
1473 4922 1527 4968 ct
1553 4913 1804 4976 Socrates
1824 4913 1953 4968 fecit

359 5005 745 5078 philosophus,
796 5012 850 5058 et
897 5003 1051 5059 multi
1092 5000 1182 5055 alii
1211 5001 1429 5057 divitias
1467 5011 1950 5073 contempserunt:

362 5095 488 5161 sed,
513 5097 602 5164 qui
647 5093 809 5148 secuti
849 5093 970 5145 estis
1012 5108 1114 5156 me,
1147 5091 1290 5165 quod
1332 5093 1549 5167 proprie
1589 5094 1950 5164 apostolorum

363 5193 451 5239 est
492 5192 655 5251 atque
684 5181 1038 5247 credentium,
1071 5182 1125 5234 in
1157 5183 1563 5251 regeneratione
1601 5199 1723 5235 cum
1754 5183 1955 5238 sederit

368 5275 515 5329 ﬁlius
560 5273 795 5328 hominis
839 5273 893 5327 in
942 5273 1068 5328 sede
1119 5274 1415 5344 maiestatis
1443 5290 1569 5337 suae,
1623 5275 1838 5343 quando
1889 5290 1955 5329 ex

373 5363 606 5417 mortuis
633 5362 700 5415 de
729 5361 1073 5430 corruptione
1116 5371 1397 5432 resurgent
1442 5362 1758 5431 incorrupti,
1804 5364 1956 5419 sede-

375 5454 504 5509 bitis
556 5461 612 5505 et
661 5466 759 5505 vos
812 5451 868 5504 in
914 5450 1063 5505 soliis
1108 5450 1487 5518 iudicantium,
1537 5454 1955 5508 condemnantes

379 5541 659 5595 duodecim
687 5540 861 5594 tribus
902 5538 1085 5605 lsrael,
1116 5539 1243 5616 quia
1271 5539 1423 5599 vobis
1466 5541 1808 5599 credentibus
1839 5556 1954 5595 cre-

382 5633 506 5687 dere
533 5631 838 5687 noluerunt.

2048 3214 2345 3287 virginibus
2379 3210 2798 3267 innumerabiles
2820 3211 3074 3282 virgines,
3099 3216 3368 3282 quomodo
3399 3217 3453 3271 in
3475 3219 3630 3287 quiu-

2048 3322 2153 3377 que
2200 3305 2460 3361 fratribus
2509 3304 2652 3384 illius
2698 3305 2791 3375 qui
2840 3306 3195 3374 torquebatur
3242 3309 3382 3377 apud
3426 3308 3629 3367 inferos

2048 3397 2215 3452 millia
2242 3396 2422 3467 populi
2462 3394 2769 3451 indecorum
2800 3402 2856 3448 et
2895 3404 3103 3465 septem
3150 3398 3315 3455 millia
3361 3400 3625 3465 virorum,

2050 3488 2116 3542 de
2141 3487 2336 3557 quibus
2367 3486 2495 3540 Elia:
2544 3485 2763 3548 dicitur,
2802 3484 2967 3539 millia
2997 3486 3241 3551 millium,
3288 3490 3368 3544 sic
3411 3491 3629 3563 in’duo-

2051 3579 2223 3633 dccim
2251 3576 2466 3631 sedibus
2496 3591 2601 3628 non
2650 3574 2927 3631 duodecim
2962 3574 3225 3639 homines,
3270 3580 3366 3633 sed
3401 3594 3629 3650 magnus

2051 3681 2311 3722 numerus
2359 3664 2743 3734 perfectorum.
2794 3661 2954 3718 Orbis
2998 3664 3141 3718 enim
3191 3674 3459 3722 terrarum
3497 3684 3627 3742 qua-

2054 3767 2174 3813 tuor
2196 3758 2492 3828 designatis
2518 3758 2765 3827 partibus
2794 3758 3117 3813 continetur.
3150 3757 3232 3815 Ab
3263 3758 3348 3813 his
3381 3760 3630 3817 omnibus

2050 3848 2293 3920 partibus
2319 3858 2544 3904 vocatur
2576 3850 2630 3904 in
2677 3850 2939 3913 trinitate,
2979 3850 3234 3919 quoniam
3269 3860 3352 3906 ter
3379 3854 3628 3922 quaterni

2052 3940 2332 4003 duodecim
2360 3941 2519 4005 ﬁunt,
2546 3940 2842 4012 perfectum
2867 3957 3149 3999 numerum
3173 3944 3458 4014 signiﬁcat.
3488 3946 3630 4000 Duo-

2052 4031 2226 4087 decim
2255 4046 2384 4102 ergo
2411 4031 2586 4086 tribus
2610 4030 2793 4098 lsrael,
2826 4040 2971 4087 totus
3012 4033 3176 4105 Israel
3224 4035 3507 4090 duodecim
3534 4037 3628 4090 tri-

2051 4128 2152 4183 bus
2173 4136 2318 4192 sunt,
2351 4128 2490 4181 sicut
2510 4128 2655 4181 enim
2674 4125 2968 4195 judicaturi
2994 4142 3059 4180 ex
3085 4136 3199 4183 toto
3223 4128 3437 4192 mundo,
3471 4130 3550 4184 sic
3575 4138 3631 4183 et

2048 4221 2322 4292 judicandi
2356 4235 2422 4275 ex
2448 4228 2560 4274 toto
2586 4218 2784 4274 mundo
2808 4226 2989 4274 erunt.

2126 4351 2194 4405 Et
2217 4352 2383 4405 omnis
2410 4352 2498 4422 qui
2528 4350 2793 4421 reliquerit
2831 4350 3043 4405 domum
3090 4350 3167 4406 vel
3206 4352 3396 4422 fratres
3423 4365 3514 4409 aut
3544 4372 3628 4408 so-

1975 4451 2027 4515 D
2053 4460 2194 4498 rores
2222 4451 2312 4501 aut
2337 4452 2537 4509 patrem
2578 4451 2668 4495 aut
2713 4452 2930 4496 matrem
2968 4454 3061 4498 aut
3098 4460 3314 4499 uxorem
3360 4456 3450 4499 aut
3489 4447 3626 4516 ﬁlios

2053 4545 2145 4590 aut
2166 4551 2339 4605 agros,
2370 4543 2582 4605 propter
2610 4549 2795 4587 nomen
2834 4549 3028 4598 meum,
3075 4534 3371 4606 centuplum
3410 4539 3627 4609 accipiet

2052 4636 2099 4680 et
2122 4626 2278 4680 vitam
2301 4636 2551 4679 meritam
2576 4624 2872 4693 possidebit.
2900 4623 2996 4695 (EX
3022 4622 3209 4695 Beda.)
3239 4626 3440 4683 Sensus
3469 4629 3632 4699 igitur

2054 4718 2155 4771 iste
2185 4725 2268 4770 est
2297 4734 2308 4768 :
2342 4714 2443 4781 Qui
2483 4724 2703 4784 propter
2751 4714 3100 4784 Evangelium
3146 4714 3345 4770 Christi
3384 4720 3627 4773 carnalia

2054 4807 2351 4877 reliquerit,
2401 4807 2664 4876 spiritalia
2705 4806 2844 4862 bona
2891 4807 3133 4876 recipiet,
3182 4822 3299 4875 qua:
3353 4824 3632 4881 comparat—

2056 4899 2201 4954 tione
2241 4906 2297 4952 et
2324 4898 2518 4953 merito
2567 4899 2649 4959 sui
2697 4898 2771 4952 ita
2800 4907 2977 4962 erunt,
3019 4898 3172 4966 quasi
3206 4915 3375 4968 parvo
3404 4917 3629 4956 numero

2058 4990 2402 5047 centonarius
2438 5006 2694 5044 numerus
2740 4999 3102 5056 comparetur,
3149 4991 3274 5057 quia
3311 4992 3564 5045 nimirum
3596 5009 3624 5045 a

2059 5077 2315 5133 fratribus
2346 5088 2507 5148 atque
2533 5077 2871 5131 consortibus
2894 5076 3157 5148 propositi
3189 5078 3297 5141 sui,
3326 5079 3417 5149 qui
3446 5080 3494 5133 ei
3523 5081 3632 5149 spi~

2058 5170 2236 5224 rituali
2263 5170 2469 5241 glutino
2493 5169 2840 5238 colligantur,
2890 5167 3058 5221 multo
3082 5170 3287 5238 gratior
3322 5179 3424 5236 est,
3468 5171 3628 5224 etiam

2057 5271 2112 5316 et
2135 5261 2186 5315 in
2214 5261 2317 5315 hac
2339 5260 2445 5313 vita
2468 5258 2635 5327 recipi
2662 5267 2715 5312 et
2734 5258 3087 5324 cbaritatem;
3115 5259 3232 5329 lege
3250 5260 3384 5316 Acta
3403 5262 3624 5331 Aposto~

2059 5354 2233 5407 lorum
2259 5369 2270 5404 :
2306 5349 2445 5415 Quia
2473 5349 2822 5410 multitudinis
2844 5349 3168 5404 credentium
3205 5360 3317 5404 erat
3345 5366 3436 5404 cor
3462 5364 3623 5400 unum

2062 5450 2109 5495 et
2136 5441 2311 5493 anima
2332 5448 2456 5501 una,
2485 5448 2531 5492 et
2552 5448 2697 5492 erant
2728 5436 2832 5492 illis
2855 5439 3030 5491 omnia
3052 5439 3347 5493 communia
3373 5436 3510 5511 (Act.
3530 5438 3626 5508 iv).

2062 5530 2351 5599 Nullusque
2386 5543 2551 5600 egens
2579 5537 2698 5583 erat
2736 5529 2879 5584 inter
2902 5543 2995 5585 eos
3019 5530 3110 5598 qui
3146 5541 3241 5580 sua
3272 5541 3368 5593 pro
3403 5526 3631 5581 Domino

2062 5625 2412 5696 reliquerant,
2447 5619 2510 5673 de
2533 5619 2725 5689 quibus
2750 5630 2801 5674 et
2851 5618 3136 5693 Apostolus
3169 5617 3242 5671 ait
3296 5635 3306 5668 :
3362 5615 3632 5688 Tanquam
