3932 6204
315 258 419 311 599

1618 225 1967 284 SMARAGDI
2009 224 2048 277 Α
2056 221 2294 279 liBATlS

3475 202 3569 260 εἱθο

313 372 442 430 nihil
466 371 708 425 habentes
737 372 784 420 et
823 362 997 417 omnia
1024 354 1362 429 possidentes.
1397 349 1582 403 Potest
1607 361 1737 400 sane
1764 345 1887 407 hoc,
1921 345 1966 401 Α
1996 348 2096 402 est,
2131 338 2200 392 ibi
2237 338 2303 389 de
2336 314 2509 387 morte
2528 335 2826 383 tractatur.
2856 323 2974 379 Nec
3007 318 3454 376 conveniebat'ut
3494 320 3574 377 di-

312 465 455 535 quod
483 461 559 516 ait
587 479 597 513 :
625 455 865 525 Accipiet
885 450 1105 510 centies,
1136 453 1341 499 tantum
1382 454 1523 494 nunc
1561 437 1617 489 in
1649 442 1890 502 tempore

315 523 439 620 hoc,
471 553 660 609 domos
688 523 963 602 etl‘ratres
993 548 1048 594 et
1092 549 1305 593 sorores
1335 540 1390 587 et
1416 537 1616 609 matres
1656 533 1711 580 et
1755 523 1892 577 ﬁlios

316 653 372 698 et
416 614 574 712 agros
617 651 741 693 cum
788 626 1250 702 persecutionibus
1296 637 1394 693 per
1444 614 1894 690 signiﬁcationem

317 704 479 789 altius
506 725 749 794 intelligi.
784 718 1140 777 Centenarius
1166 714 1365 785 quippe
1389 722 1648 765 numerus
1672 706 1738 761 de
1762 704 1895 758 lzeva

318 821 614 878 translatus
655 817 711 870 in
745 814 1044 875 dexteram,
1076 808 1205 861 licet
1232 802 1478 859 eamdem
1522 799 1722 855 inﬂexu
1765 795 1899 867 digi-

321 925 501 970 torum
523 909 770 964 videatur
812 911 998 958 tenere
1044 899 1292 968 ﬁguram,
1322 908 1485 964 quam
1519 891 1787 946 habuerat
1809 886 1901 941 de-

319 1008 508 1063 narius
534 1004 585 1058 in
629 1002 782 1065 laeva,
812 996 1034 1051 nimium
1063 1001 1245 1045 tamen
1275 984 1596 1057 quantitatis
1632 980 1902 1051 magnitu-

322 1099 446 1153 dine
472 1089 849 1164 supercrcscit,
873 1085 999 1155 quia
1029 1080 1279 1137 videlicet
1310 1091 1518 1139 omnes,
1559 1072 1652 1143 qui
1682 1078 1904 1142 propter

323 1160 555 1256 regnum
606 1180 723 1244 Dei,
759 1182 814 1232 et
859 1170 1175 1243 temporalia
1219 1174 1459 1239 sperant,
1497 1164 1658 1218 etiam
1709 1162 1761 1215 in
1803 1160 1905 1214 hac

322 1250 432 1329 vita
456 1265 919 1343 persecutionibus
950 1260 1284 1332 plenissima,
1314 1255 1555 1326 ejusdem
1598 1250 1749 1321 regni
1777 1264 1906 1320 gau-

322 1341 473 1423 dium
516 1362 621 1417 ﬁde
668 1366 819 1414 certa
861 1355 1168 1429 degustant,
1221 1357 1382 1417 atque
1430 1346 1483 1400 in
1506 1341 1908 1413 exspectatione

323 1455 511 1530 patria:
558 1449 818 1511 caelestis,
862 1460 982 1515 quae
1027 1442 1149 1511 jure
1194 1441 1246 1493 in
1286 1439 1507 1493 dextera
1550 1433 1906 1504 signiﬁcatur,

325 1522 565 1602 omnium
612 1541 817 1611 pariter
863 1537 1155 1591 electorum
1206 1526 1574 1584 sincerissima
1625 1522 1909 1577 dilectione

327 1639 600 1691 fruuntur.

500 1738 919 1801 IIEBDOMADA
957 1735 1045 1793 VII
1075 1732 1248 1790 POST
1280 1725 1701 1786 PENTECOST.

331 1855 521 1898 LECTIO
549 1848 818 1890 EPISTOLE
871 1844 1026 1884 BEATl
1059 1843 1214 1881 PAULl
1260 1837 1515 1878 APOSTOLI
1557 1835 1622 1873 AD
1648 1830 1908 1879 BOSIANOS,

996 1913 1112 1953 CAP.
1156 1911 1229 1949 Vl.

407 2020 423 2050 ‹
458 1998 775 2065 Quicunque
816 1987 1072 2058 haptizati
1118 1998 1305 2040 sumus
1332 1983 1385 2036 in
1423 1980 1642 2035 Christo
1683 1975 1830 2038 .lesu,
1858 1975 1913 2027 in

338 2113 355 2143 ο
397 2097 571 2144 morte
624 2084 793 2155 ipsius
843 2076 1100 2147 haptizati
1147 2088 1353 2129 sumus.
1408 2067 1723 2138 Consepulti
1770 2065 1913 2119 enim

251 2252 254 2255 _
340 2201 356 2233 ι
392 2194 577 2237 sumus
601 2189 725 2230 cum
751 2172 841 2226 illo
880 2183 977 2240 per
1017 2165 1347 2234 baptismum
1387 2162 1442 2215 in
1478 2166 1672 2222 morte,
1703 2164 1763 2210 ut
1786 2170 1918 2225 quo-

340 2292 357 2324 ι
392 2268 551 2326 modo
572 2265 819 2322 Christus
844 2256 1082 2316 surrexit
1110 2272 1138 2308 a
1158 2252 1389 2309 mortuis
1418 2265 1514 2320 per
1551 2247 1776 2319 gloriam
1825 2260 1918 2314 pa—

344 2383 360 2413 ι
399 2362 516 2425 tris,
536 2360 610 2413 ita
635 2363 689 2410 et
712 2368 811 2408 nos
833 2353 887 2406 in
909 2348 1147 2405 novitate
1167 2344 1291 2399 vitae
1318 2340 1671 2396 ambulemus.
1693 2336 1751 2391 Si
1774 2337 1918 2391 enim

344 2473 361 2506 ι
393 2445 741 2519 complantati
772 2441 900 2497 facti
951 2453 1138 2495 sumus
1182 2431 1518 2489 similitudini
1565 2428 1756 2483 mortis
1780 2425 1917 2496 ejus,

344 2564 362 2595 ι
392 2517 551 2598 simul
580 2545 635 2591 et
661 2528 1077 2589 resurrectionis
1105 2526 1327 2582 erimus.
1377 2521 1491 2576 Hoc
1518 2520 1768 2583 scientes,
1795 2517 1920 2586 quia

345 2655 363 2687 ι
400 2641 554 2688 vetus
576 2630 737 2684 homo
762 2633 948 2681 noster
972 2619 1131 2677 simul
1155 2615 1448 2673 cruciﬁxus
1476 2622 1579 2676 est,
1609 2620 1664 2666 ut
1687 2613 1925 2666 destrua-

346 2743 364 2775 ι
405 2731 493 2778 tur
522 2732 717 2793 corpus
742 2713 973 2786 peccati,
1013 2718 1072 2765 ut
1107 2708 1245 2763 ultra
1295 2721 1401 2761 non
1451 2704 1751 2759 serviamus
1798 2716 1925 2771 pec-

345 2835 365 2872 ε
401 2824 544 2874 cato.
576 2811 677 2881 Qui
702 2808 847 2866 enim
878 2811 1126 2861 mortuus
1150 2807 1251 2863 est,
1295 2796 1622 2867 justiﬁeatus
1646 2803 1730 2851 est
1750 2810 1780 2848 a
1808 2808 1927 2865 pec-

349 2928 369 2961 s
402 2916 546 2965 cato.
592 2904 650 2958 Si
677 2909 853 2957 autem
901 2895 1097 2952 mortui
1127 2906 1311 2949 sumus
1337 2904 1459 2945 cum
1487 2886 1723 2951 Christo,
1754 2885 1927 2941 credi-

349 3018 367 3051 ι
401 3013 541 3061 mus,
572 2993 699 3064 quia
731 2987 894 3046 simul
920 2986 1087 3041 etiam
1111 2984 1355 3037 vivemus
1377 2994 1500 3034 cum
1544 2978 1635 3032 illo
1653 3018 1667 3041 ,
1696 2976 1928 3031 scientes

352 3087 547 3159 ι’(ιυοᾶ
573 3085 822 3141 Christus
851 3090 1141 3147 resurgens
1167 3090 1196 3128 a
1242 3072 1491 3133 mortuis,
1517 3069 1630 3139 jam
1671 3083 1778 3122 non
1813 3082 1926 3121 mo-
1953 3045 1997 3104 C

353 3197 370 3228 ι
403 3158 560 3240 ritur,
592 3186 737 3227 mors
775 3169 850 3223 illi
876 3167 1016 3222 ultra
1043 3179 1151 3219 non
1174 3161 1563 3218 dominabitur.
1597 3159 1749 3226 Quod
1781 3158 1927 3212 enim

354 3290 371 3322 ι
402 3274 648 3324 mortuus
695 3269 781 3317 est
832 3265 1074 3329 peccato,
1125 3253 1293 3310 semel
1343 3260 1586 3306 mortuus
1622 3258 1725 3304 est.
1779 3248 1930 3315 Quod

358 3381 374 3410 ι
409 3365 590 3413 autem
638 3352 788 3415 vivit,
826 3349 962 3403 vivit
1006 3346 1134 3401 Deo.
1184 3345 1260 3398 Ita
1289 3350 1345 3397 et
1384 3357 1480 3395 vos
1507 3340 1813 3395 existimate
1838 3353 1933 3391 vos

355 3471 371 3501 ι
405 3456 644 3505 mortuos
664 3442 880 3513 quidem
896 3451 1018 3493 esse
1034 3442 1272 3506 peccato,
1288 3433 1530 3487 viventes
1545 3438 1723 3485 autem
1745 3429 1854 3484 Deo
1878 3429 1930 3483 in

355 3561 372 3592 ι
404 3539 619 3596 Christo
638 3533 765 3589 Jesu
793 3528 1019 3586 Omnino
1049 3534 1252 3580 nostro.
1277 3544 1293 3573 ι

420 3628 727 3695 Quicunque
772 3619 1019 3690 bnptizati
1072 3631 1252 3669 suums
1303 3614 1359 3667 in
1416 3611 1622 3666 Christo
1682 3610 1832 3674 Jesu,
1880 3612 1935 3664 in

351 3730 517 3774 morte
548 3716 709 3786 ipsius
734 3709 982 3782 baptizati
1010 3723 1210 3761 sumus.
1262 3705 1363 3776 (Ex
1394 3704 1641 3775 Hieron.)
1671 3703 1938 3772 Prmcepit

352 3806 660 3880 Apostolus,
693 3810 753 3857 ut
783 3801 909 3871 quia
953 3806 1174 3869 propter
1205 3810 1304 3851 nos
1327 3795 1576 3850 Christus
1617 3803 1860 3848 mmtuus
1885 3801 1939 3848 et

352 3898 594 3970 sepultus
619 3902 724 3959 est,
751 3901 806 3947 et
848 3888 1194 3951 resurrexit“
1213 3902 1312 3940 nos
1337 3900 1549 3955 quoque
1575 3884 1642 3939 ad
1669 3884 1940 3953 passionis

353 4008 464 4050 suae
493 3986 920 4047 similitudinem,
950 3982 1251 4036 v’oluntates
1273 3987 1329 4032 et
1364 3977 1687 4047 cupiditates
1722 3984 1939 4030 nostras

353 4081 750 4152 crnciﬁgamus,
775 4084 830 4131 et
850 4075 906 4128 in
933 4072 1257 4140 baptismate
1284 4069 1601 4140 mysterium
1628 4066 1817 4121 mortis
1851 4082 1937 4121 se-

355 4174 582 4248 pultura:
619 4179 674 4225 et
700 4163 1111 4223 resurrectionis
1138 4162 1256 4232 ejus
1280 4160 1569 4216 imitemur.

425 4262 532 4335 (Ex
561 4259 733 4332 Orig.)
765 4257 897 4312 Mori
944 4254 1093 4326 prius
1131 4261 1341 4323 oportet
1380 4259 1625 4322 peccato,
1672 4258 1731 4305 ut
1766 4249 1940 4320 possis

357 4354 570 4426 sepeliri
592 4367 714 4406 cum
733 4349 966 4409 Christo,
984 4354 1196 4400 mortuo
1219 4345 1360 4399 enim
1386 4342 1659 4412 sepultura
1682 4341 1935 4405 debetur;

361 4461 517 4501 nemo
543 4443 688 4498 enim
712 4441 866 4495 vivus
897 4436 1155 4507 sepelitur
1197 4436 1485 4505 aliquando
1513 4453 1524 4487 :
1558 4435 1604 4488 si
1625 4434 1771 4487 enim
1803 4434 1939 4487 vivis

361 4534 536 4588 adhuc
563 4536 802 4600 peccato,
831 4525 1150 4593 consepeliri
1182 4538 1285 4577 non
1314 4533 1467 4593 potes
1490 4523 1726 4582 Christo.
1761 4537 1861 4576 nec
1883 4522 1937 4575 in

361 4639 501 4679 novo
528 4621 644 4689 ejus
682 4620 931 4690 sepulcro
955 4616 1225 4671 collocari.
1262 4615 1429 4669 Vetus
1468 4615 1613 4669 enim
1630 4614 1796 4670 homo
1819 4620 1940 4667 tuus

362 4715 516 4779 vivit,
557 4720 612 4767 et
649 4713 767 4766 ideo
798 4723 900 4763 non
927 4714 1082 4777 potes
1124 4706 1176 4759 in
1206 4705 1445 4759 novitate
1475 4704 1598 4758 vitae
1638 4702 1937 4758 ambulare.

363 4806 501 4873 Quid
524 4812 622 4868 est,
657 4802 939 4872 quodcum
972 4801 1084 4869 ipse
1116 4797 1373 4852 Dominus
1416 4796 1614 4851 dixerit
1642 4794 1940 4863 discipulis,

364 4907 423 4952 ut
438 4895 772 4966 baptizarent
793 4905 979 4946 omnes
998 4896 1184 4960 gentes
1211 4888 1264 4942 iu
1286 4886 1502 4940 nomine
1521 4885 1700 4940 Patris
1728 4894 1783 4939 et
1810 4884 1944 4945 Filii,

365 4999 420 5044 et
441 4986 675 5059 Spiritus
706 4983 898 5047 sancti,
931 4981 1217 5051 Apostolus
1260 4979 1428 5034 solius
1456 4976 1658 5032 Christi
1684 4976 1737 5030 in
1777 4976 1949 5045 bapti-

367 5096 484 5138 smo
510 5092 705 5135 nomen
733 5074 996 5129 assumit?
1020 5073 1122 5126 nisi
1152 5072 1293 5140 quod
1322 5070 1374 5123 in
1401 5068 1652 5138 prmsenti
1673 5068 1809 5130 loco,
1843 5082 1950 5121 non

370 5181 480 5225 tam
501 5166 838 5238 baptismatis
856 5164 1135 5225 rationem,
1159 5175 1318 5230 quam
1344 5159 1535 5213 mortis
1555 5156 1754 5212 Christi
1779 5156 1950 5211 discu-

364 5271 485 5317 tere
535 5258 803 5327 cupiebat.
849 5255 931 5309 Ad
975 5253 1125 5322 cujus
1174 5251 1599 5315 similitudinem,
1642 5250 1808 5305 etiam
1851 5265 1948 5304 nos

371 5352 626 5409 suaderet
675 5345 815 5402 mori
864 5345 1058 5400 debere
1088 5352 1309 5413 peccato
1346 5351 1400 5396 et
1438 5340 1759 5410 eonscpcliri
1799 5341 1951 5395 Chri-

374 5450 474 5500 sto.
507 5442 575 5497 Et
594 5455 700 5495 non
734 5446 852 5493 erat
881 5436 1068 5504 utique
1091 5435 1436 5496 conveniens,
1468 5441 1527 5486 ut
1564 5434 1657 5487 ubi
1687 5433 1752 5487 de
1778 5440 1949 5486 morte

376 5536 608 5600 dicebat,
631 5534 715 5589 vel
736 5535 951 5589 Patrem
976 5527 1278 5584 nominaret
1295 5528 1380 5581 vel
1424 5528 1532 5582 Siri
1543 5537 1653 5582 tum
1680 5535 1944 5581 sanctum.

384 5624 610 5681 Verbum
637 5629 779 5680 enim
824 5640 951 5680 caro
1000 5623 1195 5677 factum
1243 5629 1344 5686 est,
1378 5630 1432 5674 et
1476 5621 1668 5674 merito
1697 5620 1784 5673 ubi
1825 5634 1952 5672 caro

1993 441 2140 488 ceret
2164 450 2176 486 :
2204 431 2520 499 Quicunque
2546 422 2806 494 haptizati
2832 432 3021 474 sumus
3050 416 3105 470 in
3136 414 3355 469 nomine
3375 414 3575 480 Patris,

1993 527 2076 581 vel
2102 527 2156 579 in
2185 524 2402 579 nomine
2430 518 2665 589 Spiritus
2694 512 2884 577 sancti,
2920 511 2974 564 in
3002 515 3178 565 morte
3215 505 3387 576 ipsius
3404 505 3579 576 bapti-

1998 617 2101 671 zati
2129 629 2336 671 sumus.
3144 598 3155 605 '

2069 703 2372 777 Consepulti
2395 703 2534 757 enim
2566 714 2747 755 sumus
2775 711 2894 750 cum
2919 692 3127 748 Christo
3152 707 3246 762 per
3266 689 3582 761 baptistmtm

1999 804 2055 856 in
2086 807 2268 854 morte.
2312 797 2370 851 Si
2409 792 2707 863 eonsepulti
2752 802 2937 844 sumus
2964 800 3090 841 cum
3119 784 3357 849 Christo,
3387 797 3586 838 secun-

2001 893 2125 948 dum
2166 904 2231 944 ea
2269 902 2389 959 quae
2431 884 2679 957 superius
2728 879 2980 941 diximus,
3032 876 3087 930 id
3130 883 3235 940 est,
3282 875 3578 930 secundum

2002 982 2146 1053 quod
2188 979 2387 1035 mortui
2435 991 2621 1032 sumus
2659 978 2902 1043 peccato,
2956 976 3352 1037 consequenter
3394 967 3584 1036 utique

2004 1080 2319 1143 resurgente
2354 1070 2569 1125 Christo
2600 1083 2631 1122 a
2659 1066 2910 1128 mortuis,
2952 1071 3008 1119 et
3050 1078 3152 1118 nos
3189 1076 3314 1116 cum
3349 1062 3466 1131 ipso
3511 1061 3585 1115 si-

2004 1164 2116 1220 mul
2145 1175 2550 1233 consurgemus,
2578 1165 2633 1213 ct
2673 1156 2762 1211 illo
2803 1155 3129 1211 ascendente
3154 1153 3222 1207 ad
3243 1151 3428 1213 celos,
3457 1167 3581 1206 cum

2007 1259 2123 1328 ipso
2152 1254 2313 1313 simul
2338 1252 2710 1314 ascendemus,
2738 1256 2792 1302 et
2820 1248 3040 1302 sedente
3070 1246 3187 1314 ipso
3212 1244 3279 1299 ad
3300 1243 3583 1320 dexteram

2006 1316 2200 1418 patris,
2230 1360 2353 1401 cum
2388 1344 2506 1413 ipso
2544 1340 2701 1397 simul
2736 1340 2791 1394 in
2838 1336 3154 1393 caelestibus
3200 1333 3390 1390 sedere
3437 1316 3585 1389 diee-

2009 1456 2152 1505 mur,
2184 1438 2323 1494 sicut
2344 1435 2471 1490 alibi
2500 1434 2613 1504 ipse
2648 1430 2919 1502 apostolus
2952 1428 3063 1482 ait:
3092 1425 3232 1492 Quia
3274 1426 3586 1480 concitavit

2010 1549 2104 1586 nos
2159 1526 2389 1592 Christo,
2453 1522 2711 1593 simulque
2767 1520 2887 1589 fecit
2948 1518 3126 1573 sedere
3183 1518 3241 1570 in
3299 1514 3589 1571 celestibus

2015 1620 2226 1692 (Ep/tes.
2254 1616 2342 1688 ιι).

1940 1696 1986 1753 Β
2085 1709 2154 1764 Ut
2176 1708 2433 1780 quomodo
2454 1705 2701 1769 surrexit,
2735 1710 2840 1758 etc.
2874 1700 3097 1756 Novitas
3124 1694 3305 1753 autem
3332 1697 3455 1750 vitm
3483 1704 3591 1758 est,

2013 1800 2103 1855 ubi
2129 1807 2370 1853 veterem
2398 1796 2669 1852 hominem
2697 1808 2819 1848 cum
2850 1791 3060 1846 actibus
3086 1788 3199 1844 suis
3223 1785 3591 1856 deposuimus,

2012 1902 2069 1946 et
2113 1890 2385 1945 induimus
2428 1902 2647 1951 novum,
2693 1884 2785 1954 qui
2835 1880 3130 1938 secundum
3161 1878 3331 1932 Deum
3377 1882 3597 1930 creatus

2012 1972 2209 2046 est,'ct
2246 1981 2336 2050 qui
2375 1986 2665 2034 renovatur
2709 1977 2764 2031 in
2814 1972 3085 2044 agnitione
3126 1969 3246 2033 Dei,
3295 1966 3594 2022 secundum

2013 2076 2304 2146 imaginem
2349 2070 2465 2140 ejus
2505 2070 2596 2140 qui
2642 2067 2847 2123 creavit
2895 2079 3037 2120 eum.
3098 2061 3234 2115 Nam
3268 2059 3394 2114 etsi
3426 2057 3471 2111 is
3504 2057 3598 2126 qui

2015 2167 2144 2238 foris
2163 2167 2317 2220 homo
2343 2171 2537 2225 noster,
2566 2159 2741 2229 inquit
2766 2154 3075 2227 Apostolus,
3107 2150 3479 2220 corrumpitur,
3505 2147 3598 2201 sed

2015 2236 2103 2328 qui
2134 2257 2272 2310 infus
2303 2264 2398 2318 est,
2437 2260 2714 2306 renovatur
2749 2247 2812 2301 de
2847 2245 2930 2300 die
2964 2246 3017 2298 in
3057 2244 3194 2297 diem
3225 2240 3315 2312 (11
3344 2237 3468 2293 Cor.
3494 2236 3595 2307 Iv).

2016 2351 2230 2404 Intuere
2281 2363 2375 2402 eos
2423 2343 2515 2415 qui
2565 2343 2616 2397 in
2659 2340 2760 2395 ﬁde
2803 2337 3112 2408 proﬁciunt,
3159 2342 3214 2388 et
3253 2331 3496 2402 quotidie
3546 2330 3597 2383 in

2017 2438 2306 2494 virtutibus
2343 2435 2679 2495 enitescant,
2718 2426 2990 2500 quomodo
3033 2437 3247 2494 semper
3280 2421 3437 2475 bonis
3473 2434 3600 2488 ope-

2020 2531 2169 2585 ribus
2203 2526 2462 2596 adjiciunt
2488 2523 2731 2585 meliora,
2764 2528 2820 2575 et
2844 2517 3087 2574 honestis
3111 2514 3425 2571 honestiora
3466 2526 3597 2567 con-

2021 2621 2327 2692 quiruntur,
2357 2615 2625 2687 quomodo
2657 2613 2710 2667 in
2744 2610 3043 2671 inteliectu,
3077 2608 3132 2661 in
3169 2604 3395 2660 scicntia
3425 2610 3481 2657 et
3507 2617 3596 2656 sa-

2020 2713 2223 2784 pientia
2259 2717 2533 2773 crescunt,
2564 2716 2620 2760 et
2648 2702 2903 2772 intelligis
2933 2716 3028 2756 eos
3050 2698 3294 2769 quotidie
3334 2693 3597 2749 innovari.

2023 2806 2080 2861 In
2110 2803 2351 2859 novitate
2381 2816 2508 2871 ergo
2534 2799 2660 2853 vitae
2695 2794 3050 2854 ambulemus,
3095 2788 3447 2846 ostendentes
3481 2800 3606 2840 nos-

2025 2896 2283 2965 metipsos
2306 2894 2373 2956 ei,
2401 2908 2492 2961 qm
2522 2905 2620 2944 nos
2648 2902 2772 2944 cum
2793 2885 3011 2942 Christo
3037 2880 3338 2945 suscitavit,
3366 2876 3607 2948 quotidie

2028 3003 2220 3056 novos,
2248 2994 2319 3046 et,
2340 2991 2400 3038 ut
2428 2983 2501 3036 ita
2533 2980 2786 3043 dixerim,
2814 2975 3173 3047 pulchriores,
3206 2971 3454 3025 decorem
3489 2966 3606 3021 vul-

2031 3088 2116 3133 tus
2146 3076 2317 3132 noszri
2354 3076 2407 3129 in
2443 3072 2680 3135 Christo,
2710 3078 2967 3136 tanquam
3004 3065 3061 3119 in
3101 3060 3319 3132 speculo
3353 3059 3611 3127 colligen-

2032 3178 2132 3231 tes,
2181 3165 2273 3236 qui
2307 3177 2533 3235 surgens
2579 3177 2608 3214 a
2655 3157 2883 3213 mortuis
2916 3155 2985 3209 ab
3020 3146 3322 3208 humilitate
3369 3155 3608 3214 terrena,

2033 3260 2097 3314 ad
2135 3257 2360 3329 gloriam
2400 3261 2637 3323 paternae
2676 3246 2976 3319 majestatis
3012 3241 3279 3305 ascendit,
3313 3248 3369 3293 ut
3402 3237 3609 3292 videant

2033 3326 2187 3422 opera
2212 3357 2388 3402 nostra
2415 3349 2568 3407 bona,
2592 3351 2641 3396 ct
2662 3338 2951 3411 gloriﬁcent
2972 3344 3175 3406 patrem
3197 3340 3426 3386 nostrum
3447 3326 3612 3399 quiin

2035 3440 2174 3496 caelis
2198 3448 2270 3494 est
2294 3435 2508 3509 (Matth.
2532 3450 2563 3487 v
2589 3433 2630 3503 ),
2657 3438 2711 3486 et
2737 3430 2821 3485 sic
2851 3428 3046 3483 merito
3076 3422 3293 3480 Christo
3322 3432 3608 3475 consurre-

2036 3533 2179 3587 xisse
2205 3545 2302 3601 per
2326 3527 2550 3600 gloriam
2578 3521 2752 3577 Patris
2786 3520 3048 3575 dicemur.

2108 3620 2165 3677 Si
2208 3600 2346 3675 enim
2386 3614 2745 3686 comptantati,
2786 3619 2888 3666 etc.
2941 3607 3116 3664 Veluti
3163 3602 3385 3672 alicujus
3420 3600 3612 3672 planta

2036 3712 2248 3769 arboris
2264 3709 2500 3766 ostendit
2520 3714 2751 3762 mortem
2763 3702 2987 3765 Christi,
3002 3700 3089 3755 cui
3111 3713 3210 3754 nos
3226 3695 3611 3765 complautatos

2038 3806 2152 3861 vult
2177 3819 2319 3868 esse,
2346 3811 2406 3857 ut
2438 3813 2599 3855 succo
2624 3795 2823 3851 radicis
2846 3792 2983 3861 ejus,
3011 3790 3162 3845 radix
3188 3800 3403 3858 quoque
3426 3793 3611 3838 nostra

2039 3895 2356 3964 suscipiens,
2385 3890 2648 3960 producat
2675 3900 2857 3940 ramos
2878 3882 3129 3952 justitiae,
3160 3887 3215 3935 et
3250 3877 3461 3931 fructus
3489 3872 3611 3929 clie-

2040 3994 2126 4041 rat
2151 3986 2295 4039 vitm.
2326 3982 2572 4038 Christus
2601 3994 2729 4048 ergo
2752 3975 2843 4047 qui
2879 3983 2961 4030 est
2984 3974 3079 4028 Dei
3104 3972 3279 4026 virtus
3306 3977 3362 4024 et
3385 3967 3480 4022 Dei
3526 3980 3608 4019 sa-

2039 4075 2260 4146 pientia,
2281 4074 2392 4142 ipse
2430 4077 2514 4125 est
2547 4068 2709 4122 arhor
2734 4065 2878 4129 vita),
2906 4062 2991 4117 cui
3020 4076 3117 4115 nos
3138 4054 3493 4127 complantani
3522 4053 3613 4107 de-

2040 4144 2248 4228 bemus,
2296 4169 2350 4217 et
2394 4176 2533 4215 novo
2581 4157 2813 4226 quodam
2865 4162 3029 4222 atque
3075 4146 3294 4203 amabili
3321 4145 3417 4200 Dei
3457 4144 3610 4205 dono,

2043 4272 2190 4312 mors
2237 4254 2380 4308 illius
2422 4251 2576 4306 nobis
2618 4248 2739 4301 vine
2770 4245 2930 4299 arbor
2960 4240 3206 4297 edicitur.
3257 4238 3400 4291 Bene
3440 4243 3613 4289 autem

2042 4346 2333 4420 Apostolus
2356 4359 2463 4399 non
2490 4341 2625 4397 dixit
2648 4357 2659 4391 :
2688 4336 2749 4392 Si
2771 4336 2907 4390 enim
2930 4328 3268 4402 complantati
3290 4327 3420 4396 facti
3441 4339 3616 4379 sumus

2046 4438 2205 4494 morti
2238 4438 2372 4507 ejus,
2407 4432 2502 4488 sed
2529 4424 2863 4485 similitudini
2896 4421 3080 4476 mortis
3119 4419 3254 4490 ejus.
3291 4417 3469 4487 ipsam
3501 4413 3620 4483 qui—

2047 4534 2167 4582 dem
2215 4534 2464 4585 mortem,
2508 4535 2614 4590 qua
2669 4516 2827 4572 Jesus
2873 4521 3115 4567 mortuus
3151 4517 3235 4565 est
3273 4514 3519 4578 peccato,
3564 4511 3621 4557 ut

2047 4624 2325 4689 peccatum
2371 4613 2592 4669 omnino
2640 4624 2744 4664 non
2796 4606 3002 4661 fecerit.
3051 4603 3162 4657 Nos
3203 4615 3308 4656 non
3335 4609 3621 4669 possumus

2050 4709 2209 4773 mori,
2243 4716 2301 4762 ut
2337 4704 2558 4773 qmnino
2606 4700 2908 4755 nesciamus
2949 4704 3249 4767 peccatum.
3300 4688 3622 4747 Similitudi—

2054 4816 2176 4855 nem
2212 4807 2391 4851 tamen
2428 4793 2629 4849 habere
2665 4804 2972 4861 possumus,
2999 4796 3059 4841 ut
3088 4785 3359 4840 imitantes
3398 4796 3542 4846 cum,
3570 4791 3623 4836 et

2052 4887 2276 4959 vestigia
2304 4884 2420 4953 ejus
2451 4889 2754 4952 sequentes,
2788 4878 3156 4934 abstineamus
3185 4888 3283 4928 nos
3322 4888 3352 4926 a
3378 4879 3618 4941 peccato.

2053 4981 2164 5034 lloc
2191 4986 2447 5048 estergo,
2476 4975 2619 5045 quod
2653 4973 2894 5043 recipere
2930 4979 3108 5040 potest
3131 4969 3365 5021 humana
3404 4972 3619 5023 natura,

2052 5080 2109 5124 ut
2141 5071 2193 5124 in
2217 5066 2621 5123 similitudinem
2651 5062 2840 5117 mortis
2868 5059 2983 5127 ejus
3008 5059 3121 5123 ﬁat,
3151 5059 3276 5113 dum
3308 5057 3481 5124 ipsum
3506 5052 3624 5107 imi-

2051 5163 2213 5217 tando
2248 5176 2354 5215 non
2391 5165 2599 5229 peccat.
2640 5155 2775 5210 Nam
2813 5154 3031 5208 omnino
3068 5167 3135 5207 ex
3177 5151 3385 5217 integro
3414 5147 3623 5202 nescire

2049 5248 2367 5323 peccatum,
2418 5249 2584 5303 solius
2634 5254 2717 5302 est
2764 5244 2984 5300 Christi.
3038 5243 3206 5313 igitur
3271 5234 3621 5307 complantari

2052 5361 2149 5399 nos
2180 5343 2292 5398 vult
2334 5342 2524 5396 mortis
2566 5338 2681 5407 ejus
2707 5334 3066 5398 similitudini,
3091 5348 3197 5404 qua
3230 5337 3451 5401 peccato
3482 5342 3622 5382 mor~

2054 5442 2174 5489 tuus
2194 5439 2277 5486 est
2300 5430 2485 5494 semel,
2500 5438 2559 5482 ut
2579 5429 2847 5499 possimus
2868 5433 2922 5479 et
2942 5419 3322 5478 resurrectioni
3359 5418 3474 5487 ejus
3506 5428 3622 5469 esse

2052 5524 2417 5595 complantati.
2467 5520 2551 5574 Ad
2587 5528 2876 5586 utrumque
2935 5514 3079 5571 enim
3129 5509 3419 5566 subaudire
3464 5507 3617 5561 debet

2053 5614 2399 5686 complantati
2436 5622 2490 5668 et
2518 5610 2712 5667 mortis
2749 5618 2803 5665 et
2833 5601 3261 5663 resurrectionis.
