3932 6204
273 407 369 464 ιοί

1098 405 1614 465 COLLECTIONES
1647 406 1711 460 IN
1753 406 2129 461 EPISTULAS
2166 407 2255 461 ΕΤ
2294 405 2705 462 EVANGELIA.

3424 408 3530 462 £02

346 493 459 578 Hoc
488 523 732 589 scientes,
766 522 893 593 quia
924 531 1069 578 uetus
1104 525 1256 578 homo
1294 533 1466 579 noster
1501 520 1657 576 simul
1676 522 1847 574 cruci-
1877 520 1925 579 Α
1953 516 2065 573 lloc
2114 528 2217 585 est,
2264 520 2531 575 alienatus
2584 527 2667 573 est
2714 534 2743 571 a
2788 524 3011 587 peccato
3041 535 3055 583 ;
3091 525 3334 573 mortuus
3388 506 3531 577 enim

273 615 411 682 ﬁxus
448 623 544 668 cst.
594 616 757 670 Vetus
805 625 990 669 autem
1037 616 1199 671 homo
1246 624 1429 670 noster
1476 614 1852 682 intelligendus

269 714 372 770 est,
425 706 536 759 vita
584 706 754 775 prior,
801 722 966 776 quam
998 706 1251 761 duximus
1299 708 1350 760 in
1392 704 1652 776 peccatis,
1700 702 1852 771 cujus

271 796 431 850 linem
462 803 517 850 et
556 796 830 850 interitum
871 799 1160 867 quemdam
1187 797 1433 863 facimus,
1461 796 1551 852 ubi
1580 794 1852 865 receperi-

268 901 392 940 mus
438 886 492 939 in
543 886 700 941 nobis
747 886 909 941 ﬁdem
950 889 1129 943 crucis
1170 886 1393 952 Christi,
1436 902 1535 958 per
1574 900 1738 956 quam
1776 887 1851 940 ita

268 976 568 1030 destruitur
605 992 802 1047 corpus
842 978 1070 1047 peccati,
1114 986 1173 1032 ut
1210 977 1452 1033 membra
1490 986 1700 1042 nostra,
1730 991 1852 1046 qum

271 1065 585 1120 serviebant
613 1075 854 1135 peccato,
883 1067 1025 1121 ultra
1055 1067 1105 1122 ei
1132 1083 1239 1123 non
1266 1068 1530 1133 serviant,
1559 1068 1655 1123 sed
1679 1068 1811 1123 Deo.

340 1154 411 1209 Ut
426 1157 731 1210 destruatur
750 1174 936 1227 corpus
955 1160 1175 1227 peccati,
1197 1167 1257 1212 ut
1278 1157 1419 1212 ultra
1441 1175 1545 1212 non
1562 1160 1851 1214 serviamus

267 1257 500 1315 peccato.
528 1248 630 1318 (Ex
656 1244 837 1318 Orig.)
875 1247 1194 1317 Diligentius
1223 1246 1539 1306 intuendum
1575 1258 1679 1315 est,
1717 1266 1852 1320 quo-

267 1342 433 1396 modo
460 1341 661 1396 dixerit
693 1357 880 1411 corpus
912 1343 1130 1411 peccati,
1167 1342 1222 1396 in
1249 1357 1359 1411 quo
1392 1343 1584 1412 duplex
1620 1343 1738 1399 dari
1764 1344 1849 1399 vi-

265 1432 433 1486 detur
478 1431 802 1498 intellectus,
829 1431 912 1487 vel
940 1433 1068 1502 quia
1118 1441 1361 1487 nostrum
1412 1449 1611 1503 corpus
1639 1435 1849 1504 peccati

266 1538 391 1577 esse
434 1523 634 1577 dixerit
665 1538 882 1592 corpus,
926 1522 1014 1577 vel
1060 1523 1185 1593 quia
1235 1525 1439 1593 peccati
1490 1526 1658 1595 ipsius
1702 1526 1848 1588 dicat

265 1629 393 1668 esse
432 1614 710 1683 pmprium
757 1613 975 1683 aliquod
1021 1628 1238 1681 corpus,
1269 1615 1411 1683 quod
1459 1615 1846 1671 destruendum

266 1704 340 1758 sit
390 1705 475 1758 his
497 1703 587 1772 qui
621 1720 727 1756 non
752 1703 952 1759 debent
980 1703 1116 1757 ultra
1153 1704 1360 1758 servire
1406 1713 1647 1775 peccato.
1710 1705 1846 1773 Quia

261 1811 399 1866 ergo
419 1804 645 1863 uterque
682 1810 872 1849 sensus
896 1796 947 1849 in
979 1794 1097 1850 loco
1128 1794 1341 1849 admitti
1368 1803 1566 1865 potest,
1599 1797 1663 1852 de
1698 1805 1847 1851 utro-

261 1902 376 1956 que
401 1884 542 1955 quod
579 1886 735 1940 nobis
769 1886 1015 1940 videatur
1042 1885 1380 1954 exponimus.
1412 1885 1622 1940 Etenim
1649 1886 1695 1940 si
1726 1900 1851 1956 pro-

261 1978 445 2046 prium
475 1993 672 2047 corpus
707 1992 973 2047 ponamus
1009 1991 1129 2031 esse
1158 1976 1383 2045 peccati,
1413 1976 1681 2031 videbitur
1706 1978 1849 2045 quod

261 2068 411 2122 sicut
442 2068 511 2122 de
547 2068 631 2121 his
661 2068 751 2136 qui
799 2068 852 2122 in
892 2082 1088 2121 novum
1119 2067 1391 2121 hominem
1435 2067 1665 2135 reparati
1699 2076 1847 2133 sunt,

262 2158 473 2211 dictum
501 2168 604 2222 est,
632 2158 760 2226 quia
791 2156 893 2212 Vos
923 2159 1046 2212 estis
1079 2174 1269 2227 corpus
1292 2156 1506 2222 Christi,
1543 2167 1590 2210 et
1616 2157 1848 2213 membra

260 2265 328 2302 ea:
361 2257 521 2319 parte
544 2247 597 2319 (Ι
618 2246 742 2303 Cor.
772 2248 892 2320 xu),
937 2250 1010 2303 ita
1050 2256 1106 2304 et
1142 2248 1211 2304 de
1245 2250 1332 2303 bis
1361 2249 1455 2319 qui
1483 2257 1721 2305 veterem
1752 2252 1851 2306 ho-

262 2341 468 2395 minem
515 2340 755 2396 nondum
802 2342 1192 2397 cruciﬁxerunt
1225 2342 1331 2398 diei
1360 2357 1517 2413 posse
1568 2344 1711 2415 quod
1742 2344 1851 2399 sint

262 2445 463 2499 corpus
486 2431 694 2500 peccati
720 2438 776 2485 et
803 2432 1045 2487 membra
1070 2432 1212 2503 ejus,
1237 2432 1392 2501 cujus
1417 2443 1581 2505 caput
1604 2436 1849 2504 corporis

261 2521 333 2574 sit
360 2520 632 2587 diabolus,
660 2524 800 2578 sicut
826 2522 1076 2578 Christus
1103 2532 1265 2594 caput
1288 2533 1373 2581 est
1398 2528 1643 2595 corporis
1669 2528 1845 2583 eccle-

261 2612 493 2676 siarum,
524 2628 631 2667 non
677 2614 927 2671 habentis
961 2616 1229 2670 maculam
1272 2626 1366 2671 aut
1394 2632 1582 2688 rugam
1626 2618 1841 2689 (Ephes.

263 2700 360 2769 tv).
404 2701 639 2756 Possunt
661 2711 841 2759 autem
864 2706 1129 2772 membra,
1163 2722 1229 2763 ex
1261 2709 1458 2777 quibus
1482 2724 1682 2779 corpus
1706 2712 1848 2768 istud

262 2794 473 2861 peccati
506 2796 839 2851 constaLilla
864 2796 1056 2862 videri,
1085 2813 1206 2868 quae
1237 2801 1485 2868 superius
1512 2804 1849 2859 enumeravit

261 2886 556 2954 Apostolus
597 2889 839 2944 membra
875 2903 996 2946 esse
1026 2905 1190 2961 super
1221 2900 1444 2958 terram,
1474 2893 1576 2949 hoc
1604 2904 1708 2959 est,
1740 2895 1849 2951 for-

262 2974 612 3043 uicationem,
642 2978 1060 3046 immunditiam,
1098 2982 1509 3052 impudicitiam,
1538 2986 1842 3053 avaritiam,

262 3067 684 3131 contentionem,
722 3069 880 3136 iram,
912 3071 1086 3137 dolos,
1116 3074 1285 3139 rixas,
1315 3074 1702 3143 dissensiones,
1732 3078 1846 3134 hat-

265 3173 434 3223 reses,
484 3161 761 3228 invidiam,
814 3166 1239 3221 comessationes
1286 3175 1344 3222 et
1383 3168 1470 3223 his
1508 3169 1727 3236 similia,
1776 3185 1845 3227 ex

265 3251 466 3319 quibus
489 3254 741 3310 omnibus
775 3256 1035 3312 membris
1061 3258 1222 3329 digne
1260 3260 1460 3315 dicitur
1482 3276 1679 3331 corpus
1720 3278 1846 3318 eon-

267 3349 413 3395 stare
441 3345 673 3412 peccati,
712 3354 767 3399 et
794 3347 898 3402 hoc
934 3363 1132 3418 corpus
1156 3351 1357 3406 veteris
1398 3351 1634 3408 hominis
1668 3354 1849 3425 appel-

270 3432 400 3499 lari,
421 3437 566 3505 quod
596 3438 641 3492 si
669 3439 791 3509 quis
812 3456 910 3510 per
935 3458 1153 3498 erucem
1182 3443 1382 3500 Christi
1412 3446 1675 3515 destruat,
1702 3456 1759 3503 et
1791 3449 1845 3504 in

270 3542 465 3581 novum
503 3528 798 3597 hominem,
826 3534 919 3603 qui
963 3536 1259 3590 secundum
1296 3538 1463 3592 Deum
1506 3548 1722 3595 creatus
1764 3549 1850 3597 est

268 3629 629 3677 commutetur
656 3664 672 3687 ,
720 3624 861 3679 ultra
906 3642 1012 3681 non
1066 3628 1279 3682 dicetur
1329 3632 1536 3685 servire
1588 3642 1843 3701 peccato,

267 3710 358 3762 cui
383 3710 498 3766 sine
534 3712 698 3769 dubio
731 3716 919 3781 servit,
955 3717 1125 3773 donec
1154 3719 1315 3774 alicui
1355 3735 1542 3775 eorum
1582 3722 1842 3793 subiacet,

268 3814 390 3867 qua:
430 3818 593 3874 supra
638 3808 987 3876 exposuimus
1040 3812 1283 3866 membra
1336 3827 1456 3868 esse
1502 3816 1733 3883 peccati.
1788 3816 1848 3872 Si

268 3903 398 3946 vero
435 3895 607 3965 magis
635 3912 833 3967 corpus
866 3909 1112 3955 nostrum
1149 3903 1249 3957 hoc
1277 3904 1478 3960 dixisse
1521 3906 1851 3978 intelligatur

266 3982 552 4050 Apostolus
587 4004 786 4059 corpus
817 3995 1044 4060 peccati,
1080 3997 1376 4051 secundum
1418 3998 1566 4053 illam
1608 3999 1849 4070 profecto

269 4075 562 4144 accipietur
590 4081 1021 4152 intelligentiam,
1054 4101 1162 4155 qua
1190 4094 1246 4141 et
1274 4087 1443 4142 David
1465 4088 1533 4143 de
1558 4091 1849 4160 semetipso

268 4164 402 4220 dicit
443 4187 454 4221 :
500 4168 638 4234 Quia
682 4172 739 4226 in
769 4174 1134 4245 iniquitatibus
1182 4189 1457 4249 conceptus
1498 4197 1649 4246 sum,
1702 4192 1751 4235 et
1794 4183 1851 4235 in

268 4262 488 4327 peccatis
520 4268 755 4336 concepit
787 4283 869 4321 me
897 4278 1069 4323 mater
1110 4287 1225 4325 mea
1274 4269 1446 4343 (Psal.
1476 4272 1549 4344 1.).
1594 4272 1700 4328 Pro
1738 4289 1846 4342 quo

270 4364 487 4419 peccato
521 4367 576 4411 et
605 4358 841 4415 Ecclesia
882 4362 950 4416 ab
972 4361 1234 4431 Apostolo
1278 4364 1623 4420 traditionem
1661 4381 1847 4423 susce—

273 4440 354 4509 pit
374 4444 530 4499 etiam
559 4449 803 4515 parvulis
828 4451 1157 4520 baptismum
1189 4455 1340 4509 dare.

346 4534 446 4599 (Ex
473 4536 732 4612 Primus.)
771 4541 897 4597 Sive
932 4554 989 4598 ut
1024 4545 1334 4603 destruatur
1380 4564 1579 4620 corpus
1614 4552 1843 4620 peccati,
1871 4565 1924 4625 D

274 4627 372 4682 hoc
392 4639 492 4693 est,
510 4641 567 4686 ut
592 4650 700 4689 non
724 4650 792 4690 ex
814 4646 988 4706 parte,
1013 4639 1109 4693 sed
1131 4640 1311 4693 omnia
1326 4640 1457 4694 vitia
1478 4641 1843 4709 destruantur,

273 4722 395 4788 quia
438 4741 603 4780 unum
647 4728 836 4784 vitium
876 4731 1180 4785 membrum
1225 4740 1307 4786 est
1351 4733 1593 4802 peccati,
1652 4748 1846 4803 corpus

278 4829 398 4869 vero
437 4828 520 4873 est
559 4822 880 4878 universitas
922 4824 1264 4892 delictorum,
1298 4843 1530 4897 quorum
1571 4829 1847 4899 plenitudo

277 4916 356 4959 est
404 4911 665 4981 originale
723 4923 1024 4983 peccatum.
1084 4916 1334 4972 Christus
1384 4926 1565 4975 autem
1625 4935 1731 4975 non
1777 4934 1846 4974 ex

277 5008 440 5065 parte,
491 5002 585 5056 sed
635 5004 846 5075 integer
891 5016 975 5061 est
1016 5007 1332 5073 cruciﬁxus,
1379 5016 1439 5063 ut
1486 5026 1586 5065 nos
1618 5025 1686 5065 ex
1733 5018 1844 5066 toto

280 5090 567 5145 moriamur
599 5103 842 5161 peccato,
880 5105 936 5151 et
971 5096 1215 5151 vivamus
1239 5098 1373 5163 Deo,
1412 5099 1526 5154 sive
1554 5108 1612 5154 ut
1647 5115 1844 5171 corpus

282 5189 515 5236 nostrum
541 5184 852 5239 destruatur
884 5202 916 5240 a
945 5188 1205 5241 servitute
1228 5189 1457 5257 peccati,
1489 5197 1543 5244 et
1567 5189 1660 5243 ﬁat
1677 5188 1842 5257 justi-

282 5267 367 5322 titc
402 5274 748 5344 mancipium,
797 5279 940 5345 quod
987 5278 1196 5333 solebat
1240 5294 1361 5335 esse
1408 5280 1607 5335 delicti.
1660 5279 1843 5335 Omnis

280 5362 409 5414 enim
426 5366 513 5433 qui
532 5365 657 5434 facit
676 5378 966 5438 peccatum,
986 5387 1163 5425 servus
1181 5381 1256 5426 est
1273 5373 1473 5443 peccati
1495 5372 1675 5445 (Joan.
1699 5372 1839 5445 vui).

286 5446 407 5506 Sive
430 5469 623 5526 corpus
647 5460 856 5528 peccati
898 5460 1217 5532 intelligitur
1250 5463 1315 5528 is,
1354 5464 1447 5532 qui
1485 5463 1664 5517 adhuc
1688 5472 1842 5517 extra

284 5538 597 5609 baptismum
652 5549 900 5617 originali
957 5552 1206 5607 subditus
1254 5562 1337 5607 est
1396 5554 1725 5620 conditioni,
1790 5563 1845 5609 et

286 5635 505 5690 mudum
532 5639 640 5693 ulla
666 5642 791 5695 vitae
818 5645 1053 5698 suscepit
1084 5645 1231 5698 initia
1252 5686 1265 5710 ,
1294 5645 1385 5700 sed
1410 5660 1471 5700 ex
1502 5654 1616 5700 toto
1638 5646 1845 5703 alienus

291 5729 367 5773 cst
393 5740 419 5775 a
445 5728 636 5783 salute.

357 5812 447 5880 Qui
485 5825 618 5873 cnim
662 5833 894 5879 mortuus
934 5834 1028 5889 cst,
1066 5826 1386 5893 justi/iratus
1428 5838 1500 5880 est
1548 5845 1576 5879 (ι
1612 5836 1840 5897 peccato.

1951 611 2173 675 omnino
2204 626 2311 665 non
2335 618 2544 680 peccat.
2590 611 2707 675 Vel,
2740 611 2884 665 sicut
2907 609 3116 680 prtefati
3150 626 3355 676 sumus,
3388 612 3531 682 prio~

1952 702 2028 757 ris
2055 702 2179 757 vita:
2204 704 2481 759 erroribus
2508 711 2775 769 mortuus,
2818 703 3105 758 innovatus
3147 703 3201 756 in
3233 701 3450 760 Christo
3475 710 3534 761 et

1952 793 2253 848 membrum
2287 792 2405 861 ejus
2436 792 2682 860 effectus,
2709 794 3162 864 concupiscentiis
3186 802 3242 850 et
3265 792 3533 863 passioni-

1950 881 2053 938 bus
2088 882 2433 937 contradicit.

2022 972 2084 1028 Si
2111 974 2251 1029 enim
2278 977 2471 1029 mortui
2497 992 2678 1031 sumus
2707 993 2824 1030 cum
2852 975 3079 1040 Christo,
3114 978 3374 1033 credimus
3406 979 3531 1049 quia

1948 1061 2108 1117 simul
2138 1074 2187 1119 et
2209 1064 2327 1134 jam
2358 1065 2582 1120 vivemus
2614 1083 2734 1120 cum
2762 1065 2991 1121 Christo.
3046 1066 3145 1139 (.Ex
3172 1066 3348 1139 Orig.)
3387 1067 3533 1124 Prae-

1951 1153 2092 1208 senti
2114 1168 2366 1209 sermone
2389 1153 2680 1225 Apostolus
2708 1155 3108 1215 conclusionem
3132 1156 3264 1213 facit
3290 1157 3532 1214 omnium

1949 1260 2071 1316 qua:
2097 1247 2152 1302 in
2177 1247 2545 1318 superioribus
2569 1256 2970 1315 construxerat,
2999 1259 3055 1305 et
3074 1248 3208 1305 dicit
3231 1268 3243 1303 :
3270 1249 3328 1305 Si
3349 1258 3529 1305 autem

1950 1338 2148 1394 mortui
2194 1355 2382 1396 sumus
2420 1356 2545 1395 cum
2578 1340 2828 1406 Christo,
2873 1355 2972 1410 per
2999 1343 3115 1396 haec
3155 1339 3363 1395 scilicet
3409 1355 3531 1410 qua:

1949 1431 2199 1500 superius
2231 1432 2566 1488 ostendimus
2607 1432 2881 1488 credimus
2920 1442 2977 1488 et
3030 1433 3157 1502 quia
3184 1431 3533 1487 convivemus

1949 1520 2017 1576 ei.
2061 1520 2180 1575 Non
2207 1521 2386 1576 dixit:
2416 1529 2471 1576 et
2511 1522 3051 1588 conviximus,-sient
3092 1522 3230 1577 dixit
3272 1540 3286 1575 :
3331 1524 3531 1577 mortui

1949 1627 2155 1677 sumus,
2192 1612 2323 1667 sed:
2352 1613 2720 1678 convivemus,
2759 1620 2820 1666 ut
2844 1613 3118 1675 ostendat,
3145 1612 3272 1682 quia
3301 1627 3448 1667 mors
3475 1612 3531 1666 in

1945 1703 2199 1772 praesenti
2223 1710 2499 1773 operatur,
2522 1703 2632 1756 vita
2657 1710 2839 1757 autem
2867 1703 2922 1757 in
2946 1701 3146 1766 futuro,
3174 1711 3302 1757 tunc
3325 1703 3534 1758 scilicet

1947 1807 2071 1846 cum
2096 1791 2346 1848 Christus
2374 1792 2754 1850 manifestatus
2779 1792 2965 1859 fuerit,
2992 1794 3082 1863 qui
3104 1797 3320 1848 estvita
3344 1802 3529 1849 nostra

1876 1867 1923 1926 Β
1949 1881 2264 1938 abscondita
2292 1884 2346 1938 in
2372 1883 2503 1939 Deo.

2017 1972 2250 2029 Scientcs
2281 1974 2421 2045 quod
2443 1973 2684 2029 Christus
2722 1992 2940 2046 surgens
2971 1994 3003 2030 a
3027 1975 3245 2029 mortuis
3275 1975 3397 2046 jam
3427 1992 3531 2028 non

1946 2066 2189 2118 moritur.
2231 2065 2439 2135 Duplex
2488 2066 2809 2137 intelligitur
2855 2066 3215 2132 resurrectio,
3268 2081 3374 2120 una
3423 2081 3528 2135 qua

1949 2164 2129 2212 mente
2174 2165 2231 2211 et
2265 2156 2370 2211 ﬁde
2409 2172 2534 2212 cum
2574 2156 2789 2213 Christo
2826 2176 2857 2213 a
2892 2159 3125 2214 terrenis
3172 2158 3527 2229 resurgimus,

1946 2257 2008 2303 ut
2062 2248 2304 2304 ecelestia
2359 2250 2683 2320 cogitemus,
2742 2251 2954 2320 aliaque
3000 2250 3266 2322 generalis
3312 2250 3416 2304 erit
3470 2250 3525 2304 in

1946 2357 2130 2407 carne,
2174 2342 2289 2398 haec
2333 2343 2388 2397 in
2437 2344 2675 2399 secundo
2719 2344 2844 2409 erit,
2877 2343 2965 2398 illa
3013 2344 3066 2398 in
3102 2344 3279 2413 primo
3312 2342 3526 2397 Domini

1947 2434 2050 2491 fuit
2090 2436 2322 2492 adventu
2350 2479 2366 2503 ,
2414 2436 2618 2493 ideirco
2666 2438 2911 2494 absoluta
2967 2438 3238 2494 sententia
3290 2437 3533 2493 definivit

1945 2526 2252 2597 Apostolus,
2290 2528 2432 2599 quod
2460 2527 2709 2585 Christus
2741 2528 2852 2599 jam
2878 2545 2984 2584 non
3023 2537 3351 2593 moreretur,
3382 2536 3523 2583 utet

1946 2619 2003 2674 hi
2031 2621 2123 2689 qui
2160 2621 2451 2676 convivent
2476 2622 2550 2687 ei,
2578 2622 2645 2677 de
2672 2622 2976 2677 aeternitate
3001 2622 3127 2677 vita:
3153 2622 3331 2677 securi
3360 2621 3491 2676 sint.

2019 2709 2166 2765 llors
2189 2710 2267 2765 illi
2290 2711 2431 2767 ultra
2452 2729 2557 2767 non
2578 2712 2957 2767 dominabitur.
2987 2713 3173 2769 Potest
3199 2722 3380 2767 autem
3410 2712 3532 2782 quis

1947 2803 2380 2871 compendiosius
2407 2803 2459 2857 in
2488 2803 2575 2858 his
2598 2804 2799 2869 dicere,
2830 2804 2957 2872 quia
2992 2805 3082 2858 hic
3116 2812 3347 2859 mortem
3383 2819 3531 2859 com.

1947 2904 2165 2945 munem
2209 2891 2349 2946 hanc
2393 2892 2524 2946 dicit
2569 2901 2624 2947 et
2672 2893 2925 2957 mediam,
2971 2908 3078 2962 qua
3128 2903 3373 2948 mortuus
3420 2905 3528 2958 est,

1948 2982 2087 3037 sicut
2139 2983 2280 3038 idem
2327 2983 2616 3053 Apostolus
2673 2984 2812 3039 dixit
2858 2985 3155 3040 secundum
3210 2985 3528 3055 scripturas,

1946 3084 2003 3131 et
2047 3077 2181 3133 nihil
2228 3077 2520 3133 absurdum
2566 3078 2758 3142 videri,
2804 3078 2851 3133 si
2901 3078 2947 3133 is
2974 3078 3065 3147 qui
3114 3077 3342 3132 formam
3386 3079 3529 3132 servi

1902 3218 1917 3237 ,
1950 3177 2281 3238 susceperat,
2323 3168 2658 3224 dominatum
2695 3168 2981 3239 pertulerit
3019 3169 3229 3232 mortis,
3258 3185 3379 3237 qua:
3413 3169 3530 3223 siue

1951 3258 2114 3314 dubio
2143 3258 2455 3314 dominatur
2492 3260 2747 3315 omnibus
2791 3260 2882 3329 qui
2924 3260 2979 3314 in
3019 3274 3184 3314 carne
3217 3260 3397 3330 positi,
3433 3261 3533 3316 sub

1950 3350 2133 3404 servili
2163 3348 2338 3405 forma
2370 3359 2685 3405 censentur.
2713 3349 2867 3405 Alius
2915 3365 3048 3405 vero
3086 3350 3179 3420 qui
3222 3350 3535 3419 profundio-

1953 3458 2068 3497 rem
2097 3442 2152 3495 in
2189 3443 2275 3498 his
2298 3441 2450 3496 Pauli
2487 3457 2704 3497 sensum
2737 3443 2791 3496 in
2817 3443 3015 3496 virtute
3053 3442 3275 3510 spiritus
3306 3452 3532 3498 contue-

1949 3541 2056 3599 tur,
2108 3534 2281 3588 dicit:
2329 3533 2466 3599 Quia
2516 3549 2664 3589 mors
2712 3534 2817 3596 hic,
2877 3533 2945 3587 de
2980 3547 3087 3600 qua
3121 3531 3334 3587 dixerat
3389 3533 3532 3601 quod

1948 3620 2089 3675 ultra
2110 3639 2212 3676 non
2231 3621 2589 3676 dominabitur
2617 3621 2857 3686 Christo,
2885 3621 2974 3676 ille
3008 3622 3124 3692 ipse
3154 3621 3534 3692 intelligendus

1947 3720 2031 3768 est
2072 3713 2398 3768 novissimus
2444 3713 2723 3777 inimicus,
2779 3713 2874 3782 qui
2922 3712 3151 3785 figuram
3190 3713 3382 3769 habuit
3425 3714 3532 3788 geli

1949 3803 2111 3870 illius,
2154 3805 2246 3873 qui
2299 3804 2657 3860 absorhuerat
2700 3804 2928 3872 Jonam,
2972 3806 3027 3861 in
3070 3821 3233 3877 quam
3277 3815 3531 3872 mortem,

1950 3903 2210 3964 tanquam
2236 3894 2403 3952 Jonas
2441 3897 2496 3951 in
2519 3904 2710 3952 ventre
2736 3898 2842 3952 ceti
2885 3898 3161 3968 ingressus
3189 3906 3292 3963 est,
3327 3899 3379 3954 in
3408 3914 3531 3954 eum

1950 3986 2159 4042 scilicet
2200 3987 2399 4054 locum,
2428 4003 2591 4058 quem
2627 3988 2866 4044 salvator
2906 3990 3021 4059 ipse
3045 4005 3140 4044 cor
3169 4000 3327 4045 teme
3353 3994 3531 4045 nomi—

1949 4077 2119 4142 navit,
2148 4076 2199 4131 in
2239 4092 2347 4146 quo
2375 4085 2488 4132 tres
2516 4078 2632 4132 dies
2660 4086 2717 4132 et
2750 4087 2862 4134 tres
2898 4088 3083 4134 noctes
3111 4080 3356 4148 exemplo
3382 4080 3532 4135 lonzc

1950 4165 2189 4219 futurum
2227 4180 2349 4220 esse
2371 4166 2561 4221 Filium
2598 4166 2833 4222 hominis
2873 4166 3005 4222 dicit
3048 4167 3262 4238 (Matth.
3298 4169 3421 4238 xu),
3470 4178 3530 4222 ut

1950 4270 2050 4310 eos
2068 4256 2160 4323 qui
2190 4255 2322 4309 inibi
2359 4271 2388 4309 a
2423 4266 2601 4311 morte
2639 4258 3043 4321 detinebantur,
3075 4258 3358 4323 eximeret,
3389 4262 3531 4316 unde

1950 4353 2097 4400 recte
2126 4344 2412 4413 Apostolus
2460 4346 2514 4399 in
2544 4347 2795 4415 przcseuti
2846 4347 2967 4402 loco
3009 4347 3142 4401 dicit
3178 4364 3190 4399 :
3236 4348 3362 4418 quia
3390 4366 3529 4403 mors

1948 4437 1997 4490 ei
2047 4435 2185 4489 ultra
2229 4453 2333 4490 non
2373 4437 2747 4491 dominabitur.
2811 4438 2931 4494 Non
2985 4439 3128 4493 enim
3192 4440 3329 4494 ultra
3382 4442 3532 4496 dabit

1950 4526 2297 4597 semetipsum
2329 4527 2385 4581 in
2405 4527 2829 4583 dominationem
2864 4530 3099 4599 tyranni,
3130 4545 3303 4601 neque
3330 4532 3526 4587 iterum

1948 4620 2223 4675 exinaniet
2252 4634 2330 4685 se,
2361 4629 2421 4673 ut
2460 4619 2689 4674 formam
2720 4622 2863 4675 servi
2900 4622 3150 4691 accipiat,
3177 4631 3233 4677 et
3274 4623 3368 4677 liat
3405 4623 3531 4679 obe-

1949 4711 2105 4767 diens
2131 4726 2304 4780 usque
2354 4711 2423 4766 ad
2456 4718 2685 4765 mortem
2731 4710 2953 4782 (Philip.
2982 4711 3064 4783 ιι),
3114 4729 3181 4767 ne
3227 4728 3440 4768 rursum
3472 4713 3526 4767 in

1949 4802 2123 4858 forma
2155 4802 2318 4868 servi,
2356 4802 2603 4871 quamvis
2630 4802 2924 4869 voluntate,
2966 4812 3166 4859 etnon
3202 4806 3528 4862 necessitate

1948 4896 2157 4966 positus
2183 4936 2199 4962 ,
2252 4896 2673 4951 dominationem
2720 4903 2927 4950 tantum
2970 4898 3182 4967 tyranni
3231 4900 3527 4968 mortisque

1950 4987 2207 5057 patiatur,
2246 4995 2301 5041 et
2320 4987 2442 5042 ’ilOC
2479 4994 2564 5042 est
2601 4987 2744 5056 quod
2790 4987 2867 5041 ait
2893 5003 2909 5040 :
2937 4985 3097 5051 Quod
3112 4990 3249 5043 enim
3288 4999 3525 5044 mortuus

1949 5090 2023 5134 est
2045 5088 2273 5151 peccato,
2299 5089 2534 5133 mortuus
2559 5089 2633 5132 est
2653 5078 2830 5133 semel.

2022 5188 2175 5256 Quod
2201 5198 2375 5243 autem
2395 5190 2535 5253 vivit,
2561 5187 2826 5241 rivitDeo.
2859 5187 3054 5245 Vivere
3081 5200 3259 5245 autem
3285 5192 3415 5257 Deo,
3451 5193 3525 5245 ita

1949 5281 2352 5352 intelligendum
2396 5289 2497 5345 est,
2531 5280 2685 5348 quasi
2716 5281 2927 5351 expleto
2955 5297 3039 5349 eo,
3073 5284 3217 5353 quod
3266 5284 3320 5338 in
3350 5284 3522 5339 forma

1950 5371 2045 5426 Dei
2066 5371 2294 5441 positus,
2321 5369 2619 5423 exinanivit
2651 5372 3019 5441 semetipsum,
3048 5382 3104 5427 et
3130 5372 3354 5428 formam
3380 5372 3523 5427 servi

1948 5460 2178 5529 accepit,
2216 5466 2272 5513 et
2310 5457 2484 5513 lactus
2528 5468 2612 5513 est
2647 5460 2906 5517 obediens
2946 5478 3116 5531 usque
3162 5463 3229 5516 ad
3271 5471 3517 5527 mortem,

1947 5566 2161 5605 rursum
2185 5559 2501 5621 permaneat
2529 5549 2582 5605 in
2620 5551 2793 5606 forma
2824 5554 3141 5622 Dei,.atque
3178 5552 3520 5622 mqualispa-

1948 5642 2042 5707 tri,
2072 5641 2214 5696 unde
2243 5641 2440 5696 merito
2478 5642 2531 5696 in
2567 5645 3019 5713 consequentibus
3046 5645 3219 5712 ponit,
3249 5644 3320 5698 ita
3349 5653 3403 5701 et
3426 5661 3523 5704 vos

1948 5734 2281 5798 existimate,
2318 5748 2415 5788 vos
2451 5735 2680 5803 quidem.
2708 5744 2949 5787 mortuos
2992 5750 3111 5787 esse
3150 5743 3395 5803 peccato,
3437 5739 3521 5795 vi-

1951 5834 2139 5883 ventes
2180 5833 2359 5881 autem
2404 5826 2509 5879 Deo
2554 5827 2605 5879 in
2639 5825 2854 5879 Christo
2886 5822 3009 5879 μη
3043 5826 3268 5883 Domino
3314 5842 3521 5900 nostro,
