3940 6206
375 356 478 419 405

1662 354 2025 414 ΞΜΑΚΑΕΒῘ
2052 353 2342 415 ABBATIS

3526 356 3630 421 404

374 497 482 553 quo
527 461 734 539 scilicet
776 476 1077 559 imitatione
1118 466 1320 533 Christi
1366 482 1590 547 peccato
1626 473 1947 537 moriamur,
1978 473 2031 534 Α
2126 472 2237 544 Ego
2278 483 2454 529 autem
2493 476 2612 529 dico
2650 474 2809 531 vobis.
2856 475 2914 530 ld
2952 481 3064 540 est,
3100 488 3202 545 ego
3244 488 3417 530 novus
3451 472 3634 542 homo,

376 573 536 630 alieni
566 574 634 627 ab
673 586 738 626 eo
776 568 974 637 effecti,
1012 576 1066 626 et
1098 570 1210 625 Deo
1235 570 1482 624 vivamus
1503 568 1810 638 iungentes
1832 581 1968 631 nos,

376 673 432 722 et
458 680 597 720 unus
622 677 745 718 cum
770 663 887 732 ipso
909 662 1131 731 spiritus
1160 659 1309 717 facti.

445 754 539 810 Ita"
567 762 616 809 et
646 770 731 807 vos
768 753 1081 818 existimate,
1123 758 1228 808 etc.
1271 751 1373 819 Qui
1406 751 1548 806 enim
1596 750 1798 821 cogitat
1835 763 1953 804 mo-

374 842 606 899 riturum
649 858 707 898 se
748 856 868 898 esse
901 859 1008 897 non
1053 850 1274 912 peccat,
1322 842 1474 897 verbi
1525 841 1729 912 gratia,
1777 840 1824 895 si
1870 854 1957 894 me

375 935 807 1005 concupiscentia
849 933 1091 989 mulieris
1135 934 1319 998 trahit,
1364 933 1409 988 si
1448 933 1679 1003 argenti,
1726 930 1771 986 si
1816 932 1954 996 auri,

376 1029 421 1080 si
467 1025 688 1096 prauiia,
737 1026 783 1081 si
829 1025 1096 1096 cupiditas
1138 1025 1331 1094 pulset,
1375 1033 1432 1080 et
1466 1037 1661 1095 ponam
1699 1025 1752 1079 in
1796 1024 1958 1080 cerde

376 1132 518 1183 meo,
570 1117 715 1187 quod
762 1126 1008 1172 mortuus
1060 1124 1181 1173 sum
1227 1118 1283 1172 in
1328 1114 1959 1187 Christo’,exstinguetur

375 1207 630 1261 continuo
674 1207 1111 1276 concupiscentia
1141 1214 1197 1262 et
1226 1204 1509 1278 effugatur,
1539 1208 1821 1276 peceatum
1858 1214 1956 1261 ex-

376 1296 687 1365 stinguitur,
728 1292 880 1351 furor
908 1306 1108 1362 cessat,
1154 1298 1259 1363 ira,
1289 1298 1472 1352 odium
1519 1296 1877 1366 conquiescit,
1905 1302 1958 1349 et

375 1388 477 1441 hoc
522 1386 685 1440 modo
734 1386 857 1455 quis
902 1387 1042 1440 mori
1092 1388 1364 1442 invenitur
1407 1390 1629 1457 peccato
1680 1393 1735 1441 et
1777 1386 1975 1440 vivere

375 1476 505 1530 lleo.
555 1472 696 1541 Quid
746 1485 828 1529 est
874 1476 1035 1541 aliud,
1085 1478 1229 1546 quod
1278 1478 1451 1533 dicit:
1488 1477 1723 1531 Viventes
1753 1477 1857 1530 Deo
1903 1477 1957 1529 in

376 1567 584 1622 Christo
606 1567 758 1633 Iesu,
789 1569 894 1623 nisi
922 1570 1106 1624 vivere
1142 1571 1193 1624 in
1226 1572 1512 1641 sapientia,
1543 1572 1597 1625 in
1636 1569 1869 1638 justitia,
1902 1571 1956 1623 in

389 1674 541 1729 pace,
573 1660 628 1714 in
655 1659 1105 1725 sanctificatione,
1136 1676 1256 1731 qua:
1283 1662 1465 1717 omnia
1494 1662 1744 1718 Christus
1769 1662 1888 1716 est?

446 1750 555 1820 (Ea:
587 1749 844 1824 Primus.)
893 1750 1018 1808 Sive
1064 1754 1372 1808 existimate
1412 1760 1525 1807 vos
1554 1751 1796 1807 mortuos
1836 1763 1956 1806 esse

378 1846 618 1910 peccato,
643 1842 695 1895 id
726 1844 1001 1907 est,sicu’t
1027 1852 1187 1912 caput
1215 1847 1454 1898 vestrum
1485 1843 1652 1898 semel
1694 1853 1777 1899 est
1805 1859 1953 1898 more
1983 1827 2030 1886 Β

376 1940 551 1998 tuum,
581 1933 660 1987 sic
678 1939 732 1987 et
752 1947 848 1988 vos
862 1930 1106 1988 membra
1131 1932 1275 1988 illius
1289 1932 1463 1988 effecti
1476 1934 1620 1997 vitaz,
1644 1933 1759 2002 ejus
1777 1923 1960 1987 exem-

374 2020 462 2088 pla
493 2022 807 2086 sectamini,
835 2032 896 2076 ut
919 2023 1054 2077 nihil
1085 2023 1244 2078 morti
1288 2022 1517 2078 ulterius
1553 2023 1814 2086 debeatis,
1855 2023 1957 2077 hoc

372 2116 478 2175 est,
505 2117 565 2165 ut
592 2111 646 2164 in
673 2111 826 2167 vobis
843 2111 1022 2166 locum
1051 2128 1197 2167 mors
1219 2113 1473 2168 sectanda
1501 2129 1606 2168 non
1638 2114 1847 2168 habeat.
1866 2112 1958 2167 Ille

375 2207 556 2253 autem
591 2201 738 2255 -viv‘it
782 2201 914 2266 Deo,
966 2203 1058 2271 qui
1104 2202 1307 2258 Christi
1357 2206 1584 2276 vestigia
1630 2206 1954 2269 humilitate,

375 2290 823 2358 sanctificatione,
844 2294 1064 2363 pietate,
1087 2302 1345 2349 sectatur.

710 2432 1046 2493 nuncnum!
1087 2440 1367 2495 iturum,
1409 2444 1527 2484 car.
1570 2440 1623 2482 v.

452 2576 469 2608 ι
502 2558 672 2614 Amen
700 2575 856 2616 amen
883 2563 1003 2618 dico
1025 2564 1215 2629 vobis,
1232 2566 1337 2621 nisi
1365 2566 1721 2621 abundaverit
1745 2566 1952 2635 justitia

2055 564 2208 620 vobis
2231 567 2388 620 novis
2412 572 2549 620 nova
2582 566 2794 636 loquor.

2127 656 2267 722 Quia
2299 658 2466 712 omnis
2494 660 2583 728 qui
2620 656 2872 712 irascitur
2899 656 3057 727 fratri
3090 672 3217 722 suo,
3259 672 3378 711 reus
3414 658 3515 712 erit
3543 658 3639 728 ju-

2056 748 2212 801 dicio.
2249 747 2351 819 (Ex
2379 747 2630 819 Angust.)
2675 746 2977 803 Videndum
3003 754 3107 812 est,
3133 751 3395 817 quantum
3424 748 3639 803 intersit

2056 838 2199 892 inter
2221 837 2489 906 justitiam
2519 826 2917 894 Pharisaeorum
2947 846 3005 893 et
3029 838 3489 903 Christianorum,
3515 854 3638 909 quae

2055 927 2351 982 introducit
2394 928 2450 981 in
2496 943 2721 999 regnum
2768 927 3053 982 caelorum.
3106 927 3184 981 lbi
3233 928 3380 982 enim
3426 928 3636 983 occisio

2057 1032 2207 1071 reum
2238 1015 2368 1071 facit
2386 1015 2613 1085 judicio.
2652 1017 2754 1071 Hic
2780 1024 2959 1071 autem
2989 1017 3073 1070 ira
3099 1026 3251 1071 reum
3282 1016 3638 1072 nihilOminus

2059 1105 2190 1161 facit
2209 1105 2433 1174 judicio.

2126 1197 2231 1263 Qui
2267 1207 2437 1252 autem
2470 1187 2676 1253 dixerit
2695 1198 2853 1267 fratri
2890 1215 2987 1252 suo
3020 1198 3200 1261 racha,
3227 1213 3346 1252 reus
3376 1198 3475 1251 erit
3511 1214 3639 1251 cou-

2056 1290 2197 1344 cilio.
2234 1290 2335 1361 (Ex
2363 1288 2608 1361 Hieron.)
2642 1289 2756 1344 Hoc
2787 1291 3010 1344 verbum
3042 1289 3260 1360 proprie
3285 1288 3637 1343 Hebraeorum

2056 1391 2159 1447 est,
2189 1394 2309 1468 ΠΡἾ
2333 1382 2517 1437 Racha
2558 1384 2700 1439 enim
2741 1384 2942 1438 dicitur
2971 1384 3105 1444 κενός
3125 1423 3139 1446 ,
3173 1383 3277 1438 hoc
3311 1389 3415 1447 est,
3461 1382 3657 1437 inanis

2055 1480 2111 1527 et
2153 1486 2357 1528 vacuus
2385 1514 2400 1538 ,
2460 1489 2620 1542 quem
2672 1488 2773 1528 nos
2821 1488 3107 1543 possumus
3159 1473 3375 1543 vulgata
3437 1472 3636 1541 injuria

2056 1565 2247 1636 absque
2288 1564 2494 1619 cerebro
2533 1579 2867 1634 nuncupare.
2929 1564 2987 1619 Si
3038 1565 3105 1619 de
3159 1563 3337 1618 otioso
3385 1578 3640 1618 sermone

2057 1658 2317 1713 reddituri
2353 1674 2539 1713 sumus
2577 1660 3101 1728 rationem,-quanto
3139 1658 3310 1728 magis
3342 1657 3410 1711 de
3446 1664 3637 1709 contn-

2056 1748 2259 1803 melia?
2297 1749 2403 1804 Sed
2442 1758 2497 1803 et
2531 1751 2808 1820 signauter
2845 1748 3081 1812 additur,
3121 1748 3211 1818 qui
3242 1747 3435 1802 dixerit
3479 1747 3640 1815 fratri

2056 1856 2152 1895 suo
2186 1841 2365 1895 rat-ha.
2409 1841 2602 1895 Frater
2638 1843 2780 1896 enim
2818 1848 3005 1895 noster
3045 1840 3224 1894 nullus
3266 1848 3369 1904 est,
3404 1840 3510 1893 nisi
3545 1839 3660 1909 qui-

2057 1933 2303 1987 eumdem
2333 1934 2611 1988 nobiseum
2634 1934 2797 1987 habet
2823 1943 3065 2002 patrem;
3092 1948 3216 1987 cum
3235 1948 3365 2003 ergo
3385 1933 3644 1987 similiter

2055 2023 2245 2077 credat
2284 2023 2338 2076 in
2384 2023 2575 2087 Deum,
2615 2032 2668 2079 et
2705 2023 2978 2078 Christum
3020 2022 3117 2078 Dei
3162 2023 3374 2079 noverit
3424 2023 3647 2092 sapien.

2057 2113 2207 2178 tiam,
2236 2128 2341 2182 qua
2368 2114 2576 2168 ratione
2605 2113 2848 2169 stultitiae
2873 2102 3048 2185 eibgio
3082 2115 3327 2169 deuotari
3354 2114 3573 2183 potest?

2127 2201 2235 2274 (Ea:
2252 2201 2498 2273 August.)
2544 2202 2683 2269 Quid
2726 2202 2954 2257 interest
2978 2204 3118 2257 inter
3140 2217 3290 2257 reum
3312 2202 3554 2273 judicio,
3584 2210 3645 2259 et

2056 2298 2205 2348 reum
2231 2294 2481 2359 concilio,
2505 2301 2559 2348 et
2585 2309 2734 2348 reum
2758 2294 3015 2365 gehennae
3049 2294 3226 2364 ignis?
3246 2292 3380 2348 Nam
3407 2294 3513 2349 hoc
3542 2307 3646 2363 po-

2054 2396 2313 2439 stremum
2335 2386 2710 2456 gravissimum
2733 2395 2909 2451 sonat,
2928 2395 2983 2441 et
2996 2390 3247 2442 admonet
3262 2387 3465 2458 gradus
3482 2402 3647 2456 quos-

2054 2477 2177 2531 dam
2198 2476 2370 2532 factos
2399 2492 2429 2530 a
2447 2477 2740 2533 levioribus
2768 2478 2835 2532 ad
2862 2478 3133 2549 graviora,
3158 2478 3331 2534 donec
3359 2479 3427 2533 ad
3443 2480 3646 2549 gehen-

2054 2580 2178 2623 nam
2204 2568 2343 2639 ig‘nis
2367 2569 2673 2624 veniretur:
2701 2578 2755 2624 et
2786 2570 2905 2625 ideo
2934 2570 2979 2624 si
3009 2566 3182 2625 levius
3205 2576 3312 2635 est,
3339 2585 3495 2624 reum
3517 2584 3665 2624 esse

383 2672 398 2699 ι
446 2662 627 2708 vestra
656 2655 777 2723 plus
799 2670 960 2725 quam
985 2656 1298 2713 Scribarum
1330 2668 1385 2713 et
1408 2659 1827 2727 Pharismorum,
1846 2675 1950 2715 non
2048 2658 2268 2728 judicio,
2287 2674 2448 2729 quam
2470 2673 2590 2714 esse
2608 2672 2758 2714 reum
2780 2659 3033 2725 concilio,
3058 2659 3189 2714 item
3211 2659 3493 2714 levius'est
3519 2674 3647 2714 esse

384 2755 413 2791 c‘
451 2745 723 2801 intrabitis
765 2747 820 2800 in
849 2762 1073 2819 regnum
1116 2749 1398 2804 caelorum.
1433 2750 1674 2806 Audistis
1716 2752 1842 2821 quia
1871 2752 1954 2805 di-

381 2857 398 2886 c
446 2846 592 2891 etum
625 2846 709 2894 est
734 2840 972 2910 antiquis
997 2860 1011 2895 :
1039 2842 1155 2897 Non
1188 2843 1421 2898 occides.
1455 2843 1556 2910 Qui
1595 2851 1772 2899 autem
1803 2846 1948 2899 occi-

381 2934 413 2976 (
443 2928 619 2995 derit,
651 2945 775 2985 reus
819 2932 925 2986 erit
975 2934 1199 3004 judicio.
1244 2935 1354 3004 Ego
1405 2945 1582 2990 autem
1626 2936 1748 2991 dico
1778 2938 1949 3000 vobis,

380 3034 411 3068 ι’
444 3020 571 3089 qula
599 3022 774 3076 omnis
803 3024 894 3092 qui
926 3026 1182 3080 irascitur
1224 3026 1380 3080 fratri
1416 3041 1534 3091 suo,
1576 3043 1701 3081 reus
1726 3029 1831 3082 erit
1861 3027 1951 3097 ju-

380 3125 400 3158 ο
446 3109 609 3164 dicio.
656 3109 771 3177 Qui'
802 3122 983 3168 autem
1023 3115 1220 3170 dixerit
1266 3113 1419 3169 fratri
1464 3131 1563 3170 suo
1606 3118 1788 3182 racha,
1830 3134 1954 3174 reus

381 3221 400 3249 ι
445 3198 561 3254 erit
592 3200 842 3258 concilio.
886 3202 987 3270 Qui
1033 3213 1211 3260 autem
1259 3206 1463 3261 dixerit
1495 3204 1817 3274 fatue,reus
1850 3210 1956 3264 erit

385 3300 415 3339 ι’
447 3290 705 3360 gehennae
732 3294 888 3365 ignis.
920 3294 977 3350 Si
999 3311 1127 3367 ergo
1148 3296 1312 3353 offers
1346 3314 1540 3353 munus
1569 3307 1721 3354 tuum
1763 3300 1829 3356 ad
1871 3301 1952 3354 al-

383 3396 402 3430 ‹
450 3391 585 3448 tare,
631 3388 686 3437 et
731 3386 805 3441 ibi
857 3389 1169 3443 recordatus
1215 3390 1405 3455 fueris,
1448 3392 1574 3460 quia
1618 3390 1791 3447 frater
1830 3401 1955 3449 tuus

383 3477 415 3519 4"
447 3473 608 3528 habet
654 3475 855 3546 aliquid
897 3479 1184 3535 adversum
1232 3489 1300 3544 te,
1350 3480 1593 3551 relinque
1636 3482 1708 3537 ibi
1760 3494 1955 3537 munus

383 3584 399 3609 ι
449 3571 600 3618 tuum
632 3574 759 3621 ante
788 3567 979 3633 altare,
1006 3577 1063 3622 et
1086 3570 1225 3625 vade
1254 3571 1405 3639 prius
1431 3574 1767 3628 reconciliari
1797 3573 1951 3629 fratri

384 3667 405 3698 ι
452 3654 563 3707 tuo.
595 3653 665 3708 Et
694 3662 823 3710 tunc
846 3657 1070 3713 veniens
1103 3648 1528 3717 oﬂ‘eresmunus
1564 3670 1737 3717 tuum.
1787 3683 1807 3716 ι

449 3743 614 3798 Amen
653 3756 805 3800 amen
849 3746 966 3801 dico
1010 3749 1187 3813 vobis,
1223 3752 1328 3804 nisi
1365 3752 1710 3808 abundaverit
1742 3755 1956 3825 justitia

382 3842 564 3898 vestra,
610 3833 933 3905 plusquam;
978 3844 1084 3893 etc.
1113 3837 1213 3911 (Ex
1237 3839 1492 3913 August.)
1537 3843 1650 3900 Hoc
1697 3854 1802 3911 est,
1850 3848 1955 3903 nisi

382 3934 486 3977 non
519 3923 692 3979 solum
728 3925 819 3980 ilia
856 3927 1077 3983 minima
1117 3931 1252 3999 legis
1276 3942 1543 4004 praecepta
1582 3935 1954 4006 impleveritis,

378 4023 500 4083 qua;
539 4016 797 4073 inchoant
835 4019 1131 4086 hominem,
1174 4024 1266 4078 sed
1293 4025 1456 4080 etiam
1499 4025 1623 4092 ista,
1656 4040 1778 4099 quae
1808 4044 1838 4084 a
1870 4046 1958 4085 me

379 4104 671 4172 adduntur,
702 4109 794 4178 qui
823 4125 929 4165 non
956 4112 1078 4167 veni
1107 4113 1320 4171 solvere
1356 4115 1549 4188 legem,
1580 4118 1673 4173 sed
1708 4120 1955 4189 implere,

381 4209 488 4250 non
523 4197 799 4253 intrabitis
841 4199 911 4254 in-
939 4217 1161 4273 regnum
1203 4204 1485 4263 caelorum.
1526 4205 1741 4265 Justitia
1769 4210 1960 4267 Phari-

378 4300 609 4342 szrorum
640 4296 745 4353 est,
776 4297 837 4343 ut
865 4306 970 4345 non
1001 4293 1272 4359 occidant,
1299 4295 1507 4365 justitia
1535 4312 1724 4353 eorum
1753 4301 1845 4370 qui
1878 4303 1960 4357 in—

381 4377 574 4432 traturi
618 4385 752 4433 sunt
784 4378 839 4433 in
884 4395 1113 4450 regnum
1139 4383 1234 4438 Dei
1275 4395 1374 4449 est,
1409 4396 1470 4442 ut
1504 4404 1610 4443 non
1650 4391 1960 4446 irascantur

383 4470 500 4522 sine
525 4484 712 4523 causa.
775 4469 1052 4527 Minimum
1084 4484 1168 4529 est
1191 4489 1320 4546 ergo
1360 4492 1469 4533 non
1498 4480 1761 4541 occidere,
1788 4490 1842 4535 et
1864 4483 1956 4551 qui

381 4564 509 4617 i-ilud
534 4565 1061 4631 solverit,minimus
1089 4571 1370 4626 vocabitur
1398 4572 1452 4627 in
1478 4588 1644 4643 regno
1671 4574 1951 4630 cmlorum.

382 4656 691 4720 Qui'autem
722 4657 855 4713 illud
894 4659 1220 4730 impleverit,
1250 4678 1359 4717 non
1387 4664 1621 4729 occidat,
1651 4676 1758 4719 non
1785 4666 1959 4720 conti-

382 4762 490 4802 nuo
533 4762 761 4819 magnus
802 4751 928 4818 erit;
965 4760 1020 4807 et
1064 4754 1287 4811 idoneus
1331 4770 1495 4827 regno
1536 4756 1821 4822 emlorum,
1862 4758 1957 4812 sed

383 4837 564 4896 ﬁumen
598 4843 841 4898 ascendit
873 4844 1105 4915 aliquem
1133 4849 1378 4919 gradum.
1409 4848 1729 4903 Perficietur
1755 4859 1953 4914 autem,

382 4930 441 4985 si
479 4946 585 4987 nou
642 4934 895 4989 irascitur
939 4938 1058 4992 sine
1108 4943 1312 5004 causa,
1369 4940 1512 5009 quod
1558 4941 1602 4995 si
1648 4940 1954 5010 perfecerit,

385 5022 556 5078 multo
596 5025 856 5080 remotior
892 5028 997 5082 erit
1037 5028 1105 5083 ab
1137 5030 1449 5085 homicidio.
1480 5029 1819 5100 Quapropter
1868 5034 1958 5102 qui

384 5115 543 5170 docet
569 5124 630 5170 ut
662 5133 768 5172 non
805 5118 1123 5185 irascamur,
1162 5136 1268 5176 non
1302 5121 1463 5175 solvit
1499 5121 1694 5191 legem,
1725 5137 1792 5177 ne
1818 5124 1962 5179 occi-

386 5214 597 5279 damus,
634 5214 729 5269 sed
766 5214 950 5286 implet
973 5217 1174 5285 potius,
1204 5223 1265 5270 ut
1303 5224 1357 5271 et
1385 5215 1533 5278 foris,
1562 5216 1688 5271 dum
1738 5231 1842 5270 non
1871 5232 1961 5272 oc-

383 5307 636 5373 cidimus,
667 5316 723 5362 et
756 5308 808 5362 in
844 5309 1026 5371 corde,
1060 5308 1187 5362 dum
1221 5321 1327 5360 non
1357 5305 1665 5372 irascimur,
1704 5306 1960 5361 innocen-

385 5401 515 5455 tiam
543 5402 946 5456 custodiamus.~
1420 5406 1425 5413 '

452 5493 710 5559 Audistis,
747 5494 872 5564 quia
917 5490 1117 5545 dictum
1152 5497 1228 5543 est
1265 5490 1493 5561 antiquis
1520 5508 1539 5544 :
1573 5488 1695 5545 Non
1736 5490 1958 5546 occides.

389 5584 492 5647 Qui
536 5578 709 5640 autem
758 5586 1033 5649 occiderit,
1085 5600 1204 5639 reus
1239 5586 1337 5639 erit
1365 5585 1593 5656 judicio.
1636 5584 1693 5638 lu
1726 5584 1842 5655 lege
1869 5599 1964 5638 au-

391 5677 498 5724 tem
528 5672 892 5739 indicabatur,
934 5682 989 5728 ut
1030 5685 1081 5729 et
1122 5676 1214 5744 qui
1255 5676 1552 5737 occidebat,
1583 5681 1635 5728 et
1668 5675 1779 5742 ipse
1822 5676 1966 5729 occi-

391 5760 624 5813 daretur.

1981 3168 2025 3231 C

2055 2764 2207 2805 reum
2230 2750 2483 2817 concilio,
2507 2766 2668 2820 quam
2701 2756 2851 2807 reum
2882 2767 3001 2807 esse
3021 2752 3282 2822 gehennm
3304 2752 3648 2823 ignis,opor-

2055 2850 2132 2896 tet
2157 2842 2328 2896 levius
2354 2856 2475 2897 esse
2525 2842 2856 2912 intelligatur
2902 2842 3064 2896 irasci
3088 2831 3210 2896 sine
3256 2855 3419 2895 causa
3461 2841 3645 2904 fratri,

2054 2948 2214 3005 quam
2256 2932 2438 2987 dicere
2475 2934 2673 2996 racha,
2720 2942 2775 2988 et
2809 2948 3020 2997 rursus,
3058 2932 3231 2988 levius
3279 2945 3401 2986 esse
3449 2932 3668 2990 raeha.~

2053 3037 2217 3092 quam
2254 3022 2435 3077 dicere
2473 3021 2641 3077 fatue.
2679 3021 2797 3076 Non
2834 3022 2982 3078 enim
3023 3030 3205 3076 reatus
3252 3020 3369 3091 ipse
3414 3021 3653 3076 haberet

2057 3114 2285 3184 gradus,
2325 3112 2431 3168 nisi
2470 3113 2736 3184 gradatim
2781 3113 2946 3169 etiam
2990 3119 3211 3183 peccata
3249 3126 3657 3167 commemora-

2057 3209 2266 3256 rentur.
2296 3201 2481 3257 Racha
2508 3203 2654 3257 enim
2676 3203 2966 3258 obscurum
2989 3211 3093 3267 est,
3124 3202 3249 3272 quia
3278 3201 3673 3258 necGraacum-

2055 3302 2141 3349 est
2170 3308 2270 3349 nec
2295 3293 2571 3360 Latinum,
2602 3294 2845 3349 nonnulli
2896 3303 3076 3349 autem
3105 3294 3172 3349 de
3201 3293 3391 3349 Graeco
3422 3294 3673 3350 trahere'

2056 3382 2343 3439 voluerunt
2370 3381 2487 3451 ejus
2512 3383 3040 3453 interpretationem,
3064 3390 3321 3454 putantes
3347 3394 3673 3454 pannosum‘

2056 3474 2187 3535 dici.
2215 3473 2403 3529 Graece
2436 3474 2581 3528 enim
2612 3489 2843 3542 pannus,
2877 3474 3079 3529 racbus‘
3103 3474 3322 3529 dicitur.
3376 3473 3675 3529 Probabi-

2057 3564 2163 3620 lius
2207 3572 2388 3619 autem
2439 3564 2640 3620 dicitur
2681 3578 2869 3619 vocem
2908 3580 3050 3630 esse,
3094 3580 3201 3619 non
3245 3564 3680 3633 significantem,

2057 3652 2260 3722 aliquid
2296 3652 2461 3717 aliud,
2493 3654 2597 3708 nisi
2633 3653 2967 3724 indignantis
3006 3653 3173 3707 animi
3219 3661 3422 3707 motum
3461 3655 3663 3724 expri-

2056 3751 2313 3810 mentem,
2352 3752 2413 3798 ut
2447 3752 2573 3799 sunt
2604 3744 2745 3813 apud
2779 3744 3165 3814 grammaticos
3208 3744 3679 3814 interiectiones,

2057 3857 2184 3898 cum
2223 3843 2422 3900 dicitur
2461 3860 2492 3898 a
2529 3843 2761 3907 dolente,
2800 3843 2922 3907 heu,
2961 3843 3051 3899 vel
3076 3844 3147 3899 ab
3176 3844 3471 3909 irascente,
3499 3845 3679 3911 Item,-

2058 3950 2179 4004 qure
2202 3950 2364 3993 voces
2396 3951 2734 4007 quarumque
2763 3937 3069 4008 linguarum
3097 3946 3222 3994 sunt
3244 3940 3512 4009 propria,
3546 3956 3665 3995 nec

2061 4026 2115 4079 in
2156 4026 2316 4080 aliam
2358 4026 2593 4097 linguam
2640 4025 2795 4082 facile
2825 4026 3260 4095 transferuntur;
3300 4043 3421 4097 qute
3478 4045 3684 4084 causa'

2060 4116 2245 4185 utique
2274 4117 2451 4187 coegit
2487 4124 2598 4171 tam
2624 4117 2870 4174 Caecum
2901 4119 3274 4188 interpretem,
3303 4135 3468 4189 quam
3497 4119 3670 4175 Lati-

2058 4222 2188 4262 num
2212 4220 2398 4262 vocem
2431 4207 2600 4277 ipsam
2622 4220 2845 4277 ponere,
2869 4223 2991 4263 eum
3017 4208 3286 4278 quomodo
3315 4223 3437 4262 eam
3479 4209 3674 4263 inter-

2060 4307 2382 4367 pretaretur,
2404 4313 2509 4352 non
2535 4299 2820 4354 inveniret.
2837 4299 3050 4355 Gradus
3074 4300 3257 4370 itaque
3286 4309 3412 4354 sunt
3440 4300 3495 4353 in
3530 4300 3691 4355 istis.“

2059 4389 2319 4457 peccatis,
2349 4397 2408 4442 ut
2434 4390 2607 4459 primo
2629 4390 2856 4459 quisque
2885 4391 3175 4455 irascatur,
3203 4398 3260 4443 et
3287 4405 3409 4444 eum
3439 4398 3673 4444 motum

2066 4481 2297 4536 retineat
2332 4483 2494 4536 corde
2527 4490 2867 4551 conceptum.
2913 4482 3033 4537 Jum
3062 4481 3105 4535 si
3133 4480 3428 4535 extorserit
3455 4496 3677 4537 vocem

2066 4573 2415 4645 indignantis,
2459 4574 2572 4642 ipsa
2609 4575 2900 4630 commotio
2948 4588 3055 4628 non
3103 4572 3501 4642 signiﬁcantem
3562 4574 3680 4626 ali-

2067 4665 2218 4735 quid,
2278 4665 2374 4720 sed
2413 4665 2564 4720 illum
2610 4665 2777 4720 animi
2825 4672 3028 4720 motum
3076 4665 3190 4734 ipsa
3240 4664 3537 4734 eruptione
3589 4674 3681 4720 te-

2065 4764 2298 4813 stantem
2362 4773 2468 4828 qua
2516 4757 2741 4814 feriatur
2787 4758 2877 4814 ille
2917 4758 3348 4821 cui'irascimur,
3393 4756 3527 4826 plus
3583 4767 3697 4812 est

2066 4849 2253 4918 utique
2296 4864 2457 4918 quam
2510 4850 2555 4906 si
2602 4863 2829 4920 surgens
2877 4849 2957 4903 ira
3017 4848 3233 4904 silentio
3276 4858 3679 4918 premeretur.

2069 4938 2126 4996 Si
2170 4956 2299 4995 vero
2334 4957 2439 4996 non
2485 4941 2659 4997 solum
2706 4956 2809 4995 vos
2856 4941 3186 5013 indignantis
3230 4939 3525 5001 audiatur,
3570 4942 3701 4995 sed

2062 5032 2225 5088 etiam
2266 5032 2490 5087 verbum
2539 5032 2683 5101 quod
2716 5029 2830 5099 jam
2878 5041 3084 5085 certam
3129 5028 3250 5098 ejus
3293 5030 3689 5099 vituperatio—

2064 5134 2208 5188 nem,
2261 5122 2317 5178 in
2366 5137 2529 5193 quem
2575 5121 2872 5192 profertur,
2920 5122 3163 5193 designet
3214 5128 3271 5175 et
3313 5126 3487 5182 notet,
3538 5123 3693 5190 quis

2065 5214 2276 5270 dubitet
2312 5214 2543 5284 amplius
2586 5214 2689 5269 hoc
2739 5229 2880 5280 esse,
2926 5229 3090 5284 quam
3131 5212 3179 5268 si
3213 5212 3363 5267 solus
3398 5210 3696 5281 indigna-

2065 5307 2230 5362 tionis
2277 5320 2444 5362 sonus
2477 5307 2766 5362 ederetur?
2807 5306 2993 5376 itaque
3038 5306 3093 5359 in
3122 5306 3300 5376 primo
3334 5316 3515 5358 unum
3561 5315 3696 5364 cst.

2071 5399 2124 5454 id
2147 5407 2253 5463 est,
2291 5398 2371 5453 ira
2410 5397 2545 5462 sola,
2574 5396 2630 5451 in
2668 5397 2904 5452 secundo
2933 5396 3055 5458 duo,
3083 5403 3142 5450 et
3176 5395 3257 5449 ira
3293 5400 3351 5448 et
3372 5406 3512 5455 vox,
3547 5408 3700 5462 qua:

2071 5492 2208 5547 iram
2237 5490 2526 5562 significat,
2553 5498 2609 5546 et
2645 5491 2701 5545 in
2729 5504 2862 5545 voce
2897 5489 3011 5559 ipsa
3041 5495 3204 5543 cet-tm
3231 5485 3705 5555 vituperationis

2070 5581 2505 5652 expressio.V'tde
2519 5596 2661 5634 nunc
2687 5581 2851 5635 etiam
2870 5586 2983 5634 tres
3001 5586 3181 5632 reatus
3204 5574 3389 5643 iudicii
3405 5575 3713 5641 concilii,

2070 5675 2329 5742 gehennm
2375 5673 2532 5743 ignis.
2564 5670 2698 5725 Nam
2736 5671 2940 5740 judicio
2967 5670 3144 5724 adhuc
3163 5664 3465 5722 de‘ensioni
3499 5665 3713 5725 datur

2072 5766 2236 5819 locus.
2273 5764 2328 5817 lu
2357 5765 2583 5819 concilio
2622 5772 2799 5817 autem
2815 5764 3133 5831 ‘quanquam
3163 5771 3218 5816 ct
3238 5759 3521 5828 judicium
3554 5777 3712 5819 esse
