3932 6204
322 312 415 370 tes

1141 304 1653 361 COLLECTION'ES
1684 304 1751 358 ΙΝ
1792 303 2167 361 EPISTOLAS
2197 306 2285 379 ET
2324 307 2733 365 EVANGELIA.

3446 314 3550 373 ωδ

312 427 501 490 soleat,
539 431 719 477 tamen
759 420 884 491 quia
926 420 1187 476 interesse
1218 420 1421 489 aliquid
1447 420 1550 475 hoc
1573 418 1692 473 loco
1726 416 1882 472 fateri
1912 420 1963 479 Α
1993 435 2012 469 ι
2056 416 2191 472 Nam
2227 418 2350 475 ﬁnis
2390 420 2604 476 illorum
2644 435 2792 478 mors
2834 427 2937 477 est.
2981 421 3134 479 Nunc
3172 437 3303 479 vero
3342 392 3556 485 liberati

311 517 453 585 cogit
494 514 610 583 ipsa
654 509 946 574 distinctio,
991 509 1236 563 videatur
1280 509 1351 563 ad
1396 508 1684 564 concilium
1716 507 1882 577 perti-

312 624 437 664 nere
472 607 757 663 sententiae
792 604 1047 675 prolatio,
1074 603 1290 673 quando
1326 618 1431 657 nou
1454 600 1567 670 jam
1596 617 1718 655 cum
1763 601 1881 671 ipso

312 718 401 757 reo
428 701 631 770 agitur,
662 706 843 752 utrum
873 696 1210 751 damnandus
1246 695 1337 759 sit,
1374 694 1468 750 sed
1511 694 1652 748 inter
1678 708 1758 759 se,
1788 692 1880 762 qui

302 793 565 862 iudicant,
611 787 914 848 conferunt,
958 801 1067 855 quo
1118 784 1378 854 supplicio
1424 784 1667 839 damnari
1721 798 1880 853 Opor-

308 890 436 945 teat,
471 896 634 951 quem
674 885 887 933 constat
909 892 1028 932 esse
1056 874 1438 931 damnandum.
1472 874 1728 931 Cebenna
1751 888 1880 928 vero

308 977 468 1046 ignis,
513 987 614 1027 nec
662 970 1062 1026 damnationem
1102 968 1267 1022 habet
1313 966 1564 1031 dubiam,
1615 967 1755 1020 sicut
1791 963 1878 1033 ju-

303 1068 531 1129 dicium,
576 1079 677 1118 nec
716 1059 953 1115 damnati
998 1072 1236 1127 poenam,
1282 1058 1423 1113 sicut
1467 1056 1779 1119 concilium,
1825 1055 1877 1109 in

302 1159 549 1230 gebenna
590 1170 720 1209 vero
756 1153 894 1223 ignis
927 1159 1075 1206 certa
1109 1159 1194 1204 est
1230 1158 1284 1204 et
1310 1150 1603 1214 damnatio,
1639 1157 1695 1203 et
1718 1162 1877 1218 paena

302 1249 565 1305 damnati.
1050 1260 1053 1263 λ

373 1338 632 1394 Cebenna
674 1350 871 1391 nomen
911 1333 1267 1403 compositum
1307 1339 1408 1396 est,
1437 1341 1550 1390 tam
1584 1338 1696 1391 κη.
1750 1329 1875 1384 Fuit

300 1429 446 1486 enim
478 1426 631 1481 vallis
659 1425 891 1480 ﬁliorum
917 1424 1108 1478 Ennon
1144 1422 1294 1491 juxta
1323 1420 1642 1483 Jerusalem,
1684 1420 1740 1474 in
1769 1436 1873 1489 qua

299 1519 472 1573 multa
490 1518 709 1587 iacuere
735 1515 998 1571 cadavera
1025 1520 1380 1577 mortuorum,
1415 1510 1556 1566 unde
1581 1519 1637 1566 et
1663 1511 1873 1565 interno

297 1610 561 1680 gehennze
584 1605 836 1675 congruit
858 1618 1074 1658 nomen.

374 1699 433 1754 Si
468 1715 588 1768 ergo
628 1697 787 1764 offers
827 1712 1017 1748 manus
1045 1704 1193 1747 tuum
1231 1702 1352 1747 ante
1389 1691 1579 1756 altare,
1606 1700 1656 1746 et
1689 1691 1761 1745 ibi
1792 1708 1874 1745 re-

1964 527 2007 585 τι
2051 524 2083 562 a
2116 516 2361 581 peccato,
2388 512 2531 567 servi
2556 521 2735 571 autem
2768 512 2893 568 facti
2923 512 3054 578 Deo,
3086 513 3297 571 habetis
3323 514 3557 571 fructum

1987 614 2006 647 ‹
2050 605 2290 653 vestrum
2338 598 2391 653 in
2442 599 2958 664 sanctiﬁcationem,
3010 600 3171 657 tinem
3217 618 3346 658 vero
3391 605 3558 660 vitam

1986 705 2003 737 ι
2048 695 2327 742 aeternam.
2387 689 2662 758 Stipend3a
2718 691 2860 745 enim
2901 692 3111 761 peccati
3157 708 3331 755 mors,
3385 694 3558 762 gratia

1985 796 2004 828 ‹
2048 784 2229 833 autem
2258 780 2354 835 Dei
2399 781 2508 836 vita
2552 788 2775 847 mterua,
2824 782 2878 836 in
2906 782 3124 839 Christo
3166 782 3292 840 Jesu
3331 785 3565 841 Domino

1984 887 2002 919 ε
2048 877 2255 923 nostro.
2306 890 2323 922 ι

2050 956 2356 1012 Humanum
2380 958 2495 1012 dico
2524 969 2733 1030 propter
2757 960 3115 1029 inﬁrmitatem
3144 963 3318 1018 carnis
3350 973 3550 1019 vestrm.

1978 1052 2125 1107 Sicut
2143 1053 2281 1106 enim
2302 1053 2608 1107 exhibuistis
2642 1055 2868 1109 membra
2902 1065 3067 1110 vestra
3092 1057 3283 1111 servire
3323 1058 3553 1111 immun-

1976 1144 2120 1199 ditim
2160 1154 2208 1198 et
2247 1145 2513 1215 iniquitati
2546 1145 2613 1198 ad
2654 1146 3000 1217 iniquitatem,
3044 1149 3118 1200 ita
3150 1165 3287 1202 nunc
3324 1149 3557 1211 exhibete

1975 1237 2206 1291 membra
2251 1248 2416 1292 vestra
2460 1239 2653 1293 serrire
2691 1240 2918 1308 justitia’
2962 1239 3015 1292 in
3061 1240 3550 1309 sanctiﬁcationem.

1976 1326 2077 1398 (Ex
2105 1327 2279 1398 Orig.)
2306 1328 2572 1383 Pudorem
2603 1330 2889 1400 quemdam
2916 1345 3015 1400 per
3041 1332 3158 1386 haec
3198 1331 3555 1402 incutitApo-

1973 1416 2145 1473 stolus
2177 1418 2536 1482 auditoribus,
2567 1427 2627 1473 ut
2651 1420 2752 1474 hoc
2786 1420 2978 1476 saltem
3006 1420 3308 1488 dependant
3332 1421 3554 1491 justitia:

1973 1512 2029 1559 ct
2063 1505 2498 1569 sanetilicationi,
2532 1507 2674 1576 quod
2704 1507 2855 1577 prius
2892 1507 3264 1572 immunditim,
3299 1509 3553 1577 iniquita—

1975 1594 2121 1664 tique
2169 1594 2497 1649 detulerunt.
2576 1594 2712 1661 Quid
2762 1610 2890 1666 ergo
2934 1603 3046 1649 tam
3082 1595 3418 1661 humanum,
3452 1599 3556 1654 hoc

1971 1690 2076 1747 est,
2115 1683 2243 1753 quid
2273 1690 2381 1737 tam
2413 1683 2548 1749 leve,
2582 1684 2709 1754 quid
2760 1693 2867 1739 tam
2912 1686 3028 1740 sine
3077 1698 3262 1752 onere,
3311 1694 3365 1740 et
3411 1686 3555 1757 quod

295 1758 548 1845 cordatus
574 1758 759 1858 fueris,
790 1787 914 1857 quia
944 1786 1109 1855 frater
1132 1794 1253 1839 tuus
1278 1783 1429 1838 habet
1459 1781 1659 1853 aliquid
1689 1783 1871 1837 adver-
1898 1758 1945 1817 Β
1973 1773 2116 1828 nulli
2180 1789 2403 1844 prorsus
2455 1776 2629 1844 possit
2682 1776 2862 1831 carnis
2921 1776 3210 1832 inﬁrmitas
3257 1780 3555 1833 excusare?

297 1898 415 1934 sum
440 1889 510 1944 te,
538 1879 770 1949 relinque
798 1879 868 1932 ibi
896 1893 1086 1931 munus
1113 1885 1261 1930 tuum
1287 1884 1408 1929 ante
1430 1873 1617 1939 altare,
1633 1884 1738 1929 etc.
1768 1873 1872 1944 (Ex
1972 1865 2141 1921 multo
2179 1866 2324 1921 enim
2366 1867 2617 1938 amplius,
2657 1877 2710 1951 et
2739 1866 2909 1923 multo
2951 1868 3212 1924 intentius
3241 1870 3553 1925 honoranda

298 1971 549 2041 Hieron.)
592 1968 707 2023 Non
753 1969 906 2032 dixit,
952 1968 998 2022 si
1044 1975 1102 2020 tu
1152 1966 1318 2021 habes
1352 1965 1555 2035 aliquid
1588 1966 1872 2021 adversum
1964 1957 2179 2027 iustitia
2205 1966 2307 2015 est.
2341 1958 2448 2027 Sed
2476 1976 2594 2032 ego,
2627 1961 2820 2031 inquit,
2851 1962 3087 2016 humane
3117 1970 3174 2016 et
3195 1962 3552 2017 communiter

296 2060 522 2115 fratrem
562 2067 736 2122 tuum,
770 2057 865 2112 sed
903 2057 949 2110 si
990 2055 1159 2110 frater
1188 2065 1312 2109 tuus
1342 2055 1517 2110 habet
1545 2053 1745 2123 aliquid
1772 2054 1871 2109 ad-

294 2166 518 2206 versum
547 2158 620 2214 te,
655 2157 716 2203 ut
741 2147 931 2202 durior
954 2144 1413 2207 reconciliationis
1438 2143 1533 2200 tibi
1569 2144 1874 2214 imponatur

301 2243 617 2298 necessitas.
668 2239 914 2307 Quandiu
945 2253 1075 2308 ergo
1114 2236 1263 2292 illum
1290 2235 1507 2306 placare
1550 2250 1656 2289 non
1684 2249 1872 2303 passu-

302 2349 446 2397 mus,
474 2331 658 2388 nescio
679 2346 747 2384 an
771 2335 1165 2399 consequenter
1199 2342 1424 2381 munera
1456 2334 1641 2381 nostra
1671 2324 1869 2380 oﬂ‘erao

306 2438 423 2478 mus
448 2422 581 2477 Deo.

373 2514 537 2568 Docet
574 2511 760 2581 utique
799 2509 1035 2580 eumqui
1076 2509 1139 2563 in'
1154 2508 1373 2564 fratrem
1406 2507 1741 2577 impaeilicus
1760 2514 1866 2571 est,

306 2604 452 2674 pacis
477 2602 708 2657 hostiam
728 2600 875 2668 juste
902 2600 1131 2655 Domino
1156 2598 1349 2655 offerre
1375 2613 1481 2653 non
1511 2612 1690 2667 posse.

373 2691 482 2761 (Ea:
516 2687 764 2759 August.)
798 2688 856 2743 Si
893 2688 947 2742 in
978 2697 1211 2744 mentem
1239 2687 1465 2751 venerit,
1498 2687 1642 2756 quod
1669 2686 1871 2756 aliquid

308 2783 499 2837 habeat
522 2781 807 2836 adversum
835 2795 936 2835 nos
964 2778 1153 2844 frater,
1182 2780 1233 2835 id
1262 2787 1366 2844 est,
1395 2778 1441 2832 si
1486 2793 1587 2834 nos
1612 2793 1736 2834 eum
1770 2779 1871 2833 ali-

304 2887 409 2943 quo
452 2871 720 2936 Iresimus,
755 2879 884 2927 tunc
917 2871 1062 2927 enim
1108 2870 1225 2940 ipse
1258 2869 1421 2925 habet
1454 2868 1712 2924 adversus
1750 2884 1870 2936 nos,

308 2981 427 3020 nam
456 2980 554 3019 nos
583 2954 843 3019 habemus
871 2962 1158 3018 adversum
1187 2960 1360 3026 illum,
1391 2960 1438 3016 si
1465 2960 1556 3015 ille
1586 2975 1685 3015 nos
1711 2960 1868 3027 laesit,

307 3057 394 3111 ubi
419 3071 526 3111 non
554 3070 690 3125 opus
714 3062 798 3110 est
830 3068 1060 3124 pergere
1094 3053 1164 3108 ad
1192 3051 1705 3108 reconciliationem.
1751 3048 1868 3107 Non

1972 2067 2096 2121 ago,
2123 2051 2313 2107 eadem
2343 2052 2576 2121 postulo,
2619 2052 2813 2108 similia
2847 2055 3065 2124 requiro
3093 2072 3107 2108 :
3134 2056 3334 2113 dudum
3366 2070 3550 2111 curre-

1918 2144 1926 2151 '
1972 2146 2105 2200 bant
2140 2146 2307 2214 pedes
2342 2146 2508 2200 vestri
2539 2145 2609 2200 ad
2650 2146 2955 2202 daemonum
3001 2146 3221 2218 templa,
3250 2163 3395 2205 nunc
3432 2163 3554 2202 cur-

1974 2246 2097 2292 rant
2133 2237 2202 2291 ad
2239 2237 2541 2293 Ecclesiam
2583 2238 2700 2304 Dei,
2741 2240 3036 2297 currebant
3073 2242 3225 2312 prius
3266 2241 3334 2296 ad
3383 2241 3553 2298 etl‘un-

1971 2328 2225 2394 dendum,
2252 2344 2397 2385 nunc
2440 2330 2507 2384 ad
2538 2329 2876 2387 lilnrandum
2924 2333 3245 2401 sanguinem
3288 2340 3543 2396 currant;

1969 2421 2433 2491 protendebantur
2470 2422 2623 2491 prius
2659 2437 2874 2488 manus,
2914 2430 2976 2477 ut
3019 2423 3195 2479 aliena
3230 2425 3548 2496 diriperent,

1970 2524 2114 2565 nunc
2154 2512 2567 2579 protendantur,
2601 2519 2661 2566 ut
2697 2512 2915 2583 propria
2957 2512 3275 2584 largiantur.
3308 2514 3550 2569 Circum-

1970 2598 2273 2670 spiciebant
2296 2599 2449 2670 prius
2472 2600 2616 2656 oculi
2638 2602 2920 2657 mulierem
2946 2602 3013 2657 ad
3038 2603 3548 2673 concupiscendum,

1971 2705 2116 2745 nunc
2157 2690 2595 2761 circumspiciant
2621 2707 2920 2763 pauperes,
2968 2693 3194 2758 debiles,
3239 2708 3438 2762 egenos
3481 2694 3549 2749 ad

1972 2779 2363 2833 miserandum.
2408 2779 2585 2836 Aures
2620 2780 3027 2837 delectabantur
3064 2783 3247 2837 auditu
3288 2798 3428 2837 vano
3464 2783 3550 2839 vel

1971 2870 2239 2926 bonorum
2277 2870 2738 2943 derogationibus,
2767 2888 2909 2927 nunc
2943 2881 3326 2928 convertantur
3354 2873 3423 2927 ad
3449 2887 3550 2927 au-
3616 2853 3631 2865 ’

1973 2961 2229 3017 diendum
2252 2964 2480 3019 verbum
2506 2963 2621 3028 Dei,
2652 2964 2721 3019 ad
2757 2962 3189 3034 explanationem
3228 2961 3361 3033 legis
3402 2969 3456 3017 et
3483 2963 3549 3016 ad

1973 3053 2287 3124 capiendam
2316 3053 2592 3124 sapientiae
2627 3053 2986 3125 disciplinam.
3027 3052 3340 3124 Linguaque
3366 3051 3546 3106 convi-

307 3149 445 3202 euim
483 3111 697 3202 Veniam
733 3145 1033 3216 postulabis
1071 3144 1140 3199 ab
1168 3158 1257 3209 eo,
1292 3142 1385 3213 qui
1422 3142 1519 3197 tibi
1546 3141 1677 3197 fcerit
1732 3142 1874 3212 inju-
1896 3111 1942 3175 Ο
1975 3111 2094 3214 cii-8,
2126 3111 2432 3205 maledictis
2465 3157 2520 3204 et
2554 3111 2900 3218 turpiloquiis
2930 3111 3161 3202 assueta
3174 3111 3289 3211 est,
3327 3159 3551 3199 conver-

308 3242 464 3304 riam,
497 3240 595 3295 sed
632 3247 841 3295 tantum
874 3238 1124 3303 dimittis,
1153 3238 1298 3293 sicut
1331 3237 1428 3293 tibi
1464 3253 1497 3292 a
1526 3236 1754 3293 Domino
1787 3238 1873 3293 di-

308 3331 445 3384 mitti
481 3330 666 3399 eupis,
705 3330 849 3399 quod
878 3330 993 3398 ipse
1019 3327 1377 3384 commiseris.
1422 3327 1760 3399 Pergendum
1788 3336 1875 3384 est

306 3436 430 3493 ergo
458 3422 527 3477 ad
557 3421 1047 3477 reconciliationem
1068 3460 1084 3485 ,
1127 3435 1252 3476 eum
1288 3421 1345 3475 in
1374 3429 1613 3475 mentem
1640 3420 1867 3483 venerit,

306 3516 446 3583 quod
480 3529 579 3569 nos
610 3513 749 3570 forte
786 3512 1010 3568 fratrem
1049 3513 1103 3567 in
1134 3512 1313 3583 aliquo
1346 3511 1603 3567 laesimus.
1638 3511 1873 3582 Pergen-

302 3606 428 3659 dum
484 3612 665 3658 autem
713 3618 824 3658 non
874 3603 1100 3673 pedibus
1152 3601 1432 3671 corporis,
1496 3602 1591 3657 sed
1637 3602 1874 3657 motibus

304 3695 489 3760 animi,
534 3703 596 3749 ut
645 3703 696 3748 te
741 3694 931 3748 humili
980 3692 1176 3748 affectu
1218 3701 1532 3762 prosternas
1585 3691 1762 3755 fratri.
1805 3692 1874 3748 ad

304 3801 462 3857 quem
504 3786 671 3841 chara
715 3785 1042 3856 cogitatione
1097 3784 1433 3848 cucurreris,
1482 3785 1536 3838 in
1579 3792 1873 3852 conspectu

304 3877 438 3946 ejus,
468 3876 556 3931 cui
584 3889 778 3930 munus
805 3874 1086 3929 oblaturus
1113 3888 1191 3929 es.
1232 3873 1582 3942 Spiritaliter,
1613 3873 1871 3942 templum

305 3976 549 4023 nostrum
596 3966 821 4021 interior
867 3966 1027 4021 homo
1066 3972 1175 4028 est,
1230 3964 1403 4020 altare
1448 3964 1602 4030 fides,
1653 3980 1871 4031 munus,

307 4062 606 4131 prophetia,
641 4059 907 4125 doctrina,
949 4060 1141 4123 oratio,
1172 4060 1419 4130 hymnus,
1451 4059 1709 4129 psalmus,
1742 4067 1797 4115 et
1826 4060 1872 4115 si

307 4153 431 4221 quid
472 4152 576 4206 tale
606 4151 749 4206 aliud
785 4152 1108 4222 spiritalium
1137 4152 1402 4207 donorum
1442 4151 1644 4222 aliquid
1684 4167 1874 4207 occur-

309 4244 457 4297 rerit.
487 4243 565 4298 lta
610 4244 754 4298 enim
802 4244 964 4298 etiam
1010 4244 1055 4298 si
1100 4257 1335 4314 praesens
1379 4244 1468 4308 sit,
1515 4243 1719 4312 poteris
1748 4259 1874 4299 eum

311 4353 412 4391 non
454 4339 705 4403 simulato
741 4340 919 4394 animo
963 4338 1132 4393 lenire
1167 4345 1327 4409 atque
1368 4339 1422 4393 in
1462 4338 1690 4409 gratiam
1720 4352 1875 4393 revo-

1966 3247 2121 3295 tatur
2173 3255 2317 3296 nunc
2362 3240 2434 3295 ad
2477 3240 2902 3296 benedicendum
2949 3238 3255 3302 Dominum,
3306 3236 3359 3291 in
3401 3236 3549 3290 omni

1972 3338 2217 3400 tempore
2242 3345 2548 3387 sermonem
2576 3346 2768 3386 sanum
2798 3328 3042 3400 proferat
3072 3337 3127 3385 et
3154 3329 3459 3391 honestum,
3493 3336 3551 3380 ut

1974 3421 2066 3477 det
2091 3421 2321 3493 gratiam
2350 3421 2716 3476 audientibus.

2046 3511 2155 3582 (Ea;
2180 3509 2437 3583 Primos.)
2466 3509 2773 3566 Humanum
2799 3511 2916 3564 dico
2955 3518 3166 3581 propter
3192 3507 3549 3579 inﬁrmitatem

1972 3603 2148 3655 carnis
2172 3611 2371 3665 vestrae,
2395 3600 2511 3661 'hoc
2536 3608 2620 3656 est
2647 3599 2855 3669 majora
2900 3598 3118 3668 quidem
3142 3598 3359 3667 exigere
3387 3612 3419 3651 a
3457 3612 3552 3650 vo-

1970 3691 2056 3745 bis
2082 3705 2181 3760 pro
2206 3690 2403 3746 divinae
2439 3690 2717 3745 servitutis
2753 3688 3107 3744 retributione
3152 3687 3424 3752 deberem,
3457 3686 3550 3741 sed

1973 3777 2341 3835 conscendens
2363 3787 2418 3834 et
2445 3788 2753 3850 temperans
2785 3776 3086 3833 inﬁrmitati
3118 3783 3311 3831 vestra:
3330 3817 3344 3842 ,
3367 3776 3552 3831 huma-

1972 3885 2043 3925 na
2071 3879 2126 3925 et
2172 3870 2452 3941 possibilia
2510 3870 2744 3943 praedico
2799 3878 2961 3941 atque
3008 3869 3246 3936 suadeo,
3299 3877 3358 3923 ut
3414 3868 3552 3923 sicut

1972 3962 2206 4035 prompti
2246 3962 2424 4018 fuistis
2444 3963 2513 4017 ad
2541 3961 2795 4017 sectanda
2839 3960 2999 4015 noxia
3044 3967 3207 4029 atque
3255 3957 3548 4013 contraria.

1974 4055 2046 4108 ita
2067 4054 2275 4110 alacres
2297 4054 2417 4108 sitis
2436 4053 2504 4106 ad
2527 4067 2611 4117 ea,
2642 4067 2762 4121 qua:
2788 4051 2937 4106 utilia
2962 4059 3019 4105 et
3044 4049 3202 4106 saluti
3230 4049 3403 4103 amica
3425 4058 3551 4103 sunt

1973 4145 2300 4216 peragenda.

2044 4234 2177 4291 Cum
2205 4236 2342 4289 enim
2375 4234 2512 4288 servi
2559 4234 2740 4287 essetis
2766 4231 2988 4303 peccati,
3016 4230 3167 4285 liberi
3201 4220 3375 4299 fuistis
3390 4230 3552 4298 justi-

1974 4328 2079 4382 tia’.
2109 4326 2247 4380 Cum
2278 4340 2405 4395 ergo
2427 4324 2551 4396 quis
2583 4330 2807 4394 peccato
2831 4323 3016 4389 servit,
3038 4320 3264 4389 iustitiae
3286 4320 3423 4376 liber
3447 4329 3548 4385 est,

310 4444 452 4495 care,
490 4431 701 4485 veniam
741 4431 1078 4501 postulando,
1123 4431 1167 4485 si
1206 4430 1309 4485 hoc
1347 4430 1499 4500 prius
1545 4444 1729 4484 coram
1763 4430 1873 4484 Deo
1897 4455 1950 4515 Β
1975 4421 2078 4476 hoc
2121 4428 2228 4486 est,
2280 4418 2488 4473 alienus
2543 4425 2626 4472 est
2679 4432 2711 4471 a
2756 4414 2987 4487 justitia.
3016 4413 3115 4468 Hic
3143 4413 3287 4469 enim
3318 4411 3549 4468 liberum

313 4521 523 4587 feceris,
551 4538 781 4594 pergens
819 4523 888 4578 ad
914 4538 1038 4577 cum
1072 4537 1178 4577 non
1221 4523 1378 4593 pigro
1417 4529 1565 4576 motu
1603 4519 1870 4590 corporis,

315 4610 404 4669 sed
451 4623 508 4669 et
552 4614 834 4669 celerrimo
896 4612 1200 4671 dilectionis
1264 4611 1486 4677 aﬂ‘ectu,
1537 4620 1700 4681 atque
1749 4612 1876 4677 inde

317 4707 551 4773 veniens,
598 4706 654 4760 id
692 4714 795 4772 est,
842 4706 1193 4760 intentionem
1243 4720 1506 4760 revocans
1539 4706 1607 4759 ad
1651 4705 1704 4758 id
1733 4703 1877 4773 quod

317 4812 468 4867 agere
494 4810 757 4865 cmperas,
789 4794 984 4851 offeres
1006 4811 1202 4849 munus
1239 4803 1408 4849 tuum.

474 4926 893 4986 HEBDOMADA
929 4926 1044 4982 VIII
1076 4924 1249 4981 POST
1285 4924 1707 4981 PENTECOST.

316 5057 502 5096 LEC'l'lO
536 5055 698 5095 BEATI
737 5053 897 5094 PAULI
935 5052 1191 5094 APOSTOLI
1230 5054 1299 5092 AD
1337 5052 1603 5104 ROIASOS,
1642 5052 1760 5091 CAP.
1800 5052 1877 5090 Vl.

389 5173 407 5204 ι
452 5154 758 5208 Humanum
786 5152 908 5207 dico
932 5158 1155 5221 propter
1182 5148 1551 5203 infirmitatem
1581 5149 1762 5204 carnis
1787 5163 1880 5204 ve-

320 5261 341 5294 r
380 5252 526 5299 stne.
560 5241 714 5297 Sicut
746 5243 890 5296 enim
920 5240 1243 5295 exhibuistis
1276 5240 1517 5294 membra
1542 5246 1721 5293 vestra
1760 5254 1877 5295 ser-

322 5351 341 5382 σ
380 5333 491 5387 vire
530 5331 884 5386 immunditiae
925 5338 980 5385 et
1016 5330 1288 5399 iniquitati
1315 5329 1385 5384 ad
1414 5328 1773 5397 iniquitatem,
1803 5328 1880 5385 ita

320 5443 347 5472 ιι
381 5438 524 5477 nunc
557 5422 809 5477 exhibete
836 5421 1078 5475 membra
1114 5428 1294 5476 vestra
1331 5420 1540 5475 servire
1559 5419 1783 5488 iustitiae
1823 5420 1877 5475 in

321 5530 347 5562 ι
379 5513 883 5568 sanctiﬁcationem.
929 5511 1065 5566 Cum
1088 5512 1232 5566 enim
1260 5512 1404 5566 servi
1434 5511 1629 5566 essetis
1647 5511 1875 5580 peccati,

319 5617 338 5653 ι
378 5602 533 5658 liberi
573 5602 746 5657 fuistis
778 5601 1023 5671 iustitiae.
1057 5601 1226 5669 Quem
1265 5618 1395 5674 ergo
1424 5600 1659 5658 fructum
1694 5602 1883 5658 habui-

323 5711 346 5744 ι
375 5696 474 5751 stis
536 5704 662 5750 tunc
712 5695 768 5749 in
812 5695 949 5759 illis,
998 5695 1052 5748 in
1099 5695 1294 5764 quibus
1342 5711 1482 5751 nunc
1527 5695 1879 5752 erubescitis?

1979 4513 2209 4568 alienum
2254 4509 2407 4577 dicit,
2458 4518 2515 4567 et
2542 4518 2687 4566 recte
2732 4507 2970 4579 quidem,
2995 4521 3151 4564 nemo
3181 4504 3324 4561 enim
3373 4512 3553 4576 potest

1980 4602 2140 4660 simul
2163 4612 2221 4659 et
2245 4609 2467 4671 peccato
2493 4602 2699 4657 servire
2722 4598 3032 4669 etjustitite,
3074 4606 3134 4655 ut
3169 4597 3296 4653 illud
3320 4614 3332 4651 :
3382 4594 3549 4650 Nemo

1979 4703 2143 4765 potest
2182 4693 2384 4749 duobus
2411 4694 2639 4748 dominis
2683 4693 2894 4748 servire.
2918 4691 3050 4750 Illud
3086 4706 3215 4746 sane
3258 4690 3548 4744 notandum

1960 4793 2068 4841 est
2089 4799 2208 4840 esse
2236 4790 2293 4839 et
2319 4783 2624 4839 libertatem
2644 4780 2963 4854 culpabilem
2991 4790 3049 4855 et
3077 4780 3392 4836 laudabilem
3437 4794 3551 4834 ser-

1986 4876 2231 4930 vitutem.
2282 4874 2419 4930 Nam
2461 4874 2691 4929 liberum
2733 4888 2855 4928 esse
2903 4871 3149 4942 justitire,
3190 4870 3394 4924 crimen
3444 4878 3547 4924 est.

1980 4966 2209 5022 Servum
2234 4980 2361 5020 vero
2384 4981 2505 5021 esse
2551 4964 2794 5034 justitiaa,
2825 4961 3113 5018 laudabile.
3172 4959 3325 5027 Quod
3367 4967 3547 5014 autem

1977 5060 2128 5123 dicit,
2153 5073 2367 5114 servum
2411 5058 2633 5129 iustitia:
2662 5055 2804 5122 fieri,
2840 5054 3000 5110 simul
3050 5053 3307 5122 intelligo,
3365 5059 3421 5105 et
3465 5066 3549 5105 sa-

1978 5150 2192 5221 pientia:
2241 5157 2297 5204 et
2337 5148 2523 5219 pietati
2570 5156 2623 5202 et
2649 5145 2942 5216 pudicitiae,
2986 5152 3043 5199 et
3096 5141 3345 5201 omnibus
3385 5138 3547 5194 simul

1976 5238 2285 5295 virtutibus.
2322 5236 2472 5292 Sicut
2499 5253 2529 5292 c
2557 5220 2832 5292 contrario
2859 5234 2949 5306 qui
2982 5233 3189 5305 peccati
3224 5246 3412 5287 servus
3437 5235 3543 5295 est,

1980 5326 2140 5382 simul
2173 5341 2231 5382 et
2268 5327 2722 5397 concupiscentia:
2752 5325 2927 5391 malae,
2972 5334 3028 5380 et
3054 5325 3146 5379 iraa
3174 5330 3228 5378 et
3277 5319 3444 5375 furori
3488 5324 3545 5373 et

1980 5417 2327 5487 impudicitia:
2344 5425 2398 5471 ct
2419 5417 2622 5488 rapina:
2636 5424 2691 5473 et
2715 5417 2964 5474 omnibus
2992 5414 3150 5470 simul
3178 5411 3324 5467 vitiis
3348 5423 3412 5461 ac
3432 5421 3545 5462 scc-

1979 5506 2181 5563 leribus
2211 5507 2397 5562 servit.

2049 5597 2215 5664 Quem
2239 5613 2361 5669 ergo
2387 5598 2617 5669 fructum
2646 5597 2898 5652 habuistis
2943 5606 3083 5658 tunc,
3118 5608 3170 5643 ei
3195 5586 3379 5660 quibus
3415 5600 3550 5640 nunc

1982 5690 2299 5757 erubescitis,
2328 5708 2445 5745 nam
2470 5691 2590 5759 ﬁnis
2622 5689 2829 5744 illorum
2860 5702 2999 5740 mors
3045 5691 3137 5737 est.
3173 5680 3271 5753 (Ex
3294 5673 3550 5748 Primae.)
