3932 6204
246 331 339 388 409

1065 328 1586 391 COLLECTIONES
1620 328 1691 386 IN
1730 326 2111 386 EPISTOLAS
2147 329 2238 385 ET
2276 329 2691 388 EYANGELIA.

3380 336 3489 395 ΗΟ

243 445 610 514 conjunctione
635 448 917 511 concessa.
938 462 1038 517 per
1063 447 1251 502 illicita
1277 460 1387 501 non
1430 445 1653 500 erravit.
1701 442 1806 497 Alii
1834 447 1888 504 Α
1909 441 2132 497 uoluerit
2153 441 2298 511 ﬁlius
2330 442 2561 499 revelare
2603 441 2822 516 (Matth.
2847 444 2943 517 XI),
2968 444 3097 515 quid
3148 444 3254 501 nisi
3288 460 3485 517 panem

241 550 361 592 vero
383 546 510 606 post
550 537 734 593 carnis
764 536 991 607 ﬂagitia,
1018 538 1109 592 alii
1131 546 1257 608 post
1303 536 1440 591 falsa
1474 533 1806 599 testimonia,

244 624 323 678 alii
345 633 470 696 post
494 624 639 681 facta
663 624 828 690 furta,
857 624 948 679 alii
978 632 1099 693 post
1146 625 1327 701 illatas
1376 623 1676 686 violentias,
1718 620 1812 676 alii

243 726 351 789 post
374 726 689 790 perpetrata
714 718 1004 774 homicidia
1046 719 1113 773 ad
1137 718 1514 789 ptenitentiam
1558 716 1809 781 redeunt,

244 820 392 880 atque
415 810 484 864 ad
510 809 897 879 omnipotentis
923 808 1020 863 Dei
1068 809 1351 863 servitium
1394 814 1807 867 convertuntur.

245 900 301 955 lli
349 898 603 954 videlicet
653 900 721 954 ad
773 899 1064 953 Dominum
1110 899 1176 954 de
1218 898 1514 969 longinquo
1561 898 1807 953 veniunt.

245 990 444 1058 Quanto
468 988 615 1045 cnim
645 989 875 1057 quisque
919 986 1041 1056 plus
1068 985 1123 1040 iu
1173 1002 1343 1057 pravo
1369 1001 1532 1057 opere
1581 986 1806 1051 erravit,

243 1091 380 1137 tanto
407 1081 476 1137 ab
501 1081 874 1150 omnipotente
901 1079 1132 1134 Domino
1156 1078 1370 1148 longius
1397 1078 1642 1133 recessit.
1670 1076 1811 1132 Den-

242 1185 322 1232 tur
375 1175 543 1246 igitur
587 1172 843 1227 alimenta
893 1171 994 1237 eis,
1042 1171 1206 1227 etiam
1254 1171 1347 1240 qui
1398 1171 1466 1225 de
1517 1169 1812 1240 longinquo

238 1266 473 1330 veniunt,
506 1265 631 1335 quia
665 1256 946 1319 conversis
976 1260 1373 1341 peccatoribus,
1405 1259 1665 1314 doctrinm
1693 1274 1814 1313 san-

237 1368 332 1414 cta:
364 1357 470 1412 cibi
500 1354 776 1427 praebendi
805 1361 954 1420 sunt,
983 1360 1047 1407 ut
1071 1353 1129 1408 iu
1149 1351 1321 1407 Deum
1345 1351 1491 1406 vires
1532 1357 1809 1419 reparent,

238 1466 367 1521 quas
396 1449 451 1503 in
481 1446 699 1518 ﬂagitiis
747 1445 1068 1500 amiserunt.
1112 1443 1248 1499 Item
1296 1441 1467 1497 Judzei
1502 1442 1812 1511 quicunque

234 1544 285 1597 in
311 1540 530 1596 Christo
557 1537 925 1603 crediderunt,
962 1538 1029 1592 de
1058 1549 1225 1606 prope
1249 1534 1317 1590 ad
1338 1533 1489 1588 illum
1522 1541 1807 1598 venerunt,

233 1633 355 1703 quia
387 1631 526 1701 legis
548 1637 604 1684 et
639 1629 1032 1698 prophetarum
1078 1633 1237 1681 erant
1284 1624 1481 1679 litteris
1517 1624 1695 1679 edocti
1744 1624 1812 1679 de

395 1722 692 1778 Credentes
734 1734 866 1774 vero
916 1732 985 1772 ex
1012 1716 1263 1791 gentibus
1298 1714 1366 1770 de
1420 1713 1577 1785 longe
1621 1702 1819 1782 utique'

1910 531 2034 588 vitae
2056 533 2211 590 nobis
2235 549 2332 605 per
2364 550 2424 591 se
2447 535 2800 606 aperiendum
2822 537 3180 592 monstravit?
3200 537 3286 594 Ad
3332 539 3489 609 cujus

1909 622 2169 678 interiora
2232 624 2523 690 cernenda,
2548 639 2648 696 per
2680 626 2928 696 nosipsos
2955 636 3247 697 penetrare
3297 631 3499 700 nequi-

1907 712 2104 767 vimus.
2118 712 2218 768 Cui
2238 722 2427 770 contra
2451 714 2719 785 Propheta
2738 715 3104 772 miserabilem
3126 718 3488 788 quorumdam

1908 799 2109 857 famem
2133 802 2420 872 deplorans
2446 804 2564 858 ait:
2599 800 2821 859 Parvuli
2855 808 3115 876 petierunt
3149 824 3358 878 panem,
3397 825 3493 865 nee

1907 901 2019 947 erat
2055 894 2147 964 qui
2193 893 2456 964 frangeret
2481 895 2578 949 eis.
2603 894 2756 962 Quod
2785 903 2869 951 est
2892 896 3014 952 aliis
3058 898 3237 954 verbis
3260 899 3444 955 dicere
3471 917 3486 954 :

1907 982 2115 1039 lndocti
2144 985 2478 1053 quaesierunt
2502 986 2760 1055 pabulum
2780 988 2932 1043 verbi
2948 989 3179 1056 Dei,nec
3204 999 3344 1058 erat,
3371 1006 3492 1048 ma-

1909 1075 2095 1147 gistris
2124 1074 2520 1140 deﬁcientibus,
2566 1075 2661 1145 qui
2688 1076 2771 1132 eis
2813 1077 3098 1148 scripturae
3149 1095 3348 1136 arcana
3395 1097 3493 1152 pa-

1908 1165 2189 1221 tefaceret.
2220 1165 2474 1235 Acceptis
2515 1174 2697 1221 autem
2728 1167 2797 1222 ad
2842 1167 3200 1240 frangendum
3237 1171 3491 1240 panibus,

1909 1256 2172 1312 Dominus
2194 1258 2399 1327 gratias
2428 1256 2560 1327 agit,
2592 1265 2653 1311 ut
2690 1266 2747 1312 et
2775 1257 2890 1328 ipse
2917 1267 3182 1328 quantum
3208 1259 3277 1316 de
3315 1260 3492 1317 salute

1910 1346 2125 1416 generis
2171 1346 2393 1400 humani
2454 1346 2795 1417 congaudent
2847 1348 3120 1414 ostendat,
3165 1356 3220 1403 et
3270 1364 3370 1405 nos
3422 1348 3493 1404 ad

1911 1436 2145 1506 agendas
2173 1450 2390 1505 semper
2430 1435 2541 1491 Deo
2576 1436 2777 1506 gratias
2810 1435 3087 1501 informet,
3115 1452 3241 1491 cum
3270 1438 3354 1491 vel
3376 1446 3491 1493 ter-

1912 1539 2044 1579 reno
2098 1539 2239 1592 pane
2288 1538 2507 1578 carnem
2561 1524 2647 1577 vel
2706 1523 2945 1577 animam
2995 1522 3205 1579 caelesti
3257 1539 3491 1595 superna

1910 1614 2083 1687 gratia
2109 1614 2372 1684 largiente
2398 1612 2688 1668 reﬁcimus.
3008 1622 3013 1626 ‘

1983 1705 2053 1760 Et
2074 1705 2330 1760 habebam
2350 1704 2629 1775 pisciculos
2669 1722 2888 1775 paucos,
2933 1716 2981 1760 et
3024 1707 3163 1777 ipsos
3206 1707 3491 1774 benedixit,

230 1822 495 1872 venerunt
536 1812 604 1867 ad
630 1810 930 1874 Christum,
965 1807 1092 1878 quia
1129 1805 1289 1861 nullis
1323 1804 1643 1875 paginarum
1688 1818 1814 1859 san-
1838 1798 1887 1858 B
1913 1808 1963 1853 et
1973 1798 2137 1869 jussit
2165 1798 2378 1868 apponi.
2416 1795 2473 1850 Si
2498 1796 2552 1849 in
2581 1798 2813 1867 panibus
2838 1806 3044 1868 septem
3071 1797 3351 1869 Scriptura
3387 1798 3496 1856 No-

230 1916 441 1963 ctarum
498 1901 847 1959 monimentis
896 1901 963 1956 de
1017 1897 1135 1967 ejus
1195 1904 1353 1953 erant
1410 1896 1517 1952 ﬁde
1574 1910 1811 1966 praemo-

231 1998 347 2053 uiti.

296 2084 366 2139 Et
398 2080 777 2153 responderunt
803 2079 850 2133 ei
884 2076 1131 2148 discipuli
1156 2077 1282 2132 sui:
1311 2073 1461 2130 Unde
1485 2073 1611 2127 istos
1624 2071 1810 2142 poterit

230 2179 341 2248 quis
368 2175 454 2229 hic
477 2182 722 2228 saturare
745 2170 969 2241 panibus
996 2169 1053 2222 in
1075 2165 1402 2222 solitudine?
1425 2163 1493 2217 Et
1521 2164 1815 2230 interroga-

232 2269 299 2322 ait
324 2283 412 2322 eos
457 2282 477 2321 :
522 2263 661 2331 Quot
698 2277 861 2333 panes
912 2258 1154 2313 habetis?
1203 2256 1307 2323 Qui
1356 2255 1602 2309 dixerunt
1648 2265 1667 2304 :
1714 2248 1812 2305 Se-

234 2371 388 2431 ptem.
417 2356 563 2411 Bene
598 2362 806 2424 septem
834 2366 1005 2423 panes
1024 2350 1082 2404 in
1132 2347 1438 2405 ministerio
1464 2343 1600 2399 Novi
1624 2342 1812 2398 Testa—

239 2452 403 2506 menti
431 2456 724 2519 ponuntur,
753 2446 806 2500 in
849 2459 958 2513 quo
988 2439 1323 2513 septiformis
1372 2437 1548 2509 gratia
1584 2435 1812 2505 spiritus

241 2540 403 2595 sancti
432 2537 643 2608 plenius
664 2534 912 2589 ﬁdelibus
932 2531 1145 2587 cunctis
1170 2538 1226 2584 et
1251 2527 1519 2584 credenda
1540 2524 1814 2580 revelatur

242 2640 297 2685 et
322 2629 519 2684 credita
545 2627 725 2682 datur.
755 2622 942 2693 Neque
966 2619 1254 2676 hordeacei
1278 2618 1446 2673 fuisse
1484 2615 1810 2687 produntur,

242 2721 380 2775 sicut
425 2717 503 2772 illi
551 2704 812 2786 quinque,
845 2712 913 2767 de
948 2712 1147 2782 quibus
1180 2709 1420 2780 quinque
1458 2714 1585 2761 sunt
1635 2704 1813 2762 homi-

241 2825 367 2866 num
396 2808 560 2864 millia
588 2813 853 2872 saturata,
885 2819 954 2858 ne
998 2803 1199 2859 iterum
1237 2800 1377 2855 sicut
1402 2799 1458 2853 in
1500 2797 1620 2869 lege
1653 2794 1818 2852 vitale

243 2903 431 2956 animae
472 2900 789 2955 alimentum
832 2894 1205 2966 corporalibus
1264 2891 1623 2948 sacramentis
1664 2890 1817 2946 obte-

241 3001 452 3064 geretur
471 3032 486 3059 ,
512 2989 704 3047 hordei
742 2987 944 3043 etenim
982 2984 1218 3041 medulla
1265 2983 1614 3039 tenacissima
1660 2981 1818 3052 palea

243 3085 456 3157 tegitur.

319 3178 384 3232 Et
431 3176 693 3248 praecepit,
734 3181 841 3230 etc.
902 3171 1079 3243 Supra
1130 3171 1188 3226 in
1236 3168 1531 3225 refectione
1578 3166 1819 3237 quinque

244 3284 437 3343 panum
458 3268 615 3324 turba
636 3281 798 3336 supra
841 3263 1023 3319 fenum
1051 3262 1225 3317 viride
1242 3259 1638 3316 discumbebat.
1660 3258 1818 3314 Nunc

247 3359 340 3415 ubi
362 3368 557 3429 septem
579 3356 811 3428 panibus
842 3352 1135 3408 reﬁcienda
1161 3361 1266 3417 est,
1288 3366 1452 3422 supra
1481 3358 1686 3406 terram
1707 3350 1819 3406 dis-

246 3451 490 3506 cumbere
508 3448 839 3521 praccipitur,
856 3447 983 3516 quia
1006 3460 1104 3516 per
1126 3445 1455 3514 scripturam
1478 3443 1611 3516 legis
1635 3444 1819 3499 carnis

253 3542 505 3598 desideria
550 3541 766 3598 calcare
820 3547 875 3594 et
913 3537 1274 3607 comprimere
1321 3534 1596 3604 jubemur.
1633 3533 1818 3589 Omnis

256 3632 383 3686 enim
403 3649 520 3686 caro
550 3631 751 3702 fenum,
776 3638 825 3683 et
848 3628 1016 3682 omnis
1058 3626 1229 3699 gloria
1258 3626 1375 3695 ejus
1423 3635 1674 3696 tanquam
1718 3626 1819 3695 ﬂos

261 3722 361 3789 {cui
403 3721 579 3793 (Isaia:
625 3718 736 3790 sc).
786 3718 844 3772 ln
873 3716 1023 3772 Novo
1052 3724 1233 3772 autem
1262 3716 1612 3770 Testamento
1647 3715 1820 3784 ipsam

259 3802 458 3882 quoque
477 3823 677 3868 terram
703 3827 767 3867 ac
787 3809 1074 3865 facultates
1100 3809 1423 3879 temporales
1446 3808 1821 3879 derelinquere

259 3905 604 3974 prrcipimur,
632 3902 719 3958 vel
767 3909 917 3958 certe
945 3902 1071 3972 quia
1100 3915 1275 3966 mons,
1308 3901 1360 3954 in
1403 3915 1512 3970 quo
1540 3901 1701 3957 turba
1729 3901 1822 3956 do-

264 3998 458 4053 minicis
489 3999 720 4068 panibus
748 3997 1125 4061 reﬁciebatur,
1152 3994 1514 4061 altitudinem,
1560 4004 1620 4050 ut
1660 4010 1824 4067 supra

263 4091 501 4159 diximus,
557 4090 918 4160 redemptoris
964 4096 1138 4144 DOSll‘l
1192 4087 1492 4158 signiﬁcat,
1542 4087 1617 4142 ibi
1661 4103 1824 4159 super

266 4181 452 4247 fenum,
484 4183 572 4237 hic
608 4197 772 4251 super
815 4191 1015 4235 terram
1044 4180 1302 4235 reﬁcitur.
1327 4178 1405 4234 lbi
1430 4180 1576 4234 enim
1611 4180 1826 4235 celsitu-

268 4270 332 4324 do
352 4272 545 4327 Christi
578 4280 803 4342 propter
822 4272 1075 4326 carnales
1120 4270 1369 4325 homines
1409 4278 1463 4324 et
1490 4268 1825 4325 Hierusalem

272 4371 522 4419 terrenam
549 4364 756 4419 carnali
782 4378 877 4432 spe
897 4371 953 4417 et
980 4362 1247 4417 desiderio
1278 4361 1495 4430 tegitur.
1523 4360 1623 4416 Hic
1648 4369 1828 4416 autem

1906 1889 1961 1945 vi
1985 1888 2319 1944 Testamenti
2350 1886 2689 1957 designatur,
2716 1888 2772 1942 in
2796 1887 2952 1957 cujus
2979 1889 3211 1944 lectione
3246 1904 3346 1958 per
3369 1904 3498 1961 gra-

1908 1979 2040 2034 tiam
2062 1979 2236 2035 sancti
2257 1977 2493 2047 Spiritus
2511 1978 2760 2034 internas
2777 1978 3042 2033 mentium
3068 1978 3255 2048 epulas
3287 1979 3498 2036 inveni-

1908 2084 2053 2135 mus,
2099 2068 2231 2138 quid
2272 2069 2329 2123 in
2381 2069 2682 2141 pisciculis,
2741 2082 2880 2138 quos
2913 2066 3242 2122 benedicens
3290 2068 3499 2138 pariter

1908 2159 2188 2225 Dominus,
2236 2160 2410 2215 turba:
2456 2160 2621 2229 jussit
2648 2159 2879 2230 apponi?
2926 2156 3155 2213 Sanctos
3200 2160 3500 2229 accipimus

1908 2247 2054 2303 illius
2100 2248 2384 2318 temporis,
2432 2266 2541 2320 quo
2590 2249 2780 2305 eadem
2808 2257 2894 2303 est
2937 2248 3156 2303 condita
3188 2247 3495 2319 Scriptura,

1909 2342 1995 2398 vel
2018 2358 2248 2414 quorum
2278 2344 2395 2414 ipsa
2419 2343 2703 2415 Scriptura
2730 2342 2912 2407 ﬁdem,
2943 2343 3115 2398 vitam
3139 2349 3194 2399 et
3212 2344 3498 2413 passiones

1912 2435 2172 2501 continet,
2205 2435 2298 2504 qui
2334 2435 2403 2490 de
2447 2433 2774 2489 turbulentis
2812 2432 2974 2502 hujus
3018 2433 3202 2489 saeculi
3244 2432 3501 2489 ﬂuctibus

1912 2530 2107 2600 erepti,
2146 2544 2210 2585 ac
2250 2529 2433 2585 divina
2484 2528 2865 2584 benedictione
2892 2528 3219 2593 consecrati,
3247 2526 3501 2583 refectio-

1913 2637 2037 2676 nem
2064 2621 2221 2676 nobis
2249 2621 2542 2687 iuternam,
2568 2636 2637 2676 ne
2668 2620 2724 2674 in
2764 2618 2925 2687 hujus
2951 2619 3138 2674 mundi
3166 2618 3503 2675 transeuntis

1914 2726 2148 2766 excursu
2174 2711 2510 2778 deﬁciamus,
2541 2708 2789 2779 exempla
2812 2724 2925 2765 suae
2960 2709 3046 2764 vel
3073 2710 3198 2765 vitae
3240 2709 3327 2764 vel
3354 2724 3504 2767 mor-

1918 2801 1988 2856 tis
2025 2801 2325 2870 praebuere.
3411 2808 3443 2840 ’ί

1984 2890 2056 2945 Et
2096 2891 2543 2946 manducaverunt
2571 2901 2619 2945 et
2659 2890 2887 2944 saturati
2912 2896 3051 2945 sunt.
3077 2888 3404 2944 Manducant
3434 2889 3505 2947 de

1917 2984 2149 3056 panibus
2189 2983 2403 3038 Domini
2454 2998 2519 3038 ac
2570 2981 2832 3053 piscibus,
2888 2989 2945 3035 et
3000 2988 3352 3046 saturantur,
3410 2980 3506 3050 qui

1921 3075 2205 3131 audientes
2236 3074 2403 3130 verba
2453 3075 2570 3141 Dei,
2602 3081 2658 3128 et
2685 3072 2932 3144 exempla
2961 3073 3256 3138 intuentes,
3290 3072 3358 3128 ad
3378 3088 3507 3144 pro-

1844 3136 1890 3199 C
1922 3164 2127 3221 fectum
2180 3166 2306 3220 vitae
2354 3164 2701 3220 correctioris
2746 3178 2844 3232 per
2889 3163 3008 3217 lucc
3051 3162 3283 3217 excitari
3343 3171 3510 3233 atque

1921 3274 2208 3331 assurgere
2251 3257 2529 3321 festinant,
2592 3256 2790 3325 quibus
2846 3264 3034 3325 aperte
3081 3254 3331 3325 congruit
3376 3253 3510 3311 illud

1920 3350 2224 3406 Psalmista:
2255 3366 2268 3403 :
2295 3347 2466 3402 Edent
2486 3362 2737 3417 pauperes
2767 3355 2816 3399 et
2862 3346 3245 3401 saturabuntur
3294 3354 3344 3401 et
3391 3345 3510 3401 lau-

1920 3441 2122 3498 dabunt
2153 3439 2347 3504 Deum,
2372 3447 2478 3492 etc.
2519 3435 2693 3517 (Psal.
2718 3436 2856 3507 xxi).

1994 3533 2065 3587 Et
2086 3528 2408 3586 sustulerunt
2433 3527 2574 3599 quod
2594 3537 2865 3597 supererat
2892 3527 2958 3581 de
2982 3527 3291 3598 fragmentis
3314 3538 3508 3597 septem

1922 3635 2146 3697 sportas.
2199 3622 2352 3689 Quod
2400 3622 2572 3676 turbis
2623 3621 2880 3676 saturatis
2945 3630 3230 3691 supererat
3273 3623 3508 3692 apostoli

1924 3714 2212 3772 sustollunt
2239 3721 2296 3769 et
2321 3719 2527 3782 septem
2571 3719 2785 3781 sportas
2815 3710 3061 3781 implent,
3088 3712 3215 3781 quia
3263 3720 3390 3768 sunt
3427 3714 3513 3771 al-

1922 3808 2065 3861 tiora
2089 3803 2438 3876 perfectionis
2466 3809 2757 3872 praecepta,
2782 3804 2867 3857 vel
2892 3803 3074 3872 potius
3096 3803 3514 3861 exhortamenta

1925 3906 1982 3953 ct
2007 3896 2253 3962 consilia,
2282 3910 2402 3965 qua:
2431 3893 2699 3965 generalis
2733 3891 2971 3948 ﬁdelium
2994 3894 3284 3950 multitudo
3325 3896 3515 3967 nequit

1928 3986 2192 4043 servando
2223 3993 2278 4041 et
2310 3984 2583 4054 implendo
2622 3984 2889 4054 attingere
2908 4024 2923 4049 ,
2946 4000 3181 4053 quorum
3225 3988 3508 4043 exsecutio

1928 4082 2048 4137 illos
2075 4080 2295 4151 proprie
2319 4076 2555 4147 respicit,
2584 4076 2676 4146 qui
2700 4075 2909 4143 majore
2932 4077 3105 4131 sancti
3137 4076 3361 4146 spiritus
3390 4094 3512 4148 gra-

1930 4173 2004 4225 tia
2057 4170 2269 4240 plenius
2314 4166 2624 4238 generalem
2676 4164 2856 4234 populi
2889 4165 2984 4218 Dci
3035 4167 3508 4224 conversationem

1932 4261 2131 4316 mentis
2157 4268 2319 4328 atque
2342 4256 2524 4327 operis
2554 4255 2884 4311 sublimitate
2914 4257 3323 4312 transcendunt.
3367 4258 3513 4326 Qua-

1931 4351 2074 4406 libus
2094 4350 2290 4404 dicitur
2315 4365 2328 4401 :
2357 4346 2418 4401 Si
2444 4347 2517 4400 vis
2537 4346 2796 4416 perfectus
2820 4363 2950 4414 esse,
2977 4347 3127 4415 vade,
3158 4347 3320 4403 vende
3337 4351 3517 4407 omnia

272 4464 458 4509 remota
485 4456 631 4510 omni
657 4455 948 4524 cupiditate
977 4452 1202 4518 carnali,
1231 4453 1486 4507 convivas
1534 4451 1674 4507 Novi
1726 4452 1828 4508 Te-
1856 4488 1910 4548 Β
1934 4458 2051 4548 quis:
2078 4440 2255 4548 hlabes,
2286 4446 2392 4493 etc.
2431 4437 2644 4509 (Matth.
2678 4438 2815 4548 XIX);

272 4547 530 4612 stameuti,
567 4545 682 4615 spei
713 4543 1083 4614 permanentis
1119 4542 1543 4609 ﬁrmamentum,
1570 4551 1830 4612 tanquam

271 4634 427 4702 ipsius
455 4636 656 4689 montis
699 4634 942 4689 soliditas
985 4632 1132 4689 nullo
1181 4634 1308 4690 fcno
1337 4627 1660 4704 interposito
1704 4650 1833 4690 con—

271 4724 481 4779 libebat.

330 4819 396 4871 Et
444 4817 699 4883 accipiens
719 4827 911 4887 septem
938 4834 1121 4888 panes,
1153 4819 1352 4888 gratias
1375 4835 1555 4890 agens,
1603 4819 1757 4890 [regit
1785 4829 1835 4873 et

267 4910 415 4962 dabat
461 4907 730 4978 discipulis
765 4908 897 4976 suis,
919 4917 975 4961 ut
1001 4918 1338 4978 apponerent,
1367 4918 1415 4961 et
1452 4919 1834 4979 proposuerunt

268 5000 442 5055 turtur.
474 4977 736 5054 Dominus
760 4998 1031 5067 accipiens
1055 5013 1243 5068 panes,
1260 4999 1424 5054 dabat
1450 4977 1749 5069 discipulis,
1778 5008 1838 5054 ut

270 5094 363 5161 ipsi
422 5103 677 5162 acceptos
732 5092 903 5146 turbae
956 5097 1309 5161 apponerent,
1368 5092 1495 5160 quia
1545 5091 1841 5161 spiritualis

271 5186 400 5239 dona
428 5184 672 5241 scientia:
716 5183 961 5237 tribuens
1000 5181 1279 5250 apostolis,
1315 5196 1413 5252 per
1451 5196 1638 5236 eorum
1682 5182 1841 5235 mini-

272 5278 487 5332 sterium
509 5274 680 5330 voluit
707 5274 953 5329 ecclesiae
991 5288 1103 5329 sua:
1128 5287 1227 5343 per
1266 5271 1455 5327 orbem
1482 5272 1608 5326 vita:
1636 5273 1840 5328 cibaria

272 5368 531 5424 distribui.
565 5364 720 5433 Quod
758 5373 941 5419 autem
968 5364 1129 5435 fregit
1173 5378 1363 5433 panes,
1395 5374 1534 5433 quos
1561 5363 1841 5432 discipulis

278 5460 439 5524 daret,
485 5458 821 5529 apertioncm
850 5456 1101 5527 designat
1127 5464 1617 5520 sacramentorum,
1645 5453 1841 5524 quibus

283 5548 341 5601 ad
385 5557 698 5619 perpetuam
753 5547 982 5601 salutem
1037 5544 1357 5600 nutriendus
1408 5553 1525 5600 erat
1590 5544 1840 5599 mundus.

287 5638 404 5695 Cum
444 5644 589 5697 enim
616 5641 692 5695 ait
733 5642 848 5709 ipsc
879 5640 1174 5694 Dominus:
1207 5637 1276 5692 Et
1308 5654 1458 5692 nemo
1493 5637 1631 5691 novit
1672 5635 1844 5706 ﬁlium

293 5731 375 5785 nisi
398 5744 563 5801 pater,
595 5750 756 5803 neque
775 5742 977 5802 patrem
1016 5730 1130 5800 quis
1159 5730 1313 5799 norit,
1357 5728 1456 5783 nisi
1491 5727 1632 5797 ﬁlius
1669 5737 1715 5781 cl
1762 5728 1845 5784 cui

2004 4530 2157 4587 Unde
2209 4530 2345 4585 bene
2400 4535 2598 4597 spartae
2618 4568 2634 4592 ,
2685 4529 2883 4607 quibus
2927 4529 3333 4587 dominicorum
3388 4541 3520 4590 sunt

1933 4621 2151 4678 condita
2197 4618 2500 4690 fragmenta
2547 4620 2826 4685 ciborum,
2863 4629 3087 4691 propter
3147 4622 3518 4693 septiformem

1934 4715 2157 4784 spiritus
2210 4711 2440 4782 gratiam
2469 4720 2677 4781 septem
2725 4709 2894 4766 fuisse
2939 4723 3330 4768 memorantur.
3381 4713 3519 4770 Nam

1936 4806 2062 4875 quia
2086 4813 2285 4875 sporta:
2301 4802 2469 4871 junco
2494 4811 2549 4856 et
2572 4801 2876 4872 palmarum
2910 4801 3054 4857 foliis
3077 4803 3254 4859 solent
3281 4806 3518 4871 contexi,

1940 4899 2139 4953 merito
2161 4898 2216 4951 in
2242 4905 2553 4951 sanctorum
2578 4895 2973 4966 significatione
2997 4905 3291 4966 ponuntur.
3317 4896 3521 4954 Juncus

1942 4990 2139 5059 quippe
2167 5002 2327 5056 super
2373 5001 2542 5056 aquas
2594 4986 2746 5040 nasci
2795 4988 3094 5041 consuevit.
3146 4987 3335 5044 Palma
3390 5004 3524 5044 vero

1940 5080 2220 5134 victricem
2281 5086 2441 5132 ornat
2493 5092 2744 5141 manum,
2798 5084 2854 5131 et
2904 5077 3119 5147 junceis
3171 5079 3320 5135 vasis
3373 5088 3525 5136 recte

1942 5177 2328 5239 comparantur
2371 5167 2547 5233 electi,
2580 5183 2702 5221 cum
2755 5166 2995 5223 radicem
3044 5169 3241 5235 cordis,
3286 5185 3357 5226 ne
3383 5169 3525 5227 forte

1946 5268 2014 5321 ab
2055 5280 2240 5320 amore
2295 5263 2618 5319 aeternitatis
2656 5271 2898 5330 arescat,
2931 5266 2986 5319 in
3036 5266 3154 5334 ipso
3205 5267 3331 5323 vita).
3378 5267 3527 5323 fonte

1950 5359 2232 5414 collocant.
2285 5356 2686 5411 Assimulantur
2727 5365 2782 5411 et
2831 5357 2913 5412 eis
2961 5375 3081 5428 quae
3108 5360 3175 5414 de
3223 5360 3525 5428 palmarum

1950 5459 2076 5504 sunt
2105 5448 2248 5505 foliis
2280 5455 2553 5514 contexta,
2584 5463 2709 5502 cum
2752 5449 2876 5503 inde
2907 5450 3153 5504 festivam
3174 5458 3392 5503 aeterna:
3438 5459 3517 5501 re-

1951 5539 2262 5596 tributionis
2289 5539 2603 5594 memoriam
2625 5556 2763 5610 puro
2804 5541 2966 5596 corde
2989 5542 3225 5594 retinent
3255 5555 3270 5603 ;
3310 5546 3365 5590 et
3386 5537 3527 5594 bene

1955 5636 2111 5691 turba
2137 5633 2386 5703 quamvis
2426 5633 2683 5704 reliquias
2733 5634 2985 5687 dominici
3029 5629 3238 5699 prandii
3284 5643 3390 5683 non
3438 5643 3529 5683 ca-

1955 5733 2129 5798 pcret,
2156 5724 2511 5781 manducasse
2552 5732 2729 5779 tamen
2753 5730 2805 5777 et
2845 5728 3083 5776 saturata
3110 5734 3228 5774 esse
3254 5727 3528 5783 narratur,
