3932 6204
413 280 507 342 Hi

416 394 547 466 quia
574 396 702 447 sunt
725 380 998 448 nonnulli,
1038 377 1133 448 qui
1174 372 1277 431 etsi
1316 372 1497 466 omnia
1530 385 1629 427 sua
1676 368 1984 466 relinquere
2009 365 2064 425 Α

420 456 718 554 tiequeunt,
752 484 933 530 tamen
961 468 1266 526 esurientes
1311 474 1369 519 et
1411 462 1659 554 sitientes
1699 456 1990 554 justitiam,

1720 250 2076 321 smmum
2113 204 2405 338 ABBATiS

3571 231 3678 286 4ιέ

2158 360 2469 428 Quicunque
2493 355 2630 410 enim
2677 351 2865 423 spiritu
2898 348 2997 402 Dei
3043 354 3298 416 aguntur,
3337 344 3397 400 lii
3434 343 3534 413 ﬁlii
3582 344 3685 399 Dei

2095 460 2236 506 sunt.
2279 449 2356 504 Ac
2376 449 2421 503 si
2448 446 2673 509 diceret,
2702 442 3011 513 quicunque
3033 443 3313 492 merentur
3324 434 3535 505 Spiritu
3557 451 3676 491 sau-

994 557 1262 614 audiendo
1308 553 1566 610 mandata
1620 550 1756 622 legis
1801 548 1898 603 Dei
1929 546 1996 600 ad
2094 550 2183 596 cto
2204 537 2515 633 gubernari,
2540 532 2947 633 vel
2977 527 3283 633 doctrinam
3296 526 3685 633 Spiritus‘san-

423 668 592 721 vitam
618 657 942 732 perveniunt
959 663 1241 708 aeternam.

497 754 665 807 Erant
707 757 886 802 autem
941 744 1031 814 qui
1082 739 1531 794 manducaverunt
1583 732 1734 805 quasi
1773 738 2002 802 quatuor

423 846 618 911 millia,
653 853 701 898 et
725 839 926 896 dimisit
979 853 1086 891 eos.
1134 834 1282 889 Bene
1311 839 1545 901 quatuor
1575 826 1764 887 millia,
1787 830 1850 878 ut
1886 824 2002 890 ipso

425 937 593 992 etiam
620 945 846 989 numero
872 930 1131 984 docerent
1174 920 1500 992 evangelicis
1547 932 1606 973 se
1643 926 1830 986 pastos
1885 924 2005 967 esse

428 1029 1005 1169 cnbanilsiilBDOMADA
1032 1107 1103 1162 1X
1125 1102 1299 1160 POST
1328 1096 1840 1157 PENTECOSTEN.

431 1220 624 1263 ιεετιο
654 1217 924 1261 εωετοιιε
965 1214 1124 1256 ΒΕΑἸΊ
1160 1211 1315 1253 PAULI
1355 1208 1608 1249 APOS'I'OLI
1634 1207 1701 1245 AD
1730 1200 2023 1249 ROMANOS,

1088 1285 1207 1324 CAP.
1240 1281 1361 1323 γιιι.

513 1385 532 1417 ι
577 1364 862 1420 Debitores
891 1375 1079 1416 sumus
1106 1372 1214 1411 non
1245 1353 1419 1418 carni,
1450 1361 1511 1405 ut
1559 1349 1855 1406 secundum
1892 1360 2011 1400 car.

441 1473 460 1505 ι
507 1468 632 1508 nem
656 1451 919 1505 vivamus.
954 1446 1011 1501 Si
1045 1445 1189 1500 enim
1210 1442 1507 1498 secundum
1546 1453 1765 1493 carnem
1813 1433 2013 1489 vixeri-

445 1560 463 1595 α
508 1544 612 1608 tis,
668 1536 1023 1594 moriemini:
1060 1536 1107 1589 si
1163 1542 1345 1588 autem
1390 1530 1594 1601 Spiritu
1640 1527 1782 1581 facta
1833 1524 2015 1580 carnis

445 1656 465 1689 ι
511 1629 988 1694 mortiﬁcaveritis,
1014 1626 1224 1681 vivetis.
1272 1623 1587 1691 Quicunque
1630 1619 1777 1673 enim
1808 1616 2012 1686 Spiritu

2096 632 2168 686 eti
2195 631 2396 692 vivere,
2421 627 2476 682 1ιί
2512 632 2640 681 sunt
2663 624 2755 692 qui
2782 620 2992 692 Spiritu
3037 618 3136 673 Dei
3194 625 3445 689 aguntur,
3498 618 3555 673 id
3602 627 3688 675 est

2098 723 2469 792 gubernantur
2491 716 2579 771 vel
2622 718 2926 768 moventur.
2956 710 3134 764 .Sicut
3184 709 3331 764 enim
3387 708 3543 764 multi
3591 708 3687 764 ﬁlii

2100 812 2219 875 Dei,
2248 818 2306 864 ut
2336 808 2619 879 Scriptura
2667 805 2801 861 dicit
2831 821 2844 856 :
2877 802 2991 873 Ego
3016 801 3152 865 dixi,
3181 800 3272 853 Dii
3318 800 3466 863 estis,
3495 808 3545 852 et
3588 798 3689 867 ﬁlii

2111 900 2301 956 excelsi
2334 916 2511 953 omnes
2539 895 2712 967 (Psal.
2735 910 2898 951 Lxxm
2922 892 2965 963 ),
2989 906 3131 947 unus
3160 899 3342 946 tamen
3372 901 3459 946 est
3493 900 3690 946 natura

2105 993 2248 1048 ﬁlius
2289 999 2346 1047 et
2391 990 2704 1060 unigenitus
2727 988 2795 1043 de
2817 994 2993 1056 patre,
3033 999 3134 1055 per
3160 998 3323 1053 quem
3350 997 3544 1039 omnes
3593 982 3695 1037 ﬁlii

2104 1081 2459 1153 appellantur.
2511 1087 2583 1133 Ita
2625 1087 2681 1133 et
2708 1077 2932 1147 spiritus
2966 1074 3119 1129 multi
3155 1073 3375 1144 quidem
3414 1081 3571 1139 sunt,
3598 1072 3694 1129 sed

2108 1186 2247 1227 unus
2279 1179 2384 1237 est,
2412 1168 2504 1238 qui
2550 1183 2680 1224 vere
2706 1183 2774 1227 ex
2825 1166 3078 1235 ipso‘Deo
3101 1163 3368 1234 procedit,
3397 1171 3453 1219 et
3481 1163 3698 1221 caeteris

2109 1263 2359 1319 omnibus
2384 1260 2659 1317 vocabulis
2705 1274 2773 1315 ac
2815 1257 3265 1315 sanctiﬁcationis
3304 1272 3416 1312 sua:
3464 1258 3699 1327 gratiam

2110 1354 2296 1411 donat.

2188 1446 2312 1501 Non
2342 1446 2482 1501 enim
2509 1443 2779 1510 accepistis
2812 1442 3055 1513 spiritum
3094 1441 3354 1496 servitutis
3404 1442 3595 1495 iterum
3643 1442 3702 1494 in

2117 1537 2327 1592 timore.
2357 1537 2461 1609 (Ex
2482 1532 2739 1605 Primas.)
2764 1531 2933 1588 Judaei
2963 1538 3288 1601 acceperunt
3312 1532 3583 1601 spiritum,
3608 1531 3701 1601 qui

2116 1629 2289 1684 nullos
2317 1628 2384 1682 ad
2419 1626 2737 1682 servitutem
2784 1631 3002 1693 cogeret
3044 1637 3141 1691 per
3171 1622 3441 1677 timorem.
3485 1621 3707 1677 Timere

447 1744 466 1780 ι
515 1725 609 1781 Dei
661 1733 914 1794 θευηιυτ,
939 1720 995 1774 hi
1042 1717 1137 1770 ﬁlii
1183 1724 1310 1769 sum
1350 1713 1464 1768 θεία
1511 1709 1629 1765 Non
1667 1708 1810 1764 enim
1863 1721 2015 1771 3006'
2042 1700 2087 1757 Β
2116 1717 2263 1772 enim
2285 1730 2566 1772 servorum
2593 1721 2700 1779 est,
2722 1712 2947 1783 diligere
2972 1712 3228 1767 ﬁliorum.
3257 1711 3409 1765 Sicut
3430 1713 3699 1782 scriptum

445 1837 467 1871 ι
511 1818 667 1890 pistis
718 1813 966 1884 spiritum
1007 1808 1279 1865 servitutis
1300 1808 1496 1861 iterum
1544 1804 1599 1858 in
1643 1802 1857 1864 timore,
1918 1796 2015 1853 sed

447 1928 468 1963 ι
513 1888 1068 1977 accepistisSpiritum
1090 1896 1395 1967 adoptionis
1422 1894 1679 1956 ﬁliorum,
1697 1891 1750 1944 in
1779 1904 1886 1959 quo
1907 1888 2016 1943 cla-

448 2016 469 2052 ι
526 2011 739 2054 mamus
772 2013 785 2048 :
822 1992 974 2047 Abba
1002 1996 1174 2059 pater.
1203 1985 1322 2056 Ipse
1359 1980 1750 2050 enimSpiritus
1775 1977 2015 2033 testimo-

452 2110 473 2143 ε
517 2090 666 2146 nium
692 2084 867 2142 reddit
901 2080 1117 2152 spiritui
1148 2086 1356 2141 nostro,
1384 2073 1528 2145 quod
1559 2086 1748 2128 sumus
1775 2069 1869 2123 ﬁlii
1898 2067 2016 2122 Dei.

452 2202 471 2234 ι
516 2177 575 2234 Si
601 2185 782 2233 autem
809 2173 904 2228 ﬁlii
921 2172 1018 2227 Dei
1037 2178 1092 2226 et
1110 2169 1376 2243 htercdes,
1398 2164 1642 2221 hmredcs
1660 2161 1875 2232 quidem
1901 2159 2016 2224 Dei,

454 2289 473 2321 ι
518 2257 826 2325 cohzeredes
855 2271 1036 2318 autem
1065 2257 1285 2315 Christi.
1329 2276 1348 2308 ι

418 2381 423 2386 ·
522 2356 789 2413 Debitores
834 2368 1016 2407 sumus
1044 2367 1147 2404 non
1192 2347 1363 2411 carni,
1414 2354 1467 2398 ut
1497 2342 1781 2398 secundum
1810 2355 2021 2393 carnem

453 2452 701 2506 rivamus.
742 2446 844 2514 (Ex
891 2442 1065 2513 Orig.)
1102 2440 1386 2494 Debitorcs
1416 2451 1603 2492 sumus
1645 2447 1855 2497 eorum,
1908 2431 2025 2485 sine

452 2541 635 2607 dubio,
674 2555 794 2610 qua:
841 2553 871 2591 a
892 2535 1094 2606 Spiritu
1114 2530 1389 2589 consecuti
1413 2544 1621 2594 sumus,
1650 2526 1802 2582 carni
1824 2529 2022 2587 autem,

454 2629 646 2704 inquit,
671 2646 779 2688 non
807 2643 994 2685 sumus
1021 2627 1311 2682 debitores.
1338 2620 1524 2691 Neque
1552 2618 1697 2674 enim
1741 2623 2026 2687 pr0pterea

455 2742 553 2803 lips
574 2724 701 2779 fecit
721 2724 862 2778 Deus
887 2722 955 2777 ad
986 2719 1272 2791 imaginem
1292 2731 1468 2781 suam,
1493 2722 1553 2769 ut
1580 2712 1762 2768 carnis
1808 2710 2028 2766 servitio

454 2809 694 2872 essemus
737 2814 978 2875 obnoxii,
1008 2812 1101 2868 sed
1126 2810 1306 2883 potius
1331 2816 1391 2864 ut
1435 2805 1666 2863 creatori
1697 2819 1795 2860 suo
1848 2802 2028 2857 anima

454 2908 783 2972 deserviens,
811 2906 926 2976 ipsa
955 2903 1177 2960 servitio
1202 2914 1274 2956 ac
1296 2899 1601 2955 ministerio
1642 2896 1823 2952 carnis
1850 2902 2032 2949 utere-

457 3004 561 3051 tur.
592 2995 701 3067 (Ex
744 2991 1001 3064 Primus.)
1045 2991 1159 3046 Hoc
1196 2996 1370 3046 totum
1411 2987 1543 3058 agit,
1573 2993 1632 3040 ut
1660 2983 1910 3039 ostendat
1951 2982 2032 3036 eis

2115 1816 2238 1864 est:
2276 1806 2466 1861 Servus
2491 1805 2762 1867 dominum
2784 1820 2940 1858 suum
2992 1802 3213 1866 timebit,
3242 1812 3290 1857 et
3339 1802 3485 1872 ﬁlius
3522 1803 3706 1875 diliget

2116 1906 2318 1968 patrem
2338 1911 2512 1949 suum.
2528 1894 2607 1947 llli
2623 1909 2752 1964 ergo
2765 1894 2857 1963 qui
2884 1893 3100 1963 operari
3119 1892 3401 1947 cbaritatis
3420 1893 3708 1949 voluntate

2117 1987 2395 2052 nolebant,
2448 1984 2661 2040 timoris
2705 1984 3029 2039 necessitate
3084 1992 3373 2054 cogantur,
3425 1998 3528 2039 nos
3570 2000 3707 2039 vero

2121 2077 2304 2133 omnia
2329 2076 2633 2132 voluntarie
2662 2090 2970 2144 operemur,
3002 2083 3063 2130 ut
3091 2075 3230 2130 ﬁlios
3278 2090 3378 2131 nos
3419 2090 3543 2131 esse
3570 2091 3707 2147 pro-

2121 2172 2335 2227 bemur.

2193 2260 2301 2332 (Ea:
2327 2257 2575 2330 August.)
2611 2257 2714 2326 Qui
2757 2257 2966 2312 timore
2992 2270 3187 2325 preme,
3213 2272 3321 2311 non
3349 2270 3537 2311 amore
3552 2254 3717 2324 justi-

2106 2349 2213 2414 .tiaa
2260 2368 2396 2423 opus
2442 2351 2576 2421 legis
2632 2350 2786 2415 facit,
2844 2364 2941 2420 per
3002 2352 3107 2404 hoc
3154 2348 3310 2420 legis,
3359 2363 3525 2418 quam
3581 2347 3716 2405 velit

2124 2461 2232 2500 non
2256 2457 2396 2507 esse,
2425 2456 2533 2496 non
2559 2448 2645 2496 est
2693 2441 2922 2507 amicus,
2961 2439 3055 2495 sed
3082 2439 3261 2508 potius
3289 2438 3574 2502 inimicus;
3612 2453 3714 2492 nec

2127 2534 2418 2591 mundatur
2452 2547 2635 2603 opere,
2665 2532 2757 2601 qui
2785 2530 3094 2586 immundus
3119 2537 3205 2585 est
3224 2529 3512 2584 voluntate.

2200 2624 2305 2683 Sed
2330 2623 2600 2695 accepistis
2623 2621 2879 2693 Spiritum
2904 2620 3199 2692 adoptionis
3236 2620 3467 2690 filiorum
3507 2622 3567 2676 in
3611 2639 3717 2693 quo

2129 2721 2419 2777 clamamus
2457 2717 2602 2773 Abba
2624 2727 2793 2789 pater.
2844 2715 2948 2782 Qui
2976 2723 3137 2770 vocat
3167 2722 3403 2785 patrem,
3451 2714 3629 2769 ﬁlium
3652 2731 3715 2771 se

2131 2827 2252 2871 esse
2269 2811 2577 2883 proﬁtetur,
2605 2810 2765 2865 debet
2791 2823 2922 2881 ergo
2947 2809 3092 2879 patri
3116 2809 3171 2862 in
3202 2808 3447 2863 moribus
3472 2808 3617 2864 ﬁlius
3639 2810 3718 2863 si-

2133 2905 2277 2962 milis
2313 2903 2558 2967 inveniri,
2618 2917 2688 2958 ne
2722 2917 2822 2973 pro
2874 2902 3097 2957 nomine
3126 2916 3344 2972 quoque
3398 2901 3454 2955 in
3483 2916 3719 2956 vacuum

2136 3002 2399 3063 usurpato
2426 2990 2620 3059 majori
2649 3006 2824 3061 paenae
2852 2988 3151 3061 subiaceat,
3201 2992 3329 3045 item
3360 3006 3458 3045 vos
3484 2990 3721 3045 Romani

459 3044 693 3067 -η--κπ
1206 3044 1214 3046 ν
1446 3044 1477 3058 ν
1529 3044 1539 3050 -
2143 3044 2389 3063 “Mr---
2652 3044 2733 3061 τη
2786 3044 2817 3045 η
2864 3044 2897 3045 κν
2949 3044 2969 3061 .
3022 3044 3065 3046 η
3138 3044 3151 3056 ,

458 3090 630 3163 legem
674 3105 782 3144 non
809 3103 932 3143 esse
964 3086 1350 3148 necessariam.
1392 3097 1512 3151 (λικε
1558 3078 1865 3136 carnalibus
1907 3075 2032 3131 ἀέξω
2059 3044 2104 3107 C
2135 3086 2189 3141 in
2220 3083 2561 3152 adoptionem
2616 3080 2847 3135 ﬁliorum
2900 3081 3077 3136 vocati
3124 3081 3279 3144 estis,
3310 3096 3418 3135 non
3453 3080 3600 3134 sicut
3625 3078 3722 3132 Ja-

458 3190 563 3239 est.

529 3266 593 3327 Si
618 3271 757 3324 enim
785 3267 1070 3324 secundum
1095 3282 1303 3321 carnem
1331 3263 1577 3325 vixeritis,
1595 3256 1905 3315 moriemini.
1936 3255 2039 3327 (Ex

464 3358 639 3432 Orig.)
670 3359 811 3427 Quid
836 3367 921 3414 est
941 3356 1226 3412 secundum
1255 3371 1465 3410 carnem
1503 3353 1687 3415 vivere,
1715 3349 1823 3404 nisi
1855 3345 2039 3402 carnis

460 3450 728 3507 desideria
750 3448 1007 3517 implere?
1027 3445 1162 3501 Nam
1190 3455 1245 3502 et
1274 3445 1399 3500 alibi
1434 3443 1599 3499 dicit:
1638 3441 1709 3495 Et
1742 3437 1917 3493 carnis
1947 3453 2040 3489 cu-

460 3554 576 3596 ram
598 3556 661 3594 ηε
690 3538 913 3606 feceritis
933 3538 988 3591 in
1008 3536 1455 3608 concupiscentiis.
1480 3532 1598 3588 Non
1617 3532 1805 3601 utique
1833 3541 2041 3598 negans

464 3624 659 3685 curam
684 3629 865 3684 carnis
890 3626 1193 3683 habendam
1218 3627 1273 3680 in
1299 3623 1647 3688 necessariis,
1676 3621 1771 3677 sed
1814 3621 1868 3674 in
1916 3634 2042 3673 con-

465 3717 829 3790 cupiscentiis.
872 3712 952 3771 Ita
980 3731 1111 3787 ergo
1153 3722 1211 3770 et
1243 3716 1376 3770 hic:
1415 3713 1472 3769 Si
1499 3712 1659 3777 enim,
1710 3709 1908 3779 inquit,
1959 3721 2043 3762 se-

466 3808 694 3862 cundum
715 3823 923 3861 carnem
944 3806 1195 3871 vixeritis,
1219 3804 1533 3860 moriemini.
1557 3799 1838 3873 Signiﬁcat
1861 3806 2043 3854 autem

467 3905 697 3951 nim-tem
733 3911 907 3967 poma:
944 3904 1180 3950 aeternae.
1214 3893 1329 3950 Hoc
1372 3894 1517 3948 enim
1563 3890 1713 3956 dicit,
1759 3888 2043 3945 ostendere

466 3986 675 4053 volens,
704 3986 941 4041 maxima
968 3985 1025 4041 in
1049 3994 1258 4057 partem
1285 3986 1597 4056 passionum
1633 3981 1899 4038 desideria
1944 3981 2044 4036 liu-

466 4078 615 4132 mani
643 4077 884 4148 corporis
912 4092 1051 4133 esse.

541 4166 600 4224 Si
631 4179 803 4224 autem
834 4171 1021 4238 spiritu
1053 4169 1195 4240 facta
1220 4169 1393 4223 carnis
1424 4165 1890 4237 mortiﬁcareritis,
1916 4165 2047 4219 vive-

469 4258 554 4311 tis.
582 4257 682 4329 (Ex
712 4257 885 4329 Orig.)
918 4258 1018 4327 Qui
1060 4275 1188 4329 ergo
1224 4259 1519 4315 secundum
1561 4258 1810 4327 spiritum
1855 4271 2041 4326 agens,

2136 3175 2256 3237 dati,
2286 3174 2379 3242 qui
2403 3172 2604 3228 subditi
2632 3172 2769 3241 legis
2805 3171 3055 3242 imperio.
3086 3172 3140 3226 in
3164 3172 3427 3227 servitute
3453 3172 3720 3226 teneban-

2137 3274 2244 3321 tur.
2284 3264 2437 3332 Quod
2458 3278 2590 3320 vcro
2609 3262 2853 3318 addidit:
2884 3262 3030 3316 Abba
3065 3271 3234 3333 pater,
3281 3261 3473 3331 patriae
3524 3261 3725 3331 linguae

2139 3353 2480 3418 vocabulum,
2510 3353 2743 3422 idipsum
2796 3352 3034 3417 iteravit,
3066 3352 3212 3407 velut
3253 3352 3299 3407 si
3332 3352 3600 3407 dixisset:
3631 3369 3727 3423 pa-

2139 3455 2223 3502 ter
2243 3455 2419 3518 pater,
2451 3446 2593 3502 idem
2624 3460 2858 3514 namque
2886 3444 3037 3499 Abba
3069 3446 3212 3514 quod
3244 3451 3300 3499 et
3326 3452 3483 3513 pater
3510 3444 3727 3513 signiﬁ-

2138 3548 2249 3603 cat,
2288 3539 2384 3595 sed
2403 3538 2555 3594 Abba
2584 3536 2888 3602 Hebraeum,
2922 3546 3083 3607 pater
3110 3536 3357 3592 Graecum
3378 3544 3465 3591 est
3489 3545 3543 3591 et
3581 3536 3728 3591 Lati-

2108 3643 2290 3694 .num.
2325 3626 2397 3683 Ut
2424 3641 2554 3698 ergo
2581 3634 2873 3695 utrumque
2913 3625 3169 3696 populum
3205 3627 3260 3681 in
3308 3641 3434 3680 eum
3482 3627 3724 3682 creditu—

2141 3739 2284 3789 rum,
2345 3723 2415 3778 ab
2445 3731 2677 3792 utroque
2704 3736 2827 3777 eum
2873 3721 3229 3776 invocandum
3282 3735 3405 3776 esse
3470 3721 3717 3785 doceret,

2140 3820 2428 3881 utramque
2481 3810 2719 3881 linguam
2774 3810 3066 3881 Apostolus
3116 3810 3316 3881 posuit,
3360 3818 3422 3865 ut
3447 3810 3727 3872 Abhailli,

2143 3906 2235 3976 qui
2264 3906 2332 3960 de
2373 3904 2669 3959 Israelitico
2730 3904 2950 3974 populo,
2991 3918 3092 3959 nos
3135 3905 3295 3960 Pater
3338 3904 3725 3965 clamaremus,

2142 3994 2236 4064 qui
2278 3994 2346 4047 de
2374 3992 2624 4062 gentibus
2659 3992 2727 4046 ad
2764 3991 2923 4047 ﬁdem
2963 3991 3164 4048 Christi
3192 3993 3461 4047 venimus.

2216 4083 2338 4154 Ipse
2365 4081 2596 4152 Spiritus
2646 4083 2999 4136 testimonium
3044 4082 3216 4136 reddit
3261 4083 3472 4153 spiritui
3521 4093 3725 4145 nostro,

2145 4184 2250 4232 etc.
2283 4174 2402 4245 ipse
2445 4187 2574 4245 ergo
2588 4174 2826 4243 Spiritus
2882 4173 3208 4243 adeptionis,
3254 4188 3353 4244 per
3391 4189 3553 4243 quem
3587 4174 3642 4229 in
3672 4175 3729 4228 ﬁ-

2148 4268 2277 4322 lium
2304 4266 2426 4337 quis
2472 4266 2777 4335 adeptatur,
2820 4263 2998 4320 reddit
3046 4265 3410 4320 testimonium
3441 4273 3497 4320 et
3524 4265 3728 4320 conﬁr-

472 4349 764 4445 tnortiﬁcat
788 4356 940 4406 actus
969 4353 1170 4418 carnis,
1199 4354 1345 4408 vivet
1386 4362 1609 4422 propter
1652 4352 2045 4406 inbahitantem
2068 4385 2122 4445 D
2148 4365 2262 4411 mat
2287 4355 2536 4426 spiritum
2567 4364 2829 4420 nostrum,
2857 4355 2985 4425 quia
3008 4370 3194 4410 sumus
3228 4355 3320 4409 ﬁlii
3347 4355 3464 4409 Dei.
3496 4355 3725 4410 Postea-

471 4439 526 4493 in
559 4453 619 4495 se
676 4441 925 4512 spiritum
970 4443 1114 4498 vitae.
1165 4443 1452 4499 Mortiﬁcat
1496 4452 1676 4497 autem
1724 4442 1845 4512 quis
1891 4450 2045 4497 actus

472 4529 652 4584 carnis
698 4529 803 4584 hoc
856 4532 1034 4595 modo,
1100 4530 1306 4588 fructus
1352 4542 1435 4588 est
1482 4534 1703 4603 spiritus
1757 4534 1994 4588 charitas
2027 4572 2043 4597 ,

473 4618 658 4674 odium
684 4620 864 4675 carnis
904 4627 986 4674 est
1010 4630 1184 4685 actus,
1214 4623 1397 4677 odium
1424 4638 1552 4692 ergo
1576 4638 1674 4692 per
1724 4623 2046 4678 charitatem

475 4707 830 4787 mortiﬁcatur
838 4716 893 4763 et
906 4710 1284 4779 exstinguitur.
1299 4709 1563 4767 Gaudium
1576 4711 1823 4767 similiter
1842 4711 2049 4767 fructus

475 4805 560 4852 est
599 4798 841 4868 spiritus,
873 4802 1093 4857 tristitia
1121 4818 1249 4858 vero
1269 4805 1427 4875 hujus
1451 4805 1656 4868 szeculi,
1673 4820 1794 4874 quae
1818 4812 2045 4860 mortem

475 4898 751 4959 operatur,
774 4892 954 4946 carnis
982 4900 1063 4947 est
1091 4902 1263 4948 actus.
1290 4893 1417 4948 Iirec
1445 4908 1573 4963 ergo
1620 4894 1979 4965 exstinguitur
2000 4895 2045 4949 si

476 4981 550 5035 sit
575 4981 630 5035 in
658 4983 814 5037 nobis
839 4985 1091 5053 gaudium
1110 4985 1350 5055 spiritus,
1383 5003 1489 5057 pax
1518 4985 1724 5041 fructus
1751 4996 1835 5042 est
1885 4987 2045 5056 spiri-

479 5079 584 5127 tus.
634 5073 908 5129 Dissensio
936 5083 991 5130 et
1029 5077 1302 5132 discordia
1332 5078 1510 5133 carnis
1539 5086 1642 5133 est.
1683 5077 1787 5132 Sed
1837 5086 2046 5133 certum

477 5166 562 5214 est
608 5159 931 5216 discordiam
980 5165 1296 5220 mortiﬁcari
1344 5183 1441 5237 per
1497 5182 1704 5237 pacem.
1759 5166 1851 5222 Sic
1899 5175 1954 5222 et
1991 5168 2045 5221 in

477 5249 735 5320 patientia
764 5253 984 5323 spiritus
1030 5257 1290 5323 patientia
1337 5258 1516 5313 carnis
1573 5260 1951 5329 exstinguitur,
1992 5269 2049 5316 et

479 5343 692 5400 bonitas
716 5346 976 5400 malitiam
1001 5351 1237 5417 perimit,
1271 5363 1324 5407 et
1373 5356 1731 5410 mansuetudo
1787 5355 2047 5411 ferociam

478 5443 534 5491 et
563 5437 890 5492 continentia
924 5437 1420 5510 intemperantiam,
1454 5455 1509 5501 et
1552 5449 1775 5502 castitas
1818 5447 2049 5516 impudi-

481 5525 665 5582 citiam
689 5536 864 5583 necat.
896 5528 1118 5601 Talique
1139 5534 1327 5591 ordine
1350 5537 1438 5607 qui
1466 5553 1564 5606 per
1600 5538 1847 5608 spiritum
1896 5544 2047 5593 actus

485 5623 661 5679 carnis
682 5622 1031 5679 viviﬁcaverit
1052 5626 1211 5682 vivet.

2146 4462 2308 4517 quam
2367 4462 2399 4500 a
2456 4445 2646 4515 spiritu
2691 4446 2967 4501 servitutis
3013 4446 3068 4500 in
3112 4445 3418 4517 adoptionis
3471 4447 3727 4516 spiritum

2146 4537 2476 4616 venerimus,
2502 4552 2624 4591 cum
2642 4534 2756 4605 jam
2799 4535 2932 4590 nihil
2994 4536 3205 4592 timoris
3249 4537 3411 4602 inest,
3445 4537 3582 4591 nihil
3608 4552 3731 4606 pro-

2146 4634 2271 4699 pter
2297 4635 2503 4681 metum
2551 4640 2722 4696 paenae
2774 4626 3032 4697 gerimus,
3086 4627 3181 4681 sed
3215 4637 3434 4699 propter
3483 4644 3731 4684 amorem

2147 4718 2325 4773 Patris
2344 4726 2540 4773 cuncta
2568 4717 2896 4788 perﬁcimus.
3012 4726 3023 4731 ‘

2222 4807 2280 4863 Si
2302 4819 2476 4863 autem
2507 4807 2606 4878 [itii
2631 4816 2678 4862 et
2708 4807 2960 4871 Iurredes,
2985 4806 3215 4862 hteredes
3241 4808 3447 4878 quidem
3471 4807 3595 4874 Dei,
3617 4817 3727 4863 etc.

2146 4903 2276 4957 Post
2302 4903 2549 4973 hzecjam
2584 4917 2649 4956 ex
2677 4900 3134 4970 consequentibus
3167 4901 3536 4972 syllogismum
3556 4901 3732 4957 nectit

2145 4990 2434 5060 Apostolus
2484 4997 2539 5044 et
2567 4990 2735 5044 dicit:
2792 4989 2850 5045 Si
2874 4990 3141 5060 Spiritum
3173 4991 3479 5059 adoptionis
3510 4989 3730 5058 accepi-

2148 5096 2289 5144 mus,
2318 5095 2447 5149 ergo
2476 5078 2571 5133 ﬁlii
2602 5094 2805 5134 sumus.
2838 5078 2990 5147 Quod
3019 5080 3066 5134 si
3111 5080 3206 5135 ﬁlii
3236 5095 3445 5146 sumus,
3476 5080 3596 5136 sine
3625 5080 3733 5134 du-

2147 5174 2237 5228 bio
2267 5181 2323 5228 et
2347 5172 2610 5235 haeredes,
2659 5171 2966 5227 mercedem
3014 5187 3248 5242 namque
3300 5187 3492 5228 servus
3536 5186 3733 5240 exspe-

2155 5274 2289 5331 ctat,
2355 5264 2726 5320 hrereditatem
2794 5265 2935 5320 ﬁlius
2997 5275 3201 5336 sperat.
3253 5266 3321 5320 Et
3350 5281 3541 5321 rursus
3590 5264 3733 5319 alius

2156 5357 2361 5412 addidit
2390 5355 2750 5411 conclusionis
2797 5364 3144 5427 augmentum
3176 5371 3190 5411 :
3220 5355 3472 5411 eredes
3496 5356 3729 5427 quidem,

2156 5448 2250 5511 ait,
2290 5446 2411 5510 Dei,
2436 5446 2728 5501 cohtrredes
2763 5456 2936 5501 autem
2986 5447 3201 5501 Christi.
3234 5445 3418 5501 Haeres
3445 5446 3569 5516 quis
3602 5442 3696 5498 δι’Ιί
3716 5474 3734 5485 ο

2155 5540 2297 5594 citur
2336 5538 2454 5601 Dei,
2500 5552 2769 5608 cumquae
2799 5538 2893 5592 Dei
2944 5547 3070 5592 sunt
3095 5545 3333 5593 meretur
3376 5537 3638 5607 accipere,
3674 5535 3730 5588 id

2156 5640 2260 5697 est,
2295 5630 2729 5700 incorruptionis,
2766 5639 2819 5686 ct
2848 5630 3269 5687 immortalitatis
3313 5629 3562 5701 gloriam,
3601 5626 3728 5681 the.-
