3932 6204
250 327 355 383 “5

1061 319 1576 379 COLLECTIONES
1611 319 1680 375 ΙΝ
1715 316 2092 377 EPISTOLAS
2129 321 2218 376 ET
2256 312 2670 379 EVANGELIA.

3389 321 3509 379 ιη’

245 454 434 497 sauros
459 436 738 508 sapientia
761 443 818 489 et
845 434 1086 491 scientia:
1136 435 1467 490 reconditos.
1499 432 1819 489 Cohmredes
1847 436 1894 495 Α
1921 434 2123 490 dictum
2172 442 2256 491 est
2285 455 2296 488 :
2328 436 2495 491 Terra
2527 442 2618 489 tua
2651 433 2835 504 spinas
2888 436 2952 488 et
2970 424 3200 488 tribules
3226 433 3507 503 germina-

245 543 426 587 autem
452 529 677 593 Christi,
712 544 838 584 cum
889 528 1362 584 transl‘ormaverit
1415 541 1611 596 corpus
1648 525 1826 580 humi-

245 620 414 676 litatis
436 626 657 683 nostrai,
689 616 968 674 conformo
1016 616 1230 687 corpori
1281 616 1547 673 claritatis
1575 630 1704 680 sum,
1732 614 1826 670 sed

247 720 446 767 et‘cum
481 708 612 763 illud
644 706 871 777 adipisci
895 708 1114 773 meruit,
1145 708 1288 776 quod
1318 707 1455 763 dixit
1490 706 1606 775 ipse
1635 704 1825 759 Salva-

249 812 335 856 tor
365 818 378 851 :
408 795 730 861 Pater,-volo
753 805 809 850 ut
857 797 947 849 ubi
975 812 1068 866 ego
1120 812 1258 860 sum,
1296 807 1343 849 et
1370 796 1457 848 isti
1486 794 1589 848 sint
1624 808 1826 846 mecum

250 888 616 963 (Joan.xvu).
643 888 740 942 Est
792 894 1055 957 praeterea
1102 894 1156 941 et
1185 886 1274 941 illa
1301 886 1535 957 dignitas
1590 885 1827 941 cohaere-

249 982 376 1047 dum
403 979 628 1043 Christi,
667 979 808 1048 quod
831 981 993 1035 Pater
1020 977 1238 1047 quidem
1265 992 1426 1032 omne
1443 976 1706 1047 judicium
1736 975 1828 1029 de.

250 1070 330 1127 dit
366 1071 498 1135 ﬁlio,
539 1072 632 1125 sed
666 1069 894 1125 etFilius
926 1069 1060 1124 dicit
1089 1069 1157 1123 ad
1183 1068 1501 1124 cohaeredes
1531 1081 1659 1122 suos
1689 1085 1702 1119 :
1735 1065 1828 1121 Se-

249 1164 439 1218 debitis
456 1170 506 1215 et
532 1178 619 1215 vos
640 1176 797 1231 super
815 1160 1090 1214 duodecim
1116 1160 1352 1222 thronos,
1371 1158 1673 1228 judicantes
1696 1157 1829 1210 duo—

249 1255 416 1308 decim
438 1252 607 1305 tribus
641 1248 835 1315 Israel,
865 1257 920 1304 et
945 1250 1048 1303 hoc
1068 1250 1226 1303 modo
1252 1248 1494 1303 hzeredes
1523 1262 1651 1302 suos
1671 1246 1829 1301 Chri-

250 1336 368 1399 stus
403 1358 514 1396 non
540 1341 714 1396 solum
764 1340 816 1394 in
845 1349 1030 1410 partes
1066 1340 1423 1405 haereditatis,
1458 1338 1552 1393 sed
1579 1324 1743 1394 etiam
1774 1337 1828 1390 in

249 1434 584 1490 wns‘ortium
611 1431 895 1501 potestatis
925 1430 1162 1485 adducit.

546 1538 884 1579 ενΑΝαειιυκ
914 1535 1197 1585 ΙΑΤἸἩΕΙ,
1232 1534 1351 1576 CAP.
1380 1534 1476 1573 VII.

326 1637 345 1668 ε
389 1616 670 1671 Attendite
698 1631 729 1668 a
756 1613 906 1669 falsis
932 1612 1231 1683 prophetis,
1275 1611 1368 1681 qui
1395 1610 1620 1664 veniunt
1646 1609 1712 1663 ad
1736 1623 1831 1662 vos

258 1726 287 1760 r
318 1712 373 1764 in
400 1708 742 1764 vestimentis
769 1709 976 1773 ovium,
1005 1707 1333 1761 intrinsecus
1356 1713 1537 1759 autem
1569 1713 1695 1759 sunt
1721 1704 1828 1773 lupi

1924 524 2004 579 bit
2043 524 2158 580 tibi.
2195 525 2356 581 Ficus
2379 541 2510 581 vero
2535 532 2592 580 et
2614 539 2717 579 uva
2764 523 3108 579 dulcedinem
3136 524 3502 579 conversatio-

1926 618 2012 672 nis
2044 632 2215 682 novae,
2233 608 2406 687 quam
2451 616 2714 671 Dominus
2744 615 2798 669 in
2831 614 2990 669 nobis
3022 613 3218 680 esurit,
3250 621 3307 669 et
3331 612 3506 669 fervo-

1927 724 2043 764 rem
2071 709 2394 775 dilectionis,
2444 710 2537 780 qui
2582 708 2822 764 ltetiﬁcat
2843 723 2940 764 cor
2965 707 3219 763 hominis.
3252 707 3369 763 Non
3408 723 3507 762 au-

1928 810 2036 856 tem
2063 802 2130 856 de
2154 802 2324 872 spinis
2344 817 2478 856 uvas
2514 805 2690 870 neque
2713 800 2781 856 de
2806 800 3022 856 tribulis
3049 799 3185 854 ficus
3211 799 3519 870 colligitur,

1926 892 2052 962 quia
2088 907 2274 946 mensa
2304 891 2479 946 adhuc
2506 891 2706 945 veteris
2725 890 2961 945 hominis
2997 889 3387 945 consuetudine
3414 890 3509 944 de-

1924 998 2115 1054 pressa
2143 982 2398 1037 simulare
2455 988 2656 1052 potest.
2685 981 2780 1036 sed
2829 978 3041 1035 fructus
3083 978 3210 1034 novi
3270 979 3507 1035 hominis

1927 1075 2071 1130 ferre
2096 1090 2204 1129 non
2233 1082 2431 1144 potest.
2735 1124 2744 1133 ,

2000 1165 2087 1222 Sic
2115 1167 2282 1220 omnis
2329 1164 2488 1219 arbor
2535 1164 2668 1219 bona
2717 1164 2927 1232 fructus
2970 1163 3131 1219 bonos
3167 1164 3316 1235 facit,
3364 1163 3508 1220 mala

1928 1262 2103 1309 autem
2149 1255 2306 1308 arbor
2370 1254 2570 1323 fructus
2597 1252 2764 1307 malos
2802 1252 2952 1322 facit.
2990 1252 3117 1308 Non
3145 1262 3309 1325 potest
3353 1256 3514 1308 arbor

1930 1347 2063 1401 bona
2094 1346 2300 1415 fructus
2321 1344 2490 1399 malos
2539 1345 2736 1415 facere,
2770 1360 2934 1415 neque
2960 1344 3119 1398 arbor
3142 1343 3284 1398 mala
3308 1344 3511 1413 fructus

1931 1440 2088 1493 bonos
2111 1439 2300 1509 facere.
2340 1437 2444 1509 (Ex
2469 1436 2721 1509 August.)
2750 1435 2927 1489 Arbor
2949 1442 3034 1490 est
3078 1434 3192 1503 ipsa
3223 1434 3425 1493 anima,
3456 1430 3521 1487 id'

1930 1538 2031 1591 est,
2061 1530 2176 1598 ipse
2205 1529 2388 1592 homo,
2441 1527 2650 1581 fructus
2700 1541 2850 1589 vero,
2893 1539 3060 1595 opera
3109 1523 3364 1579 hominis.
3394 1522 3521 1578 Non

1931 1633 2062 1688 ergo
2094 1625 2272 1688 potest
2324 1617 2502 1670 malus
2551 1617 2714 1671 homo
2764 1615 2904 1670 bona
2934 1614 3171 1684 operari,
3215 1629 3316 1668 nec
3342 1614 3518 1669 bonus

1934 1712 2097 1766 mala.
2125 1711 2268 1781 Ergo
2296 1710 2342 1764 si
2369 1709 2485 1763 vult
2511 1708 2652 1763 bona
2687 1707 2924 1778 operari,
2956 1707 3130 1761 bonus
3180 1690 3360 1775 primo
3397 1703 3513 1758 fiat.

257 1820 288 1853 “
318 1816 568 1871 ηΡ-Ίεεε·
633 1800 675 1853 Α
734 1798 1000 1854 fluetibus
1057 1812 1246 1852 eorum
1318 1795 1656 1865 cognoscetis
1715 1808 1829 1848 εοε-
1866 1786 1909 1844 Β
1938 1802 2095 1856 Prius
2124 1802 2269 1855 enim
2299 1800 2590 1855 mutandus
2614 1801 2798 1864 homo,
2830 1807 2891 1852 ut
2925 1811 3089 1867 opera
3120 1804 3438 1860 mutentur;
3469 1794 3515 1849 si
3568 1819 3577 1824 -

257 1914 283 1947 «ν
311 1893 572 1963 Nunquid
596 1892 853 1963 colligunt
886 1892 952 1947 de
1002 1890 1171 1960 spinis
1197 1904 1349 1954 uvas,
1400 1895 1493 1942 aut
1519 1887 1587 1941 de
1618 1885 1835 1940 tribulis

256 2006 274 2037 ι
318 1986 503 2042 tiens?
536 1984 629 2040 Sic
653 1985 830 2051 omnis
864 1984 1026 2037 arbor
1063 1983 1209 2036 bona
1240 1980 1413 2034 bonos
1443 1978 1654 2033 fructus
1679 1976 1832 2031 facit.

259 2095 287 2128 ι·
321 2076 467 2131 Mala
494 2084 677 2130 autem
706 2075 871 2128 arbor
899 2072 1109 2126 fructus
1135 2070 1306 2125 malos
1328 2069 1479 2124 facit.
1511 2067 1626 2121 Non
1657 2072 1839 2135 potest

258 2184 287 2217 ι’
319 2167 491 2221 arbor
544 2166 691 2219 bona
748 2163 958 2217 fructus
1001 2160 1173 2216 malos
1226 2159 1425 2221 facere,
1474 2172 1649 2226 neque
1676 2157 1841 2210 arbor

259 2257 466 2312 rmala
518 2256 725 2310 fructus
776 2255 948 2308 bonos
1008 2250 1209 2307 facere.
1264 2249 1454 2305 Omnis
1498 2247 1661 2303 arbor
1719 2262 1840 2316 quae

260 2366 294 2402 «ε
326 2364 441 2403 non
481 2346 615 2402 facit
648 2346 884 2400 fructum
912 2345 1147 2408 bonum,
1171 2342 1452 2398 excidetur
1475 2348 1531 2395 et
1577 2340 1629 2393 in
1661 2338 1839 2409 ignem

260 2460 291 2493 τ
325 2442 598 2496 mittetur.
639 2438 807 2509 igitur
859 2444 926 2491 ex
960 2435 1227 2490 fructibus
1260 2448 1448 2489 eorum
1506 2431 1841 2502 cognoscetis

262 2548 289 2583 ‹
320 2544 443 2585 eos.
485 2528 603 2584 Non
633 2528 811 2583 omnis
834 2528 927 2597 qui
953 2527 1085 2581 dicit
1109 2525 1241 2580 mihi
1274 2541 1286 2571 τ
1320 2524 1564 2587 Domine,
1592 2521 1839 2585 Domine,

262 2640 284 2676 ι
322 2622 569 2679 intrabit
591 2623 646 2676 in
675 2632 900 2692 regnum
930 2618 1218 2680 ccelorum,
1254 2615 1351 2671 sed
1375 2614 1467 2683 qui
1500 2612 1628 2667 facit
1652 2612 1847 2667 volun-

264 2729 286 2765 ι
332 2720 508 2767 tatem
526 2710 708 2767 Patris
735 2710 864 2774 mei,
907 2708 999 2778 qui
1029 2708 1086 2762 in
1116 2705 1270 2762 caelis
1326 2712 1430 2770 est,
1462 2704 1576 2773 ipse
1621 2702 1846 2758 intrabit

268 2818 301 2854 ι·
332 2803 392 2857 in
426 2817 652 2872 regnum
682 2800 962 2856 caelorum.
1002 2817 1021 2851 ι

330 2892 603 2946 Attendite
632 2908 664 2944 a
695 2889 844 2959 falsis
876 2886 1167 2959 prophetis,
1219 2884 1309 2954 qui
1359 2883 1570 2939 veniunt
1592 2878 1664 2935 ad
1684 2897 1771 2935 vos
1793 2881 1849 2933 in

261 2982 590 3038 vestimentis
624 2982 821 3045 ovium,
856 2988 962 3034 etc.
997 2977 1096 3049 (Ex
1125 2973 1372 3045 Hieron.)
1410 2973 1480 3027 Et
1504 2973 1569 3027 de
1597 2972 1851 3027 omnibus

263 3074 486 3144 quidem
519 3070 744 3140 intelligi
773 3075 975 3140 potest,
1005 3066 1097 3136 qui
1128 3065 1274 3119 aliud
1300 3062 1485 3117 habitu
1512 3076 1575 3116 ac
1604 3075 1851 3115 sermone

1936 1891 2081 1945 enim
2112 1899 2297 1944 manet
2346 1891 2507 1945 homo
2559 1890 2614 1943 in
2642 1903 2707 1943 eo
2754 1888 2898 1958 quod
2932 1886 3110 1941 malus
3138 1892 3247 1950 est,-
3294 1895 3350 1940 et
3376 1886 3520 1940 bona

1938 1996 2099 2051 opera
2127 1981 2331 2035 habere
2354 1994 2460 2036 non
2484 1987 2685 2049 potest,
2713 1976 2764 2033 si
2781 1986 2964 2033 manet
2993 1978 3048 2031 in
3084 1991 3150 2032 eo
3175 1977 3318 2046 quod
3346 1978 3522 2031 bonus

1939 2083 2044 2138 est,
2070 2073 2210 2128 mala
2243 2088 2405 2143 opera
2456 2072 2658 2127 habere
2686 2087 2795 2126 non
2846 2079 3045 2142 potest.
3088 2068 3173 2125 Sit
3197 2083 3329 2140 ergo
3356 2083 3524 2123 unus-

1939 2166 2167 2235 quisque
2194 2165 2356 2219 arbor
2382 2164 2554 2229 bona;
2586 2178 2693 2217 non
2742 2177 2802 2217 se
2831 2162 3128 2216 arbitretur
3177 2158 3379 2215 habere
3410 2155 3525 2211 fru-

1941 2266 2060 2313 ctus
2090 2258 2300 2319 bonos;
2333 2256 2379 2309 si
2409 2260 2589 2309 manet
2617 2256 2781 2309 arbor
2833 2253 2998 2319 mala,
3036 2268 3145 2309 non
3173 2252 3278 2308 erit
3314 2250 3525 2305 fructus

1940 2350 2134 2414 bon'us,
2182 2349 2286 2403 nisi
2336 2347 2549 2402 arboris
2573 2346 2763 2410 bonae;
2794 2352 2968 2399 mutet
2994 2359 3109 2409 cor,
3141 2351 3195 2398 et
3221 2342 3524 2397 mutabitur

1942 2458 2094 2513 opus.
2127 2441 2349 2511 Extirpa
2379 2439 2754 2510 cupiditatem,
2784 2440 2970 2508 planta
3001 2436 3342 2493 charitatem.
3374 2433 3529 2490 Sicut

1944 2534 2089 2589 enim
2121 2540 2203 2587 est
2228 2532 2381 2586 radix
2411 2530 2652 2584 omnium
2706 2529 2973 2583 malorum
3026 2528 3313 2598 cupiditas,
3366 2526 3448 2585 sis
3473 2532 3529 2583 et

1945 2623 2098 2678 radix
2132 2622 2375 2677 omnium
2398 2622 2663 2675 bonorum
2693 2620 2951 2673 Charitas.
3189 2609 3202 2628 ⁸

2018 2714 2203 2767 Omnis
2228 2712 2387 2765 arbor
2421 2727 2537 2780 quae
2574 2726 2679 2764 non
2714 2710 2845 2779 facit
2872 2710 3101 2779 fructum
3152 2708 3366 2773 bonum,
3391 2708 3530 2762 exci-

1948 2806 2103 2859 detur
2148 2803 2272 2859 etin
2326 2805 2497 2873 ignem
2546 2801 2801 2855 mittetur.
2835 2799 2934 2870 (Ex
2963 2797 3155 2870 Beda.)
3204 2797 3341 2864 Quia
3366 2812 3531 2851 unus-

1950 2896 2179 2967 quisque
2217 2908 2506 2965 perversos
2532 2898 2775 2963 paratam
2812 2890 2975 2944 citius
3001 2888 3259 2960 gehennae
3306 2900 3531 2943 concre-

1951 2986 2247 3041 mationem
2302 2983 2526 3047 invenit,
2589 2982 2682 3052 qui
2728 2980 2818 3035 hic
2874 2979 3002 3034 boui
3067 2978 3247 3050 operis
3300 2978 3532 3032 fructum

1953 3074 2133 3132 facere
2160 3074 2474 3129 contemnit.

264 3165 615 3234 promittunt,
646 3160 790 3215 aliud
836 3170 1001 3229 apere
1036 3156 1430 3217 demonstrant,
1487 3150 1583 3204 sed
1611 3147 1852 3219 speciali-
1877 3127 1921 3189 (ἶ
2036 3127 2355 3222 Non‘,,,,,,,-,
2388 3165 2477 3237 qm-
2502 3163 2627 3218 άίσίι
2676 3163 2848 3217 mihi:
2880 3161 3127 3228 nomine,
3175 3160 3418 3226 nomine,
3448 3162 3536 3215 δη,

266 3261 353 3311 tcr
381 3254 451 3308 de
476 3250 747 3308 hzereticis
776 3245 1200 3319 intelligendum,
1232 3244 1360 3314 quia
1388 3241 1642 3296 videntur
1672 3239 1850 3293 couti-

1957 3257 2115 3311 trabit
2145 3257 2199 3309 in
2227 3271 2442 3325 regnum
2482 3252 2757 3317 malorum,
2800 3249 2892 3307 sed
2920 3252 3012 3323 qui
3042 3251 3168 3321 facit
3220 3250 3537 3305 voluntatem

268 3344 481 3407 nentia,
509 3340 780 3402 castitate,
834 3335 1064 3407 jejunio,
1094 3334 1247 3405 quasi
1277 3332 1511 3403 quadam
1547 3328 1771 3400 pietatis
1797 3342 1855 3381 δε
1938 3350 2122 3405 Patris
2163 3348 2264 3401 mei
2287 3348 2378 3418 qui
2407 3347 2462 3400 in
2504 3344 2644 3399 ctelis
2699 3353 2798 3409 est,
2824 3344 2935 3414 ipse
2982 3342 3219 3407 intrabit,
3246 3351 3353 3396 etc.
3387 3340 3541 3397 Sicut

266 3442 423 3488 veste
472 3428 822 3492 circumdari,
874 3426 1204 3481 intrinsecus
1234 3436 1386 3488 vero,
1437 3422 1703 3477 habentes
1733 3419 1851 3472 ani-

269 3534 422 3574 mum
450 3525 796 3580 venenatum,
829 3514 1157 3585 simpliciora
1213 3511 1445 3565 fratrum
1502 3509 1672 3565 corda
1705 3507 1855 3562 deci—

270 3615 447 3684 piunt.
503 3611 584 3666 Ex
638 3609 905 3664 fructibus
960 3620 1089 3678 ergo
1117 3605 1330 3669 animas,
1365 3603 1561 3672 quibus
1595 3601 1855 3654 innocen-

272 3708 408 3760 tiam
440 3704 507 3758 ad
545 3703 758 3757 ruinam
820 3701 1065 3764 trahunt,
1128 3698 1270 3768 lupis
1307 3693 1595 3766 rapacibus
1634 3705 1857 3760 compaa

276 3804 491 3851 rantur.

346 3886 391 3939 Α
422 3884 682 3957 fructibus
708 3899 886 3938 eorum
910 3878 1247 3953 cognoscetis.
1296 3875 1399 3948 (Ex
1426 3872 1678 3946 August.)
1710 3871 1862 3926 Dixit

274 3979 425 4033 enim
455 3978 714 4033 Dominus
764 3977 830 4031 ad
873 3974 1156 4046 quosdam,
1215 3971 1317 4041 qui-
1341 3970 1527 4024 ovium
1572 3967 1773 4021 vestitu
1802 3980 1860 4019 se

276 4070 536 4134 induunt,
568 4065 711 4122 intus
738 4074 863 4121 sunt
887 4065 997 4135 lupi
1042 4077 1303 4134 rapaces,
1322 4068 1378 4116 et
1408 4074 1477 4115 ne
1525 4059 1664 4113 forte
1695 4056 1861 4127 fragi-

278 4160 410 4215 litas
440 4161 675 4214 humana
704 4157 1020 4228 dignoscere
1055 4169 1163 4209 non
1192 4160 1374 4224 posset
1400 4151 1586 4220 lupum
1614 4148 1713 4203 sub
1749 4146 1864 4202 ovi-

281 4268 353 4305 na
390 4250 550 4322 pelle,
588 4249 702 4302 ait:
736 4247 822 4302 Ea:
857 4247 1114 4317 fructibus
1162 4259 1341 4299 eorum
1389 4240 1706 4312 cognoscetis
1752 4255 1861 4292 eos.

282 4341 594 4411 Qum-imus
632 4337 837 4391 fructus
865 4335 1173 4398 charitatis,
1205 4331 1510 4387 invenimus
1535 4329 1718 4398 spinas
1743 4325 1860 4380 dis-

282 4433 560 4491 sensionis
589 4450 601 4483 :
634 4430 717 4484 Et
749 4429 1005 4499 fructibus
1033 4442 1212 4481 eorum
1238 4421 1556 4492 cognoscetis
1579 4436 1684 4473 eos.

362 4542 472 4614 (Ex
500 4540 796 4612 Beda.)Qui
830 4547 957 4595 sunt
1006 4538 1234 4601 fructus,
1271 4533 1470 4603 quibus
1502 4532 1629 4586 boni
1668 4528 1867 4584 malive

283 4633 732 4706 dignoscuntur?
779 4631 1068 4703 Apostolus
1127 4627 1383 4693 ostendit,
1433 4625 1655 4681 dicens:
1694 4622 1869 4676 Mani-

286 4727 430 4797 festa
458 4735 632 4779 autem
660 4734 781 4779 sunt
805 4741 960 4795 Opera
1004 4724 1202 4786 carnis,
1231 4737 1349 4792 qua:
1395 4728 1518 4773 sunt
1566 4715 1866 4787 fornicatio,

285 4816 649 4882 immunditia,
713 4816 947 4882 luxuria,
999 4814 1263 4870 idolorum
1306 4812 1547 4876 servitus,
1598 4809 1869 4879 veneﬁcia,

287 4907 606 4973 inimicitiae,
660 4907 1031 4969 contentiones,
1073 4903 1455 4965 temulationes,
1516 4902 1633 4966 iras,
1716 4900 1868 4963 νίκαν,

286 4997 671 5063 dissensiones,
713 4997 957 5061 haereses,
983 4995 1215 5060 invidias,
1241 4992 1549 5057 homicidia,
1576 4991 1871 5054 ebrietates,

288 5090 716 5153 comessationes,
774 5098 821 5142 et
849 5087 929 5140 his
978 5084 1192 5140 similia.
1244 5081 1475 5137 Fructus
1526 5081 1661 5135 enim
1706 5078 1876 5148 Spiri-

291 5191 381 5234 tus
415 5193 490 5235 est
518 5182 772 5245 charitas,
799 5179 1072 5250 gaudium,
1111 5175 1505 5247 longanimitas,
1537 5171 1762 5234 bonitas,
1794 5169 1875 5224 be-

292 5273 551 5343 nignitas,
594 5271 961 5336 mansuetudo,
1010 5270 1160 5338 ﬁdes,
1212 5266 1485 5328 modestia,
1528 5262 1871 5327 continentia,

296 5364 535 5428 castitas,
566 5371 622 5418 et
647 5362 731 5417 his
756 5362 971 5417 similia.
1001 5360 1061 5415 In
1084 5361 1169 5415 his
1204 5359 1401 5415 etenim
1452 5355 1720 5413 fructibus
1745 5369 1875 5424 qua-

294 5452 370 5506 lis
397 5454 469 5507 sit
496 5453 863 5522 unusquisque
884 5451 1235 5522 cognoscitur
1264 5451 1443 5503 homo.

379 5544 631 5619 Nunquid
677 5547 925 5617 colligunt
976 5546 1039 5599 de
1073 5545 1236 5614 spinis
1285 5559 1410 5596 uvas
1439 5551 1532 5594 aut
1566 5540 1630 5594 de
1668 5537 1876 5594 tribulis

299 5635 438 5704 ﬁcus
466 5638 490 5691 ?
523 5637 722 5707 Spinas
758 5652 885 5693 reor
911 5644 968 5697 et
999 5635 1225 5691 tribulos
1254 5632 1431 5689 szeculi
1455 5647 1634 5697 curas,
1664 5641 1720 5684 et
1742 5647 1879 5701 pun-

307 5728 516 5781 ctiones
558 5744 677 5785 esse
726 5729 1000 5796 vitiorum,
1029 5727 1095 5782 de
1137 5726 1330 5796 quibus
1378 5724 1621 5794 peccanti
1674 5723 1875 5778 homini

1955 3454 2119 3510 supra
2157 3437 2365 3492 dixerat
2394 3450 2507 3499 eos,
2537 3434 2627 3504 qui
2678 3433 2942 3488 haberent
2978 3440 3183 3487 vestem
3212 3434 3335 3487 vitm
3360 3431 3535 3499 bona,

1956 3546 2063 3585 non
2095 3520 2434 3598 recipiendos
2483 3531 2707 3594 propter
2759 3523 3069 3591 degmatum
3104 3522 3420 3592 nequitiam,
3462 3522 3539 3577 ita

1957 3630 2103 3674 nunc
2133 3633 2163 3672 e
2197 3614 2472 3671 contrario
2507 3613 2722 3675 asserit,
2752 3627 2822 3666 ne
2852 3610 2940 3666 his
2968 3611 3184 3681 quidem
3238 3622 3542 3666 accommo-

1959 3708 2188 3763 dandam
2206 3704 2390 3769 tidem,
2410 3703 2502 3773 qui
2525 3717 2646 3757 cum
2660 3700 2896 3771 polleant
2926 3700 3232 3771 integritate
3262 3698 3408 3764 fidei,
3433 3707 3543 3755 tur-

1958 3800 2100 3869 piter
2127 3797 2331 3858 vivant,
2360 3802 2415 3848 et
2451 3793 2712 3849 doctrinae
2764 3792 3135 3863 integritatem
3164 3788 3322 3845 malis
3363 3790 3543 3859 operi-

1960 3892 2061 3945 bus
2105 3879 2730 3954 destruant,'utrumque
2756 3900 2902 3940 enim
2932 3884 3026 3939 Dei
3056 3883 3231 3939 servis
3282 3898 3542 3939 necessa-

1962 3984 2102 4037 rium
2128 3989 2231 4042 est,
2285 3986 2347 4034 ut
2373 3987 2429 4033 et
2475 3992 2611 4047 opus
2659 3991 2929 4041 sermone,
2979 3983 3034 4030 et
3062 3990 3243 4030 sermo
3290 3974 3546 4043 operibus

1963 4073 2354 4145 comprobetur.
2388 4070 2524 4127 lluic
2551 4069 2833 4123 sententia:
2859 4077 3038 4138 potest
3063 4068 3191 4123 illud
3220 4069 3389 4123 videri
3420 4084 3546 4124 con-

1963 4165 2194 4219 trarium
2220 4182 2232 4216 :
2272 4162 2441 4217 Nemo
2462 4169 2638 4230 potest
2667 4160 2847 4215 dicere
2880 4159 3140 4212 Dominus
3168 4157 3458 4213 Jesus‘nisi
3491 4159 3546 4212 in

1966 4255 2170 4325 Spiritu
2210 4259 2415 4315 sancto,
2443 4251 2536 4306 sed
2580 4250 2774 4305 modus
2828 4257 2912 4305 est
2952 4248 3350 4317 Scripturarum
3400 4247 3546 4304 dicta

1966 4358 2064 4415 pro
2098 4328 2254 4397 factis
2280 4341 2541 4409 accipere,
2576 4348 2633 4394 ut
2661 4339 2840 4393 statim
2872 4339 2923 4392 in
2953 4336 3406 4406 consequentibus
3454 4354 3550 4409 ap-

1971 4433 2251 4505 probatur,
2306 4430 2527 4485 refutari
2594 4443 2687 4483 eos
2746 4430 2837 4501 qui
2874 4429 3087 4498 jactant
3132 4430 3248 4484 sine
3294 4431 3551 4499 operibus

1971 4525 2251 4582 scientiam
2293 4522 2526 4585 Domini,
2558 4529 2613 4576 et
2637 4520 2862 4575 audiunt
2895 4538 2924 4574 a
2953 4519 3272 4577 Salvatore:
3307 4520 3559 4578 Rccedite

1972 4633 2004 4670 a
2039 4632 2141 4680 me,
2171 4614 2399 4685 operarii
2445 4612 2760 4683 iniquitatis,
2802 4613 2973 4666 nescio
2997 4627 3084 4665 vos
3108 4611 3320 4685 (Matth.
3347 4613 3464 4684 vn),
3498 4623 3555 4668 et’

1971 4706 2261 4777 Apostolus
2291 4706 2342 4759 in
2373 4705 2519 4759 hunc
2563 4719 2779 4759 sensum
2818 4701 3099 4773 loquitur:
3140 4700 3472 4773 Conﬁtentur
3498 4717 3564 4759 st

1972 4799 2142 4854 Deum
2171 4800 2325 4863 scire,
2354 4797 2508 4868 factis
2534 4806 2706 4851 autem
2737 4804 2945 4866 negant.

2152 4910 2575 4968 HEBDOMADA
2628 4909 2680 4965 Χ
2711 4908 2887 4965 POST
2913 4907 3338 4967 PENTECOST.

1978 5018 2171 5061 LECTIO
2226 5018 2498 5060 εριετοιιις
2563 5017 2720 5057 BEATI
2764 5015 2919 5055 PAULI
2970 5016 3225 5057 APOSTOLI
3262 5017 3331 5056 AD
3368 5016 3556 5059 C031“.

2504 5087 2661 5127 'rmos
2688 5087 2728 5136 ι,
2773 5087 2892 5126 cu).
2928 5086 2981 5124 κ.

2056 5185 2073 5217 ί
2119 5165 2234 5221 Non
2292 5166 2461 5221 simus
2507 5162 2950 5233 concupiscentes
3005 5163 3288 5229 malorum,
3328 5162 3471 5218 sicut
3499 5170 3556 5218 et

1984 5280 2002 5312 ε
2048 5260 2124 5314 illi
2180 5259 2592 5329 concupierunt,
2648 5269 2826 5325 neque
2877 5253 3177 5310 idololatraz
3220 5252 3555 5320 efficiaminl,

1984 5369 2003 5403 ι
2050 5352 2191 5406 sicut
2214 5349 2430 5420 quidam
2462 5362 2529 5403 ex
2578 5345 2732 5417 ipsis,
2785 5344 3236 5415 quemadmodum
3292 5342 3552 5411 scriptum

1986 5461 2004 5494 ι
2046 5448 2129 5496 est
2159 5459 2171 5494 :
2206 5439 2358 5495 Sedit
2409 5437 2640 5509 populus
2670 5437 3003 5491 manducare
3046 5442 3101 5489 et
3146 5432 3333 5487 bibere
3360 5435 3414 5483 et
3439 5443 3557 5481 sur-

1986 5551 2005 5584 ‹
2044 5543 2302 5587 rexerunt
2323 5529 2525 5584 ludere.
2551 5528 2737 5598 Neque
2794 5526 3124 5582 fornicamur
3165 5523 3307 5577 sicut
3334 5520 3553 5591 quidam

1987 5641 2005 5674 ‹
2049 5637 2113 5678 ex
2144 5622 2275 5692 ipsis
2322 5620 2571 5676 fornicati
2594 5626 2735 5684 sunt,
2765 5626 2823 5674 et
2873 5615 3184 5672 ceciderunt
3210 5627 3317 5666 una
3338 5612 3424 5668 die
3476 5611 3558 5671 vi-

1986 5736 2004 5766 ι
2048 5717 2178 5786 ginti
2216 5716 2316 5771 tria
2340 5714 2529 5770 millia.
2560 5712 2745 5783 Neque
2794 5717 3059 5781 tentemus
3093 5704 3391 5779 Christum,
3417 5707 3563 5764 sicut
