3940 6206
411 329 514 387 M5

1703 316 2051 375 SMARAGDI
2087 312 2376 370 ABBATIS

3553 309 3663 365 416

418 466 436 496 ι
480 443 699 513 quidam
746 454 935 497 eorum
981 444 1340 503 tentaverunt,
1371 445 1426 492 et
1476 450 1506 489 a
1537 435 1987 505 serpentibuspe-
2013 437 2188 497 Amne
2240 428 2526 483 insidiosos
2593 426 2814 494 laqueos
2864 430 3251 495 perstruentes,
3310 422 3506 491 quibus
3556 440 3664 480 nos

418 546 436 583 ι
484 534 709 588 rierunt.
739 529 925 599 Neque
949 516 1415 581 murmuraveritis
1461 525 1600 578 sicut
1639 522 1854 593 quidam
1880 535 1975 575 eo-

418 642 436 673 ι
480 636 599 675 rum
647 624 1141 681 murmuraverunt,
1189 621 1246 669 et
1290 614 1572 684 perierunt
1624 613 1691 667 ab
1727 610 1979 667 extermi-

419 729 440 761 ι
481 719 685 764 natore.
734 707 861 762 Haec
886 716 1065 761 autem
1093 705 1276 760 omnia
1301 704 1357 758 in
1400 703 1575 774 ﬁgura
1600 701 1981 769 contingebant

415 819 440 854 ι
481 800 604 855 illis.
662 798 875 869 Scripta
937 806 1062 852 sunt
1114 804 1293 851 autem
1351 796 1420 851 ad
1459 794 1854 863 eorreptionem
1882 805 1979 845 no-

415 908 439 942 s
481 896 672 952 stram,
701 889 755 942 in
809 903 946 958 quos
989 886 1125 940 ﬁnes
1151 885 1470 940 saeculorum
1501 884 1848 938 devenerunt.
1880 878 1981 933 Ita-

417 999 439 1033 σι
480 996 584 1050 que
610 979 700 1048 qui
728 993 789 1033 se
815 977 1090 1031 existimat
1127 984 1292 1040 stare,
1328 975 1509 1029 videat
1531 988 1599 1028 ne
1623 972 1800 1027 cadat.
1842 969 1982 1024 Ten-

416 1090 440 1124 ι
479 1071 613 1126 tatio
635 1086 728 1125 vos
767 1084 875 1124 non
928 1067 1295 1137 apprehendat
1339 1066 1443 1120 nisi
1479 1065 1733 1119 humana.
1781 1058 1981 1115 Fidelis

416 1183 440 1213 ε
483 1172 665 1215 autem
693 1160 835 1214 Deus
857 1166 961 1224 est,
984 1158 1073 1226 qui
1113 1172 1220 1211 non
1267 1156 1502 1225 patietur
1527 1168 1623 1208 vos
1670 1149 1868 1206 tentari
1892 1163 1982 1202 su-

417 1269 440 1302 s
482 1266 576 1320 pra
619 1249 673 1303 id
701 1250 843 1317 quod
899 1247 1147 1316 potestis,
1204 1246 1296 1299 sed
1334 1243 1496 1298 faciet
1532 1256 1653 1296 cum
1685 1238 1981 1294 tentatioue

420 1358 440 1389 ι
483 1340 643 1394 etiam
669 1346 1003 1407 proventum,
1027 1345 1089 1391 ut
1111 1334 1329 1405 possitis
1358 1334 1645 1389 sustinere.
1675 1350 1694 1383 ι

488 1431 611 1485 Non
653 1430 814 1484 simus
865 1429 1282 1497 concupiscentes
1317 1424 1598 1487 malorum,
1649 1422 1784 1476 sicut
1814 1429 1861 1474 et
1902 1418 1981 1473 illi

415 1521 802 1590 concupierunt.
845 1517 946 1589 (Ex
987 1514 1236 1585 Isidoro.)
1270 1515 1329 1569 In
1364 1514 1521 1568 tertia
1568 1512 1777 1567 decima
1831 1525 1983 1563 man-

416 1612 588 1673 sione.
628 1627 747 1680 quae
768 1617 993 1665 vocatur
1036 1607 1282 1678 sepulcra
1307 1604 1772 1674 concupiscentiae,
1820 1616 1984 1672 popu-

416 1700 499 1754 Ius
529 1699 808 1754 fastidiens
860 1698 1138 1753 caelestem
1180 1711 1395 1767 panem,
1447 1709 1641 1748 carnes
1704 1692 1982 1763 Egyptias

414 1788 759 1852 desideravit,
802 1787 1102 1855 multosque
1141 1786 1321 1840 subito
1371 1782 1579 1838 voravit
1624 1782 1929 1835 incendium
1953 1795 1983 1847 e
2010 1773 2056 1831 Β

414 1877 609 1947 quibus
631 1876 939 1940 edocemur,
983 1883 1042 1929 ut
1082 1875 1175 1944 qui
1196 1871 1603 1935 conversatione
1630 1869 1983 1939 relinquimus

415 1968 691 2031 saeculum,
724 1974 779 2021 et
824 1965 1108 2036 Egyptias
1151 1965 1307 2030 ollas,
1337 1964 1390 2017 id
1415 1971 1521 2027 est,
1558 1961 1859 2016 carnalium
1887 1961 1984 2015 de-

415 2056 735 2111 sideriorum
806 2055 1047 2111 fervores
1104 2054 1547 2124 contempsimus,
1617 2064 1723 2105 non
1784 2050 1985 2105 debere

415 2160 753 2200 murmurare
795 2154 982 2200 contra
1032 2145 1308 2200 cmlestem
1358 2159 1573 2213 panem,
1601 2158 1703 2197 nec
1749 2141 1986 2195 virulen-

415 2235 520 2288 tias
544 2233 944 2304 Egyptiorum,
971 2235 1063 2304 qui
1106 2242 1232 2288 sunt
1256 2247 1572 2303 magnarum
1599 2232 1866 2297 carnium,
1889 2217 1985 2285 sed

414 2322 713 2392 simplicem
760 2322 940 2377 cibum
980 2337 1216 2388 manna),
1259 2321 1313 2376 id
1364 2328 1447 2376 est
1487 2335 1679 2389 puram
1706 2319 1983 2374 caelestem

414 2415 582 2469 vitam
608 2429 889 2483 quaerere;
918 2414 1154 2483 alioquin
1182 2415 1226 2469 si
1256 2421 1377 2482 post
1425 2420 1738 2483 perceptam
1790 2409 1988 2481 angeli-

412 2518 538 2558 cam
563 2519 813 2558 mannam
828 2519 948 2573 quae
971 2513 1058 2560 est
1080 2505 1134 2559 in
1154 2505 1304 2559 caelis
1327 2505 1437 2559 vita
1458 2504 1572 2558 sive
1592 2501 1856 2567 doctrina,
1873 2517 1987 2555 rur-

416 2608 510 2648 sus
535 2604 727 2649 carnes
752 2593 1056 2665 Egyptias,
1102 2611 1222 2665 quae
1259 2603 1384 2652 sunt
1427 2594 1672 2650 carnales
1704 2593 1866 2664 hujus
1887 2609 1986 2648 saa-

412 2681 522 2736 culi
565 2682 867 2752 voluptates
898 2692 956 2739 et
1001 2684 1452 2755 concupiscentiae
1493 2678 1842 2754 pristinorum
1869 2699 1984 2739 mo-

417 2786 560 2836 rum,
586 2771 915 2828 voluerimus
958 2782 1233 2843 appetere,
1290 2774 1596 2829 vorabimns
1626 2788 1900 2839 nauseam,
1930 2782 1985 2828 et

414 2864 595 2919 statim
624 2863 835 2919 Domini
879 2865 1002 2935 igne
1047 2867 1438 2936 torquebimur.
1493 2866 1829 2921 Desiderium
1858 2881 1986 2936 quo-

411 2969 519 3023 que
546 2962 789 3010 nostrum
828 2957 1057 3011 vertitur
1085 2957 1137 3010 in
1164 2956 1416 3021 tumulos,
1440 2964 1501 3011 ut
1528 2958 1699 3012 simus
1741 2957 1981 3028 sepulcra

412 3045 674 3110 dealbata,
700 3061 817 3115 qua:
860 3045 991 3113 foris
1018 3055 1268 3116 apparent
1295 3046 1588 3101 hominibus
1613 3047 1871 3116 speciosa,
1900 3048 1981 3100 in-

2079 519 2348 575 senserint
2389 524 2676 588 aegrotare,
2728 524 2789 570 ut
2822 515 2973 571 verbi
3018 515 3209 585 gratia,
3262 528 3385 567 cum
3428 514 3665 569 viderint

2079 608 2426 664 rationabiles
2473 609 2666 660 anima:
2695 614 2892 660 nostra:
2921 612 3105 674 partes
3149 618 3271 658 esse
3309 603 3529 657 vitiatas
3569 603 3662 658 illo

2079 715 2178 753 nos
2205 699 2393 753 ordine
2436 698 2686 766 decipere
2713 696 3025 750 moliantur.
3057 694 3165 750 Sed
3207 694 3442 749 Pbinees
3486 710 3664 750 sacer-

2078 788 2176 842 dos
2222 788 2445 850 zelatus,
2478 794 2538 840 ut
2579 786 2673 840 Dei
2723 784 2960 838 furorem
3003 783 3261 853 placaret,
3297 783 3571 838 Zambrim
3602 793 3666 838 et

2079 882 2315 930 scortum
2343 874 2710 937 Madianitida,
2743 874 2795 926 in
2824 873 3058 943 pugione
3106 873 3398 935 transﬁxit,
3446 874 3662 941 siguilio

2077 978 2208 1018 cans
2232 978 2330 1032 per
2376 978 2594 1017 crucem
2643 961 2876 1025 Domini,
2918 962 3231 1016 non‘solum
3274 962 3665 1027 idololatriam,

2078 1051 2175 1106 sed
2201 1053 2362 1107 etiam
2402 1068 2617 1107 omnem
2663 1052 2845 1106 carnis
2869 1049 3140 1115 all'ect’um,
3166 1053 3253 1108 vel
3280 1054 3669 1123 concupiscen-

2079 1140 2209 1194 tiam
2239 1141 2429 1211 perimi
2462 1140 2664 1205 saeculi,
2693 1149 2747 1194 et
2771 1149 2900 1194 tunc
2923 1139 3129 1209 placari
3160 1140 3350 1207 Deu,
3390 1142 3518 1195 dum
3541 1157 3669 1196 car-

2080 1231 2165 1287 nis
2189 1232 2547 1301 exstinguitur
2573 1232 2779 1286 vitium.

2150 1341 2331 1412 Neque
2368 1351 2619 1397 tentemus
2665 1342 2952 1410 Christum,
2997 1345 3133 1398 sicut
3186 1342 3400 1414 quidam
3453 1360 3661 1405 eorum,

2080 1439 2186 1487 etc.
2243 1432 2357 1487 Hoc
2381 1441 2483 1499 est,
2507 1449 2607 1488 nec
2647 1434 2699 1487 in
2735 1434 3100 1489 tribulationis
3145 1420 3398 1504 pressura
3439 1436 3666 1489 tentetis

2081 1538 2225 1587 eum,
2250 1524 2339 1593 qui
2370 1536 2466 1578 vos
2497 1524 2935 1580 tribulationibus
2971 1526 3183 1595 probat.
3241 1525 3436 1580 Narrat
3465 1528 3670 1596 quippe

2083 1611 2217 1667 liber
2252 1612 2607 1669 Numerorum
2649 1615 2775 1684 quia
2824 1629 3113 1684 percussus
3149 1617 3200 1669 in
3226 1629 3406 1669 eremo
3436 1615 3668 1685 populus

2084 1700 2248 1756 Israel
2295 1702 2504 1757 itineris
2548 1703 2692 1774 longi
2742 1719 2805 1758 ac
2834 1704 3035 1760 laboris
3073 1720 3239 1760 onere
3276 1707 3667 1770 murmuravit,

2085 1790 2205 1847 ideo
2251 1792 2509 1848 Dominus
2564 1794 2773 1848 miserit
2825 1795 2879 1849 in
2929 1794 3078 1849 illum
3106 1795 3301 1864 ignitos
3354 1805 3667 1865 serpentes.

2084 1880 2259 1950 Plagae
2276 1881 2438 1950 igitur
2462 1882 2790 1951 serpentium
2815 1884 3101 1953 ignitorum
3126 1898 3332 1938 venena
3359 1894 3487 1939 sunt
3504 1886 3675 1939 vitio-

2084 1987 2224 2035 rum,
2273 1986 2393 2040 qua:
2437 1972 2671 2026 animam
2709 1989 2870 2043 quam
2913 1981 3141 2044 tangunt
3194 1974 3461 2042 spirituali
3492 1986 3674 2030 morte

2082 2062 2375 2133 perimunt,
2412 2070 2465 2117 et
2504 2062 2639 2117 bene
2722 2079 3070 2118 murmurans
3116 2072 3304 2118 contra
3376 2063 3673 2119 Dominum

2084 2149 2311 2220 populus
2373 2151 2702 2219 serpentium
2761 2152 3030 2205 morsibus
3086 2150 3450 2216 sternebatur,
3514 2160 3573 2204 ut
3598 2167 3674 2205 ex

2085 2240 2273 2295 ordine
2304 2238 2494 2310 ﬂagelli
2524 2242 2812 2297 exterioris
2854 2252 3187 2313 agnosceret,
3227 2252 3491 2311 quantum
3522 2244 3675 2298 intus

2083 2330 2378 2399 perniciem
2414 2332 2804 2386 murmurando
2833 2340 3129 2402 pateretur.
3164 2333 3328 2388 Recte
3351 2335 3553 2388 etenim
3569 2350 3675 2404 per

2084 2429 2364 2491 serpentes
2393 2432 2634 2491 peccata,
2666 2441 2788 2494 qua:
2823 2426 3060 2481 animam
3090 2427 3251 2482 simul
3287 2436 3343 2482 et
3371 2444 3569 2499 corpus
3597 2432 3672 2483 ad

2085 2513 2361 2567 interitum
2391 2515 2636 2581 trahunt,
2662 2519 3054 2587 exprimuntur.

2157 2622 2338 2695 Neque
2362 2628 2834 2692 murmurareritis,
2891 2630 3024 2683 sicut
3064 2632 3278 2701 quidam
3307 2649 3486 2686 eorum
3514 2650 3674 2686 mur.

2084 2726 2443 2781 murarerunt,
2471 2726 2576 2773 etc.
2633 2718 2786 2784 Quod
2809 2729 2988 2774 autem
3014 2720 3145 2777 dicit
3173 2723 3451 2791 perierunt
3472 2724 3538 2777 ab
3563 2739 3669 2777 ex—

2086 2808 2452 2879 terminatore,
2501 2818 2597 2865 aut
2625 2810 2693 2865 ab
2723 2811 2914 2883 angelo
2964 2812 3284 2884 intelligitur
3312 2815 3667 2885 percutienti,

2084 2904 2177 2950 aut
2198 2897 2306 2967 igni
2333 2898 2646 2981 devorante.

2156 3007 2284 3061 Hmc
2304 3018 2477 3063 autem
2499 3013 2675 3065 omnia
2695 3014 2747 3065 in
2779 3013 2951 3083 ﬁgura
2982 3017 3343 3087 contingebant
3373 3018 3501 3083 iiiis,
3532 3022 3669 3073 scri-

412 3144 497 3187 tus
551 3104 723 3187 autem
782 3104 934 3202 plena
998 3104 1119 3187 sunt
1152 3133 1353 3187 ossibus
1396 3104 1719 3188 mortuorum
1766 3104 1980 3205 (Matth.
2010 3126 2055 3185 C
2084 3108 2174 3167 pm
2203 3110 2324 3205 δξυξξ
2356 3111 2531 3205 aufem
2562 3104 2632 3157 ad
2667 3106 3044 3205 δίῖννερίίίῖηεή
3082 3119 3333 3163 mmmm'
3362 3111 3494 3205 (ΕΣ
3538 3111 3671 3205 ,Pti'

416 3222 594 3292 XXIII).

484 3311 665 3381 Neque
720 3311 1014 3367 idololatra:
1082 3314 1408 3383 ef/iciamini,
1465 3317 1601 3370 sicut
1660 3316 1874 3388 quidam
1923 3335 1987 3371 ea:

412 3401 557 3471 ipsis,
597 3405 1052 3474 quemadmodum,
1098 3418 1204 3464 cte.
1258 3410 1379 3466 Illos
1424 3412 1595 3481 tangit
1640 3411 1733 3480 qui
1763 3412 1817 3465 in
1845 3411 1984 3466 idolo

407 3493 837 3563 exsultabantur,
894 3507 1143 3567 putantes
1185 3517 1244 3556 se
1284 3502 1552 3557 immunes
1582 3519 1613 3558 a
1656 3503 1902 3567 crimine,
1931 3511 1985 3557 ct

408 3592 688 3652 comparat
733 3586 815 3642 eis
859 3588 951 3655 qui
991 3589 1091 3644 sibi
1122 3591 1176 3645 in
1220 3606 1404 3647 eremo
1449 3592 1675 3648 vitulum
1715 3593 1976 3656 fecerunt,

409 3681 465 3727 et
501 3675 858 3732 adoraverunt
880 3679 1142 3747 ludentes,
1157 3684 1250 3737 sed
1281 3685 1433 3739 multi
1460 3702 1526 3740 ex
1553 3686 1633 3741 eis
1675 3688 1981 3757 interempti

408 3763 685 3830 perierunt
714 3765 909 3837 (Exod.
935 3786 1108 3835 χχιιι,
1134 3771 1297 3828 Num.
1323 3775 1456 3844 xxx),
1480 3783 1538 3829 ut
1566 3776 1893 3846 intelligatur
1926 3778 1979 3831 in

413 3851 623 3906 illorum
653 3854 929 3912 hominum
957 3859 1368 3931 interemptione
1399 3863 1693 3933 signiﬁcari
1725 3865 1978 3920 vitiorum

411 3958 618 3998 necem.
673 3946 729 4000 In
754 3947 880 4002 talia
927 3951 1122 4019 quippe
1145 3952 1275 4007 vitia
1311 3954 1503 4007 saevire
1532 3970 1630 4009 nos
1652 3954 1807 4024 jubet
1834 3954 1979 4024 Apo-

404 4031 595 4097 stolus,
642 4050 763 4088 cum
791 4037 957 4091 dicit:
1001 4038 1315 4109 Mortiﬁcate
1343 4041 1573 4096 membra
1616 4053 1782 4097 vestra
1823 4060 1979 4113 super

406 4132 620 4188 terram,
646 4125 1068 4194 fornicationem,
1096 4130 1505 4194 immunditiam,
1533 4132 1820 4199 luxuriam,
1855 4151 1975 4188 con-

400 4214 773 4283 cupiscentiam
799 4217 1012 4286 malam,
1046 4230 1094 4273 et
1125 4222 1416 4288 avaritiam,
1446 4239 1565 4292 qua:
1603 4233 1677 4277 est
1714 4222 1974 4277 idolorum

401 4306 621 4358 servitus
651 4305 784 4376 (Col.
817 4308 921 4380 tu).

476 4394 655 4467 Neque
689 4397 1027 4466 fornicemur,
1091 4401 1223 4454 sicut
1272 4402 1486 4473 quidam
1537 4418 1601 4456 ex
1651 4405 1779 4473 ipsis
1806 4404 1974 4474 [orni-

2089 3193 2249 3265 mas.)
2284 3193 2474 3250 Omnia
2503 3212 2624 3265 qua:
2672 3198 2754 3253 eis
2786 3200 3125 3270 contigerunt
3172 3204 3469 3258 secundum
3522 3194 3668 3260 facia

2087 3298 2184 3337 sua
2210 3293 2551 3354 receperunt,
2580 3289 2676 3342 sed
2701 3298 2880 3344 tamen
2907 3290 3027 3346 ideo
3055 3293 3254 3363 scripta
3301 3304 3445 3359 sunt,
3469 3280 3538 3350 ne
3563 3311 3671 3351 nos

2085 3381 2335 3443 putemus
2389 3376 2608 3447 impune
2654 3396 2902 3450 peccare.
2946 3382 3003 3436 Si
3031 3385 3176 3438 enim
3202 3386 3382 3441 adhuc
3423 3388 3672 3457 parvulis

2085 3470 2179 3517 aut
2205 3464 2426 3520 rudibus
2454 3482 2559 3521 non
2589 3469 2854 3537 pepercit,
2891 3480 3092 3540 quanto
3136 3474 3308 3544 magis
3352 3476 3528 3540 nobis,
3567 3477 3668 3547 qui

2085 3548 2218 3619 legis
2264 3552 2655 3623 perfectionem
2704 3558 3019 3628 accipimus,
3059 3577 3165 3616 non
3202 3572 3421 3632 parcet,
3455 3566 3498 3620 si
3534 3565 3669 3621 talia

2082 3641 2373 3699 fecerimus
2389 3647 2401 3698 !

2158 3733 2267 3805 (Ea:
2297 3735 2545 3807 Hieron.)
2573 3739 2630 3793 In
2661 3742 2748 3797 illa
2772 3751 3040 3813 scriptura
3071 3761 3191 3815 quae
3215 3744 3429 3801 Veteris
3474 3748 3669 3802 Testa-

2082 3826 2250 3879 menti
2288 3826 2484 3881 dicitur
2506 3827 2713 3884 Novum
2737 3830 3141 3888 Testamentum
3169 3834 3541 3892 absconditum
3578 3837 3666 3891 la-

2080 3923 2176 3980 tet,
2220 3923 2476 3986 tauquam
2521 3920 2575 3973 in
2606 3919 2723 3975 fcce
2776 3924 3135 3992 corporalium
3172 3935 3661 3983 sacramentorum.

2079 4010 2431 4065 Circumcisio
2477 4014 2656 4067 carnis
2710 4014 3026 4084 intelligitur
3074 4018 3415 4071 circumcisio
3457 4019 3657 4074 cordis.

2080 4099 2358 4169 Templum
2388 4103 2701 4173 intelligitur
2738 4121 2933 4174 corpus
2977 4107 3207 4160 Domini.
3268 4107 3437 4162 Terra
3471 4125 3661 4179 repro-

2079 4190 2349 4246 missionis
2392 4193 2704 4264 intelligitur
2745 4211 2967 4267 rcgnum
3014 4198 3295 4252 cwlorum.
3356 4199 3455 4254 Est
3503 4210 3663 4270 typus

2076 4281 2158 4338 vel
2186 4282 2354 4352 ﬁgura
2379 4286 2721 4353 prmsentium
2751 4295 2804 4340 ct
2832 4289 3321 4355 praeteritorummt
3352 4290 3661 4347 futurarum

2078 4385 2257 4424 rerum
2311 4372 2634 4443 ignotarum.
2701 4376 3101 4432 Praeteritorum
3149 4390 3306 4451 typus
3358 4390 3445 4436 est
3504 4391 3654 4438 cate-

400 4484 507 4536 cati
532 4464 804 4550 sunt,ﬁetc.
831 4464 1123 4543 Consilium
1153 4464 1350 4561 quippe
1370 4491 1594 4549 dederat
1620 4464 1837 4549 Balaam
1860 4496 1974 4565 regi
2000 4474 2051 4532 D
2077 4476 2435 4565 cumcfmmm
2459 4464 2755 4565 hfmmms’
2791 4475 2993 4565 “pum,
3014 4469 3154 4565 enim
3181 4480 3375 4565 $9?“
3424 4470 3559 4526 Ad“:
3592 4473 3659 4528 de

353 4590 359 4597 ·
404 4571 614 4637 Balaac,
648 4582 705 4627 ut
747 4575 1001 4631 mulieres
1031 4578 1084 4631 in
1124 4581 1401 4636 meritorio
1443 4592 1688 4652 poneret,
1737 4593 1793 4638 et
1849 4593 1975 4639 ante

401 4662 591 4730 ianuas
639 4679 827 4720 eorum
872 4682 1015 4734 aras,
1066 4679 1125 4724 ut
1168 4674 1448 4729 venientes
1474 4675 1569 4729 ﬁlii
1610 4675 1796 4742 Israel,
1824 4677 1975 4745 prius

403 4754 769 4811 sacriﬁcarent
796 4757 975 4826 idolis,
1010 4769 1065 4815 et
1098 4762 1175 4817 sic
1226 4764 1636 4835 ingrederentur
1670 4767 1735 4821 ad
1784 4768 1975 4823 mulie-

403 4859 508 4908 res,
536 4847 676 4901 unde
703 4857 785 4902 est
808 4849 1104 4908 fornicatus
1132 4854 1296 4909 Israel
1322 4874 1445 4912 cum
1470 4858 1683 4914 ﬁliabus
1734 4860 1967 4915 Madian.

402 4932 507 4987 Sed
546 4935 673 5004 quid
700 4940 944 5008 estquod
984 4942 1083 4996 iste
1136 4943 1357 5000 Balaam
1383 4948 1636 5017 populum
1669 4949 1764 5003 Dei
1807 4964 1964 5018 posse

399 5024 571 5094 decipi
598 5036 746 5083 certa
778 5031 984 5087 ratione
1040 5033 1258 5107 colligit,
1293 5036 1429 5094 dans
1468 5040 1776 5106 consilium,
1810 5049 1869 5095 ut
1898 5057 1961 5096 ex

396 5113 485 5168 illa
524 5124 696 5184 parte,
740 5135 847 5189 qua
877 5121 1142 5179 inﬁrmari
1189 5137 1412 5184 noverat
1459 5130 1595 5186 filios
1628 5131 1810 5195 Israel,
1843 5150 1965 5204 per-

398 5204 652 5262 niciosius
674 5208 754 5265 eis
805 5210 979 5280 laquei
1023 5216 1388 5286 tenderentur,
1440 5238 1545 5276 non
1593 5222 1842 5278 dubitans
1869 5241 1962 5279 eos

392 5296 571 5352 oblata
598 5298 753 5368 copia
809 5300 1155 5373 feminarum,
1195 5308 1564 5367 fornicationis
1606 5313 1761 5367 ruina
1793 5315 1959 5383 proti-

392 5407 494 5445 nus
540 5394 872 5466 collapsuros
923 5402 1050 5471 quia
1075 5406 1519 5474 concupiscibiles
1555 5408 1749 5462 animae
1772 5423 1958 5464 eorum

389 5491 573 5551 partes
601 5486 807 5542 sciebat
832 5504 951 5545 esse
980 5496 1308 5561 corruptas?
1337 5496 1413 5550 Ita
1435 5513 1565 5566 ergo
1612 5514 1961 5569 unumquem-

389 5586 494 5637 que
526 5583 767 5632 nostrum
809 5580 1061 5649 nequitia:
1092 5592 1305 5637 versuta
1346 5586 1698 5655 malignitate,
1747 5590 1799 5642 in
1829 5589 1958 5658 ﬁgu-

394 5673 450 5711 ra
482 5663 699 5722 Balaam
743 5680 1069 5741 pertentant,
1114 5675 1216 5729 illis
1240 5679 1507 5748 pttccipuc
1540 5681 1817 5738 dilectibus
1843 5685 1956 5738 aui-

2072 4555 2322 4622 paradiso
2344 4555 2584 4624 expulso.
2643 4566 2699 4612 et
2726 4573 2792 4612 ex
2814 4561 3142 4614 conscientia
3169 4561 3494 4617 delictorum
3524 4564 3659 4617 divi-

2073 4662 2201 4700 num
2230 4649 2518 4703 metuentis
2548 4659 2845 4718 aspectum,
2894 4660 3113 4723 propter
3160 4654 3302 4723 quod
3341 4664 3396 4708 et
3425 4671 3527 4726 per
3556 4673 3654 4726 pu-

2072 4737 2268 4790 blicum
2298 4738 2565 4806 capitibus
2594 4741 2750 4795 tectis
2778 4742 3052 4797 incedunt.
3105 4744 3463 4799 Praesentium
3499 4755 3665 4817 typus

2070 4840 2153 4885 est
2188 4834 2353 4889 vestis
2379 4833 2581 4899 Aaron,
2614 4852 2734 4905 qua:
2758 4837 3038 4892 duodecim
3064 4838 3299 4894 tribuum
3330 4841 3559 4895 nomina
3584 4840 3657 4895 la-

2070 4921 2285 4990 pidibus
2314 4923 2566 4992 insignita
2585 4926 2849 4995 gestabat,
2881 4927 3173 4981 ostendens
3193 4944 3250 4982 se
3271 4943 3371 4997 pro
3398 4930 3657 4984 omnibus

2069 5010 2464 5077 quodammodo
2509 5012 2717 5081 populis
2746 5014 3067 5084 supplicare.
3143 5015 3476 5071 Futurorum
3497 5027 3653 5089 typus

2066 5110 2148 5154 est
2198 5101 2249 5154 in
2273 5102 2479 5157 duobus
2510 5104 2634 5158 ﬁliis
2672 5104 2844 5171 Isaac,
2872 5105 2925 5159 in
2957 5106 3152 5174 quibus
3175 5108 3280 5161 duo
3301 5106 3652 5162 Testamenta

2067 5198 2361 5244 monstrata
2393 5201 2537 5246 sunt.

2136 5298 2202 5354 In
2239 5316 2368 5370 quos
2418 5300 2550 5369 lines
2601 5303 2915 5357 srrculorum
2961 5303 3295 5359 devenerunt.
3356 5306 3413 5359 Id
3462 5315 3567 5373 est,
3596 5308 3646 5362 in

2066 5404 2201 5459 quos
2246 5399 2354 5445 tota
2390 5391 2615 5460 iustitia:
2662 5392 2923 5463 perfectio
2970 5395 3133 5459 cadit,
3189 5395 3330 5450 sicut
3381 5398 3643 5466 scriptum

2065 5488 2182 5532 est:
2214 5478 2365 5534 Finis
2394 5482 2530 5535 enim
2561 5480 2711 5551 legis,
2734 5482 2975 5537 Christus
2998 5484 3067 5537 ad
3082 5484 3343 5554 justitiam
3364 5486 3545 5559 (Rom.
3564 5487 3637 5559 Χ).

2136 5592 2319 5662 Itaque
2339 5596 2427 5662 qui
2448 5611 2501 5647 se
2528 5596 2790 5649 existimat
2820 5606 2979 5660 stare,
3010 5596 3176 5650 rideat
3206 5614 3268 5650 ne
3323 5599 3497 5651 cadat.
3538 5596 3635 5667 (Ex

2064 5684 2314 5757 Primus.)
2350 5685 2458 5740 Hoc
2482 5695 2582 5751 cst,
2613 5701 2677 5741 nc
2709 5688 2858 5740 cadat
2885 5687 2939 5740 in
2962 5686 3343 5750 idololatrian).
3376 5688 3460 5743 vel
3483 5705 3627 5744 scan-
