3940 6206
171 302 268 356 ii‘l

995 299 1511 356 COLLECTIONES
1550 300 1617 358 ΙΝ
1652 299 2031 358 EPISTOLAS
2066 302 2154 359 ET
2195 301 2603 359 EVANGELIA.

3302 306 3410 363 U8

162 415 351 469 dalum
381 411 631 477 fratrum,
661 422 880 482 propter
910 415 1012 468 hoc
1035 413 1367 483 ipsumquod
1386 422 1530 468 stare
1552 396 1745 485 gloria-
1770 420 1820 478 Α
1845 424 1960 471 stro
1986 417 2228 473 facienda
2252 427 2336 473 est
2367 418 2421 473 in
2444 418 2624 488 aliquo
2677 417 2846 483 fraus,
2899 428 2959 473 ut
2984 419 3050 472 de
3083 419 3197 489 ipsa
3224 418 3413 478 fraude

164 518 274 572 tur,
302 507 449 563 cadit
477 506 623 560 enim
650 506 778 560 dum
802 508 1061 577 superbit.

240 597 481 651 Tentatio
512 613 599 651 vos
640 612 744 650 non
778 598 1156 667 apprehendat,
1206 599 1309 654 nisi
1337 601 1588 655 humana.
1642 600 1748 656 Hu-

163 702 327 741 tnana
365 685 591 741 tentatio
632 685 860 756 intelligi
908 695 1087 756 potest
1135 689 1312 744 civilis
1340 697 1415 755 et,
1448 698 1509 743 ut
1538 690 1743 745 dictum

159 787 268 842 est,
335 775 634 831 tolerabilis
694 775 935 831 afﬂictio.
991 777 1146 833 Sicut
1170 779 1224 833 in
1261 780 1367 836 alio
1392 781 1513 836 loco
1561 782 1739 836 dicit:

164 866 476 920 Humanum
528 866 645 919 dico
696 875 905 936 propter
938 867 1296 935 inﬁrmitatem
1345 870 1521 923 carnis
1560 879 1742 925 vestrae

159 954 341 1027 (Rom.
368 953 467 1023 Vl).
495 954 549 1008 id
592 962 696 1020 est,
732 955 880 1024 quod
925 953 1085 1009 facile
1112 964 1169 1010 et
1218 957 1417 1025 suscipi
1448 964 1503 1012 et
1529 956 1740 1027 impleri

156 1045 337 1115 possit
365 1057 490 1098 cum
543 1041 684 1097 bona
735 1042 1027 1098 voluntate.
1060 1044 1194 1111 Quis
1225 1045 1312 1100 vel
1354 1045 1460 1101 sibi
1506 1046 1591 1101 vel
1619 1046 1744 1101 aliis

156 1132 422 1197 consulit,
448 1133 494 1187 si
528 1132 746 1186 fallatur
772 1133 826 1186 in
857 1133 1037 1202 aliquo
1079 1150 1176 1204 per
1205 1136 1566 1205 ignorantiam
1611 1143 1741 1191 tem-

152 1222 450 1292 poralium,
482 1223 609 1291 quia
650 1229 706 1276 et
742 1222 845 1276 hoc
871 1223 1244 1292 temporaliter
1272 1224 1404 1295 agit,
1436 1233 1494 1277 et
1518 1225 1738 1279 modum

153 1313 356 1383 agendi
383 1327 490 1366 non
521 1320 668 1366 tenet
708 1326 869 1381 quem
912 1312 1180 1379 debebat;
1216 1314 1449 1370 humana
1488 1316 1736 1380 tentatio,

151 1404 276 1456 sive
333 1402 494 1456 irasci
556 1410 641 1457 est
673 1401 999 1470 humanum,
1029 1400 1172 1458 iram
1227 1403 1492 1470 perlicere
1546 1405 1737 1459 diabo-

152 1492 365 1545 lieum?

231 1580 438 1634 Fidelis
471 1590 641 1634 autem
683 1580 823 1634 Deus
875 1589 971 1646 est,
1003 1582 1094 1652 qui
1130 1598 1236 1638 non
1280 1585 1483 1654 patitur
1511 1602 1598 1640 vos
1625 1595 1737 1641 ten-

151 1674 263 1725 tari
283 1688 442 1742 super
469 1672 523 1725 id
550 1672 689 1741 quod
725 1674 959 1743 potestis.
1010 1672 1112 1745 (Ex
1135 1674 1390 1748 August.)
1419 1678 1620 1734 Fidelis
1641 1679 1734 1749 qui

1845 505 2217 579 eleemosynas
2242 507 2522 572 faciamus,
2574 515 2668 561 aut
2687 521 2804 572 eos,
2833 522 2863 559 a
2895 507 3090 576 quibus
3126 508 3291 576 recipi
3322 524 3413 562 vo-

1844 594 2021 651 lumus
2064 598 2119 650 in
2168 596 2512 652 tabernacula
2561 605 2782 659 aeterna,
2837 604 3093 665 tanquam
3141 597 3414 654 debitores

1845 685 1940 740 Dei
1961 693 2017 740 et
2044 684 2256 741 Domini
2302 686 2474 741 nostri
2499 686 2580 741 fas
2617 694 2705 740 est
2752 686 2999 757 intelligi,
3051 701 3173 741 cum
3197 684 3330 755 justi
3359 696 3416 743 et

1843 774 2017 828 sancti
2054 775 2431 846 signiﬁcentur
2457 777 2562 831 hoc
2602 776 2743 843 loco,
2810 776 2903 846 qui
2954 791 3049 831 eos
3071 778 3413 833 introducunt

1842 864 1898 918 in
1933 865 2280 921 tabernacula
2320 875 2545 931 aeterna,
2576 868 2668 936 qui
2716 867 3134 922 necessitatibus
3154 868 3274 924 suis
3302 878 3413 923 ter-

1842 970 1974 1008 rena
2018 956 2161 1011 bona
2198 957 2738 1022 communicaverint,
2767 957 2863 1011 sed
2888 957 3050 1011 etiam
3078 972 3109 1011 e
3136 958 3411 1012 contrario

1841 1046 2095 1100 dicuntur
2125 1047 2244 1102 ista:
2269 1047 2671 1112 similitudines,
2718 1060 2778 1101 ut
2808 1046 3189 1115 intelligamus,
3221 1047 3269 1101 si
3297 1047 3411 1101 latt-

1841 1136 1959 1190 dari
2005 1137 2179 1205 potuit
2235 1137 2325 1191 ille
2367 1152 2398 1192 a
2438 1138 2675 1202 domino,
2728 1137 2815 1192 cui
2865 1136 3108 1191 fraudem
3148 1136 3410 1200 faciebat,

1838 1234 2042 1295 quanto
2066 1226 2291 1297 amplius
2315 1227 2566 1297 placeant
2606 1226 2831 1280 Domino
2859 1225 2968 1279 Deo
2995 1225 3087 1294 qui
3114 1226 3407 1280 secundum

1839 1313 1955 1384 ejus
1976 1322 2303 1383 praeceptum
2333 1314 2422 1368 illa
2458 1329 2621 1384 opera
2651 1304 2874 1367 faciunt.
2933 1311 3109 1367 Villici
3148 1326 3279 1366 sane
3309 1327 3406 1365 vo-

1839 1404 2030 1459 cabulo
2062 1405 2318 1459 discimus
2340 1420 2432 1460 eos
2484 1405 2577 1474 qui
2603 1404 2860 1472 pecunias
2905 1402 3126 1463 habent,
3152 1417 3257 1456 non
3293 1401 3405 1470 jam

1837 1491 2021 1549 domui
2084 1510 2217 1558 suae,
2271 1496 2366 1550 scd
2417 1495 2605 1548 aliena:
2652 1492 2831 1562 potius
2892 1492 2970 1545 rei
3013 1492 3413 1561 dispensatores

1837 1596 1958 1637 esse
1984 1585 2271 1652 putandos,
2300 1584 2393 1652 qui
2446 1584 2491 1638 si
2536 1583 2692 1653 juxta
2740 1581 2898 1651 hujus
2938 1582 3078 1635 servi
3107 1582 3410 1651 exemplum

1838 1672 2021 1727 sedulo
2069 1671 2318 1727 ﬁniendae
2347 1672 2687 1727 villicationis
2742 1686 2806 1726 ac
2855 1671 3081 1727 rationis
3128 1672 3411 1727 reddenda:

149 1778 215 1816 se
242 1762 516 1831 pollicitus
566 1771 651 1817 est
702 1764 786 1817 sui
845 1763 1079 1818 nominis
1122 1781 1284 1821 causa
1329 1767 1732 1825 tribulationem
1761 1759 1810 1818 B
1836 1773 2050 1834 tempus
2080 1765 2444 1836 pratviderint,
2478 1765 2633 1820 facile
2660 1772 3000 1820 terrenarum
3053 1764 3412 1821 delectatione

149 1854 550 1909 sustinentibus
598 1855 931 1921 adfuturum,
963 1864 1023 1911 ut
1068 1856 1198 1911 illud
1228 1876 1241 1911 :
1280 1857 1467 1914 Multae
1505 1859 1730 1915 tribula-

148 1946 322 1998 tiones
358 1945 601 2012 istorum,
654 1955 703 1999 et
757 1946 820 2000 de
848 1948 931 2000 his
982 1947 1219 2002 omnibus
1246 1948 1482 2003 liberavit
1510 1967 1598 2006 eos
1622 1950 1732 2005 Do—

152 2035 329 2089 minus
378 2033 551 2106 (Psal.
583 2036 800 2108 xxxiii).
848 2038 967 2108 Ipse
991 2054 1085 2094 vos
1114 2038 1276 2095 faciat
1303 2049 1449 2097 stare
1470 2041 1725 2109 ﬁrmiter,

149 2136 203 2181 et
228 2128 494 2183 virtutem
516 2129 718 2183 tribuet
760 2130 1048 2196 tolerandi,
1073 2132 1166 2201 qui
1198 2147 1297 2188 vos
1322 2133 1505 2189 docuit
1534 2148 1729 2205 rogare

149 2223 360 2287 dicens,
418 2221 494 2278 Nc
559 2223 782 2293 patiaris
842 2239 940 2279 nos
1005 2224 1185 2280 induci
1256 2226 1310 2281 in
1374 2227 1728 2283 tentationem

147 2312 371 2386 (Matth.
398 2314 500 2385 vt).

216 2403 332 2459 Sed
386 2404 545 2473 faciet
599 2422 717 2459 cum
774 2408 1058 2463 tentatione
1100 2409 1258 2463 etiam
1313 2417 1619 2479 proventum
1671 2418 1728 2462 ut

144 2494 358 2563 possitis
409 2496 682 2550 sustinere.
737 2496 791 2551 ω
818 2506 920 2563 est,
952 2514 1058 2552 non
1092 2499 1409 2569 ampliorem
1456 2499 1610 2554 vobis
1631 2499 1730 2553 tri.

145 2584 480 2639 bulationem
501 2586 688 2641 venire
713 2588 966 2658 patietur,
997 2605 1158 2658 quam
1188 2591 1458 2645 sustinere
1483 2591 1723 2660 possitis,

145 2675 238 2729 sed
266 2675 435 2730 faciet
460 2686 799 2746 proventum,
841 2678 894 2732 id
931 2689 1036 2743 est,
1071 2679 1200 2733 illud
1236 2681 1390 2735 vobis
1418 2679 1584 2735 faciet
1602 2694 1728 2751 pro-

145 2767 357 2830 venire,
390 2768 530 2836 quod
561 2769 778 2839 possitis
815 2771 1104 2836 sustinere,
1141 2779 1235 2825 aut
1262 2772 1329 2826 de
1358 2771 1472 2841 ipsa
1498 2771 1723 2826 tribula-

144 2856 295 2912 tione
325 2857 535 2912 lucrum
561 2857 755 2913 animae
775 2860 1083 2930 acquirere.

530 2976 864 3018 εγωαειιωι
909 2978 1080 3027 LUCE,
1112 2978 1230 3017 CAP.
1260 2976 1373 3016 XVI.

214 3069 235 3101 ι
287 3050 461 3107 Home
486 3051 708 3121 quidam
734 3059 853 3107 erat
874 3052 1043 3116 dives,
1074 3052 1165 3121 qui
1204 3051 1439 3106 habebat
1458 3050 1721 3117 villicum,

148 3161 165 3192 ι
203 3151 263 3196 et
305 3143 397 3197 hic
439 3141 747 3197 diﬁ‘amatus
772 3150 857 3197 est
885 3142 1026 3211 apud
1063 3142 1233 3206 illum,
1280 3141 1434 3211 quasi
1465 3141 1726 3210 dissipas-

148 3253 166 3284 ι
206 3244 299 3289 set
326 3233 465 3287 bona
509 3233 693 3302 ipsius.
724 3231 793 3287 Et
819 3232 1033 3287 vocavit
1070 3231 1219 3286 illum
1248 3238 1304 3285 et
1331 3231 1411 3285 ait
1433 3229 1509 3284 illi
1537 3247 1551 3283 :
1581 3229 1723 3296 Quid

149 3344 166 3375 ι
210 3325 323 3379 hoc
354 3323 515 3378 audio
530 3322 601 3378 de
626 3331 698 3385 te,
736 3323 900 3377 redde
921 3323 1186 3377 rationem
1213 3318 1565 3376 villicationis
1594 3330 1718 3385 tuae,

150 3435 166 3465 ι
201 3414 321 3483 iam
341 3415 486 3470 enim
515 3428 622 3468 non
653 3413 858 3483 poteris
878 3412 1136 3467 villicare.
1170 3410 1263 3465 Ait
1292 3417 1477 3466 autem
1506 3409 1720 3465 villicus

151 3526 167 3555 ι
207 3507 356 3559 intra
407 3518 490 3559 se.
548 3502 686 3570 Quid
716 3502 949 3557 faciam?
988 3502 1111 3570 quia
1158 3499 1413 3555 dominus
1449 3514 1601 3556 meus
1626 3514 1722 3553 au-

153 3614 169 3645 ι
214 3595 379 3649 ferta
409 3610 496 3649 me
535 3594 955 3649 villicationem:
988 3592 1175 3647 fodere
1210 3607 1319 3646 non
1357 3591 1534 3656 valeo,
1565 3606 1719 3645 men-

151 3704 168 3734 ι
212 3685 402 3738 dicare
434 3684 714 3739 erubesco.
760 3681 887 3737 Scio
932 3680 1060 3750 quid
1084 3680 1301 3746 faciam,
1335 3689 1395 3735 ut
1419 3697 1543 3737 cum
1569 3695 1720 3735 amo-

150 3795 166 3826 ι
211 3785 304 3829 tus
332 3774 488 3830 fuero
533 3790 565 3828 a
614 3772 938 3827 villicatione
982 3771 1249 3841 recipiant
1279 3786 1367 3825 me
1415 3771 1469 3825 in
1529 3771 1718 3827 domos

150 3887 166 3916 ι
208 3883 360 3922 suas.
394 3865 720 3921 Convocatis
758 3864 941 3931 itaque
986 3860 1213 3933 singulis
1256 3860 1592 3917 debitoribus
1627 3863 1721 3917 do—

149 3978 165 4009 ι
208 3958 344 4013 mini
381 3956 465 4012 sui
492 3954 709 4010 dicebat
731 3954 944 4023 primo:
979 3952 1249 4019 Quantum
1276 3951 1443 4007 debes
1501 3952 1720 4010 domino

149 4069 166 4101 ι
206 4050 377 4105 tneo?
405 4047 584 4102 Atille
611 4047 781 4102 dixit:
810 4044 1039 4100 Centum
1082 4044 1246 4099 cados
1289 4043 1412 4098 olei.
1470 4044 1719 4116 Dixitque

148 4163 165 4194 ι
208 4142 332 4196 illi:
373 4141 572 4210 Accipe
620 4138 927 4193 cautionem
955 4147 1122 4202 tuam,
1173 4146 1230 4192 ct
1258 4138 1384 4192 sede
1429 4137 1562 4202 cito,
1585 4140 1721 4193 scri-

146 4255 165 4286 ς
206 4230 702 4303 bequinquaginta.
737 4228 937 4283 Deinde
966 4228 1071 4281 alio
1094 4228 1231 4281 dixit
1263 4244 1277 4280 :
1309 4226 1390 4280 Tu
1410 4242 1727 4296 veroquan-

145 4347 162 4378 ι
210 4335 327 4381 tum
356 4322 567 4378 debes?
596 4320 699 4388 Qui
738 4320 816 4374 ait
858 4337 871 4373 :
922 4317 1151 4374 Centum
1194 4331 1353 4372 coms
1406 4316 1592 4372 tritici.
1628 4315 1722 4371 Ait

1839 1855 2000 1910 simul
2025 1864 2081 1910 et
2107 1855 2394 1912 dilectione
2422 1856 2631 1922 nudati,
2671 1861 2792 1926 plus
2822 1856 2925 1911 sibi
2967 1856 3034 1909 de
3063 1856 3251 1910 amicis
3276 1871 3407 1911 con-

1838 1948 2115 2018 quirendis
2145 1949 2199 2003 in
2224 1947 2409 2004 futuro
2458 1963 2620 2018 quam
2652 1948 2853 2003 div'tiis
2891 1947 2943 2001 in
2968 1948 3224 2016 praesenti
3254 1947 3404 2002 colli-

1837 2041 2027 2111 gendis
2049 2041 2358 2112 prospicere
2393 2040 2679 2095 curabunt.

1904 2131 1992 2185 Ait
2016 2128 2189 2185 autem
2208 2130 2413 2185 villicus
2440 2131 2581 2184 intra
2602 2145 2689 2183 se:
2721 2128 2860 2194 Quid
2883 2128 3076 2198 [aetatu
3093 2129 3118 2180 Ι
3143 2127 3267 2197 quia
3297 2126 3406 2180 Do-

1833 2222 2008 2276 minus
2063 2237 2209 2276 meus
2247 2219 2424 2291 aufert
2458 2237 2492 2274 a
2525 2236 2607 2274 me
2636 2218 3000 2273 villicationem
3032 2233 3050 2271 :
3083 2217 3260 2286 fodere
3302 2234 3404 2269 non

1834 2312 1998 2368 valeo.
2048 2311 2241 2367 Ablata
2269 2312 2467 2382 quippe
2492 2310 2843 2375 villicatione,
2880 2307 3067 2364 fodere
3113 2322 3217 2362 non
3263 2307 3407 2361 vale--

1833 2421 1975 2473 mus,
2006 2404 2134 2475 quia
2158 2403 2312 2459 ﬁnita
2340 2403 2443 2459 hac
2476 2403 2588 2459 vita
2621 2403 2674 2458 in
2699 2417 2803 2472 qua
2844 2411 2959 2457 tum
3005 2402 3128 2456 licet
3168 2401 3404 2472 operari,

1832 2512 2174 2568 nequaquam
2210 2495 2353 2553 ultra
2390 2497 2528 2551 bene
2573 2494 3005 2551 conversationis
3058 2493 3292 2549 fructum
3339 2494 3404 2547 li-

1832 2603 1970 2660 gone
1993 2587 2201 2644 devotae
2220 2586 2654 2657 compunctionis
2682 2584 2808 2639 licet
2835 2584 3125 2653 inquirere.

1904 2678 2206 2733 Mendicare
2252 2677 2518 2743 erubesco,
2572 2684 2677 2731 etc.
2734 2675 3041 2731 Mcndicare
3075 2674 3406 2732 confusionis

1829 2781 1934 2838 est,
1966 2773 2057 2827 illo
2101 2771 2308 2827 scilicet
2349 2770 2586 2840 pessimo
2639 2782 2838 2839 genere
2890 2768 3249 2831 mendicant“,
3300 2784 3407 2836 quo

1827 2863 2065 2935 virgines
2092 2862 2197 2916 illa!
2218 2859 2379 2915 fatuae
2427 2858 2763 2914 mendicasse
2787 2855 3113 2921 referuntur,
3151 2872 3271 2925 quae
3323 2858 3409 2910 in-

1830 2962 2057 3026 gruente
2083 2960 2323 3023 tempore
2337 2951 2669 3021 nuptiarum,
2683 2948 2803 3004 oleo
2822 2948 3079 3001 virtutum
3099 2948 3399 3011 deﬁciente,

1830 3044 2163 3117 sapienti-bus
2184 3044 2435 3099 dixerunt
2459 3060 2472 3097 :
2504 3041 2639 3096 Date
2662 3040 2809 3095 nobis
2837 3039 2900 3094 de
2925 3038 3036 3093 oleo
3070 3049 3255 3105 vestro,
3280 3042 3405 3111 quia

1827 3135 2100 3207 lampades
2128 3145 2321 3190 nostris
2343 3135 2721 3205 exstinguntur
2747 3130 2960 3204 (Matth.
2988 3131 3135 3204 xxv),
3164 3141 3218 3187 et
3264 3134 3407 3202 quod

1826 3226 2082 3284 Salomon
2107 3228 2186 3284 ait
2209 3246 2222 3282 :
2262 3225 2488 3299 Propter
2507 3226 2677 3297 frigus
2701 3225 2847 3296 piger
2864 3234 3028 3279 'arare
3050 3224 3236 3291 noluit,
3268 3244 3406 3279 meu-

1822 3319 2015 3373 dicabit
2036 3336 2157 3390 ergo
2180 3327 2381 3385 testate,
2405 3326 2457 3371 et
2475 3333 2580 3371 non
2612 3316 2825 3370 dabitur
2843 3317 2909 3370 ei.

1890 3409 2196 3466 Convocatis
2222 3411 2397 3482 itaque
2443 3407 2666 3480 singulis
2695 3407 3012 3462 debitoribus
3054 3408 3253 3462 domini
3298 3411 3402 3473 sui,

1821 3502 2022 3558 dicebat
2042 3505 2212 3573 primo
2238 3516 2256 3554 :
2283 3501 2553 3567 Quantum
2580 3501 2733 3555 debes
2775 3500 2987 3554 domino
3028 3502 3178 3554 meo?
3223 3512 3275 3554 at
3316 3502 3404 3555 ille

1820 3591 1954 3645 dixit
1983 3606 2001 3642 :
2025 3591 2243 3645 Centum
2269 3589 2428 3644 cados
2449 3589 2579 3652 olei;
2597 3589 2828 3659 dixitque
2849 3588 2927 3641 illi
2952 3602 2970 3640 :
2994 3590 3180 3659 Accipe
3200 3591 3404 3659 cautio-

1822 3697 1936 3734 nem
1962 3689 2129 3745 tuam,
2157 3689 2206 3734 et
2243 3680 2363 3734 sede
2411 3680 2534 3745 cito,
2560 3678 2727 3733 scribe
2768 3679 3169 3750 quinquaginta.
3206 3679 3423 3735 Deinde.

1820 3772 1928 3826 alio
1957 3772 2090 3826 dixit
2116 3789 2135 3827 :
2162 3770 2241 3825 Tu
2268 3788 2387 3826 vero
2405 3780 2659 3842 quantum
2704 3770 2903 3825 debes?
2945 3772 3033 3842 qui
3082 3772 3177 3838 ait,
3200 3781 3402 3827 centum

1821 3880 1968 3918 coros
2009 3865 2207 3930 tritici;
2239 3864 2312 3918 ait
2341 3863 2462 3918 illi:
2486 3862 2674 3935 Accipe
2697 3864 2896 3919 litteras
2917 3875 3057 3931 tuas,
3077 3867 3244 3921 scribe
3268 3878 3404 3921 octo-

1821 3955 1985 4025 ginta.
2027 3954 2205 4010 Cadus
2247 3954 2436 4010 Graece
2488 3957 2749 4026 amphora
2784 3966 2889 4021 est,
2925 3958 3210 4013 continens
3241 3973 3407 4013 urnas

1824 4056 1952 4102 tres.
2022 4045 2195 4101 Corus
2262 4054 2399 4101 Vero
2462 4045 2675 4101 modios
2732 4046 2950 4116 triginta
3010 4046 3403 4116 complectitur.

1823 4137 1977 4205 Quod
2021 4146 2205 4193 autem
2252 4138 2317 4193 de
2365 4146 2584 4192 centum
2636 4137 2786 4192 cadis
2839 4136 2963 4201 olei,
3012 4138 3402 4208 quinquaginta

1822 4229 1986 4283 scribi
2019 4228 2144 4284 fecit
2181 4244 2212 4283 a
2251 4228 2514 4292 debitore,
2546 4235 2603 4282 et
2653 4227 2721 4283 de
2760 4234 2978 4282 centum
3028 4227 3174 4281 coris
3230 4227 3399 4282 tritici

1821 4322 2117 4392 octoginta,
2154 4320 2222 4375 ad
2275 4320 2410 4375 nihil
2441 4319 2586 4375 aliud
2610 4320 2790 4375 valere
2824 4320 3063 4374 arbitror
3097 4320 3200 4375 nisi
3230 4330 3289 4375 ut
3337 4336 3399 4375 ea

145 4439 162 4470 σ
209 4419 289 4475 illi
317 4432 333 4471 :
364 4416 569 4485 Accipe
591 4413 801 4468 litteras
850 4419 969 4466 tuas
997 4417 1054 4465 et
1099 4408 1277 4465 scribe
1322 4407 1620 4479 octoginta.
1654 4408 1720 4463 Et
1745 4447 1798 4507 Β
1822 4427 1942 4482 quae
1966 4411 2213 4466 similiter
2234 4411 2287 4465 in
2317 4410 2626 4466 sacerdotes
2649 4410 2895 4480 atquein
2942 4409 3158 4465 Levitas
3186 4408 3403 4465 Judams

144 4531 162 4563 ι
210 4510 458 4567 laudavit
498 4506 750 4561 dominus
790 4503 1031 4557 villicum
1077 4499 1400 4571 iniquitatis,
1435 4500 1562 4569 quia
1593 4515 1721 4570 pru-

142 4622 160 4653 ι
206 4603 407 4657 denter
432 4597 673 4663 fecisset,
700 4594 826 4665 quia
858 4592 952 4647 lilii
996 4589 1155 4660 hujus
1195 4591 1379 4647 saeculi
1403 4589 1721 4661 prudentio-

142 4711 161 4744 ι
207 4706 296 4746 res
348 4688 479 4743 ﬁliis
520 4686 656 4741 lucis
703 4686 757 4738 in
791 4682 1144 4753 generatione
1186 4697 1283 4735 sua
1336 4688 1482 4737 sunt.
1533 4680 1602 4735 Et
1623 4695 1723 4752 ego

142 4802 158 4831 ε
205 4781 332 4834 dico
382 4776 537 4831 vobis
570 4792 582 4827 :
614 4772 798 4827 Facite
858 4771 1008 4826 vobis
1060 4770 1267 4825 amicos
1296 4770 1363 4824 de
1419 4784 1726 4824 mammona

143 4890 159 4921 ι
206 4865 538 4939 iniquitatis,
599 4872 659 4918 ut
692 4878 815 4918 cum
867 4859 1195 4925 defeceritis,
1246 4858 1513 4928 recipiant
1549 4874 1644 4915 vos
1667 4860 1722 4915 in

140 4983 158 5013 ι
204 4970 415 5017 :eterna
443 4953 812 5012 tabernacula.
850 4973 868 5005 ι

206 5052 384 5105 Homo
412 5047 631 5119 quidam
677 5054 789 5099 erat
817 5044 979 5107 dives,
1006 5044 1097 5115 qui
1144 5044 1366 5100 habebat
1414 5044 1646 5099 villicum
1672 5055 1722 5099 et

135 5143 219 5195 hic
254 5139 566 5209 diﬁ‘amatus
592 5144 667 5189 est
702 5130 843 5205 apud
878 5132 1047 5197 illum,
1079 5133 1233 5203 quasi
1255 5132 1556 5202 dissipasset
1585 5134 1721 5188 bona

133 5232 328 5303 ipsius,
359 5238 406 5283 et
430 5227 628 5283 vocavit
650 5226 822 5290 illum,
871 5235 920 5279 et
940 5224 1015 5278 ait
1042 5222 1122 5277 illi
1144 5241 1157 5276 :
1188 5222 1329 5289 Quid
1350 5224 1447 5277 hoc
1476 5223 1636 5277 audio
1656 5225 1721 5278 de

130 5335 180 5377 tr
202 5322 233 5377 ?
260 5320 421 5374 redde
443 5318 695 5371 rationem
722 5314 1051 5370 villicationis
1071 5322 1196 5378 tua',
1212 5314 1331 5383 jam
1350 5314 1486 5368 enim
1510 5330 1613 5368 non
1631 5331 1722 5385 po-

130 5414 265 5466 teris
303 5410 552 5465 villicare.
582 5407 683 5479 (Ex
713 5403 964 5475 August.)
992 5402 1047 5457 ln
1073 5403 1252 5458 villico
1278 5404 1404 5469 hoc,
1435 5419 1595 5474 quem
1628 5405 1723 5459 do—

132 5504 324 5557 minus
353 5499 606 5570 ejiciebat
633 5497 702 5553 de
727 5496 990 5558 villicatu,
1040 5504 1096 5549 et
1137 5494 1379 5548 laudavit
1399 5510 1543 5560 eum,
1578 5495 1721 5564 quod

130 5596 187 5649 in
229 5593 476 5647 futurum
526 5590 631 5645 sibi
679 5585 1038 5658 prospexerit,
1088 5600 1194 5639 non
1243 5585 1423 5639 omnia
1464 5576 1722 5641 debemus

131 5687 201 5741 ad
240 5685 566 5743 imitandum
618 5694 853 5738 sumere.
905 5676 1023 5733 Non
1066 5675 1211 5730 enim
1250 5684 1342 5730 aut
1382 5674 1601 5732 domino
1628 5691 1722 5731 no-

1822 4502 2051 4573 quisque
2078 4508 2353 4571 operatur,
2391 4500 2443 4555 in
2470 4499 2673 4556 Christi
2695 4499 2931 4555 Ecclesia
2972 4499 3207 4555 abundet
3243 4500 3402 4570 justi-

1825 4594 1900 4648 tia
1935 4592 2051 4663 ejus
2080 4605 2241 4661 super
2293 4589 2605 4646 Scribarum
2656 4599 2712 4644 et
2745 4589 3158 4655 Pharisteorum,
3189 4598 3251 4645 ut
3277 4606 3402 4645 cum

1825 4683 1930 4738 illis
1983 4680 2223 4737 decimas
2256 4681 2464 4741 darent,
2496 4681 2587 4735 isti
2638 4680 2890 4736 dimidias
2915 4682 3062 4747 dent,
3107 4682 3247 4737 sicut
3291 4697 3397 4738 non

1825 4773 1893 4829 de
1925 4772 2207 4838 fructibus,
2233 4773 2329 4828 sed
2364 4772 2433 4827 de
2465 4772 2596 4842 ipsis
2627 4773 2739 4828 suis
2765 4772 2922 4827 bonis
2967 4772 3095 4828 fecit
3119 4774 3395 4829 Zachteus.

1826 4865 1936 4920 Aut
1956 4873 2104 4921 certe
2130 4864 2371 4933 duplices
2396 4864 2651 4928 decimas,
2685 4871 2778 4919 aut
2801 4863 2936 4917 duas
2958 4863 3196 4919 decimas
3223 4864 3401 4919 dando
3488 4866 3495 4875 ‘

1831 4966 2045 5027 superet
2072 4956 2337 5025 impendia
2362 4953 2687 5011 Judteorum.
2722 4953 2835 5010 Nisi
2859 4954 2999 5009 forte
3040 4956 3162 5024 quis
3194 4956 3388 5024 simpli-

1828 5047 1964 5102 citer
1985 5043 2356 5115 accipiendum
2377 5052 2548 5114 putet,
2571 5044 2715 5113 quod
2741 5044 2917 5099 omnis
2935 5045 3025 5114 qui
3050 5044 3397 5117 indigentiam

1826 5140 2111 5211 cujuslibet
2155 5140 2408 5210 pauperis
2450 5146 2775 5199 sanctorum,
2806 5136 2891 5193 vel
2939 5152 3008 5193 ex
3053 5138 3272 5195 dimidia
3312 5140 3396 5193 vel

1826 5239 1973 5286 certe
1994 5245 2061 5285 ex
2091 5229 2279 5299 quinta
2302 5237 2475 5297 parte,
2509 5236 2768 5298 quantum
2798 5227 2988 5298 viginti
3024 5229 3106 5283 vel
3134 5228 3400 5299 quinqua-

1822 5318 1970 5388 ginta
1998 5318 2067 5373 ad
2087 5325 2302 5373 centum
2332 5327 2475 5380 sunt,
2509 5316 2861 5377 alleviavcrit.
2887 5326 3035 5373 certa
3057 5333 3169 5374 suae
3195 5317 3401 5374 miseri.

1823 5406 2022 5462 cordia:
2049 5406 2120 5461 sit
2156 5405 2406 5461 mercede
2433 5405 2730 5460 donandus.

1896 5496 1963 5550 Et
1992 5495 2226 5550 laudavit
2257 5495 2501 5562 dominus
2539 5495 2769 5551 villicum
2786 5497 3095 5568 iniquitatis,
3120 5498 3244 5567 quia
3271 5510 3397 5564 pru-

1824 5585 2006 5640 denter
2049 5583 2273 5653 fecisset,
2312 5584 2437 5654 quia
2488 5583 2588 5652 filii
2615 5585 2775 5655 hujus
2818 5584 2997 5639 srrculi
3035 5582 3395 5653 prudentiores

1824 5676 1951 5745 ﬁliis
1991 5673 2124 5731 lucis
2170 5675 2226 5728 in
2261 5674 2592 5746 generatione
2613 5691 2710 5729 sua
2735 5684 2875 5729 sunt.
2909 5673 3141 5726 Audiam
3182 5672 3396 5744 sapien-
