3932 6204
443 283 550 340 ΗΘ

1715 279 2089 339 σπεωιωθυι
2119 246 2411 338 ῙΑΒΒΑτιδ

3586 283 3689 341 420

441 407 521 451 tes
549 395 708 466 hujus
729 396 930 463 saeculi,
963 405 1022 451 ut
1049 398 1269 452 stultam
1298 396 1616 468 sapientiam
1653 396 1928 459 deserere,
1954 405 2013 451 et
2039 404 2090 463 Α
2112 396 2394 466 percipite.
2425 394 2532 467 (Ex
2581 391 2754 466 Orig.)
2793 356 2962 449 Prout
2991 393 3355 458 ducebamini,
3385 408 3417 446 a
3460 409 3568 463 quo
3605 397 3693 450 vel

439 487 740 554 sapientem
797 488 891 542 Dei
947 487 1230 542 stultitiam
1285 497 1488 558 queant
1542 488 1782 552 discere,
1829 488 2016 556 quanti

439 593 628 631 eorum
683 577 943 646 sapientia
969 577 1150 631 divina
1203 578 1428 647 aequitas
1465 577 1832 639 testimaverit,
1883 590 2019 643 quos

441 682 549 720 non
577 681 702 720 vere
721 667 1034 734 prudentes,
1060 668 1152 720 sed
1179 669 1230 720 in
1259 667 1606 736 generatione
1632 681 1736 720 .sua
1759 667 2016 734 pruden-

443 765 524 809 tes
551 770 671 809 esse
693 771 812 808 com
837 765 1100 810 nemorat.
1126 754 1288 809 Juxta
1311 757 1413 810 hoc
1443 757 1585 824 quod
1608 755 1734 808 alibi
1781 755 1979 808 dicitur
2002 773 2014 807 :

449 847 540 901 Vat
585 849 676 918 qui
726 849 982 918 sapientes
1031 850 1153 902 estis
1201 849 1254 902 in
1299 849 1462 902 oculis
1513 849 1800 912 vestris,.et
1843 863 2019 900 coram

442 939 817 1006 nobismetipsis
839 939 1140 1008 prudentes.
1160 937 1269 992 Nec
1296 954 1402 992 non
1433 947 1486 993 et
1511 947 1781 992 amatores
1807 946 2022 991 auorum

440 1028 567 1082 vita:
593 1029 733 1083 ﬁlios
757 1029 891 1084 lucis
914 1029 1254 1098 appellando,
1283 1029 1546 1084 nonaliud
1572 1045 1666 1082 eos
1689 1030 1780 1098 qui
1805 1030 2020 1096 sapien-

441 1125 524 1171 tes
551 1127 695 1182 sunt,
730 1127 789 1172 ut
827 1119 1028 1173 faciant
1077 1120 1242 1185 mala,
1278 1120 1414 1174 bene
1465 1129 1645 1173 autem
1695 1118 1878 1174 facere
1925 1134 2020 1172 ne-

441 1208 698 1271 scierunt,
735 1224 899 1278 quam
928 1209 1064 1264 ﬁlios
1112 1210 1292 1278 arguit
1338 1225 1456 1264 esse
1485 1210 1849 1265 tenebrarum.
1903 1208 2030 1263 Filii

440 1299 785 1354 autemlucis
811 1308 865 1354 et
897 1299 990 1355 ﬁlii
1026 1299 1184 1368 hujus
1227 1300 1408 1354 szecnli
1447 1309 1724 1363 vocantur,
1748 1299 2025 1368 quomodo

440 1393 534 1446 ﬁlii
558 1393 706 1462 regni
726 1400 784 1445 et
816 1391 912 1445 ﬁlii
938 1393 1280 1460 perditionis,
1310 1391 1463 1459 cujus
1491 1391 1635 1447 enim
1663 1392 1773 1462 agit
1795 1391 2025 1460 quisque

439 1497 626 1551 opera,
657 1480 772 1548 ejus
815 1481 1230 1550 cognominatur.
1247 1491 1302 1536 et
1331 1482 1491 1535 ﬁlius.

516 1572 580 1625 Et
605 1588 696 1640 ego
725 1571 861 1624 vobis
875 1571 1022 1634 .dico,
1061 1571 1218 1638 facite
1247 1572 1386 1624 vobis
1412 1571 1606 1624 amicos
1634 1571 1698 1623 de
1726 1587 2024 1624 mammona

438 1663 750 1733 iniquitatis,
784 1671 839 1714 ut
859 1679 976 1714 cum
1003 1661 1316 1730 defeceritis,
1343 1663 1593 1731 recipiant
1624 1678 1710 1715 vos
1729 1662 1784 1714 in
1829 1672 2025 1715 (eterna

2119 507 2151 543 a
2180 489 2415 558 quibus?
2457 505 2488 541 a
2535 489 3036 558 spiritibusnempe
3066 486 3314 555 malignis
3357 486 3693 542 ducebamini

2120 580 2373 648 adopera
2401 586 2767 648 peccatorum.
3431 629 3438 637 .

2191 667 2320 722 Ideo
2357 677 2536 721 notum
2567 667 2706 721 vobis
2733 666 2892 735 facio,
2913 668 3050 736 quod
3084 682 3233 720 nemo
3277 668 3332 719 in
3359 667 3548 734 spiritu
3597 667 3693 724 De:

2121 754 2352 826 loquens,
2401 757 2552 821 dicit,
2600 765 2710 810 etc.
2759 754 2860 821 Qui
2899 755 3340 819 anathematizat,
3373 755 3424 808 id
3449 764 3552 820 est,
3601 760 3693 827 qui

2123 863 2244 900 cum
2273 848 2505 915 quadam
2530 846 2883 902 detestatione
2911 844 3144 915 abnegat
3183 846 3466 899 Dominum
3489 846 3694 910 Jesum,

2124 953 2231 991 non
2262 937 2422 991 habet
2441 937 2702 1005 Spiritum
2727 945 2994 998 sanctum,
3027 943 3082 988 et
3100 935 3194 1007 qui
3223 936 3394 989 credit
3417 934 3470 988 in
3509 936 3697 994 Domi-

2124 1045 2250 1082 num
2271 1026 2740 1098 Jesum,Spiritum
2758 1035 3004 1081 sanctum
3019 1025 3200 1090 habet,
3225 1035 3279 1080 et
3296 1028 3423 1096 quia
3448 1027 3693 1098 legimus,

2126 1118 2426 1185 QuiFilium
2457 1134 2571 1175 non
2600 1120 2764 1172 habet
2805 1133 2905 1173 nec
2942 1119 3157 1174 Patrem
3192 1119 3376 1183 habet,
3408 1135 3698 1190 agnoscere

2126 1226 2193 1264 ex
2223 1209 2325 1262 hoc
2369 1208 2679 1262 testimonio
2723 1222 3033 1276 possumus,
3082 1208 3224 1277 quod
3277 1209 3369 1276 qui
3423 1209 3694 1267 Christum

2128 1316 2234 1353 non
2253 1300 2447 1362 credit,
2475 1315 2574 1354 nec
2591 1300 2853 1368 Spiritum
2881 1309 3127 1354 sanctum
3168 1301 3368 1355 habere
3397 1303 3699 1358 credendus

2127 1399 2228 1454 est,
2258 1391 2395 1445 sicut
2417 1390 2641 1460 legimus
2675 1391 2742 1445 ad
2764 1390 3038 1445 Romanos
3063 1408 3077 1443 :
3112 1388 3170 1444 Si
3193 1392 3309 1460 quis
3333 1401 3508 1445 autem
3526 1392 3696 1456 Spiri-

2129 1493 2239 1536 tum
2262 1480 2458 1536 Cltristi
2483 1499 2586 1534 non
2616 1483 2792 1546 habet,
2831 1482 2914 1536 hic
2940 1499 3047 1537 non
3075 1491 3152 1535 est
3191 1481 3306 1551 ait“
3337 1480 3515 1553 (Rom.
3542 1484 3696 1553 viti).

2129 1574 2407 1640 Quomodo
2461 1573 2913 1643 ergo.operarios
2943 1573 3242 1641 iniquitatis
3291 1573 3548 1628 Dominus
3591 1590 3702 1632 non

2131 1665 2426 1734 cognoscit,
2451 1665 2618 1718 etiam
2654 1663 2709 1718 si-
2724 1664 2951 1718 virtutes
2969 1664 3086 1718 sint
3111 1665 3342 1734 operati,
3369 1664 3444 1717 ita
3465 1673 3520 1723 et
3551 1665 3704 1722 Deus

439 1751 797 1806 tabernacula.
846 1751 1146 1805 Mammona
1207 1751 1536 1821 iniquitatis,
1568 1752 1635 1806 ab
1667 1752 1769 1806 hoc
1795 1750 2025 1820 appellat
2052 1767 2098 1823 Β
2125 1755 2281 1809 malis
2305 1755 2567 1822 operibus
2585 1755 2897 1823 denegatur.

439 1847 598 1904 istam
625 1846 927 1914 pecuniam,
958 1860 1119 1913 quam
1158 1845 1493 1914 possidemus
1524 1843 1594 1898 ad
1621 1853 1863 1912 tempus,
1895 1843 2020 1912 quia

440 1952 752 1992 mammona
782 1937 1459 2005 divitia:interpretantur.
1493 1934 1601 1990 Nec
1621 1945 1746 1988 sunt
1776 1935 1892 1987 ista:
1940 1934 2023 1988 di—

437 2031 583 2084 vitia:
610 2028 958 2096 nisiiniquis,
996 2028 1088 2096 qui
1120 2027 1172 2080 in
1200 2027 1278 2080 eis
1303 2026 1638 2080 constituunt
1673 2041 1824 2095 spem
1866 2032 2026 2094 atque

439 2120 652 2190 copiam
674 2118 1024 2174 beatitudinis
1049 2133 1179 2174 suae.
1196 2117 1241 2172 Α
1268 2117 1430 2186 justis
1458 2131 1586 2171 vero
1612 2131 1737 2170 cum
1764 2117 1878 2170 haec
1900 2129 2024 2184 pos-

443 2213 707 2277 sidentur,
736 2218 822 2264 est
846 2209 1064 2279 quidem
1095 2208 1198 2262 ista
1227 2208 1484 2276 pecunia,
1519 2208 1613 2260 sed
1636 2221 1745 2260 non
1775 2214 1903 2264 sunt
1924 2205 2028 2258 illis

441 2302 643 2357 divitia:
666 2302 769 2358 nisi
799 2300 1062 2355 caelestes
1104 2307 1158 2353 et
1189 2297 1517 2368 spirituales,
1541 2298 1736 2367 quibus
1780 2297 2025 2363 indigen-

444 2394 751 2448 tiam'suam
774 2390 1129 2460 spiritualiter
1161 2389 1487 2459 supplentcs,
1528 2387 1758 2442 exclusa
1789 2395 2030 2456 egestate

442 2483 694 2549 miserim,
721 2481 1070 2538 beatitudinis
1106 2481 1260 2550 copia
1309 2481 1642 2535 ditabuntur.
1677 2480 1733 2535 Si
1762 2488 1942 2534 autem
1972 2481 2029 2534 hi

443 2575 535 2643 qui
559 2573 801 2643 prazbent
833 2571 1235 2640 eleemosynam
1261 2570 1328 2625 de
1363 2570 1548 2640 iniquo
1579 2585 1899 2624 mammona:
1945 2569 2027 2623 fa-

445 2666 597 2720 ciunt
621 2664 724 2718 sibi
745 2664 969 2727 amicos,
988 2678 1020 2716 a
1041 2662 1236 2731 quibus
1266 2662 1318 2715 in
1341 2661 1922 2716 aeternatabernaeula
1947 2677 2030 2714 re-

445 2755 738 2824 cipiantur,
762 2762 964 2823 quanto
993 2754 1162 2823 magis
1201 2753 1273 2817 hi,
1305 2754 1396 2822 qui
1431 2753 1742 2822 spirituales
1799 2753 2033 2822 largiun-

447 2857 534 2901 tur
554 2847 758 2916 epulas,
787 2847 880 2916 qui
935 2848 1064 2899 dant
1114 2846 1319 2900 cibaria
1380 2847 1655 2901 conservis
1697 2847 1751 2900 in
1790 2856 2031 2915 tempore

445 2956 562 3005 suo,
621 2941 926 2995 certissima
976 2940 1176 2995 debent
1227 2955 1323 3011 spe
1372 2955 1595 2998 summa:
1656 2940 2028 2994 retributionis

448 3033 609 3102 erigi.

592 3138 1016 3194 HEBDOMADA
1044 3139 1114 3192 XI
1139 3137 1314 3193 POST
1350 3137 1866 3192 PENTECOSTEN.

449 3249 645 3292 LECTIO
687 3247 961 3286 EPISTOLIE
1010 3245 1169 3285 ΒΕΔἹΊ
1225 3242 1378 3284 ρωιι
1430 3244 1684 3284 Αροετοιι
1739 3246 1806 3284 ΑΒ
1850 3244 2034 3284 CORIN-

983 3316 1164 3368 TBIOS,
1198 3318 1241 3365 1,
1272 3316 1390 3355 CAP.
1422 3316 1520 3355 ιιι.

527 3412 546 3444 ι
594 3393 756 3448 Scitis
783 3391 1037 3461 quoniam
1080 3406 1202 3445 cum
1230 3397 1420 3460 gentes
1447 3389 1640 3444 essetis
1692 3387 1757 3442 ad
1813 3389 2036 3444 simula-

456 3504 496 3538 «η
520 3501 616 3541 cra
670 3494 819 3538 muta
865 3491 1028 3552 prout
1076 3481 1416 3536 ducebamini
1445 3489 1655 3534 euntes.
1693 3479 1816 3534 Ideo
1847 3489 2032 3534 notum

457 3595 477 3628 ι
521 3576 677 3630 vobis
730 3574 897 3638 facio,
921 3572 1064 3642 quod
1120 3585 1280 3625 nemo
1308 3570 1364 3624 in
1386 3564 1594 3641 Spiritu
1645 3569 1740 3623 Dei
1785 3568 2030 3637 loquens,

456 3684 476 3716 ι
521 3666 656 3719 dicit
705 3663 995 3718 anathema
1044 3660 1250 3716 Iesum.
1301 3658 1368 3712 Et
1415 3673 1575 3713 nemo
1618 3667 1796 3728 potest
1854 3658 2034 3713 dicere

459 3773 478 3804 ι
527 3753 786 3806 Dominus
814 3750 993 3815 Jesus,
1020 3750 1126 3803 nisi
1152 3750 1207 3803 in
1249 3749 1450 3818 Spiritu
1478 3759 1686 3803 sancto.
1732 3749 2035 3804 Divisiones

459 3863 479 3896 ε
525 3860 654 3898 vero
680 3844 976 3914 gratiarum
1001 3850 1147 3906 sunt,
1185 3839 1332 3893 idem
1381 3847 1558 3893 autem
1578 3839 1830 3909 Spiritus,
1855 3849 1911 3893 et
1955 3840 2037 3894 di-

461 3957 478 3988 ι
525 3937 760 3992 visiones
785 3933 1242 3989 ministrationum
1271 3939 1421 3996 sunt,
1462 3931 1605 3986 idem
1646 3941 1826 3987 autem
1856 3933 2036 3987 Domi-

462 4049 480 4079 ς
530 4043 632 4082 nus
685 4034 742 4081 et
793 4025 1086 4081 divisiones
1115 4024 1492 4095 operationum
1527 4033 1671 4088 sunt,
1722 4025 1862 4079 idem
1905 4041 2034 4080 vero

459 4137 478 4168 ι
525 4117 686 4182 Deus,
719 4115 812 4185 qui
827 4121 1082 4184 operatur
1101 4114 1283 4169 omnia
1313 4113 1369 4167 in
1409 4113 1681 4168 omnibus.
1731 4114 2035 4184 Unicuique

455 4227 480 4259 4
528 4215 708 4262 autem
755 4207 914 4262 datur
962 4203 1581 4272 manifestatioSpiritus
1608 4204 1678 4257 ad
1725 4204 2030 4259 utilitatem.

462 4318 481 4348 ς
525 4298 630 4351 Alii
657 4297 876 4368 quidem
916 4292 1285 4365 perSpiritum
1315 4294 1474 4348 datur
1503 4309 1682 4348 sermo
1733 4295 2034 4363 sapicutim,

465 4409 484 4440 ‹
533 4389 621 4443 alii
653 4398 831 4443 autem
855 4401 1036 4442 sermo
1059 4385 1300 4440 scientia:
1325 4385 1620 4440 secundum
1649 4387 1898 4440 eumdem
1911 4387 2035 4455 Spi-

2195 1845 2263 1898 Et
2292 1861 2440 1898 nemo
2463 1854 2629 1914 potest
2657 1845 2829 1898 dicere
2863 1844 3120 1898 Dominus
3171 1844 3349 1911 Iesus,
3396 1847 3707 1918 nisi.inSpi-

2127 1938 2232 1990 ritu
2253 1946 2452 1994 sancto.
2475 1935 2593 1996 Hoc
2642 1945 2758 2002 est,
2789 1937 2907 1994 sine
2940 1953 3102 1995 causa
3151 1936 3350 1994 fatetur
3381 1938 3572 2008 aliquis
3598 1939 3710 1994 Do-

2126 2027 2332 2081 minum
2369 2025 2573 2092 Jesum,
2619 2027 2712 2096 qui
2742 2043 2848 2080 non
2879 2028 3086 2098 integre
3129 2029 3303 2083 credit
3331 2029 3402 2083 :in
3441 2030 3706 2100 Spiritum

2128 2129 2372 2174 sanctum
2401 2160 2414 2185 ,
2468 2119 2550 2173 vel
2591 2121 2707 2174 sine
2751 2134 2912 2174 causa
2967 2135 3090 2173 eum
3153 2121 3331 2175 verbis
3381 2120 3707 2186 conﬁtetur,

2128 2209 2217 2279 qui
2241 2209 2398 2264 factis
2424 2217 2601 2280 negat.
2632 2211 2799 2266 Docet
2837 2211 2904 2265 ad
2947 2211 3272 2277 Corinthios,
3322 2213 3428 2268 nisi
3477 2213 3533 2267 in
3571 2214 3704 2284 Spi-

2131 2302 2237 2354 ritu
2266 2311 2476 2366 sancto,
2516 2303 2567 2356 id
2596 2311 2703 2368 est,
2734 2304 2788 2357 in
2833 2304 2988 2358 bouis
3018 2306 3271 2374 Operibus
3322 2318 3713 2363 conversantes

2117 2391 2416 2446 .Dominum
2457 2392 2649 2449 .Jesum
2697 2394 2898 2459 dicant,
2949 2394 3107 2450 aliter
3158 2397 3236 2451 eis
3287 2400 3541 2466 prodesse
3596 2415 3711 2454 non

2129 2499 2310 2552 posse.

2200 2575 2490 2629 Divisiones
2521 2578 2809 2645 gratiarum
2832 2587 2973 2642 sunt,
2998 2587 3102 2632 etc.
3135 2579 3370 2644 llocest,
3401 2597 3506 2636 non
3529 2582 3713 2637 solum

2131 2666 2269 2720 dona
2283 2666 2609 2737 linguarum,
2627 2668 2720 2721 sed
2746 2669 3082 2724 diversorum
3101 2671 3482 2725 charismatum
3504 2687 3716 2742 genera

2133 2755 2518 2824 dispensantur
2555 2773 2586 2810 a
2617 2757 2882 2823 Domino;
2915 2759 3005 2812 hie
3035 2760 3148 2813 vult
3174 2761 3460 2816 ostendere
3501 2765 3715 2836 gratias

2122 2841 2354 2914 Spiritus
2374 2847 2546 2900 sancti
2578 2847 2778 2906 divisas
2803 2862 2942 2912 esse,
2985 2862 3090 2902 non
3122 2849 3317 2918 ipsum.

2202 2936 2273 2990 Et
2299 2937 2576 2992 divisiones
2599 2940 3041 2996 ministrationum
3062 2953 3206 3006 sunt,
3247 2953 3352 2996 etc.
3382 2942 3582 3009 Quibus
3621 2959 3719 2998 ec-

2135 3025 2437 3083 clesiastica
2463 3029 2758 3084 ministeria
2782 3031 3172 3088 distribuuntur
3192 3044 3248 3090 et
3265 3031 3588 3103 ollicia,qu:e
3610 3036 3718 3090 mi-

2059 3107 2108 3168 C
2141 3119 2432 3172 nisteriain
2447 3121 3024 3191 sequentibus,Spiritu
3051 3135 3260 3188 sancto,
3275 3125 3330 3178 id
3351 3136 3450 3189 est,
3474 3127 3582 3180 Deo
3599 3127 3720 3183 dis-

2137 3222 2389 3278 ponente,
2425 3213 2674 3266 ordinata
2729 3223 3114 3270 commemorat
3167 3216 3394 3271 dicens:
3437 3217 3722 3284 Quosdam

2135 3304 2349 3372 quidem
2375 3305 2555 3371 posuit
2577 3305 2631 3358 in
2661 3305 2956 3360 Ecclesium
2981 3307 3212 3380 primum
3244 3308 3532 3376 apostolos,
3562 3311 3723 3366 dein-

2136 3395 2202 3448 de
2228 3395 2538 3463 prophetas,
2568 3405 2674 3450 etc.
2715 3395 2951 3453 Dicendo
2981 3397 3147 3461 enim,
3173 3398 3313 3452 idem
3339 3409 3516 3452 autem
3543 3399 3724 3468 Spiri-

2137 3491 2246 3548 tus,
2277 3484 2418 3538 idem
2448 3500 2576 3539 vero
2600 3485 2762 3550 Deus,
2793 3487 3030 3542 ostendit
3060 3502 3119 3543 se
3146 3488 3366 3542 omnino
3395 3487 3462 3542 de
3479 3487 3720 3559 Spiritus

2138 3574 2308 3628 sancti
2335 3575 2614 3630 divinitate
2641 3576 2930 3632 disserere.

2207 3663 2278 3718 Et
2295 3666 2576 3720 divisiones
2606 3669 2962 3736 operationum
2989 3677 3129 3721 sunt.
3177 3668 3233 3722 ld
3261 3677 3343 3723 est
3386 3670 3580 3739 quibus
3635 3671 3722 3724 di-

2139 3770 2306 3810 versas
2332 3756 2579 3820 ,virtutcs
2617 3757 2999 3831 operabantur,
3047 3758 3149 3815 hoc
3190 3768 3273 3812 est
3312 3759 3508 3821 dicere,
3570 3758 3723 3813 idem

2138 3845 2360 3914 spiritus
2382 3857 2600 3900 sanctus
2627 3847 2718 3915 qui
2739 3855 2994 3916 operatur
3015 3849 3195 3903 omnia
3224 3848 3337 3902 haec
3363 3848 3419 3902 in
3442 3848 3722 3914 omnibus,

2139 3934 2192 3987 id
2214 3944 2296 3988 est
2322 3936 2569 3989 ﬁdelibus
2598 3944 2758 4004 atque
2786 3936 3147 3990 credentibus.

2210 4022 2502 4096 Unicuique
2550 4028 2709 4080 datur
2754 4029 3148 4096 manifestatio,
3201 4037 3306 4082 etc.
3356 4028 3724 4083 Manifestatio

2128 4117 2381 4186 Spiritus,
2410 4117 2462 4169 id
2487 4126 2592 4179 est,
2621 4127 2680 4174 ut
2703 4118 3075 4171 manifestetur
3115 4118 3261 4172 illum
3277 4116 3541 4187 Spiritum
3591 4134 3725 4173 san-

2140 4219 2284 4262 ctum
2306 4208 2581 4277 accepisse
2606 4209 2674 4263 ad
2716 4208 3004 4262 utilitatem
3035 4209 3370 4276 salutemque
3400 4209 3720 4262 multorum.

2141 4301 2258 4356 Non
2283 4301 2427 4356 enim
2449 4317 2550 4371 pro
2576 4316 2673 4355 sua
2700 4309 2929 4366 tantum,
2987 4300 3083 4356 sed
3126 4317 3224 4370 pro
3277 4301 3515 4354 ﬁdelium
3553 4316 3723 4354 causa

2140 4393 2435 4464 gratiarum
2461 4392 2774 4446 muneribus
2803 4392 3216 4462 locupletantur.
3258 4391 3383 4446 Sive
3423 4393 3492 4445 ad
3517 4391 3726 4444 utilita-

443 4500 482 4531 ·‹
532 4481 720 4543 ritum,
752 4478 908 4532 alteri
961 4475 1098 4531 ﬁdes
1146 4475 1200 4528 in
1225 4475 1414 4530 eodem
1447 4475 1676 4545 Spiritu.
1715 4476 1806 4529 alii
1863 4476 2034 4545 gratia
2064 4461 2114 4517 Β
2144 4461 2251 4536 tem
2276 4481 2696 4546 incredulorum,
2745 4490 2805 4537 ut
2851 4461 3095 4548 credant,
3141 4489 3279 4537 etut
3311 4482 3596 4535 credentes
3633 4482 3730 4533 tir~

466 4587 484 4618 ι
531 4569 823 4623 sanitatum
867 4567 922 4618 in
962 4566 1316 4634 unoSpiritu,
1347 4565 1435 4618 alii
1475 4565 1717 4634 operatio
1749 4567 2032 4630 virtutum,

463 4677 484 4706 ι
529 4657 619 4710 alii
647 4653 948 4726 prophetia,
981 4653 1071 4706 alii
1102 4653 1692 4721 discretioSpirituum,
1728 4654 1818 4706 alii
1841 4669 2038 4722 genera

463 4767 487 4797 4
533 4747 880 4815 linguarum,
941 4741 1032 4796 alii
1085 4742 1464 4810 interpretatio
1521 4757 1852 4796 sermonum.
1915 4744 2039 4798 lsi-.ec

466 4857 489 4888 ι
525 4847 703 4892 autem
740 4837 921 4891 omnia
951 4842 1208 4905 Operatur
1230 4850 1370 4890 unus
1422 4844 1583 4903 atque
1623 4836 1764 4890 idem
1781 4835 2040 4906 Spiritus,

466 4949 489 4983 ι
535 4931 780 4986 dividens
805 4931 1030 5001 singulis
1059 4938 1219 4999 prout
1239 4930 1373 4984 vult.
1423 4950 1440 4982 ι

531 5022 700 5078 .Scitis
725 5023 974 5090 quoniam
995 5037 1111 5074 cum
1133 5030 1306 5090 gentes
1332 5022 1528 5082 essetis,
1563 5029 1667 5076 etc.
1701 5021 1801 5076 Hic
1854 5039 2046 5078 sensus

455 5115 696 5173 dicentis
744 5118 847 5170 hoc
893 5131 1084 5184 parum
1135 5115 1315 5169 verbis
1360 5115 1572 5170 videtur
1615 5116 1839 5185 aperire
1873 5134 1886 5170 :
1923 5128 2046 5170 cunt

466 5215 657 5279 gentes
709 5209 902 5261 essetis
952 5223 982 5260 a
1034 5207 1206 5276 magis
1259 5205 1343 5261 vel
1378 5207 1446 5263 ab
1487 5206 1827 5275 aruspicibus
1876 5207 2048 5261 idolo-

462 5314 590 5358 rum
610 5296 968 5352 obedientiam
997 5297 1353 5368 prastabatis,
1384 5297 1475 5366 qui
1507 5313 1603 5351 vos
1643 5298 1711 5351 ad
1758 5298 2047 5352 simulacra

461 5399 617 5449 muta
645 5396 700 5443 et
725 5398 936 5442 mortua
973 5387 1356 5457 perducebant.
1386 5387 1538 5441 Nunc
1561 5402 1712 5451 vero,
1743 5387 1871 5456 quia
1922 5387 2050 5441 reli-

465 5481 628 5550 gione
655 5484 930 5547 suscepta,
957 5477 1258 5546 capacioris
1280 5491 1442 5531 sensu
1475 5493 1595 5532 esse
1619 5479 1844 5542 debetis,
1874 5478 2047 5532 liben-

465 5571 579 5623 tius
605 5568 933 5637 acquiescite
958 5566 1141 5630 saluti,
1165 5575 1220 5621 et
1244 5569 1544 5638 promptius
1572 5569 1786 5623 obedite
1810 5570 2047 5633 veritati,

464 5661 693 5730 etquod
724 5660 776 5716 in
798 5659 1046 5720 notitiam
1079 5666 1313 5713 vestram
1349 5659 1582 5728 depono,
1620 5669 1824 5713 attenta
1873 5669 2052 5714 mente

2143 4578 2378 4629 mentur.
2405 4571 2531 4626 Sive
2564 4569 2931 4625 manifestatio
2947 4571 3204 4641 Spiritus,
3231 4586 3295 4624 eo
3326 4570 3468 4639 quod
3506 4585 3606 4639 per
3628 4569 3730 4622 do-

2143 4662 2373 4716 ctrinam
2439 4662 2734 4732 spiritalem
2799 4662 3090 4730 unicuique
3149 4661 3495 4715 manifestam
3560 4660 3733 4715 faciat

2144 4750 2530 4805 conscientiam
2561 4766 2737 4814 suam,
2774 4750 2914 4804 sicut
2971 4749 3025 4803 in
3062 4749 3522 4820 consequentibus
3566 4749 3726 4807 dicit.

2145 4840 2269 4908 quia
2299 4856 2392 4909 per
2413 4840 2784 4909 propheticam
2835 4841 3242 4910 castigationem
3285 4839 3496 4894 occulta
3542 4839 3731 4894 cordis

2147 4928 2263 4996 ejus
2311 4929 2598 4983 manifesta
2635 4930 2788 4984 ﬁunt.
2841 4931 2938 4985 Vel
2976 4931 3117 4999 quod
3134 4928 3342 4998 Spiritu
3387 4930 3736 4983 illuminatus

2149 5036 2339 5076 sensus
2372 5021 2648 5075 hominum
2675 5021 2941 5090 spirituali
2978 5022 3304 5077 discretione
3328 5032 3640 5091 cognoscat.

2218 5111 2324 5166 Alii
2343 5111 2553 5180 quidem
2592 5128 2683 5179 per
2705 5112 2947 5181 spiritum
2971 5111 3226 5167 Sanctum
3258 5113 3418 5164 datur
3444 5129 3616 5166 sermo
3638 5127 3742 5163 sa-

2149 5201 2376 5269 pientiw.
2419 5199 2532 5254 Hoc
2558 5208 2658 5260 est.
2689 5208 2747 5251 ut
2774 5200 3045 5268 sapienter
3065 5209 3120 5255 et
3139 5210 3282 5270 apte,
3308 5209 3364 5254 et
3390 5199 3736 5255 rationabili-

2153 5301 2235 5346 ter
2261 5292 2436 5362 possit
2483 5291 2751 5346 disserere
2780 5300 2835 5345 et
2865 5293 3080 5360 docere,
3109 5295 3252 5362 quod
3273 5295 3465 5364 gratiae
3496 5292 3745 5361 inspira-

2154 5385 2299 5438 tione
2320 5385 2583 5452 percepit.

2233 5476 2340 5530 Atii
2399 5477 2609 5546 quidem
2658 5493 2829 5530 sermo
2876 5478 3128 5532 scientiw.
3187 5476 3425 5532 Scientia
3483 5485 3585 5540 est,
3632 5481 3748 5525 aut

2154 5569 2366 5638 aperire
2400 5567 2677 5637 mysteria,
2706 5575 2800 5622 aut
2832 5569 2990 5635 scire,
3041 5578 3134 5624 aut
3181 5584 3404 5624 narrare
3430 5565 3748 5637 praeterita,

2159 5660 2454 5732 autjudicii
2477 5657 2655 5713 futura
2682 5661 2994 5727 prmdicerc.
