3932 6204
214 328 312 381 <3!

1027 324 1543 379 COLLECTIONES
1580 322 1646 378 IN
1689 321 2064 378 EPISTOLAS
2103 323 2190 377 ET
2231 324 2644 380 EVANGELIA.

3385 332 3481 386 ω

287 439 456 492 Alteri
476 437 606 505 ﬁdes
628 436 681 489 in
705 435 882 490 eodem
915 432 1142 505 Spiritu.
1179 435 1275 489 llic
1329 436 1461 489 fides
1510 433 1795 504 dupliciter
1823 437 1873 494 Α
1895 434 2254 502 prospiceret,
2295 435 2350 489 in
2381 434 2468 488 die
2487 451 2602 500 sua,
2627 451 2746 505 qua:
2783 435 2849 490 ad
2894 451 3082 506 pacem
3114 439 3166 494 ei
3207 454 3328 495 esse
3378 457 3476 511 po-

211 528 557 598 intelligitur,
586 541 695 580 non
725 526 898 580 solum
923 541 1044 595 qua:
1073 525 1367 580 trinitatem
1402 525 1587 594 capaci
1636 525 1796 577 corde

208 619 500 693 percipiat,
537 617 633 672 sed
666 631 786 686 quae
809 616 1018 671 ardenti
1046 616 1380 684 perfectione
1407 616 1555 684 signa
1582 621 1636 668 et
1669 628 1797 682 pro-

209 713 355 782 digia
383 709 555 780 possit
583 709 818 779 Operari,
841 708 906 762 de
938 724 1042 776 qua
1096 707 1356 762 Dominus
1402 708 1455 761 in
1501 706 1795 776 Evangelio

207 803 342 856 dicit
375 817 390 854 :
430 801 490 856 Si
515 799 799 854 habueritis
822 798 980 866 ﬁdem
1012 791 1148 851 sicut
1169 814 1391 868 granum
1416 796 1634 865 sinapis,
1658 796 1798 848 dice-

205 894 276 944 t's
310 892 430 944 huic
456 890 642 951 monti,
673 897 727 941 et
762 887 859 941 rel.
908 887 1058 958 (Luc.
1098 887 1254 945 xvul.

281 982 390 1034 Alii
415 981 586 1050 gratia
608 980 939 1032 curationum
984 979 1040 1032 in
1090 995 1192 1031 uno
1209 977 1428 1047 Spiritu.
1469 977 1527 1030 ια
1569 986 1670 1042 est,
1701 992 1798 1047 per

195 1088 376 1141 quam
404 1070 633 1124 infirmis
659 1068 906 1123 conferat
927 1068 1236 1122 sanitatem.

282 1163 392 1214 Alii
412 1161 642 1231 Operatio
669 1161 942 1213 virtutum.
961 1158 1066 1211 Per
1091 1174 1255 1228 quam
1283 1159 1586 1214 illuminare
1601 1173 1792 1222 caecos,

203 1255 466 1307 obsessos
489 1251 786 1314 absolvere,
821 1258 1066 1304 mortuos
1100 1250 1276 1305 valeat
1297 1252 1581 1305 suscitare.

283 1343 394 1396 Alii
438 1342 727 1412 prophetia.
774 1341 876 1394 Per
928 1355 1091 1410 quam
1143 1340 1366 1394 moralia
1405 1341 1564 1395 docet
1594 1339 1681 1395 vel
1726 1339 1793 1394 de

203 1434 586 1490 retributionis
608 1434 694 1488 die
718 1443 812 1487 aut
848 1433 1172 1488 mentuenda
1199 1445 1294 1487 aut
1338 1433 1604 1502 speranda
1660 1448 1796 1503 pras-

205 1526 384 1578 dicat.
1678 1521 1680 1523 ’

285 1614 396 1668 Alii
418 1614 661 1666 discretio
687 1612 986 1682 spirituum.
1011 1613 1069 1668 Id
1098 1620 1199 1673 est,
1227 1621 1286 1666 ut
1306 1613 1486 1683 qualis
1515 1617 1796 1684 unusquis-

205 1720 323 1774 que
351 1705 570 1771 spiritus
589 1704 790 1768 veniat,
819 1703 902 1758 vel
930 1703 1058 1772 quid
1101 1719 1165 1756 ex
1193 1703 1324 1768 Deo,
1351 1705 1479 1773 quid
1507 1722 1574 1760 ex
1605 1707 1795 1760 advor-

1900 533 2077 578 terant
2109 525 2362 580 habebat.
2395 524 2546 580 Nunc
2567 535 2747 580 autem
2769 529 3082 583 abscondita
3106 537 3232 584 sunt
3254 529 3324 584 ab
3347 545 3478 586 ocu-

1897 613 1962 669 lis
1991 616 2115 670 tuis.
2151 615 2207 668 Si
2244 616 2390 670 enim
2421 632 2451 670 a
2481 617 2660 672 cordis
2701 631 2817 684 ejus
2843 619 3012 673 oculis
3060 619 3199 674 mala
3229 635 3348 690 quae
3377 623 3479 675 im-

1897 705 2166 758 minerent
2193 707 2509 760 abscondita
2531 723 2638 762 non
2661 716 2862 772 essent,
2892 707 3014 761 laeta
3038 710 3093 763 in
3117 711 3478 778 prmsentibus

1895 799 2172 866 prosperis
2199 814 2305 851 non
2347 799 2557 853 fuisset.

1967 886 2106 950 Quia
2126 886 2329 940 venient
2357 888 2466 941 dies
2493 889 2636 952 inte,
2675 899 2724 942 et
2763 890 3155 944 circumdabant
3186 902 3233 946 te
3256 892 3477 959 inimici,
3556 955 3568 965 α

1895 985 2002 1030 etc.
2031 977 2156 1031 “me
2181 979 2362 1031 omnia
2391 994 2421 1032 a
2449 978 2776 1048 Vespasiano
2821 989 2876 1034 et
2923 981 3044 1035 Tito
3093 982 3252 1045 facta,
3302 984 3477 1040 nullus

1896 1066 1989 1134 qui
2038 1067 2322 1122 historiam
2367 1069 2666 1124 eversionis
2710 1067 2953 1137 ejusdem
3005 1071 3242 1126 civitatis
3302 1073 3430 1143 legit
3459 1115 3476 1139 ,

1896 1169 2129 1228 Ignorat.

1963 1249 2034 1302 Et
2073 1267 2176 1304 non
2198 1251 2488 1322 relinquent
2530 1254 2586 1306 in
2633 1264 2682 1307 te
2711 1253 2956 1324 lapidem,
3006 1263 3110 1309 etc.
3145 1255 3268 1310 llaec
3312 1258 3478 1311 etiam

1894 1341 2008 1411 ipsa
2057 1340 2171 1409 jam
2198 1341 2438 1409 ejusdem
2481 1345 2718 1400 civitatis
2771 1346 3173 1415 transmigratio
3225 1356 3472 1409 testatur,

1871 1431 1986 1500 qui
2017 1432 2144 1485 dum
2175 1447 2317 1486 nunc
2348 1433 2399 1486 in
2425 1447 2490 1487 eo
2514 1433 2634 1489 loco
2663 1442 2973 1490 constructa
3008 1444 3112 1498 est,
3170 1437 3258 1490 ubi
3322 1447 3478 1490 extra

1889 1529 2107 1590 portam
2139 1521 2318 1576 fuerat
2335 1522 2594 1577 Dominus
2634 1523 2947 1586 crucifixus,
2976 1525 3127 1591 prior
3162 1524 3247 1578 illa
3287 1525 3478 1578 llieru-

1891 1611 2083 1678 salem,
2143 1621 2203 1666 ut
2232 1613 2720 1678 dicitur,.funditus
2764 1622 2848 1668 est
2895 1629 3108 1678 eversa,
3150 1617 3236 1670 cui
3277 1631 3342 1669 ex
3373 1632 3477 1684 qua

1893 1703 2051 1772 culpa
2113 1704 2413 1758 eversionis
2472 1719 2589 1759 sua:
2635 1719 2796 1775 parua
2849 1704 3014 1760 fuerit
3064 1705 3211 1760 illata
3257 1705 3481 1774 subjun-

204 1795 362 1850 sario
389 1796 440 1848 in
465 1795 739 1848 hominum
766 1795 978 1850 actione
999 1803 1264 1860 versetur,
1306 1796 1557 1865 prudenti
1584 1798 1792 1851 exami-
1821 1781 1868 1841 Β
1893 1793 2060 1864 gitur.

204 1889 436 1941 natione
463 1887 735 1940 discutiat.

285 1979 390 2032 Alii
423 1977 777 2048 interpretatio
833 1993 1152 2031 sermonum.
1190 1977 1260 2030 ,ιιι
1307 1985 1409 2040 est,
1449 1975 1574 2046 quia
1631 1975 1795 2031 altius

191 2067 561 2136 interpretari
601 2074 832 2136 poterat,
861 2081 980 2135 quae
1029 2066 1317 2137 peregrino
1362 2050 1615 2121 sermone
1657 2066 1795 2120 alias

202 2161 552 2230 loquebatur.

275 2248 416 2304 Ηιτε
443 2250 618 2302 omnia
642 2257 890 2319 operatur
930 2264 1089 2314 unus,
1118 2257 1224 2301 etc.
1289 2246 1389 2301 Hie
1440 2246 1685 2302 ostendit
1735 2261 1794 2301 se

199 2342 460 2412 superius
488 2349 657 2395 totum
685 2340 750 2394 de
774 2339 1188 2409 sanctiSpiritus
1233 2339 1553 2393 disseruisse
1578 2337 1795 2392 virtuti-

187 2435 338 2498 bus,
359 2444 416 2487 et
438 2434 632 2502 ipsum
639 2431 759 2502 jugi
804 2445 1054 2486 sermone
1095 2429 1265 2485 Deum
1319 2445 1378 2485 se
1405 2437 1461 2484 et
1505 2428 1792 2484 Dominum

185 2527 558 2597 praedicasse.

288 2616 534 2670 Dividens
572 2613 793 2684 singulis
844 2623 1000 2683 prout
1045 2611 1171 2666 vult.
1221 2611 1474 2665 Dividens
1512 2625 1620 2665 non
1679 2611 1794 2678 ipse

205 2709 437 2770 divisus,
470 2707 762 2760 divisiones
797 2721 926 2759 vero
954 2705 1112 2759 dicta:
1159 2711 1307 2768 sunt,
1355 2705 1496 2757 sicut
1525 2703 1794 2756 membro-

205 2815 336 2854 rum
363 2800 418 2851 in
444 2812 691 2867 corpore,
745 2797 868 2866 quia
923 2812 1030 2849 non
1082 2794 1222 2849 idem
1251 2793 1434 2848 valent
1460 2808 1621 2847 aures
1649 2791 1793 2860 quod

201 2889 379 2952 oculi,
430 2897 593 2957 atque
642 2888 715 2940 ita
765 2887 1006 2941 membra
1070 2895 1265 2940 ecetera
1325 2873 1556 2938 diversis
1603 2881 1792 2937 oﬂlciis

203 2990 375 3049 atque
413 2979 756 3034 concorditer
780 2977 1088 3033 distributa.
1121 2975 1252 3042 Quae
1296 2983 1497 3038 tamen,
1528 2990 1650 3028 cum
1673 2973 1790 3026 sani

206 3088 424 3135 sumus,
466 3087 572 3125 una
611 3085 762 3140 aeque
810 3070 1046 3133 diversa,
1096 3083 1197 3122 nec
1227 3067 1353 3121 alibi
1385 3069 1609 3136 majore,
1663 3065 1789 3119 alibi

1969 1886 2050 1940 Eo
2075 1887 2213 1957 quod
2238 1903 2342 1940 non
2365 1889 2683 1957 cognoveris,
2710 1896 2816 1942 etc.
2841 1887 3067 1942 Creator
3113 1887 3310 1957 quippe
3357 1903 3476 1941 om-

1895 1977 2046 2030 nium
2090 1993 2185 2047 per
2213 1977 2601 2033 incarnationis
2631 1994 2742 2032 sua:
2777 1978 3096 2048 mysterium
3141 1979 3280 2032 hanc
3342 1979 3475 2032 visi-

1878 2077 2012 2122 >tare
2036 2068 2284 2138 dignatus
2331 2075 2434 2130 est,
2471 2069 2569 2122 sed
2597 2068 2710 2136 ipsa
2761 2068 2972 2121 timoris
3000 2075 3053 2119 et
3082 2067 3284 2120 amoris
3332 2067 3474 2120 illius

1898 2159 2184 2217 recordata
2212 2174 2318 2211 non
2339 2166 2440 2212 est.

1967 2249 2035 2302 Et
2057 2250 2316 2320 ingressus
2338 2248 2608 2319 templum,
2623 2258 2728 2304 etc.
2743 2248 2845 2315 Qui
2871 2249 3014 2302 enim
3029 2247 3269 2302 narrath
3293 2245 3472 2299 futura

1881 2339 2040 2394 mala
2090 2346 2337 2400 ventura,
2372 2346 2426 2391 et
2471 2339 2716 2406 protinus
2768 2338 3024 2407 templum
3067 2337 3343 2406 ingressus
3372 2348 3475 2395 est,

1894 2440 1956 2485 ut
1982 2431 2049 2486 de
2097 2429 2511 2484 illo~~vendentes
2548 2437 2622 2484 et
2650 2440 2908 2484 ementes
2959 2427 3195 2495 ejiceret,
3235 2426 3480 2497 profecto

1895 2519 2147 2584 innotuit,
2187 2519 2315 2588 quia
2341 2519 2495 2572 ruina
2525 2519 2968 2589 populi'maxime
2988 2533 3056 2572 ex
3084 2517 3238 2587 culpa
3289 2532 3490 2594 sacer:

1895 2611 2081 2664 dotum
2113 2608 2234 2662 fuit.
2265 2609 2465 2663 Domus
2477 2626 2606 2680 ergo
2627 2611 2891 2665 orationis
2920 2610 3180 2680 spelunca
3201 2609 3471 2662 latronum

1893 2701 2037 2756 facta
2069 2701 2263 2765 fuerat,
2283 2704 2375 2771 qui
2398 2703 2465 2755 ad
2491 2705 2592 2757 hoc
2616 2703 2670 2756 in
2696 2703 2893 2773 templo
2914 2702 3168 2756 assistere
3192 2707 3473 2757 noverant,

1894 2799 1956 2844 ut
1988 2799 2084 2844 aut
2127 2807 2235 2844 non
2267 2791 2457 2845 dantes
2505 2804 2729 2844 munera
2777 2793 3087 2854 studerent,
3119 2788 3478 2858 corporaliter

1894 2879 2169 2949 persequi,
2202 2888 2294 2933 aut
2323 2881 2511 2933 dantes
2552 2879 2905 2948 spiritualiter
2932 2893 3147 2932 necare.

1976 2969 2168 3024 Videas
2197 2972 2333 3024 enim
2371 2971 2662 3035 civitatem,
2704 2979 2808 3024 etc.
2842 2970 2954 3024 Hoc
2987 2970 3166 3024 ‘semel
3205 2969 3316 3040 egit
3352 2985 3474 3026 cum

1900 3061 2197 3130 perituram
2260 3061 2532 3116 civitatem
2587 3075 2707 3116 esse
2742 3061 3026 3114 nuntiavit.
3078 3059 3189 3114 Hoc
3240 3058 3479 3129 quotidie

207 3165 441 3224 minore,
459 3165 552 3216 sed
580 3169 702 3216 cum
725 3163 1016 3216 sintunum
1033 3175 1246 3230 corpus,
1267 3158 1536 3213 communi
1555 3166 1608 3211 et
1631 3157 1789 3228 parili
1816 3132 1861 3194 (ἶ
1895 3153 2202 3222 redemptor
2228 3161 2411 3208 noster
2437 3169 2534 3223 per
2568 3153 2768 3208 electos
2798 3169 2922 3208 suos
2948 3168 3106 3222 agere
3139 3162 3474 3215 non«cessat,

209 3256 386 3310 salute
431 3255 792 3326 congaudent.

588 3361 923 3402 EV'ANGELIU!
949 3360 1119 3410 ιυαε,
1148 3361 1264 3399 CAP.
1291 3357 1402 3398 XIX.

294 3466 311 3498 ι
353 3447 489 3500 Cum
523 3445 984 3516 appropinquaret
1012 3441 1171 3498 Jesus
1193 3437 1552 3503 Hierusalem,
1605 3438 1794 3492 videns

220 3557 238 3588 ι
284 3538 589 3601 civitatem,
645 3535 791 3590 ﬂevit
841 3549 1004 3603 super
1058 3533 1204 3587 illam
1252 3531 1438 3586 dicens
1483 3546 1510 3582 ~:
1565 3527 1702 3594 Quia
1747 3527 1795 3581 si

221 3647 239 3678 ι
283 3629 628 3698 cognovisses
652 3636 707 3680 et
728 3635 806 3692 tu,
834 3625 1125 3695 etquidem
1155 3624 1209 3678 in
1247 3623 1350 3677 hac
1377 3622 1465 3676 die
1513 3628 1626 3684 tua,
1675 3634 1795 3688 quae

223 3737 239 3768 ε
283 3720 350 3773 ad
376 3733 564 3788 pacem
593 3717 710 3782 tibi,
758 3732 902 3771 nunc
956 3722 1137 3770 autem
1185 3714 1497 3768 abscondita
1553 3718 1678 3765 sunt
1725 3710 1793 3766 ab

219 3825 239 3858 ι
282 3807 454 3861 oculis
477 3807 605 3869 tuis,
635 3807 760 3874 quia
790 3807 1008 3860 venient
1034 3805 1149 3858 dies
1175 3804 1228 3858 in
1260 3812 1332 3868 te,
1391 3810 1446 3854 ct
1490 3800 1795 3855 circumda-

220 3916 240 3947 α
283 3899 417 3951 bunt
459 3906 511 3951 te
553 3897 759 3951 inimici
789 3897 867 3950 tui
889 3895 1052 3960 vallo,
1080 3903 1133 3950 et
1185 3893 1599 3948 circumdabant
1646 3898 1696 3945 te
1741 3898 1796 3944 et

220 4008 240 4040 ι
280 3988 710 4059 coangustabunt
732 3995 782 4042 te
810 3987 1070 4055 undique,
1100 3996 1156 4040 et
1182 3985 1252 4039 ad
1299 3992 1500 4038 terram
1547 3992 1794 4053 proster-

221 4095 242 4129 ι
285 4087 414 4132 nent
453 4088 524 4143 te,
554 4088 610 4131 et
642 4078 779 4132 filios
806 4085 926 4132 tuos
953 4078 1124 4146 quiin
1163 4085 1217 4130 te
1268 4085 1412 4129 sunt.
1454 4075 1522 4128 Et
1552 4089 1659 4128 non
1702 4088 1791 4127 rc-

220 4187 243 4224 ι
283 4170 526 4240 linquent
555 4171 610 4224 in
663 4179 717 4225 te
748 4169 980 4240 lapidem
1027 4182 1189 4237 super
1236 4166 1491 4235 lapidem,
1541 4179 1606 4218 eo
1652 4163 1793 4232 quod

219 4280 243 4316 ι
287 4279 392 4317 non
419 4263 736 4333 cognoveris
764 4272 975 4330 tempus
995 4257 1319 4313 visitationis
1349 4266 1473 4310 tum.
1502 4255 1567 4309 Et
1586 4255 1794 4324 ingres-

221 4373 242 4406 ι
285 4371 374 4408 sus
404 4355 458 4407 in
491 4353 769 4422 templum,
809 4353 974 4421 cmpit
1026 4350 1224 4419 ejicere
1262 4347 1555 4401 vendentcs
1602 4345 1657 4397 in
1703 4343 1794 4397 illo

219 4463 240 4495 ι
287 4455 340 4499 et
364 4453 622 4507 ementes,
655 4445 838 4498 dicens
865 4441 970 4496 illis
1011 4459 1023 4492 :
1058 4440 1330 4508 Scriptum
1374 4445 1478 4502 est,
1521 4436 1646 4505 quia
1699 4435 1794 4488 do-

221 4554 239 4585 ι
289 4551 408 4588 mus
429 4549 546 4587 mea
579 4535 768 4588 domus
792 4531 1054 4587 orationis
1099 4538 1216 4593 est;
1253 4545 1350 4583 vos
1377 4538 1556 4581 autem
1580 4525 1790 4580 fecistis

221 4650 239 4676 ι
289 4626 432 4679 illam
468 4625 778 4694 speluncam
833 4625 1124 4678 latronum.
1156 4622 1225 4676 Et
1261 4629 1377 4675 erat
1413 4620 1612 4673 docens
1655 4633 1787 4686 quo-

219 4740 239 4770 ‹
291 4720 416 4774 tidie
458 4721 511 4774 in
549 4719 766 4788 templo.
806 4739 824 4771 ›

305 4810 435 4864 Cum
485 4819 920 4881 appropinquaret
972 4807 1128 4862 Iesus
1177 4804 1557 4868 Hierusalem,
1615 4805 1788 4859 ridens

213 4903 497 4966 civitatem,
521 4901 657 4970 ﬂevit
674 4916 829 4969 super
854 4898 1021 4952 illam.
1049 4898 1151 4969 (Ex
1179 4895 1364 4966 Beda.)
1388 4895 1561 4948 Flevit
1586 4894 1786 4948 etenim

212 4991 340 5060 pius
361 4991 667 5060 redemptor
691 4989 1096 5044 subversionem
1124 4985 1339 5056 perfida:
1365 4987 1625 5049 civitatis,
1673 5001 1791 5055 qua:
1838 5051 1841 5054 _

215 5097 250 5134 a
309 5081 630 5150 Vespasiano
678 5089 733 5134 et
785 5079 907 5134 Tito
961 5077 1219 5131 Romanis
1264 5076 1597 5145 principibus
1649 5075 1790 5129 facta

212 5176 308 5222 est
337 5170 406 5222 ei.

294 5259 500 5326 Diceris,
529 5260 652 5330 quia
677 5260 720 5312 si
750 5258 1070 5328 cognovisses
1103 5266 1150 5310 et
1193 5265 1271 5308 tu.
1326 5253 1566 5308 Subaudi
1611 5251 1788 5318 ﬂeres,

210 5365 346 5422 qua:
361 5353 530 5416 modo,
547 5351 673 5420 quia
699 5349 875 5404 nescis
895 5349 1038 5418 quod
1058 5348 1321 5409 imminet,
1337 5344 1596 5400 exsultas.
1616 5344 1788 5398 Ruina

218 5441 382 5495 enim
403 5458 515 5510 qua:
559 5443 635 5497 illi
657 5441 988 5505 imminebat,
1033 5441 1148 5510 ipsa
1195 5440 1299 5494 sibi
1335 5438 1549 5503 civitas,
1597 5437 1651 5492 id
1691 5447 1792 5503 est,

219 5531 354 5600 ipsa
384 5531 526 5599 plebs
564 5531 801 5588 civitatis
848 5531 1151 5600 ignorabat.

300 5619 368 5672 Et
404 5623 605 5691 quidem
642 5623 696 5676 in
721 5622 817 5675 hac
857 5623 963 5686 die,
1016 5638 1132 5692 qua:
1161 5620 1231 5674 ad
1268 5635 1447 5690 pacem
1484 5617 1595 5672 tibi.
1659 5616 1793 5672 Cum

214 5707 374 5764 enim
401 5712 572 5767 carnis
601 5727 658 5768 se
682 5712 1040 5782 voluptatibus
1069 5713 1240 5780 daret,
1269 5718 1495 5768 ventura
1517 5707 1657 5765 mala
1687 5723 1795 5764 non

1895 3259 2016 3298 cum
2043 3244 2304 3313 quosdam
2331 3261 2400 3299 ex
2447 3244 2587 3300 bona
2615 3247 2723 3298 vita
2755 3245 2823 3299 ad
2853 3261 3032 3298 mores
3065 3245 3324 3313 reprobos
3353 3259 3476 3312 pcr-

1892 3333 2106 3386 venisse
2158 3333 2483 3388 considerat.
2539 3333 2755 3402 Plangit
2799 3348 2904 3388 .eos
2945 3334 3036 3402 qui
3094 3334 3342 3388 nesciunt
3377 3348 3479 3386 cur

1892 3423 2232 3493 plangantur,
2267 3425 2377 3493 qui,
2423 3422 2578 3491 juxta
2630 3423 2936 3478 Salomonis
2982 3424 3168 3485 verba,
3223 3424 3475 3478 (celantur

1893 3529 2010 3566 cum
2029 3514 2165 3567 male
2185 3513 2398 3581 fecerint
2425 3523 2472 3567 et
2499 3513 2760 3568 exsultant
2785 3517 2838 3567 in
2861 3515 3010 3567 rebus
3032 3516 3267 3596 pessimis
3292 3512 3476 3583 (Prov.

1880 3603 1978 3675 ιι).
2018 3604 2119 3671 Qui
2165 3606 2209 3659 si
2257 3605 2663 3659 damnationem
2715 3619 2888 3669 suam,
2938 3619 3056 3674 qum
3105 3605 3184 3658 eis
3233 3604 3477 3657 iunninet

1895 3694 2271 3763 agnovissent,
2325 3694 2642 3764 semetipsos
2691 3707 2813 3747 cum
2870 3692 3124 3764 laerymis
3172 3693 3469 3747 electorum

1893 3785 2230 3855 plangerent.

1967 3878 2034 3932 Et
2055 3877 2264 3948 quidem
2291 3879 2344 3931 in
2375 3879 2473 3930 hac
2495 3877 2582 3930 die
2604 3887 2719 3942 tua,
2742 3894 2857 3948 qua:
2878 3879 2946 3932 ad
2971 3895 3147 3949 pacem
3169 3878 3280 3930 tibi.
3308 3875 3472 3932 Suam

1895 3969 1982 4022 hic
2007 3969 2148 4022 diem
2175 3969 2336 4022 habet
2361 3970 2539 4022 anima
2563 3984 2843 4038 perversa,
2867 3985 2987 4038 qua:
3015 3969 3330 4022 transitorio
3352 3986 3476 4038 gau-

1895 4060 1984 4114 det
2010 4060 2063 4113 in
2089 4067 2349 4127 tempore,
2370 4060 2471 4114 cui
2510 4075 2573 4113 ea
2625 4074 2744 4127 quae
2787 4059 2982 4113 adsunt
3013 4060 3078 4112 ad
3111 4073 3297 4127 pacem
3327 4068 3471 4112 sunt.

1895 4149 2030 4216 Quia
2063 4150 2189 4204 dum
2216 4165 2282 4204 ex
2327 4150 2486 4203 rebus
2517 4148 2906 4218 temporalibus
2941 4148 3173 4212 Imtatur,
3205 4149 3329 4201 dum
3373 4149 3472 4201 bo-

1895 4239 2118 4292 noribus
2141 4237 2432 4301 extollitur,
2461 4239 2586 4291 dum
2635 4239 2686 4290 in
2734 4237 2915 4290 carnis
2948 4236 3221 4304 voluptate
3251 4236 3472 4290 resolvi-

1896 4335 1998 4391 tur,
2045 4326 2172 4380 dum
2220 4327 2364 4380 nulla
2395 4335 2636 4382 ventura:
2665 4341 2837 4395 pmna:
2885 4325 3174 4380 formidine
3218 4336 3472 4390 terretur,

1895 4432 2079 4486 pacem
2105 4417 2265 4470 habet
2296 4417 2346 4469 in
2375 4417 2461 4470 die
2480 4433 2595 4478 sua,
2620 4432 2740 4486 qua:
2768 4433 2947 4486 gravm
2980 4416 3338 4470 damnationis
3365 4433 3474 4470 sua:

1895 4505 2208 4562 scandalum
2238 4506 2290 4558 in
2316 4506 2401 4558 die
2423 4505 2639 4559 habebit
2662 4506 2856 4560 aliena.
2890 4505 2966 4560 lbi
2995 4506 3139 4559 enim
3192 4506 3469 4578 aflligenda

1889 4609 1992 4664 est,
2024 4601 2114 4654 ubi
2135 4601 2268 4670 justi
2301 4601 2642 4654 laetabuntur.

1964 4712 2122 4767 Nunc
2147 4724 2319 4767 autem
2357 4714 2661 4766 abscondita
2695 4721 2814 4766 sunt
2863 4715 2925 4765 ab
2955 4713 3117 4767 oculis
3174 4716 3297 4768 tuis.
3347 4714 3473 4770 Per-

1892 4822 2046 4860 vcrsa
2077 4806 2274 4875 quippe
2321 4806 2499 4858 anima
2538 4807 2700 4859 rebus
2763 4806 3118 4874 praesentibus
3170 4807 3367 4872 dedita,
3417 4808 3470 4862 in

1894 4894 2126 4948 terrenis
2162 4893 2522 4963 voluptatibus
2567 4894 2826 4957 resoluta,
2860 4895 3145 4948 abscondit
3173 4897 3272 4950 sibi
3330 4898 3469 4951 mala

1895 4988 2192 5054 sequentia,
2236 4988 2360 5054 quia
2395 4985 2689 5056 praevidere
2720 4985 2900 5038 futura
2931 4985 3144 5055 refugit,
3183 5004 3302 5056 qum
3335 4981 3470 5057 prm-

1897 5087 2103 5131 sentem
2141 5077 2382 5130 laetitiam
2423 5075 2759 5144 perturbent,
2805 5073 2931 5127 dum
2960 5091 3078 5144 qum
3107 5076 3158 5129 in
3190 5079 3469 5146 prarsentis

1896 5169 2017 5221 vitae
2063 5167 2417 5221 oblectatione
2479 5167 2697 5230 deserit,
2746 5163 2872 5236 quid
2897 5167 3042 5220 aliud
3073 5183 3234 5237 quam
3274 5169 3470 5224 clausis

1894 5259 2064 5312 oculis
2085 5257 2149 5311 ad
2175 5259 2349 5326 ignem
2381 5258 2542 5310 vadit.

1967 5351 2104 5415 Quia
2130 5351 2330 5402 venient
2369 5349 2478 5402 dies
2505 5350 2557 5404 in
2587 5359 2656 5413 te,
2687 5359 2734 5403 et
2761 5351 3158 5404 etrcumdabunt
3197 5360 3244 5404 te
3272 5348 3469 5404 inimici

1893 5439 1970 5492 tui
2000 5438 2157 5492 vallo.
2191 5437 2290 5503 Qui
2323 5455 2556 5508 unquam
2587 5447 2711 5493 sunt
2731 5440 2982 5494 humana:
3012 5441 3206 5493 anima-
3235 5438 3465 5504 majores

1895 5529 2098 5583 inimici
2144 5543 2306 5594 quam
2344 5527 2558 5598 maligni
2611 5527 2853 5598 spiritus,
2897 5531 2985 5598 qui
3015 5529 3153 5581 banc
3184 5543 3211 5579 a
3242 5540 3464 5592 corpore

1895 5626 2181 5672 exeuntem
2226 5617 2494 5681 obsident,
2521 5632 2681 5685 quam
2719 5617 2771 5669 in
2813 5617 2994 5670 carnis
3024 5629 3204 5667 amore
3235 5613 3475 5680 positam-

1898 5706 2222 5778 deceptoriis
2255 5706 2702 5762 delectationibus
2745 5705 2942 5768 fovent,
2977 5717 3134 5769 quam
3176 5701 3313 5755 vallo
3359 5701 3460 5757 eir—
