  <div class='ocr_page' id='page_1' title='image "/cluster/home/n/w/nwhite01/storage/ocr_20150623/102/hvd.32044052820032/217.png"; bbox 0 0 3932 6204; ppageno 0'>
   <div class='ocr_carea' id='block_1_1' title="bbox 324 297 512 375">
    <p class='ocr_par' dir='ltr' id='par_1_1' title="bbox 324 297 512 375">
     <span class='ocr_line' id='line_1_1' title="bbox 324 297 512 375; baseline -0.037 -14"><span class='ocrx_word' id='word_1_1' title='bbox 324 297 512 375; x_wconf 64' lang='grc' dir='ltr'><strong>,ηε</strong></span> 
     </span>
    </p>
   </div>
   <div class='ocr_carea' id='block_1_2' title="bbox 1683 258 2363 326">
    <p class='ocr_par' dir='ltr' id='par_1_2' title="bbox 1683 258 2363 326">
     <span class='ocr_line' id='line_1_2' title="bbox 1683 258 2363 326; baseline -0.019 0"><span class='ocrx_word' id='word_1_2' title='bbox 1683 264 2037 326; x_wconf 76' lang='lat' dir='ltr'><strong>SMARAGDI</strong></span> <span class='ocrx_word' id='word_1_3' title='bbox 2073 258 2363 318; x_wconf 75' lang='lat' dir='ltr'><strong>ABBATIS</strong></span> 
     </span>
    </p>
   </div>
   <div class='ocr_carea' id='block_1_3' title="bbox 3556 241 3664 297">
    <p class='ocr_par' dir='ltr' id='par_1_3' title="bbox 3556 241 3664 297">
     <span class='ocr_line' id='line_1_3' title="bbox 3556 241 3664 297; baseline -0.019 0"><span class='ocrx_word' id='word_1_4' title='bbox 3556 241 3664 297; x_wconf 65' lang='grc'><strong>424</strong></span> 
     </span>
    </p>
   </div>
   <div class='ocr_carea' id='block_1_4' title="bbox 406 357 3657 474">
    <p class='ocr_par' dir='ltr' id='par_1_4' title="bbox 406 357 3657 474">
     <span class='ocr_line' id='line_1_4' title="bbox 406 357 3657 474; baseline -0.013 -16"><span class='ocrx_word' id='word_1_5' title='bbox 406 357 679 474; x_wconf 37' lang='lat' dir='ltr'><strong>comitant,</strong></span> <span class='ocrx_word' id='word_1_6' title='bbox 722 401 813 473; x_wconf 99' lang='lat' dir='ltr'><strong>qui</strong></span> <span class='ocrx_word' id='word_1_7' title='bbox 856 405 979 454; x_wconf 90' lang='lat' dir='ltr'><strong>ante</strong></span> <span class='ocrx_word' id='word_1_8' title='bbox 1018 394 1214 450; x_wconf 89' lang='lat' dir='ltr'><strong>mentis</strong></span> <span class='ocrx_word' id='word_1_9' title='bbox 1240 391 1357 463; x_wconf 85' lang='lat' dir='ltr'><strong>ejus</strong></span> <span class='ocrx_word' id='word_1_10' title='bbox 1392 387 1579 444; x_wconf 88' lang='lat' dir='ltr'><strong>oculos</strong></span> <span class='ocrx_word' id='word_1_11' title='bbox 1599 382 1837 439; x_wconf 89' lang='lat' dir='ltr'><strong>reductis</strong></span> <span class='ocrx_word' id='word_1_12' title='bbox 1867 380 1970 435; x_wconf 91' lang='lat' dir='ltr'><strong>ini-</strong></span> <span class='ocrx_word' id='word_1_13' title='bbox 2001 379 2054 440; x_wconf 79' lang='grc' dir='ltr'><strong>Α</strong></span> <span class='ocrx_word' id='word_1_14' title='bbox 2157 388 2252 429; x_wconf 89' lang='lat' dir='ltr'><strong>eos</strong></span> <span class='ocrx_word' id='word_1_15' title='bbox 2273 372 2367 474; x_wconf 77' lang='lat' dir='ltr'><strong>qui</strong></span> <span class='ocrx_word' id='word_1_16' title='bbox 2387 368 2614 474; x_wconf 34' lang='lat' dir='ltr'><strong>inﬁniti-lo</strong></span> <span class='ocrx_word' id='word_1_17' title='bbox 2636 368 2712 423; x_wconf 90' lang='lat' dir='ltr'><strong>rei</strong></span> <span class='ocrx_word' id='word_1_18' title='bbox 2736 373 2879 429; x_wconf 88' lang='lat' dir='ltr'><strong>sunt,</strong></span> <span class='ocrx_word' id='word_1_19' title='bbox 2893 361 3128 474; x_wconf 65' lang='lat' dir='ltr'><strong>laesiopis</strong></span> <span class='ocrx_word' id='word_1_20' title='bbox 3150 357 3657 474; x_wconf 49' lang='lat' dir='ltr'><strong>gladiosdeﬁgunt;</strong></span> 
     </span>
    </p>
   </div>
   <div class='ocr_carea' id='block_1_5' title="bbox 406 474 1982 570">
    <p class='ocr_par' dir='ltr' id='par_1_5' title="bbox 406 474 1982 570">
     <span class='ocr_line' id='line_1_5' title="bbox 406 474 1982 570; baseline -0.022 -15"><span class='ocrx_word' id='word_1_21' title='bbox 406 496 703 570; x_wconf 84' lang='lat' dir='ltr'><strong>quitatibus</strong></span> <span class='ocrx_word' id='word_1_22' title='bbox 719 505 853 562; x_wconf 91' lang='lat' dir='ltr'><strong>quas</strong></span> <span class='ocrx_word' id='word_1_23' title='bbox 878 483 1233 559; x_wconf 89' lang='lat' dir='ltr'><strong>perpetravit,</strong></span> <span class='ocrx_word' id='word_1_24' title='bbox 1270 481 1411 535; x_wconf 91' lang='lat' dir='ltr'><strong>hanc</strong></span> <span class='ocrx_word' id='word_1_25' title='bbox 1431 477 1498 531; x_wconf 90' lang='lat' dir='ltr'><strong>ad</strong></span> <span class='ocrx_word' id='word_1_26' title='bbox 1523 474 1841 530; x_wconf 88' lang='lat' dir='ltr'><strong>societatem</strong></span> <span class='ocrx_word' id='word_1_27' title='bbox 1869 483 1982 523; x_wconf 84' lang='lat' dir='ltr'><strong>suae</strong></span> 
     </span>
    </p>
   </div>
   <div class='ocr_carea' id='block_1_6' title="bbox 408 575 1418 644">
    <p class='ocr_par' dir='ltr' id='par_1_6' title="bbox 408 575 1418 644">
     <span class='ocr_line' id='line_1_6' title="bbox 408 575 1418 644; baseline -0.023 0"><span class='ocrx_word' id='word_1_28' title='bbox 408 582 769 644; x_wconf 78' lang='lat' dir='ltr'><strong>damnationis</strong></span> <span class='ocrx_word' id='word_1_29' title='bbox 800 578 1075 633; x_wconf 79' lang='lat' dir='ltr'><strong>trahentes</strong></span> <span class='ocrx_word' id='word_1_30' title='bbox 1122 575 1418 626; x_wconf 89' lang='lat' dir='ltr'><strong>coarctant.</strong></span> 
     </span>
    </p>
   </div>
   <div class='ocr_carea' id='block_1_7' title="bbox 478 646 1985 730">
    <p class='ocr_par' dir='ltr' id='par_1_7' title="bbox 478 646 1985 730">
     <span class='ocr_line' id='line_1_7' title="bbox 478 646 1985 730; baseline -0.021 0"><span class='ocrx_word' id='word_1_31' title='bbox 478 668 889 730; x_wconf 85' lang='lat' dir='ltr'><strong>Circumdabunt</strong></span> <span class='ocrx_word' id='word_1_32' title='bbox 915 674 963 719; x_wconf 85' lang='lat' dir='ltr'><strong>te</strong></span> <span class='ocrx_word' id='word_1_33' title='bbox 996 672 1045 717; x_wconf 89' lang='lat' dir='ltr'><strong>et</strong></span> <span class='ocrx_word' id='word_1_34' title='bbox 1090 657 1503 729; x_wconf 81' lang='lat' dir='ltr'><strong>coangustabunt</strong></span> <span class='ocrx_word' id='word_1_35' title='bbox 1528 663 1577 708; x_wconf 91' lang='lat' dir='ltr'><strong>te</strong></span> <span class='ocrx_word' id='word_1_36' title='bbox 1602 651 1849 721; x_wconf 79' lang='lat' dir='ltr'><strong>undique.</strong></span> <span class='ocrx_word' id='word_1_37' title='bbox 1872 646 1985 701; x_wconf 82' lang='lat' dir='ltr'><strong>Ma-</strong></span> 
     </span>
    </p>
   </div>
   <div class='ocr_carea' id='block_1_8' title="bbox 407 745 1981 839">
    <p class='ocr_par' dir='ltr' id='par_1_8' title="bbox 407 745 1981 839">
     <span class='ocr_line' id='line_1_8' title="bbox 407 745 1981 839; baseline -0.021 -16"><span class='ocrx_word' id='word_1_38' title='bbox 407 765 540 839; x_wconf 88' lang='lat' dir='ltr'><strong>ligni</strong></span> <span class='ocrx_word' id='word_1_39' title='bbox 588 762 785 833; x_wconf 82' lang='lat' dir='ltr'><strong>quippe</strong></span> <span class='ocrx_word' id='word_1_40' title='bbox 841 756 1064 827; x_wconf 88' lang='lat' dir='ltr'><strong>spiritus</strong></span> <span class='ocrx_word' id='word_1_41' title='bbox 1111 752 1348 821; x_wconf 86' lang='lat' dir='ltr'><strong>undique</strong></span> <span class='ocrx_word' id='word_1_42' title='bbox 1403 747 1635 802; x_wconf 90' lang='lat' dir='ltr'><strong>animam</strong></span> <span class='ocrx_word' id='word_1_43' title='bbox 1672 745 1981 839; x_wconf 68' lang='lat' dir='ltr'><strong>angustant,</strong></span> 
     </span>
    </p>
   </div>
   <div class='ocr_carea' id='block_1_9' title="bbox 409 828 1981 927">
    <p class='ocr_par' dir='ltr' id='par_1_9' title="bbox 409 828 1981 927">
     <span class='ocr_line' id='line_1_9' title="bbox 409 828 1981 927; baseline -0.019 -16"><span class='ocrx_word' id='word_1_44' title='bbox 409 828 624 927; x_wconf 67' lang='lat' dir='ltr'><strong>quandd</strong></span> <span class='ocrx_word' id='word_1_45' title='bbox 666 828 851 906; x_wconf 66' lang='lat' dir='ltr'><strong>einen</strong></span> <span class='ocrx_word' id='word_1_46' title='bbox 897 846 1068 901; x_wconf 90' lang='lat' dir='ltr'><strong>solum</strong></span> <span class='ocrx_word' id='word_1_47' title='bbox 1094 842 1297 913; x_wconf 89' lang='lat' dir='ltr'><strong>operis,</strong></span> <span class='ocrx_word' id='word_1_48' title='bbox 1328 838 1424 894; x_wconf 85' lang='lat' dir='ltr'><strong>sed</strong></span> <span class='ocrx_word' id='word_1_49' title='bbox 1467 837 1632 891; x_wconf 89' lang='lat' dir='ltr'><strong>etiam</strong></span> <span class='ocrx_word' id='word_1_50' title='bbox 1675 828 1981 891; x_wconf 88' lang='lat' dir='ltr'><strong>locutionis,</strong></span> 
     </span>
    </p>
   </div>
   <div class='ocr_carea' id='block_1_10' title="bbox 356 921 1989 1014">
    <p class='ocr_par' dir='ltr' id='par_1_10' title="bbox 356 921 1989 1014">
     <span class='ocr_line' id='line_1_10' title="bbox 356 921 1989 1014; baseline -0.019 -14"><span class='ocrx_word' id='word_1_51' title='bbox 356 928 361 931; x_wconf 49' lang='grc'><em>’</em></span> <span class='ocrx_word' id='word_1_52' title='bbox 411 921 575 1014; x_wconf 74' lang='lat' dir='ltr'><strong>atque</strong></span> <span class='ocrx_word' id='word_1_53' title='bbox 600 942 821 1009; x_wconf 85' lang='lat' dir='ltr'><strong>insuper</strong></span> <span class='ocrx_word' id='word_1_54' title='bbox 858 932 1202 1006; x_wconf 79' lang='lat' dir='ltr'><strong>cogitationis</strong></span> <span class='ocrx_word' id='word_1_55' title='bbox 1249 927 1563 998; x_wconf 84' lang='lat' dir='ltr'><strong>iniquitates</strong></span> <span class='ocrx_word' id='word_1_56' title='bbox 1608 921 1892 991; x_wconf 90' lang='lat' dir='ltr'><strong>replicant,</strong></span> <span class='ocrx_word' id='word_1_57' title='bbox 1926 924 1989 970; x_wconf 89' lang='lat' dir='ltr'><strong>ut</strong></span> 
     </span>
    </p>
   </div>
   <div class='ocr_carea' id='block_1_11' title="bbox 411 1012 1988 1106">
    <p class='ocr_par' dir='ltr' id='par_1_11' title="bbox 411 1012 1988 1106">
     <span class='ocr_line' id='line_1_11' title="bbox 411 1012 1988 1106; baseline -0.018 -14"><span class='ocrx_word' id='word_1_58' title='bbox 411 1012 531 1106; x_wconf 67' lang='lat' dir='ltr'><strong>qua:</strong></span> <span class='ocrx_word' id='word_1_59' title='bbox 551 1034 703 1105; x_wconf 88' lang='lat' dir='ltr'><strong>prius</strong></span> <span class='ocrx_word' id='word_1_60' title='bbox 724 1046 783 1086; x_wconf 84' lang='lat' dir='ltr'><strong>se</strong></span> <span class='ocrx_word' id='word_1_61' title='bbox 805 1043 904 1099; x_wconf 86' lang='lat' dir='ltr'><strong>per</strong></span> <span class='ocrx_word' id='word_1_62' title='bbox 927 1025 1097 1080; x_wconf 91' lang='lat' dir='ltr'><strong>multa</strong></span> <span class='ocrx_word' id='word_1_63' title='bbox 1117 1021 1362 1077; x_wconf 79' lang='lat' dir='ltr'><strong>dilatavit</strong></span> <span class='ocrx_word' id='word_1_64' title='bbox 1386 1020 1441 1073; x_wconf 90' lang='lat' dir='ltr'><strong>in</strong></span> <span class='ocrx_word' id='word_1_65' title='bbox 1465 1015 1693 1078; x_wconf 83' lang='lat' dir='ltr'><strong>scelere,</strong></span> <span class='ocrx_word' id='word_1_66' title='bbox 1710 1012 1780 1066; x_wconf 90' lang='lat' dir='ltr'><strong>ad</strong></span> <span class='ocrx_word' id='word_1_67' title='bbox 1807 1017 1988 1065; x_wconf 79' lang='lat' dir='ltr'><strong>extre-</strong></span> 
     </span>
    </p>
   </div>
   <div class='ocr_carea' id='block_1_12' title="bbox 412 1107 1761 1187">
    <p class='ocr_par' dir='ltr' id='par_1_12' title="bbox 412 1107 1761 1187">
     <span class='ocr_line' id='line_1_12' title="bbox 412 1107 1761 1187; baseline -0.02 -3"><span class='ocrx_word' id='word_1_68' title='bbox 412 1142 559 1184; x_wconf 89' lang='lat' dir='ltr'><strong>mum</strong></span> <span class='ocrx_word' id='word_1_69' title='bbox 588 1125 655 1179; x_wconf 89' lang='lat' dir='ltr'><strong>de</strong></span> <span class='ocrx_word' id='word_1_70' title='bbox 679 1121 930 1177; x_wconf 90' lang='lat' dir='ltr'><strong>omnibus</strong></span> <span class='ocrx_word' id='word_1_71' title='bbox 956 1122 1277 1187; x_wconf 86' lang='lat' dir='ltr'><strong>angustetur</strong></span> <span class='ocrx_word' id='word_1_72' title='bbox 1303 1112 1359 1167; x_wconf 94' lang='lat' dir='ltr'><strong>in</strong></span> <span class='ocrx_word' id='word_1_73' title='bbox 1388 1107 1761 1164; x_wconf 87' lang='lat' dir='ltr'><strong>retributione.</strong></span> 
     </span>
    </p>
   </div>
   <div class='ocr_carea' id='block_1_13' title="bbox 485 1194 1990 1273">
    <p class='ocr_par' dir='ltr' id='par_1_13' title="bbox 485 1194 1990 1273">
     <span class='ocr_line' id='line_1_13' title="bbox 485 1194 1990 1273; baseline -0.019 1"><span class='ocrx_word' id='word_1_74' title='bbox 485 1220 553 1273; x_wconf 86' lang='lat' dir='ltr'><strong>Et</strong></span> <span class='ocrx_word' id='word_1_75' title='bbox 581 1218 651 1271; x_wconf 89' lang='lat' dir='ltr'><strong>ad</strong></span> <span class='ocrx_word' id='word_1_76' title='bbox 688 1226 882 1273; x_wconf 73' lang='lat' dir='ltr'><strong>terram</strong></span> <span class='ocrx_word' id='word_1_77' title='bbox 916 1217 1244 1266; x_wconf 72' lang='lat' dir='ltr'><strong>consternant</strong></span> <span class='ocrx_word' id='word_1_78' title='bbox 1283 1216 1354 1269; x_wconf 87' lang='lat' dir='ltr'><strong>te,</strong></span> <span class='ocrx_word' id='word_1_79' title='bbox 1409 1213 1457 1257; x_wconf 90' lang='lat' dir='ltr'><strong>et</strong></span> <span class='ocrx_word' id='word_1_80' title='bbox 1483 1201 1621 1270; x_wconf 80' lang='lat' dir='ltr'><strong>ﬁlios</strong></span> <span class='ocrx_word' id='word_1_81' title='bbox 1644 1208 1761 1252; x_wconf 83' lang='lat' dir='ltr'><strong>tuos</strong></span> <span class='ocrx_word' id='word_1_82' title='bbox 1798 1194 1888 1267; x_wconf 85' lang='lat' dir='ltr'><strong>qui</strong></span> <span class='ocrx_word' id='word_1_83' title='bbox 1932 1195 1990 1248; x_wconf 89' lang='lat' dir='ltr'><strong>in</strong></span> 
     </span>
    </p>
   </div>
   <div class='ocr_carea' id='block_1_14' title="bbox 413 1287 1991 1372">
    <p class='ocr_par' dir='ltr' id='par_1_14' title="bbox 413 1287 1991 1372">
     <span class='ocr_line' id='line_1_14' title="bbox 413 1287 1991 1372; baseline -0.015 -8"><span class='ocrx_word' id='word_1_84' title='bbox 413 1320 461 1364; x_wconf 86' lang='lat' dir='ltr'><strong>te</strong></span> <span class='ocrx_word' id='word_1_85' title='bbox 486 1317 626 1362; x_wconf 84' lang='lat' dir='ltr'><strong>sunt.</strong></span> <span class='ocrx_word' id='word_1_86' title='bbox 659 1306 811 1360; x_wconf 88' lang='lat' dir='ltr'><strong>Tunc</strong></span> <span class='ocrx_word' id='word_1_87' title='bbox 834 1304 1013 1357; x_wconf 90' lang='lat' dir='ltr'><strong>anima</strong></span> <span class='ocrx_word' id='word_1_88' title='bbox 1039 1314 1134 1372; x_wconf 89' lang='lat' dir='ltr'><strong>per</strong></span> <span class='ocrx_word' id='word_1_89' title='bbox 1167 1296 1547 1368; x_wconf 79' lang='lat' dir='ltr'><strong>cogitationem</strong></span> <span class='ocrx_word' id='word_1_90' title='bbox 1575 1298 1761 1346; x_wconf 86' lang='lat' dir='ltr'><strong>reatus</strong></span> <span class='ocrx_word' id='word_1_91' title='bbox 1788 1288 1873 1344; x_wconf 86' lang='lat' dir='ltr'><strong>sui</strong></span> <span class='ocrx_word' id='word_1_92' title='bbox 1921 1287 1991 1342; x_wconf 91' lang='lat' dir='ltr'><strong>ad</strong></span> 
     </span>
    </p>
   </div>
   <div class='ocr_carea' id='block_1_15' title="bbox 414 1382 1988 1456">
    <p class='ocr_par' dir='ltr' id='par_1_15' title="bbox 414 1382 1988 1456">
     <span class='ocr_line' id='line_1_15' title="bbox 414 1382 1988 1456; baseline -0.015 -3"><span class='ocrx_word' id='word_1_93' title='bbox 414 1409 613 1453; x_wconf 71' lang='lat' dir='ltr'><strong>tenam</strong></span> <span class='ocrx_word' id='word_1_94' title='bbox 657 1393 1040 1456; x_wconf 86' lang='lat' dir='ltr'><strong>consternitur,</strong></span> <span class='ocrx_word' id='word_1_95' title='bbox 1090 1405 1215 1445; x_wconf 89' lang='lat' dir='ltr'><strong>cum</strong></span> <span class='ocrx_word' id='word_1_96' title='bbox 1261 1401 1388 1441; x_wconf 89' lang='lat' dir='ltr'><strong>caro</strong></span> <span class='ocrx_word' id='word_1_97' title='bbox 1413 1399 1577 1454; x_wconf 90' lang='lat' dir='ltr'><strong>quam</strong></span> <span class='ocrx_word' id='word_1_98' title='bbox 1611 1382 1783 1437; x_wconf 85' lang='lat' dir='ltr'><strong>vitam</strong></span> <span class='ocrx_word' id='word_1_99' title='bbox 1831 1391 1988 1433; x_wconf 83' lang='lat' dir='ltr'><strong>suam</strong></span> 
     </span>
    </p>
   </div>
   <div class='ocr_carea' id='block_1_16' title="bbox 414 1470 1992 1549">
    <p class='ocr_par' dir='ltr' id='par_1_16' title="bbox 414 1470 1992 1549">
     <span class='ocr_line' id='line_1_16' title="bbox 414 1470 1992 1549; baseline -0.013 -8"><span class='ocrx_word' id='word_1_100' title='bbox 414 1485 663 1547; x_wconf 75' lang='lat' dir='ltr'><strong>credidit,</strong></span> <span class='ocrx_word' id='word_1_101' title='bbox 684 1482 867 1536; x_wconf 79' lang='lat' dir='ltr'><strong>redire</strong></span> <span class='ocrx_word' id='word_1_102' title='bbox 893 1480 961 1534; x_wconf 89' lang='lat' dir='ltr'><strong>ad</strong></span> <span class='ocrx_word' id='word_1_103' title='bbox 986 1478 1263 1549; x_wconf 76' lang='lat' dir='ltr'><strong>pulverem</strong></span> <span class='ocrx_word' id='word_1_104' title='bbox 1289 1483 1529 1545; x_wconf 80' lang='lat' dir='ltr'><strong>urgetur.</strong></span> <span class='ocrx_word' id='word_1_105' title='bbox 1559 1472 1713 1526; x_wconf 87' lang='lat' dir='ltr'><strong>Tunc</strong></span> <span class='ocrx_word' id='word_1_106' title='bbox 1736 1470 1793 1525; x_wconf 91' lang='lat' dir='ltr'><strong>in</strong></span> <span class='ocrx_word' id='word_1_107' title='bbox 1845 1482 1992 1523; x_wconf 82' lang='lat' dir='ltr'><strong>mor-</strong></span> 
     </span>
    </p>
   </div>
   <div class='ocr_carea' id='block_1_17' title="bbox 416 1559 1988 1636">
    <p class='ocr_par' dir='ltr' id='par_1_17' title="bbox 416 1559 1988 1636">
     <span class='ocr_line' id='line_1_17' title="bbox 416 1559 1988 1636; baseline -0.011 -5"><span class='ocrx_word' id='word_1_108' title='bbox 416 1585 529 1631; x_wconf 88' lang='lat' dir='ltr'><strong>tem</strong></span> <span class='ocrx_word' id='word_1_109' title='bbox 572 1574 667 1628; x_wconf 85' lang='lat' dir='ltr'><strong>ﬁlii</strong></span> <span class='ocrx_word' id='word_1_110' title='bbox 716 1572 866 1626; x_wconf 83' lang='lat' dir='ltr'><strong>illius</strong></span> <span class='ocrx_word' id='word_1_111' title='bbox 916 1571 1137 1633; x_wconf 88' lang='lat' dir='ltr'><strong>cadunt,</strong></span> <span class='ocrx_word' id='word_1_112' title='bbox 1186 1583 1309 1624; x_wconf 90' lang='lat' dir='ltr'><strong>cum</strong></span> <span class='ocrx_word' id='word_1_113' title='bbox 1370 1564 1723 1635; x_wconf 90' lang='lat' dir='ltr'><strong>cogitationes</strong></span> <span class='ocrx_word' id='word_1_114' title='bbox 1752 1559 1988 1636; x_wconf 62' lang='lat' dir='ltr'><strong>illicitae,</strong></span> 
     </span>
    </p>
   </div>
   <div class='ocr_carea' id='block_1_18' title="bbox 415 1651 1992 1741">
    <p class='ocr_par' dir='ltr' id='par_1_18' title="bbox 415 1651 1992 1741">
     <span class='ocr_line' id='line_1_18' title="bbox 415 1651 1992 1741; baseline -0.013 -15"><span class='ocrx_word' id='word_1_115' title='bbox 415 1666 719 1741; x_wconf 64' lang='lat' dir='ltr'><strong>quaeomodo</strong></span> <span class='ocrx_word' id='word_1_116' title='bbox 741 1681 807 1721; x_wconf 85' lang='lat' dir='ltr'><strong>ex</strong></span> <span class='ocrx_word' id='word_1_117' title='bbox 830 1664 920 1718; x_wconf 90' lang='lat' dir='ltr'><strong>illa</strong></span> <span class='ocrx_word' id='word_1_118' title='bbox 945 1662 1232 1733; x_wconf 88' lang='lat' dir='ltr'><strong>prodeunt,</strong></span> <span class='ocrx_word' id='word_1_119' title='bbox 1263 1659 1316 1713; x_wconf 93' lang='lat' dir='ltr'><strong>in</strong></span> <span class='ocrx_word' id='word_1_120' title='bbox 1350 1666 1594 1713; x_wconf 82' lang='lat' dir='ltr'><strong>extrema</strong></span> <span class='ocrx_word' id='word_1_121' title='bbox 1619 1654 1742 1709; x_wconf 64' lang='lat' dir='ltr'><strong>vita</strong></span> <span class='ocrx_word' id='word_1_122' title='bbox 1787 1651 1992 1706; x_wconf 88' lang='lat' dir='ltr'><strong>ultione</strong></span> 
     </span>
    </p>
   </div>
   <div class='ocr_carea' id='block_1_19' title="bbox 417 1741 2071 1830">
    <p class='ocr_par' dir='ltr' id='par_1_19' title="bbox 417 1741 2071 1830">
     <span class='ocr_line' id='line_1_19' title="bbox 417 1741 2071 1830; baseline -0.013 -14"><span class='ocrx_word' id='word_1_123' title='bbox 417 1762 751 1830; x_wconf 84' lang='lat' dir='ltr'><strong>dissipantur</strong></span> <span class='ocrx_word' id='word_1_124' title='bbox 775 1776 787 1810; x_wconf 90' lang='lat'><strong>:</strong></span> <span class='ocrx_word' id='word_1_125' title='bbox 828 1756 979 1810; x_wconf 85' lang='lat' dir='ltr'><strong>Sicut</strong></span> <span class='ocrx_word' id='word_1_126' title='bbox 1000 1754 1259 1822; x_wconf 91' lang='lat' dir='ltr'><strong>scriptum</strong></span> <span class='ocrx_word' id='word_1_127' title='bbox 1282 1758 1365 1805; x_wconf 90' lang='lat' dir='ltr'><strong>est</strong></span> <span class='ocrx_word' id='word_1_128' title='bbox 1390 1768 1403 1803; x_wconf 91' lang='lat'><strong>:</strong></span> <span class='ocrx_word' id='word_1_129' title='bbox 1435 1748 1502 1802; x_wconf 85' lang='lat' dir='ltr'><strong>In</strong></span> <span class='ocrx_word' id='word_1_130' title='bbox 1526 1745 1620 1801; x_wconf 85' lang='lat' dir='ltr'><strong>illa</strong></span> <span class='ocrx_word' id='word_1_131' title='bbox 1643 1745 1729 1798; x_wconf 83' lang='lat' dir='ltr'><strong>die</strong></span> <span class='ocrx_word' id='word_1_132' title='bbox 1750 1742 1993 1814; x_wconf 81' lang='lat' dir='ltr'><strong>peribunt</strong></span> <span class='ocrx_word' id='word_1_133' title='bbox 2021 1741 2071 1800; x_wconf 89' lang='lat' dir='ltr'><strong>B</strong></span> 
     </span>
    </p>
   </div>
   <div class='ocr_carea' id='block_1_20' title="bbox 418 1833 2003 1920">
    <p class='ocr_par' dir='ltr' id='par_1_20' title="bbox 418 1833 2003 1920">
     <span class='ocr_line' id='line_1_20' title="bbox 418 1833 2003 1920; baseline -0.014 -12"><span class='ocrx_word' id='word_1_134' title='bbox 418 1870 597 1909; x_wconf 86' lang='lat' dir='ltr'><strong>omnes</strong></span> <span class='ocrx_word' id='word_1_135' title='bbox 641 1848 980 1920; x_wconf 77' lang='lat' dir='ltr'><strong>cogitationes</strong></span> <span class='ocrx_word' id='word_1_136' title='bbox 1027 1859 1207 1900; x_wconf 83' lang='lat' dir='ltr'><strong>eorum</strong></span> <span class='ocrx_word' id='word_1_137' title='bbox 1238 1839 1409 1913; x_wconf 87' lang='lat' dir='ltr'><strong>(Psal.</strong></span> <span class='ocrx_word' id='word_1_138' title='bbox 1438 1835 1617 1908; x_wconf 70' lang='grc' dir='ltr'><strong>θην).</strong></span> <span class='ocrx_word' id='word_1_139' title='bbox 1646 1835 1777 1903; x_wconf 66' lang='lat' dir='ltr'><strong>Quae</strong></span> <span class='ocrx_word' id='word_1_140' title='bbox 1791 1833 2003 1919; x_wconf 74' lang='lat' dir='ltr'><strong>scilicet</strong></span> 
     </span>
    </p>
   </div>
   <div class='ocr_carea' id='block_1_21' title="bbox 417 1913 2000 2010">
    <p class='ocr_par' dir='ltr' id='par_1_21' title="bbox 417 1913 2000 2010">
     <span class='ocr_line' id='line_1_21' title="bbox 417 1913 2000 2010; baseline -0.012 -14"><span class='ocrx_word' id='word_1_141' title='bbox 417 1943 567 1996; x_wconf 71' lang='lat' dir='ltr'><strong>dura:</strong></span> <span class='ocrx_word' id='word_1_142' title='bbox 594 1913 951 2010; x_wconf 70' lang='lat' dir='ltr'><strong>cogitationes</strong></span> <span class='ocrx_word' id='word_1_143' title='bbox 980 1931 1203 2003; x_wconf 75' lang='lat' dir='ltr'><strong>intelligi</strong></span> <span class='ocrx_word' id='word_1_144' title='bbox 1233 1930 1396 1985; x_wconf 89' lang='lat' dir='ltr'><strong>etiam</strong></span> <span class='ocrx_word' id='word_1_145' title='bbox 1419 1943 1518 1999; x_wconf 90' lang='lat' dir='ltr'><strong>per</strong></span> <span class='ocrx_word' id='word_1_146' title='bbox 1540 1926 1809 1996; x_wconf 81' lang='lat' dir='ltr'><strong>lapideam</strong></span> <span class='ocrx_word' id='word_1_147' title='bbox 1830 1913 2000 1994; x_wconf 79' lang='lat' dir='ltr'><strong>signi-</strong></span> 
     </span>
    </p>
   </div>
   <div class='ocr_carea' id='block_1_22' title="bbox 420 2025 969 2085">
    <p class='ocr_par' dir='ltr' id='par_1_22' title="bbox 420 2025 969 2085">
     <span class='ocr_line' id='line_1_22' title="bbox 420 2025 969 2085; baseline -0.015 0"><span class='ocrx_word' id='word_1_148' title='bbox 420 2030 725 2085; x_wconf 74' lang='lat' dir='ltr'><strong>ﬁcationem</strong></span> <span class='ocrx_word' id='word_1_149' title='bbox 767 2025 969 2080; x_wconf 82' lang='lat' dir='ltr'><strong>valent.</strong></span> 
     </span>
    </p>
   </div>
   <div class='ocr_carea' id='block_1_23' title="bbox 489 2101 1996 2184">
    <p class='ocr_par' dir='ltr' id='par_1_23' title="bbox 489 2101 1996 2184">
     <span class='ocr_line' id='line_1_23' title="bbox 489 2101 1996 2184; baseline -0.013 -11"><span class='ocrx_word' id='word_1_150' title='bbox 489 2120 557 2173; x_wconf 89' lang='lat' dir='ltr'><strong>Et</strong></span> <span class='ocrx_word' id='word_1_151' title='bbox 596 2134 698 2172; x_wconf 87' lang='lat' dir='ltr'><strong>non</strong></span> <span class='ocrx_word' id='word_1_152' title='bbox 757 2114 1047 2184; x_wconf 83' lang='lat' dir='ltr'><strong>relinquent</strong></span> <span class='ocrx_word' id='word_1_153' title='bbox 1077 2112 1131 2165; x_wconf 86' lang='lat' dir='ltr'><strong>in</strong></span> <span class='ocrx_word' id='word_1_154' title='bbox 1179 2119 1228 2163; x_wconf 89' lang='lat' dir='ltr'><strong>te</strong></span> <span class='ocrx_word' id='word_1_155' title='bbox 1274 2107 1503 2178; x_wconf 74' lang='lat' dir='ltr'><strong>lapidein</strong></span> <span class='ocrx_word' id='word_1_156' title='bbox 1544 2120 1702 2176; x_wconf 84' lang='lat' dir='ltr'><strong>super</strong></span> <span class='ocrx_word' id='word_1_157' title='bbox 1747 2101 1996 2174; x_wconf 73' lang='lat' dir='ltr'><strong>lapidem.</strong></span> 
     </span>
    </p>
   </div>
   <div class='ocr_carea' id='block_1_24' title="bbox 417 2190 1997 2264">
    <p class='ocr_par' dir='ltr' id='par_1_24' title="bbox 417 2190 1997 2264">
     <span class='ocr_line' id='line_1_24' title="bbox 417 2190 1997 2264; baseline -0.012 -2"><span class='ocrx_word' id='word_1_158' title='bbox 417 2208 679 2263; x_wconf 83' lang='lat' dir='ltr'><strong>Perversa</strong></span> <span class='ocrx_word' id='word_1_159' title='bbox 731 2202 932 2259; x_wconf 89' lang='lat' dir='ltr'><strong>etenim</strong></span> <span class='ocrx_word' id='word_1_160' title='bbox 982 2213 1136 2253; x_wconf 91' lang='lat' dir='ltr'><strong>mens</strong></span> <span class='ocrx_word' id='word_1_161' title='bbox 1187 2211 1311 2252; x_wconf 85' lang='lat' dir='ltr'><strong>eum</strong></span> <span class='ocrx_word' id='word_1_162' title='bbox 1355 2208 1625 2264; x_wconf 70' lang='lat' dir='ltr'><strong>perversa:</strong></span> <span class='ocrx_word' id='word_1_163' title='bbox 1677 2190 1997 2262; x_wconf 80' lang='lat' dir='ltr'><strong>cogitationi</strong></span> 
     </span>
    </p>
   </div>
   <div class='ocr_carea' id='block_1_25' title="bbox 424 2281 2001 2368">
    <p class='ocr_par' dir='ltr' id='par_1_25' title="bbox 424 2281 2001 2368">
     <span class='ocr_line' id='line_1_25' title="bbox 424 2281 2001 2368; baseline -0.013 -14"><span class='ocrx_word' id='word_1_164' title='bbox 424 2301 601 2354; x_wconf 90' lang='lat' dir='ltr'><strong>adhuc</strong></span> <span class='ocrx_word' id='word_1_165' title='bbox 621 2295 1014 2368; x_wconf 82' lang='lat' dir='ltr'><strong>perversiorem</strong></span> <span class='ocrx_word' id='word_1_166' title='bbox 1035 2290 1240 2358; x_wconf 86' lang='lat' dir='ltr'><strong>adjicit,</strong></span> <span class='ocrx_word' id='word_1_167' title='bbox 1268 2289 1397 2358; x_wconf 88' lang='lat' dir='ltr'><strong>quid</strong></span> <span class='ocrx_word' id='word_1_168' title='bbox 1418 2287 1562 2340; x_wconf 85' lang='lat' dir='ltr'><strong>aliud</strong></span> <span class='ocrx_word' id='word_1_169' title='bbox 1582 2300 1743 2354; x_wconf 87' lang='lat' dir='ltr'><strong>quam</strong></span> <span class='ocrx_word' id='word_1_170' title='bbox 1769 2281 2001 2351; x_wconf 85' lang='lat' dir='ltr'><strong>lapidem</strong></span> 
     </span>
    </p>
   </div>
   <div class='ocr_carea' id='block_1_26' title="bbox 423 2374 2004 2457">
    <p class='ocr_par' dir='ltr' id='par_1_26' title="bbox 423 2374 2004 2457">
     <span class='ocr_line' id='line_1_26' title="bbox 423 2374 2004 2457; baseline -0.012 -15"><span class='ocrx_word' id='word_1_171' title='bbox 423 2402 585 2457; x_wconf 85' lang='lat' dir='ltr'><strong>super</strong></span> <span class='ocrx_word' id='word_1_172' title='bbox 609 2385 841 2455; x_wconf 88' lang='lat' dir='ltr'><strong>lapidem</strong></span> <span class='ocrx_word' id='word_1_173' title='bbox 868 2382 1021 2452; x_wconf 80' lang='lat' dir='ltr'><strong>ponit</strong></span> <span class='ocrx_word' id='word_1_174' title='bbox 1046 2394 1065 2434; x_wconf 82' lang='lat'><strong>:</strong></span> <span class='ocrx_word' id='word_1_175' title='bbox 1101 2380 1196 2435; x_wconf 90' lang='lat' dir='ltr'><strong>sed</strong></span> <span class='ocrx_word' id='word_1_176' title='bbox 1217 2379 1270 2432; x_wconf 92' lang='lat' dir='ltr'><strong>in</strong></span> <span class='ocrx_word' id='word_1_177' title='bbox 1293 2380 1566 2432; x_wconf 89' lang='lat' dir='ltr'><strong>destructa</strong></span> <span class='ocrx_word' id='word_1_178' title='bbox 1594 2374 1816 2429; x_wconf 83' lang='lat' dir='ltr'><strong>civitate</strong></span> <span class='ocrx_word' id='word_1_179' title='bbox 1840 2383 2004 2438; x_wconf 88' lang='lat' dir='ltr'><strong>super</strong></span> 
     </span>
    </p>
   </div>
   <div class='ocr_carea' id='block_1_27' title="bbox 425 2460 2003 2549">
    <p class='ocr_par' dir='ltr' id='par_1_27' title="bbox 425 2460 2003 2549">
     <span class='ocr_line' id='line_1_27' title="bbox 425 2460 2003 2549; baseline -0.013 -16"><span class='ocrx_word' id='word_1_180' title='bbox 425 2479 656 2549; x_wconf 83' lang='lat' dir='ltr'><strong>lapidem</strong></span> <span class='ocrx_word' id='word_1_181' title='bbox 704 2475 844 2544; x_wconf 83' lang='lat' dir='ltr'><strong>lapis</strong></span> <span class='ocrx_word' id='word_1_182' title='bbox 896 2488 1004 2527; x_wconf 91' lang='lat' dir='ltr'><strong>non</strong></span> <span class='ocrx_word' id='word_1_183' title='bbox 1032 2471 1392 2538; x_wconf 86' lang='lat' dir='ltr'><strong>relinquetur,</strong></span> <span class='ocrx_word' id='word_1_184' title='bbox 1439 2466 1566 2536; x_wconf 88' lang='lat' dir='ltr'><strong>quia</strong></span> <span class='ocrx_word' id='word_1_185' title='bbox 1596 2479 1717 2519; x_wconf 88' lang='lat' dir='ltr'><strong>cum</strong></span> <span class='ocrx_word' id='word_1_186' title='bbox 1746 2462 1814 2517; x_wconf 90' lang='lat' dir='ltr'><strong>ad</strong></span> <span class='ocrx_word' id='word_1_187' title='bbox 1841 2460 2003 2517; x_wconf 86' lang='lat' dir='ltr'><strong>ultio—</strong></span> 
     </span>
    </p>
   </div>
   <div class='ocr_carea' id='block_1_28' title="bbox 423 2551 2002 2625">
    <p class='ocr_par' dir='ltr' id='par_1_28' title="bbox 423 2551 2002 2625">
     <span class='ocr_line' id='line_1_28' title="bbox 423 2551 2002 2625; baseline -0.015 0"><span class='ocrx_word' id='word_1_188' title='bbox 423 2584 547 2625; x_wconf 87' lang='lat' dir='ltr'><strong>nem</strong></span> <span class='ocrx_word' id='word_1_189' title='bbox 575 2581 727 2623; x_wconf 89' lang='lat' dir='ltr'><strong>suam</strong></span> <span class='ocrx_word' id='word_1_190' title='bbox 751 2564 930 2619; x_wconf 91' lang='lat' dir='ltr'><strong>anima</strong></span> <span class='ocrx_word' id='word_1_191' title='bbox 959 2562 1194 2625; x_wconf 87' lang='lat' dir='ltr'><strong>ducitur,</strong></span> <span class='ocrx_word' id='word_1_192' title='bbox 1210 2558 1388 2614; x_wconf 89' lang='lat' dir='ltr'><strong>omnis</strong></span> <span class='ocrx_word' id='word_1_193' title='bbox 1412 2558 1480 2612; x_wconf 91' lang='lat' dir='ltr'><strong>ab</strong></span> <span class='ocrx_word' id='word_1_194' title='bbox 1504 2555 1595 2610; x_wconf 90' lang='lat' dir='ltr'><strong>illa</strong></span> <span class='ocrx_word' id='word_1_195' title='bbox 1617 2551 2002 2623; x_wconf 79' lang='lat' dir='ltr'><strong>cogitationum</strong></span> 
     </span>
    </p>
   </div>
   <div class='ocr_carea' id='block_1_29' title="bbox 427 2649 1342 2718">
    <p class='ocr_par' dir='ltr' id='par_1_29' title="bbox 427 2649 1342 2718">
     <span class='ocr_line' id='line_1_29' title="bbox 427 2649 1342 2718; baseline -0.014 -5"><span class='ocrx_word' id='word_1_196' title='bbox 427 2672 645 2713; x_wconf 87' lang='lat' dir='ltr'><strong>suarum</strong></span> <span class='ocrx_word' id='word_1_197' title='bbox 666 2651 1000 2710; x_wconf 90' lang='lat' dir='ltr'><strong>constructio</strong></span> <span class='ocrx_word' id='word_1_198' title='bbox 1027 2649 1342 2718; x_wconf 87' lang='lat' dir='ltr'><strong>dissipatur.</strong></span> 
     </span>
    </p>
   </div>
   <div class='ocr_carea' id='block_1_30' title="bbox 494 2730 1997 2815">
    <p class='ocr_par' dir='ltr' id='par_1_30' title="bbox 494 2730 1997 2815">
     <span class='ocr_line' id='line_1_30' title="bbox 494 2730 1997 2815; baseline -0.011 -16"><span class='ocrx_word' id='word_1_199' title='bbox 494 2746 576 2800; x_wconf 83' lang='lat' dir='ltr'><strong>Eo</strong></span> <span class='ocrx_word' id='word_1_200' title='bbox 614 2743 757 2815; x_wconf 81' lang='lat' dir='ltr'><strong>quod</strong></span> <span class='ocrx_word' id='word_1_201' title='bbox 794 2757 899 2795; x_wconf 85' lang='lat' dir='ltr'><strong>non</strong></span> <span class='ocrx_word' id='word_1_202' title='bbox 928 2738 1225 2810; x_wconf 76' lang='lat' dir='ltr'><strong>cognoveris</strong></span> <span class='ocrx_word' id='word_1_203' title='bbox 1262 2745 1461 2805; x_wconf 85' lang='lat' dir='ltr'><strong>tempus</strong></span> <span class='ocrx_word' id='word_1_204' title='bbox 1512 2730 1825 2787; x_wconf 86' lang='lat' dir='ltr'><strong>visitationis</strong></span> <span class='ocrx_word' id='word_1_205' title='bbox 1874 2738 1997 2784; x_wconf 73' lang='lat' dir='ltr'><strong>tute.</strong></span> 
     </span>
    </p>
   </div>
   <div class='ocr_carea' id='block_1_31' title="bbox 428 2817 2008 2902">
    <p class='ocr_par' dir='ltr' id='par_1_31' title="bbox 428 2817 2008 2902">
     <span class='ocr_line' id='line_1_31' title="bbox 428 2817 2008 2902; baseline -0.013 -11"><span class='ocrx_word' id='word_1_206' title='bbox 428 2837 658 2891; x_wconf 87' lang='lat' dir='ltr'><strong>Pravam</strong></span> <span class='ocrx_word' id='word_1_207' title='bbox 696 2844 964 2902; x_wconf 90' lang='lat' dir='ltr'><strong>quamque</strong></span> <span class='ocrx_word' id='word_1_208' title='bbox 996 2830 1231 2883; x_wconf 88' lang='lat' dir='ltr'><strong>animam</strong></span> <span class='ocrx_word' id='word_1_209' title='bbox 1278 2825 1619 2895; x_wconf 89' lang='lat' dir='ltr'><strong>omnipotens</strong></span> <span class='ocrx_word' id='word_1_210' title='bbox 1663 2821 1805 2875; x_wconf 90' lang='lat' dir='ltr'><strong>Deus</strong></span> <span class='ocrx_word' id='word_1_211' title='bbox 1831 2817 2008 2873; x_wconf 85' lang='lat' dir='ltr'><strong>modis</strong></span> 
     </span>
    </p>
   </div>
   <div class='ocr_carea' id='block_1_32' title="bbox 427 2909 2010 2983">
    <p class='ocr_par' dir='ltr' id='par_1_32' title="bbox 427 2909 2010 2983">
     <span class='ocr_line' id='line_1_32' title="bbox 427 2909 2010 2983; baseline -0.013 0"><span class='ocrx_word' id='word_1_212' title='bbox 427 2927 609 2983; x_wconf 83' lang='lat' dir='ltr'><strong>multis</strong></span> <span class='ocrx_word' id='word_1_213' title='bbox 630 2925 853 2979; x_wconf 82' lang='lat' dir='ltr'><strong>visitare</strong></span> <span class='ocrx_word' id='word_1_214' title='bbox 878 2919 1178 2976; x_wconf 84' lang='lat' dir='ltr'><strong>consuevit.</strong></span> <span class='ocrx_word' id='word_1_215' title='bbox 1208 2917 1345 2971; x_wconf 87' lang='lat' dir='ltr'><strong>Nam</strong></span> <span class='ocrx_word' id='word_1_216' title='bbox 1387 2915 1603 2971; x_wconf 87' lang='lat' dir='ltr'><strong>assidue</strong></span> <span class='ocrx_word' id='word_1_217' title='bbox 1648 2913 1791 2967; x_wconf 86' lang='lat' dir='ltr'><strong>hanc</strong></span> <span class='ocrx_word' id='word_1_218' title='bbox 1824 2909 2010 2964; x_wconf 82' lang='lat' dir='ltr'><strong>visitat</strong></span> 
     </span>
    </p>
   </div>
   <div class='ocr_carea' id='block_1_33' title="bbox 428 3003 2006 3090">
    <p class='ocr_par' dir='ltr' id='par_1_33' title="bbox 428 3003 2006 3090">
     <span class='ocr_line' id='line_1_33' title="bbox 428 3003 2006 3090; baseline -0.012 -16"><span class='ocrx_word' id='word_1_219' title='bbox 428 3025 719 3090; x_wconf 78' lang='lat' dir='ltr'><strong>praecepto,</strong></span> <span class='ocrx_word' id='word_1_220' title='bbox 751 3012 1040 3082; x_wconf 86' lang='lat' dir='ltr'><strong>aliquando</strong></span> <span class='ocrx_word' id='word_1_221' title='bbox 1064 3019 1245 3065; x_wconf 91' lang='lat' dir='ltr'><strong>autem</strong></span> <span class='ocrx_word' id='word_1_222' title='bbox 1291 3006 1518 3079; x_wconf 87' lang='lat' dir='ltr'><strong>ﬂagello,</strong></span> <span class='ocrx_word' id='word_1_223' title='bbox 1564 3003 1854 3074; x_wconf 88' lang='lat' dir='ltr'><strong>aliquando</strong></span> <span class='ocrx_word' id='word_1_224' title='bbox 1876 3014 2006 3056; x_wconf 90' lang='lat' dir='ltr'><strong>vero</strong></span> 
     </span>
    </p>
   </div>
   <div class='ocr_carea' id='block_1_34' title="bbox 2085 451 3662 524">
    <p class='ocr_par' dir='ltr' id='par_1_34' title="bbox 2085 451 3662 524">
     <span class='ocr_line' id='line_1_34' title="bbox 2085 451 3662 524; baseline -0.009 -6"><span class='ocrx_word' id='word_1_225' title='bbox 2085 464 2234 519; x_wconf 83' lang='lat' dir='ltr'><strong>Mens</strong></span> <span class='ocrx_word' id='word_1_226' title='bbox 2270 463 2416 518; x_wconf 90' lang='lat' dir='ltr'><strong>enim</strong></span> <span class='ocrx_word' id='word_1_227' title='bbox 2447 459 2709 523; x_wconf 90' lang='lat' dir='ltr'><strong>ﬁdelium,</strong></span> <span class='ocrx_word' id='word_1_228' title='bbox 2751 472 2854 512; x_wconf 92' lang='lat' dir='ltr'><strong>non</strong></span> <span class='ocrx_word' id='word_1_229' title='bbox 2890 454 3001 524; x_wconf 91' lang='lat' dir='ltr'><strong>jam</strong></span> <span class='ocrx_word' id='word_1_230' title='bbox 3027 454 3222 509; x_wconf 90' lang='lat' dir='ltr'><strong>domus</strong></span> <span class='ocrx_word' id='word_1_231' title='bbox 3253 451 3539 514; x_wconf 80' lang='lat' dir='ltr'><strong>orationis,</strong></span> <span class='ocrx_word' id='word_1_232' title='bbox 3570 452 3662 505; x_wconf 87' lang='lat' dir='ltr'><strong>sed</strong></span> 
     </span>
    </p>
   </div>
   <div class='ocr_carea' id='block_1_35' title="bbox 2082 538 3664 621">
    <p class='ocr_par' dir='ltr' id='par_1_35' title="bbox 2082 538 3664 621">
     <span class='ocr_line' id='line_1_35' title="bbox 2082 538 3664 621; baseline -0.01 -14"><span class='ocrx_word' id='word_1_233' title='bbox 2082 552 2338 621; x_wconf 90' lang='lat' dir='ltr'><strong>spelunca</strong></span> <span class='ocrx_word' id='word_1_234' title='bbox 2385 547 2615 603; x_wconf 88' lang='lat' dir='ltr'><strong>latronis</strong></span> <span class='ocrx_word' id='word_1_235' title='bbox 2644 554 2749 609; x_wconf 89' lang='lat' dir='ltr'><strong>est,</strong></span> <span class='ocrx_word' id='word_1_236' title='bbox 2779 542 2996 613; x_wconf 88' lang='lat' dir='ltr'><strong>quando</strong></span> <span class='ocrx_word' id='word_1_237' title='bbox 3022 539 3211 597; x_wconf 82' lang='lat' dir='ltr'><strong>relicta</strong></span> <span class='ocrx_word' id='word_1_238' title='bbox 3256 538 3565 592; x_wconf 86' lang='lat' dir='ltr'><strong>innocentia</strong></span> <span class='ocrx_word' id='word_1_239' title='bbox 3610 548 3664 592; x_wconf 90' lang='lat' dir='ltr'><strong>et</strong></span> 
     </span>
    </p>
   </div>
   <div class='ocr_carea' id='block_1_36' title="bbox 2083 629 3666 709">
    <p class='ocr_par' dir='ltr' id='par_1_36' title="bbox 2083 629 3666 709">
     <span class='ocr_line' id='line_1_36' title="bbox 2083 629 3666 709; baseline -0.008 -14"><span class='ocrx_word' id='word_1_240' title='bbox 2083 639 2430 709; x_wconf 88' lang='lat' dir='ltr'><strong>simplicitate</strong></span> <span class='ocrx_word' id='word_1_241' title='bbox 2471 635 2798 698; x_wconf 87' lang='lat' dir='ltr'><strong>sanctitatis,</strong></span> <span class='ocrx_word' id='word_1_242' title='bbox 2846 631 2977 686; x_wconf 91' lang='lat' dir='ltr'><strong>illud</strong></span> <span class='ocrx_word' id='word_1_243' title='bbox 3025 637 3257 684; x_wconf 86' lang='lat' dir='ltr'><strong>conatur</strong></span> <span class='ocrx_word' id='word_1_244' title='bbox 3286 642 3469 699; x_wconf 84' lang='lat' dir='ltr'><strong>agere,</strong></span> <span class='ocrx_word' id='word_1_245' title='bbox 3524 629 3666 683; x_wconf 87' lang='lat' dir='ltr'><strong>unde</strong></span> 
     </span>
    </p>
   </div>
   <div class='ocr_carea' id='block_1_37' title="bbox 2085 722 3672 800">
    <p class='ocr_par' dir='ltr' id='par_1_37' title="bbox 2085 722 3672 800">
     <span class='ocr_line' id='line_1_37' title="bbox 2085 722 3672 800; baseline -0.008 -14"><span class='ocrx_word' id='word_1_246' title='bbox 2085 731 2262 786; x_wconf 84' lang='lat' dir='ltr'><strong>valeat</strong></span> <span class='ocrx_word' id='word_1_247' title='bbox 2272 728 2534 800; x_wconf 83' lang='lat' dir='ltr'><strong>proximis</strong></span> <span class='ocrx_word' id='word_1_248' title='bbox 2556 741 2757 782; x_wconf 87' lang='lat' dir='ltr'><strong>nocere</strong></span> <span class='ocrx_word' id='word_1_249' title='bbox 2776 741 2791 787; x_wconf 84' lang='lat'><strong>;</strong></span> <span class='ocrx_word' id='word_1_250' title='bbox 2809 723 3044 793; x_wconf 86' lang='lat' dir='ltr'><strong>sedquia</strong></span> <span class='ocrx_word' id='word_1_251' title='bbox 3066 732 3256 777; x_wconf 89' lang='lat' dir='ltr'><strong>contra</strong></span> <span class='ocrx_word' id='word_1_252' title='bbox 3277 735 3534 792; x_wconf 86' lang='lat' dir='ltr'><strong>perversa</strong></span> <span class='ocrx_word' id='word_1_253' title='bbox 3554 722 3672 775; x_wconf 67' lang='lat' dir='ltr'><strong>huic</strong></span> 
     </span>
    </p>
   </div>
   <div class='ocr_carea' id='block_1_38' title="bbox 2084 814 3671 889">
    <p class='ocr_par' dir='ltr' id='par_1_38' title="bbox 2084 814 3671 889">
     <span class='ocr_line' id='line_1_38' title="bbox 2084 814 3671 889; baseline -0.006 -12"><span class='ocrx_word' id='word_1_254' title='bbox 2084 823 2263 877; x_wconf 90' lang='lat' dir='ltr'><strong>omnia</strong></span> <span class='ocrx_word' id='word_1_255' title='bbox 2292 821 2473 877; x_wconf 89' lang='lat' dir='ltr'><strong>verbis</strong></span> <span class='ocrx_word' id='word_1_256' title='bbox 2486 817 2862 889; x_wconf 70' lang='lat' dir='ltr'><strong>Redemptoris</strong></span> <span class='ocrx_word' id='word_1_257' title='bbox 2886 814 3056 870; x_wconf 89' lang='lat' dir='ltr'><strong>nostri</strong></span> <span class='ocrx_word' id='word_1_258' title='bbox 3087 829 3185 884; x_wconf 92' lang='lat' dir='ltr'><strong>per</strong></span> <span class='ocrx_word' id='word_1_259' title='bbox 3231 828 3419 869; x_wconf 86' lang='lat' dir='ltr'><strong>sacras</strong></span> <span class='ocrx_word' id='word_1_260' title='bbox 3445 814 3671 884; x_wconf 78' lang='lat' dir='ltr'><strong>paginas</strong></span> 
     </span>
    </p>
   </div>
   <div class='ocr_carea' id='block_1_39' title="bbox 2087 906 3669 975">
    <p class='ocr_par' dir='ltr' id='par_1_39' title="bbox 2087 906 3669 975">
     <span class='ocr_line' id='line_1_39' title="bbox 2087 906 3669 975; baseline -0.005 -9"><span class='ocrx_word' id='word_1_261' title='bbox 2087 912 2457 967; x_wconf 87' lang='lat' dir='ltr'><strong>indesinenter</strong></span> <span class='ocrx_word' id='word_1_262' title='bbox 2503 908 2842 973; x_wconf 90' lang='lat' dir='ltr'><strong>instruimur,</strong></span> <span class='ocrx_word' id='word_1_263' title='bbox 2900 920 3046 960; x_wconf 88' lang='lat' dir='ltr'><strong>nunc</strong></span> <span class='ocrx_word' id='word_1_264' title='bbox 3081 919 3254 975; x_wconf 90' lang='lat' dir='ltr'><strong>usque</strong></span> <span class='ocrx_word' id='word_1_265' title='bbox 3297 906 3401 960; x_wconf 84' lang='lat' dir='ltr'><strong>hoc</strong></span> <span class='ocrx_word' id='word_1_266' title='bbox 3458 906 3669 975; x_wconf 75' lang='lat' dir='ltr'><strong>agitur,</strong></span> 
     </span>
    </p>
   </div>
   <div class='ocr_carea' id='block_1_40' title="bbox 2087 996 3435 1076">
    <p class='ocr_par' dir='ltr' id='par_1_40' title="bbox 2087 996 3435 1076">
     <span class='ocr_line' id='line_1_40' title="bbox 2087 996 3435 1076; baseline -0.004 -17"><span class='ocrx_word' id='word_1_267' title='bbox 2087 1004 2232 1076; x_wconf 91' lang='lat' dir='ltr'><strong>quod</strong></span> <span class='ocrx_word' id='word_1_268' title='bbox 2268 1001 2474 1057; x_wconf 81' lang='lat' dir='ltr'><strong>factum</strong></span> <span class='ocrx_word' id='word_1_269' title='bbox 2497 1000 2665 1056; x_wconf 80' lang='lat' dir='ltr'><strong>fuisse</strong></span> <span class='ocrx_word' id='word_1_270' title='bbox 2692 999 3012 1064; x_wconf 86' lang='lat' dir='ltr'><strong>perhibetur</strong></span> <span class='ocrx_word' id='word_1_271' title='bbox 3044 1013 3168 1052; x_wconf 89' lang='lat' dir='ltr'><strong>cum</strong></span> <span class='ocrx_word' id='word_1_272' title='bbox 3195 996 3387 1053; x_wconf 76' lang='lat' dir='ltr'><strong>dicitur</strong></span> <span class='ocrx_word' id='word_1_273' title='bbox 3416 1013 3435 1053; x_wconf 88' lang='lat'><strong>:</strong></span> 
     </span>
    </p>
   </div>
   <div class='ocr_carea' id='block_1_41' title="bbox 2158 1088 3673 1162">
    <p class='ocr_par' dir='ltr' id='par_1_41' title="bbox 2158 1088 3673 1162">
     <span class='ocr_line' id='line_1_41' title="bbox 2158 1088 3673 1162; baseline -0.001 -14"><span class='ocrx_word' id='word_1_274' title='bbox 2158 1094 2230 1148; x_wconf 87' lang='lat' dir='ltr'><strong>Et</strong></span> <span class='ocrx_word' id='word_1_275' title='bbox 2248 1103 2362 1149; x_wconf 81' lang='lat' dir='ltr'><strong>erat</strong></span> <span class='ocrx_word' id='word_1_276' title='bbox 2380 1092 2568 1147; x_wconf 84' lang='lat' dir='ltr'><strong>docens</strong></span> <span class='ocrx_word' id='word_1_277' title='bbox 2587 1090 2816 1162; x_wconf 85' lang='lat' dir='ltr'><strong>quotidie</strong></span> <span class='ocrx_word' id='word_1_278' title='bbox 2840 1091 2896 1144; x_wconf 91' lang='lat' dir='ltr'><strong>in</strong></span> <span class='ocrx_word' id='word_1_279' title='bbox 2914 1088 3125 1159; x_wconf 85' lang='lat' dir='ltr'><strong>templo.</strong></span> <span class='ocrx_word' id='word_1_280' title='bbox 3138 1088 3274 1144; x_wconf 91' lang='lat' dir='ltr'><strong>Cum</strong></span> <span class='ocrx_word' id='word_1_281' title='bbox 3295 1090 3442 1145; x_wconf 90' lang='lat' dir='ltr'><strong>enim</strong></span> <span class='ocrx_word' id='word_1_282' title='bbox 3463 1100 3673 1147; x_wconf 80' lang='lat' dir='ltr'><strong>mentes</strong></span> 
     </span>
    </p>
   </div>
   <div class='ocr_carea' id='block_1_42' title="bbox 2090 1180 3675 1259">
    <p class='ocr_par' dir='ltr' id='par_1_42' title="bbox 2090 1180 3675 1259">
     <span class='ocr_line' id='line_1_42' title="bbox 2090 1180 3675 1259; baseline -0.001 -18"><span class='ocrx_word' id='word_1_283' title='bbox 2090 1185 2325 1241; x_wconf 90' lang='lat' dir='ltr'><strong>ﬁdelium</strong></span> <span class='ocrx_word' id='word_1_284' title='bbox 2355 1184 2424 1238; x_wconf 89' lang='lat' dir='ltr'><strong>ad</strong></span> <span class='ocrx_word' id='word_1_285' title='bbox 2447 1183 2688 1240; x_wconf 90' lang='lat' dir='ltr'><strong>cavenda</strong></span> <span class='ocrx_word' id='word_1_286' title='bbox 2717 1182 2859 1237; x_wconf 91' lang='lat' dir='ltr'><strong>mala</strong></span> <span class='ocrx_word' id='word_1_287' title='bbox 2890 1180 3160 1259; x_wconf 73' lang='lat' dir='ltr'><strong>subtiliter</strong></span> <span class='ocrx_word' id='word_1_288' title='bbox 3176 1182 3377 1247; x_wconf 86' lang='lat' dir='ltr'><strong>erudit,</strong></span> <span class='ocrx_word' id='word_1_289' title='bbox 3424 1184 3675 1252; x_wconf 86' lang='lat' dir='ltr'><strong>quotidie</strong></span> 
     </span>
    </p>
   </div>
   <div class='ocr_carea' id='block_1_43' title="bbox 2095 1272 3675 1343">
    <p class='ocr_par' dir='ltr' id='par_1_43' title="bbox 2095 1272 3675 1343">
     <span class='ocr_line' id='line_1_43' title="bbox 2095 1272 3675 1343; baseline 0 -13"><span class='ocrx_word' id='word_1_290' title='bbox 2095 1276 2291 1330; x_wconf 87' lang='lat' dir='ltr'><strong>veritas</strong></span> <span class='ocrx_word' id='word_1_291' title='bbox 2317 1273 2373 1328; x_wconf 92' lang='lat' dir='ltr'><strong>in</strong></span> <span class='ocrx_word' id='word_1_292' title='bbox 2422 1272 2622 1343; x_wconf 92' lang='lat' dir='ltr'><strong>templo</strong></span> <span class='ocrx_word' id='word_1_293' title='bbox 2669 1272 2847 1338; x_wconf 89' lang='lat' dir='ltr'><strong>docet,</strong></span> <span class='ocrx_word' id='word_1_294' title='bbox 2897 1272 2993 1328; x_wconf 87' lang='lat' dir='ltr'><strong>sed</strong></span> <span class='ocrx_word' id='word_1_295' title='bbox 3022 1279 3151 1327; x_wconf 88' lang='lat' dir='ltr'><strong>tunc</strong></span> <span class='ocrx_word' id='word_1_296' title='bbox 3195 1272 3445 1327; x_wconf 85' lang='lat' dir='ltr'><strong>veritatis</strong></span> <span class='ocrx_word' id='word_1_297' title='bbox 3492 1275 3675 1330; x_wconf 85' lang='lat' dir='ltr'><strong>verbis</strong></span> 
     </span>
    </p>
   </div>
   <div class='ocr_carea' id='block_1_44' title="bbox 2090 1364 3674 1433">
    <p class='ocr_par' dir='ltr' id='par_1_44' title="bbox 2090 1364 3674 1433">
     <span class='ocr_line' id='line_1_44' title="bbox 2090 1364 3674 1433; baseline -0.001 -10"><span class='ocrx_word' id='word_1_298' title='bbox 2090 1369 2359 1425; x_wconf 84' lang='lat' dir='ltr'><strong>veraciter</strong></span> <span class='ocrx_word' id='word_1_299' title='bbox 2375 1367 2649 1433; x_wconf 86' lang='lat' dir='ltr'><strong>docemur,</strong></span> <span class='ocrx_word' id='word_1_300' title='bbox 2679 1366 2726 1420; x_wconf 91' lang='lat' dir='ltr'><strong>si</strong></span> <span class='ocrx_word' id='word_1_301' title='bbox 2751 1374 2996 1421; x_wconf 83' lang='lat' dir='ltr'><strong>extrema</strong></span> <span class='ocrx_word' id='word_1_302' title='bbox 3028 1364 3172 1420; x_wconf 86' lang='lat' dir='ltr'><strong>mala</strong></span> <span class='ocrx_word' id='word_1_303' title='bbox 3196 1374 3380 1421; x_wconf 89' lang='lat' dir='ltr'><strong>nostra</strong></span> <span class='ocrx_word' id='word_1_304' title='bbox 3410 1366 3674 1423; x_wconf 83' lang='lat' dir='ltr'><strong>formido-</strong></span> 
     </span>
    </p>
   </div>
   <div class='ocr_carea' id='block_1_45' title="bbox 2089 1454 3673 1524">
    <p class='ocr_par' dir='ltr' id='par_1_45' title="bbox 2089 1454 3673 1524">
     <span class='ocr_line' id='line_1_45' title="bbox 2089 1454 3673 1524; baseline 0.001 -13"><span class='ocrx_word' id='word_1_305' title='bbox 2089 1457 2203 1513; x_wconf 90' lang='lat' dir='ltr'><strong>lose</strong></span> <span class='ocrx_word' id='word_1_306' title='bbox 2224 1464 2279 1512; x_wconf 91' lang='lat' dir='ltr'><strong>et</strong></span> <span class='ocrx_word' id='word_1_307' title='bbox 2306 1455 2672 1512; x_wconf 89' lang='lat' dir='ltr'><strong>indesinenter</strong></span> <span class='ocrx_word' id='word_1_308' title='bbox 2695 1454 3011 1524; x_wconf 89' lang='lat' dir='ltr'><strong>aspicimus,</strong></span> <span class='ocrx_word' id='word_1_309' title='bbox 3032 1454 3186 1523; x_wconf 83' lang='lat' dir='ltr'><strong>juxta</strong></span> <span class='ocrx_word' id='word_1_310' title='bbox 3209 1455 3338 1510; x_wconf 91' lang='lat' dir='ltr'><strong>illud</strong></span> <span class='ocrx_word' id='word_1_311' title='bbox 3368 1475 3382 1509; x_wconf 88' lang='lat'><strong>:</strong></span> <span class='ocrx_word' id='word_1_312' title='bbox 3416 1456 3485 1510; x_wconf 91' lang='lat' dir='ltr'><strong>In</strong></span> <span class='ocrx_word' id='word_1_313' title='bbox 3499 1459 3673 1512; x_wconf 74' lang='lat' dir='ltr'><strong>omni-</strong></span> 
     </span>
    </p>
   </div>
   <div class='ocr_carea' id='block_1_46' title="bbox 2093 1542 3677 1620">
    <p class='ocr_par' dir='ltr' id='par_1_46' title="bbox 2093 1542 3677 1620">
     <span class='ocr_line' id='line_1_46' title="bbox 2093 1542 3677 1620; baseline -0.001 -17"><span class='ocrx_word' id='word_1_314' title='bbox 2093 1548 2188 1604; x_wconf 88' lang='lat' dir='ltr'><strong>bus</strong></span> <span class='ocrx_word' id='word_1_315' title='bbox 2210 1548 2451 1620; x_wconf 80' lang='lat' dir='ltr'><strong>operibus</strong></span> <span class='ocrx_word' id='word_1_316' title='bbox 2473 1548 2578 1601; x_wconf 88' lang='lat' dir='ltr'><strong>tuis</strong></span> <span class='ocrx_word' id='word_1_317' title='bbox 2605 1542 2899 1600; x_wconf 68' lang='lat' dir='ltr'><strong>memorare</strong></span> <span class='ocrx_word' id='word_1_318' title='bbox 2924 1547 3203 1601; x_wconf 82' lang='lat' dir='ltr'><strong>novissima</strong></span> <span class='ocrx_word' id='word_1_319' title='bbox 3225 1558 3336 1613; x_wconf 81' lang='lat' dir='ltr'><strong>tua,</strong></span> <span class='ocrx_word' id='word_1_320' title='bbox 3366 1549 3495 1602; x_wconf 85' lang='lat' dir='ltr'><strong>etin</strong></span> <span class='ocrx_word' id='word_1_321' title='bbox 3526 1559 3677 1603; x_wconf 73' lang='lat' dir='ltr'><strong>(cter-</strong></span> 
     </span>
    </p>
   </div>
   <div class='ocr_carea' id='block_1_47' title="bbox 2092 1638 2631 1710">
    <p class='ocr_par' dir='ltr' id='par_1_47' title="bbox 2092 1638 2631 1710">
     <span class='ocr_line' id='line_1_47' title="bbox 2092 1638 2631 1710; baseline -0.007 -15"><span class='ocrx_word' id='word_1_322' title='bbox 2092 1656 2220 1696; x_wconf 79' lang='lat' dir='ltr'><strong>num</strong></span> <span class='ocrx_word' id='word_1_323' title='bbox 2244 1656 2349 1695; x_wconf 88' lang='lat' dir='ltr'><strong>non</strong></span> <span class='ocrx_word' id='word_1_324' title='bbox 2374 1638 2631 1710; x_wconf 83' lang='lat' dir='ltr'><strong>peccabis.</strong></span> 
     </span>
    </p>
   </div>
   <div class='ocr_carea' id='block_1_48' title="bbox 2295 1767 3466 1827">
    <p class='ocr_par' dir='ltr' id='par_1_48' title="bbox 2295 1767 3466 1827">
     <span class='ocr_line' id='line_1_48' title="bbox 2295 1767 3466 1827; baseline 0 0"><span class='ocrx_word' id='word_1_325' title='bbox 2295 1771 2366 1827; x_wconf 82' lang='lat' dir='ltr'><strong>IN</strong></span> <span class='ocrx_word' id='word_1_326' title='bbox 2403 1771 2655 1827; x_wconf 78' lang='lat' dir='ltr'><strong>NATALI</strong></span> <span class='ocrx_word' id='word_1_327' title='bbox 2693 1767 2985 1826; x_wconf 64' lang='lat' dir='ltr'><strong>SANCTIE</strong></span> <span class='ocrx_word' id='word_1_328' title='bbox 3022 1768 3466 1827; x_wconf 78' lang='lat' dir='ltr'><strong>FELICITATIS.</strong></span> 
     </span>
    </p>
   </div>
   <div class='ocr_carea' id='block_1_49' title="bbox 2385 1896 3404 1949">
    <p class='ocr_par' dir='ltr' id='par_1_49' title="bbox 2385 1896 3404 1949">
     <span class='ocr_line' id='line_1_49' title="bbox 2385 1896 3404 1949; baseline -0.001 -12"><span class='ocrx_word' id='word_1_329' title='bbox 2385 1897 2579 1937; x_wconf 77' lang='grc' dir='ltr'><strong>ιεοτιο</strong></span> <span class='ocrx_word' id='word_1_330' title='bbox 2603 1896 3035 1949; x_wconf 62' lang='lat' dir='ltr'><strong>PBOVERBIORUM,</strong></span> <span class='ocrx_word' id='word_1_331' title='bbox 3061 1898 3255 1937; x_wconf 67' lang='lat' dir='ltr'><strong>CAPIT}:</strong></span> <span class='ocrx_word' id='word_1_332' title='bbox 3280 1899 3404 1937; x_wconf 78' lang='lat' dir='ltr'><strong>ULT.</strong></span> 
     </span>
    </p>
   </div>
   <div class='ocr_carea' id='block_1_50' title="bbox 2173 1994 3685 2066">
    <p class='ocr_par' dir='ltr' id='par_1_50' title="bbox 2173 1994 3685 2066">
     <span class='ocr_line' id='line_1_50' title="bbox 2173 1994 3685 2066; baseline 0.002 -16"><span class='ocrx_word' id='word_1_333' title='bbox 2173 2015 2196 2050; x_wconf 85' lang='grc'>‹</span> <span class='ocrx_word' id='word_1_334' title='bbox 2236 1995 2518 2051; x_wconf 81' lang='lat' dir='ltr'><strong>Mulierem</strong></span> <span class='ocrx_word' id='word_1_335' title='bbox 2543 1994 2740 2051; x_wconf 81' lang='lat' dir='ltr'><strong>fortem</strong></span> <span class='ocrx_word' id='word_1_336' title='bbox 2770 1995 2894 2065; x_wconf 90' lang='lat' dir='ltr'><strong>quis</strong></span> <span class='ocrx_word' id='word_1_337' title='bbox 2945 1995 3228 2051; x_wconf 86' lang='lat' dir='ltr'><strong>inveniet?</strong></span> <span class='ocrx_word' id='word_1_338' title='bbox 3269 1995 3460 2066; x_wconf 90' lang='lat' dir='ltr'><strong>procul</strong></span> <span class='ocrx_word' id='word_1_339' title='bbox 3514 2005 3571 2051; x_wconf 80' lang='lat' dir='ltr'><strong>et</strong></span> <span class='ocrx_word' id='word_1_340' title='bbox 3617 1998 3685 2053; x_wconf 79' lang='lat' dir='ltr'><strong>de</strong></span> 
     </span>
    </p>
   </div>
   <div class='ocr_carea' id='block_1_51' title="bbox 2104 2085 3687 2158">
    <p class='ocr_par' dir='ltr' id='par_1_51' title="bbox 2104 2085 3687 2158">
     <span class='ocr_line' id='line_1_51' title="bbox 2104 2085 3687 2158; baseline 0.002 -17"><span class='ocrx_word' id='word_1_341' title='bbox 2104 2108 2127 2141; x_wconf 83' lang='grc'><strong><em>‹</em></strong></span> <span class='ocrx_word' id='word_1_342' title='bbox 2171 2089 2376 2145; x_wconf 88' lang='lat' dir='ltr'><strong>ultimis</strong></span> <span class='ocrx_word' id='word_1_343' title='bbox 2421 2087 2617 2144; x_wconf 84' lang='lat' dir='ltr'><strong>ﬁnibus</strong></span> <span class='ocrx_word' id='word_1_344' title='bbox 2636 2087 2869 2158; x_wconf 89' lang='lat' dir='ltr'><strong>pretium</strong></span> <span class='ocrx_word' id='word_1_345' title='bbox 2906 2087 3043 2155; x_wconf 90' lang='lat' dir='ltr'><strong>ejus.</strong></span> <span class='ocrx_word' id='word_1_346' title='bbox 3090 2085 3326 2142; x_wconf 89' lang='lat' dir='ltr'><strong>Conﬁdit</strong></span> <span class='ocrx_word' id='word_1_347' title='bbox 3376 2089 3429 2142; x_wconf 81' lang='lat' dir='ltr'><strong>in</strong></span> <span class='ocrx_word' id='word_1_348' title='bbox 3476 2103 3540 2142; x_wconf 90' lang='lat' dir='ltr'><strong>ea</strong></span> <span class='ocrx_word' id='word_1_349' title='bbox 3589 2105 3687 2144; x_wconf 86' lang='lat' dir='ltr'><strong>cor</strong></span> 
     </span>
    </p>
   </div>
   <div class='ocr_carea' id='block_1_52' title="bbox 2107 2177 3679 2249">
    <p class='ocr_par' dir='ltr' id='par_1_52' title="bbox 2107 2177 3679 2249">
     <span class='ocr_line' id='line_1_52' title="bbox 2107 2177 3679 2249; baseline 0.003 -18"><span class='ocrx_word' id='word_1_350' title='bbox 2107 2198 2127 2231; x_wconf 72' lang='grc' dir='ltr'><strong>ε</strong></span> <span class='ocrx_word' id='word_1_351' title='bbox 2170 2178 2275 2233; x_wconf 88' lang='lat' dir='ltr'><strong>viri</strong></span> <span class='ocrx_word' id='word_1_352' title='bbox 2302 2178 2406 2244; x_wconf 90' lang='lat' dir='ltr'><strong>sui,</strong></span> <span class='ocrx_word' id='word_1_353' title='bbox 2436 2186 2492 2232; x_wconf 90' lang='lat' dir='ltr'><strong>et</strong></span> <span class='ocrx_word' id='word_1_354' title='bbox 2517 2177 2702 2248; x_wconf 88' lang='lat' dir='ltr'><strong>spoliis</strong></span> <span class='ocrx_word' id='word_1_355' title='bbox 2728 2193 2836 2232; x_wconf 93' lang='lat' dir='ltr'><strong>non</strong></span> <span class='ocrx_word' id='word_1_356' title='bbox 2854 2177 3130 2249; x_wconf 84' lang='lat' dir='ltr'><strong>indigebit.</strong></span> <span class='ocrx_word' id='word_1_357' title='bbox 3160 2177 3372 2233; x_wconf 80' lang='lat' dir='ltr'><strong>Reddet</strong></span> <span class='ocrx_word' id='word_1_358' title='bbox 3396 2179 3447 2234; x_wconf 90' lang='lat' dir='ltr'><strong>ei</strong></span> <span class='ocrx_word' id='word_1_359' title='bbox 3477 2180 3679 2235; x_wconf 87' lang='lat' dir='ltr'><strong>bonum</strong></span> 
     </span>
    </p>
   </div>
   <div class='ocr_carea' id='block_1_53' title="bbox 2108 2268 3685 2338">
    <p class='ocr_par' dir='ltr' id='par_1_53' title="bbox 2108 2268 3685 2338">
     <span class='ocr_line' id='line_1_53' title="bbox 2108 2268 3685 2338; baseline 0.003 -17"><span class='ocrx_word' id='word_1_360' title='bbox 2108 2287 2128 2321; x_wconf 83' lang='grc'><strong>‹</strong></span> <span class='ocrx_word' id='word_1_361' title='bbox 2172 2277 2358 2323; x_wconf 91' lang='lat' dir='ltr'><strong>etnon</strong></span> <span class='ocrx_word' id='word_1_362' title='bbox 2387 2268 2612 2334; x_wconf 88' lang='lat' dir='ltr'><strong>malum,</strong></span> <span class='ocrx_word' id='word_1_363' title='bbox 2638 2269 2890 2324; x_wconf 89' lang='lat' dir='ltr'><strong>omnibus</strong></span> <span class='ocrx_word' id='word_1_364' title='bbox 2910 2268 3098 2323; x_wconf 89' lang='lat' dir='ltr'><strong>diebus</strong></span> <span class='ocrx_word' id='word_1_365' title='bbox 3118 2269 3242 2323; x_wconf 70' lang='lat' dir='ltr'><strong>vitae</strong></span> <span class='ocrx_word' id='word_1_366' title='bbox 3261 2284 3391 2324; x_wconf 69' lang='lat' dir='ltr'><strong>suae.</strong></span> <span class='ocrx_word' id='word_1_367' title='bbox 3419 2270 3685 2338; x_wconf 68' lang='lat' dir='ltr'><strong>Quaesivit</strong></span> 
     </span>
    </p>
   </div>
   <div class='ocr_carea' id='block_1_54' title="bbox 2109 2357 3679 2428">
    <p class='ocr_par' dir='ltr' id='par_1_54' title="bbox 2109 2357 3679 2428">
     <span class='ocr_line' id='line_1_54' title="bbox 2109 2357 3679 2428; baseline 0.004 -19"><span class='ocrx_word' id='word_1_368' title='bbox 2109 2375 2128 2409; x_wconf 77' lang='grc' dir='ltr'>ι</span> <span class='ocrx_word' id='word_1_369' title='bbox 2177 2358 2359 2412; x_wconf 90' lang='lat' dir='ltr'><strong>lanam</strong></span> <span class='ocrx_word' id='word_1_370' title='bbox 2384 2364 2441 2411; x_wconf 85' lang='lat' dir='ltr'><strong>et</strong></span> <span class='ocrx_word' id='word_1_371' title='bbox 2468 2357 2659 2423; x_wconf 88' lang='lat' dir='ltr'><strong>linmn,</strong></span> <span class='ocrx_word' id='word_1_372' title='bbox 2688 2365 2745 2413; x_wconf 88' lang='lat' dir='ltr'><strong>et</strong></span> <span class='ocrx_word' id='word_1_373' title='bbox 2767 2365 2993 2428; x_wconf 86' lang='lat' dir='ltr'><strong>operata</strong></span> <span class='ocrx_word' id='word_1_374' title='bbox 3020 2366 3104 2413; x_wconf 89' lang='lat' dir='ltr'><strong>est</strong></span> <span class='ocrx_word' id='word_1_375' title='bbox 3137 2358 3368 2415; x_wconf 88' lang='lat' dir='ltr'><strong>consilio</strong></span> <span class='ocrx_word' id='word_1_376' title='bbox 3413 2375 3679 2415; x_wconf 81' lang='lat' dir='ltr'><strong>manuum</strong></span> 
     </span>
    </p>
   </div>
   <div class='ocr_carea' id='block_1_55' title="bbox 2109 2447 3683 2523">
    <p class='ocr_par' dir='ltr' id='par_1_55' title="bbox 2109 2447 3683 2523">
     <span class='ocr_line' id='line_1_55' title="bbox 2109 2447 3683 2523; baseline 0.004 -23"><span class='ocrx_word' id='word_1_377' title='bbox 2109 2466 2129 2500; x_wconf 71' lang='grc' dir='ltr'>ι</span> <span class='ocrx_word' id='word_1_378' title='bbox 2175 2464 2416 2513; x_wconf 90' lang='lat' dir='ltr'><strong>suarum,</strong></span> <span class='ocrx_word' id='word_1_379' title='bbox 2446 2447 2589 2503; x_wconf 84' lang='lat' dir='ltr'><strong>facta</strong></span> <span class='ocrx_word' id='word_1_380' title='bbox 2608 2457 2696 2504; x_wconf 90' lang='lat' dir='ltr'><strong>est</strong></span> <span class='ocrx_word' id='word_1_381' title='bbox 2716 2450 2871 2519; x_wconf 88' lang='lat' dir='ltr'><strong>quasi</strong></span> <span class='ocrx_word' id='word_1_382' title='bbox 2909 2450 3063 2505; x_wconf 88' lang='lat' dir='ltr'><strong>navis</strong></span> <span class='ocrx_word' id='word_1_383' title='bbox 3098 2450 3396 2516; x_wconf 88' lang='lat' dir='ltr'><strong>institoris,</strong></span> <span class='ocrx_word' id='word_1_384' title='bbox 3424 2452 3491 2506; x_wconf 91' lang='lat' dir='ltr'><strong>de</strong></span> <span class='ocrx_word' id='word_1_385' title='bbox 3518 2452 3683 2523; x_wconf 84' lang='lat' dir='ltr'><strong>longe</strong></span> 
     </span>
    </p>
   </div>
   <div class='ocr_carea' id='block_1_56' title="bbox 2110 2539 3686 2609">
    <p class='ocr_par' dir='ltr' id='par_1_56' title="bbox 2110 2539 3686 2609">
     <span class='ocr_line' id='line_1_56' title="bbox 2110 2539 3686 2609; baseline 0.005 -21"><span class='ocrx_word' id='word_1_386' title='bbox 2110 2555 2131 2588; x_wconf 74' lang='grc' dir='ltr'>ι</span> <span class='ocrx_word' id='word_1_387' title='bbox 2169 2546 2396 2609; x_wconf 88' lang='lat' dir='ltr'><strong>portans</strong></span> <span class='ocrx_word' id='word_1_388' title='bbox 2428 2553 2624 2608; x_wconf 88' lang='lat' dir='ltr'><strong>panem</strong></span> <span class='ocrx_word' id='word_1_389' title='bbox 2647 2555 2822 2594; x_wconf 88' lang='lat' dir='ltr'><strong>suum.</strong></span> <span class='ocrx_word' id='word_1_390' title='bbox 2848 2539 2916 2594; x_wconf 85' lang='lat' dir='ltr'><strong>Et</strong></span> <span class='ocrx_word' id='word_1_391' title='bbox 2940 2540 3008 2595; x_wconf 91' lang='lat' dir='ltr'><strong>de</strong></span> <span class='ocrx_word' id='word_1_392' title='bbox 3033 2549 3193 2596; x_wconf 91' lang='lat' dir='ltr'><strong>nocte</strong></span> <span class='ocrx_word' id='word_1_393' title='bbox 3220 2541 3473 2605; x_wconf 80' lang='lat' dir='ltr'><strong>surrexit,</strong></span> <span class='ocrx_word' id='word_1_394' title='bbox 3501 2541 3686 2597; x_wconf 85' lang='lat' dir='ltr'><strong>dedit—</strong></span> 
     </span>
    </p>
   </div>
   <div class='ocr_carea' id='block_1_57' title="bbox 2109 2630 3686 2701">
    <p class='ocr_par' dir='ltr' id='par_1_57' title="bbox 2109 2630 3686 2701">
     <span class='ocr_line' id='line_1_57' title="bbox 2109 2630 3686 2701; baseline 0.005 -21"><span class='ocrx_word' id='word_1_395' title='bbox 2109 2646 2128 2680; x_wconf 75' lang='lat' dir='ltr'><strong>l</strong></span> <span class='ocrx_word' id='word_1_396' title='bbox 2174 2644 2280 2699; x_wconf 89' lang='lat' dir='ltr'><strong>que</strong></span> <span class='ocrx_word' id='word_1_397' title='bbox 2306 2630 2544 2701; x_wconf 62' lang='lat' dir='ltr'><strong>pradam</strong></span> <span class='ocrx_word' id='word_1_398' title='bbox 2585 2630 2898 2686; x_wconf 86' lang='lat' dir='ltr'><strong>domesticis</strong></span> <span class='ocrx_word' id='word_1_399' title='bbox 2942 2631 3075 2697; x_wconf 88' lang='lat' dir='ltr'><strong>suis,</strong></span> <span class='ocrx_word' id='word_1_400' title='bbox 3123 2640 3179 2686; x_wconf 91' lang='lat' dir='ltr'><strong>et</strong></span> <span class='ocrx_word' id='word_1_401' title='bbox 3231 2632 3432 2687; x_wconf 82' lang='lat' dir='ltr'><strong>cibaria</strong></span> <span class='ocrx_word' id='word_1_402' title='bbox 3463 2633 3686 2688; x_wconf 88' lang='lat' dir='ltr'><strong>ancillis</strong></span> 
     </span>
    </p>
   </div>
   <div class='ocr_carea' id='block_1_58' title="bbox 2110 2719 3685 2791">
    <p class='ocr_par' dir='ltr' id='par_1_58' title="bbox 2110 2719 3685 2791">
     <span class='ocr_line' id='line_1_58' title="bbox 2110 2719 3685 2791; baseline 0.004 -20"><span class='ocrx_word' id='word_1_403' title='bbox 2110 2739 2130 2771; x_wconf 71' lang='grc' dir='ltr'>ι</span> <span class='ocrx_word' id='word_1_404' title='bbox 2175 2721 2308 2777; x_wconf 89' lang='lat' dir='ltr'><strong>suis.</strong></span> <span class='ocrx_word' id='word_1_405' title='bbox 2354 2719 2728 2775; x_wconf 88' lang='lat' dir='ltr'><strong>Consideravit</strong></span> <span class='ocrx_word' id='word_1_406' title='bbox 2753 2736 2946 2791; x_wconf 83' lang='lat' dir='ltr'><strong>agrum</strong></span> <span class='ocrx_word' id='word_1_407' title='bbox 2971 2730 3028 2777; x_wconf 90' lang='lat' dir='ltr'><strong>et</strong></span> <span class='ocrx_word' id='word_1_408' title='bbox 3053 2723 3187 2776; x_wconf 91' lang='lat' dir='ltr'><strong>emit</strong></span> <span class='ocrx_word' id='word_1_409' title='bbox 3209 2737 3335 2777; x_wconf 90' lang='lat' dir='ltr'><strong>eum</strong></span> <span class='ocrx_word' id='word_1_410' title='bbox 3359 2763 3377 2787; x_wconf 92' lang='lat'><strong>,</strong></span> <span class='ocrx_word' id='word_1_411' title='bbox 3409 2724 3476 2778; x_wconf 91' lang='lat' dir='ltr'><strong>de</strong></span> <span class='ocrx_word' id='word_1_412' title='bbox 3500 2723 3685 2778; x_wconf 77' lang='lat' dir='ltr'><strong>fructu</strong></span> 
     </span>
    </p>
   </div>
   <div class='ocr_carea' id='block_1_59' title="bbox 2112 2812 3688 2883">
    <p class='ocr_par' dir='ltr' id='par_1_59' title="bbox 2112 2812 3688 2883">
     <span class='ocr_line' id='line_1_59' title="bbox 2112 2812 3688 2883; baseline 0.004 -20"><span class='ocrx_word' id='word_1_413' title='bbox 2112 2830 2131 2863; x_wconf 85' lang='grc'><strong>‹</strong></span> <span class='ocrx_word' id='word_1_414' title='bbox 2176 2826 2434 2867; x_wconf 90' lang='lat' dir='ltr'><strong>manuum</strong></span> <span class='ocrx_word' id='word_1_415' title='bbox 2467 2824 2692 2867; x_wconf 88' lang='lat' dir='ltr'><strong>suarum</strong></span> <span class='ocrx_word' id='word_1_416' title='bbox 2720 2812 2990 2883; x_wconf 80' lang='lat' dir='ltr'><strong>plantavit</strong></span> <span class='ocrx_word' id='word_1_417' title='bbox 3021 2812 3259 2868; x_wconf 86' lang='lat' dir='ltr'><strong>vineam.</strong></span> <span class='ocrx_word' id='word_1_418' title='bbox 3299 2813 3552 2869; x_wconf 78' lang='lat' dir='ltr'><strong>Accinxit</strong></span> <span class='ocrx_word' id='word_1_419' title='bbox 3572 2814 3688 2869; x_wconf 85' lang='lat' dir='ltr'><strong>for-</strong></span> 
     </span>
    </p>
   </div>
   <div class='ocr_carea' id='block_1_60' title="bbox 2115 2902 3691 2968">
    <p class='ocr_par' dir='ltr' id='par_1_60' title="bbox 2115 2902 3691 2968">
     <span class='ocr_line' id='line_1_60' title="bbox 2115 2902 3691 2968; baseline 0.002 -12"><span class='ocrx_word' id='word_1_420' title='bbox 2115 2920 2134 2954; x_wconf 75' lang='grc' dir='ltr'><strong>ε</strong></span> <span class='ocrx_word' id='word_1_421' title='bbox 2183 2902 2415 2957; x_wconf 89' lang='lat' dir='ltr'><strong>titudine</strong></span> <span class='ocrx_word' id='word_1_422' title='bbox 2472 2902 2687 2958; x_wconf 89' lang='lat' dir='ltr'><strong>lumbos</strong></span> <span class='ocrx_word' id='word_1_423' title='bbox 2741 2918 2868 2958; x_wconf 90' lang='lat' dir='ltr'><strong>suos</strong></span> <span class='ocrx_word' id='word_1_424' title='bbox 2893 2942 2910 2968; x_wconf 85' lang='lat'><strong>,</strong></span> <span class='ocrx_word' id='word_1_425' title='bbox 2962 2911 3020 2959; x_wconf 90' lang='lat' dir='ltr'><strong>et</strong></span> <span class='ocrx_word' id='word_1_426' title='bbox 3074 2904 3347 2958; x_wconf 87' lang='lat' dir='ltr'><strong>roboravit</strong></span> <span class='ocrx_word' id='word_1_427' title='bbox 3405 2905 3691 2960; x_wconf 84' lang='lat' dir='ltr'><strong>brachium</strong></span> 
     </span>
    </p>
   </div>
   <div class='ocr_carea' id='block_1_61' title="bbox 2118 2993 3695 3064">
    <p class='ocr_par' dir='ltr' id='par_1_61' title="bbox 2118 2993 3695 3064">
     <span class='ocr_line' id='line_1_61' title="bbox 2118 2993 3695 3064; baseline 0.002 -18"><span class='ocrx_word' id='word_1_428' title='bbox 2118 3012 2138 3046; x_wconf 78' lang='grc' dir='ltr'>ι</span> <span class='ocrx_word' id='word_1_429' title='bbox 2185 3009 2362 3050; x_wconf 89' lang='lat' dir='ltr'><strong>suum.</strong></span> <span class='ocrx_word' id='word_1_430' title='bbox 2387 2993 2636 3049; x_wconf 85' lang='lat' dir='ltr'><strong>Gustavit</strong></span> <span class='ocrx_word' id='word_1_431' title='bbox 2671 3002 2729 3049; x_wconf 92' lang='lat' dir='ltr'><strong>et</strong></span> <span class='ocrx_word' id='word_1_432' title='bbox 2758 2995 2914 3061; x_wconf 88' lang='lat' dir='ltr'><strong>vidit,</strong></span> <span class='ocrx_word' id='word_1_433' title='bbox 2954 2994 3079 3064; x_wconf 87' lang='lat' dir='ltr'><strong>quia</strong></span> <span class='ocrx_word' id='word_1_434' title='bbox 3116 2995 3255 3049; x_wconf 91' lang='lat' dir='ltr'><strong>bona</strong></span> <span class='ocrx_word' id='word_1_435' title='bbox 3285 3002 3370 3049; x_wconf 89' lang='lat' dir='ltr'><strong>est</strong></span> <span class='ocrx_word' id='word_1_436' title='bbox 3396 2996 3695 3064; x_wconf 83' lang='lat' dir='ltr'><strong>negotiatio</strong></span> 
     </span>
    </p>
   </div>
   <div class='ocr_carea' id='block_1_62' title="bbox 430 3085 3691 3172">
    <p class='ocr_par' dir='ltr' id='par_1_62' title="bbox 430 3085 3691 3172">
     <span class='ocr_line' id='line_1_62' title="bbox 430 3085 3691 3172; baseline -0.008 -8"><span class='ocrx_word' id='word_1_437' title='bbox 430 3085 715 3171; x_wconf 76' lang='lat' dir='ltr'><strong>miraculo,</strong></span> <span class='ocrx_word' id='word_1_438' title='bbox 742 3116 798 3160; x_wconf 90' lang='lat' dir='ltr'><strong>ut</strong></span> <span class='ocrx_word' id='word_1_439' title='bbox 830 3114 886 3159; x_wconf 89' lang='lat' dir='ltr'><strong>et</strong></span> <span class='ocrx_word' id='word_1_440' title='bbox 914 3117 1036 3157; x_wconf 88' lang='lat' dir='ltr'><strong>vera</strong></span> <span class='ocrx_word' id='word_1_441' title='bbox 1068 3116 1188 3172; x_wconf 84' lang='lat' dir='ltr'><strong>quae</strong></span> <span class='ocrx_word' id='word_1_442' title='bbox 1214 3091 1492 3155; x_wconf 86' lang='lat' dir='ltr'><strong>nesciebat</strong></span> <span class='ocrx_word' id='word_1_443' title='bbox 1512 3097 1716 3163; x_wconf 88' lang='lat' dir='ltr'><strong>audiat,</strong></span> <span class='ocrx_word' id='word_1_444' title='bbox 1748 3103 1807 3151; x_wconf 91' lang='lat' dir='ltr'><strong>et</strong></span> <span class='ocrx_word' id='word_1_445' title='bbox 1830 3104 2009 3150; x_wconf 88' lang='lat' dir='ltr'><strong>tamen</strong></span> <span class='ocrx_word' id='word_1_446' title='bbox 2036 3087 2081 3150; x_wconf 89' lang='lat' dir='ltr'><strong>C</strong></span> <span class='ocrx_word' id='word_1_447' title='bbox 2117 3104 2138 3139; x_wconf 75' lang='grc' dir='ltr'>ι</span> <span class='ocrx_word' id='word_1_448' title='bbox 2182 3086 2322 3155; x_wconf 67' lang='lat'><strong>8108.</strong></span> <span class='ocrx_word' id='word_1_449' title='bbox 2348 3102 2455 3142; x_wconf 89' lang='lat' dir='ltr'><strong>non</strong></span> <span class='ocrx_word' id='word_1_450' title='bbox 2490 3087 2863 3157; x_wconf 72' lang='lat' dir='ltr'><strong>exstinguetur</strong></span> <span class='ocrx_word' id='word_1_451' title='bbox 2885 3086 2938 3140; x_wconf 90' lang='lat' dir='ltr'><strong>in</strong></span> <span class='ocrx_word' id='word_1_452' title='bbox 2967 3094 3125 3141; x_wconf 83' lang='lat' dir='ltr'><strong>nocte</strong></span> <span class='ocrx_word' id='word_1_453' title='bbox 3152 3085 3374 3140; x_wconf 87' lang='lat' dir='ltr'><strong>lucerna</strong></span> <span class='ocrx_word' id='word_1_454' title='bbox 3404 3085 3544 3154; x_wconf 88' lang='lat' dir='ltr'><strong>ejus.</strong></span> <span class='ocrx_word' id='word_1_455' title='bbox 3576 3086 3691 3139; x_wconf 65' lang='lat' dir='ltr'><strong>iia—</strong></span> 
     </span>
    </p>
   </div>
   <div class='ocr_carea' id='block_1_63' title="bbox 431 3186 2008 3267">
    <p class='ocr_par' dir='ltr' id='par_1_63' title="bbox 431 3186 2008 3267">
     <span class='ocr_line' id='line_1_63' title="bbox 431 3186 2008 3267; baseline -0.01 -11"><span class='ocrx_word' id='word_1_456' title='bbox 431 3200 607 3255; x_wconf 88' lang='lat' dir='ltr'><strong>adbuc</strong></span> <span class='ocrx_word' id='word_1_457' title='bbox 655 3195 973 3267; x_wconf 88' lang='lat' dir='ltr'><strong>superbiens</strong></span> <span class='ocrx_word' id='word_1_458' title='bbox 1014 3201 1183 3262; x_wconf 85' lang='lat' dir='ltr'><strong>atque</strong></span> <span class='ocrx_word' id='word_1_459' title='bbox 1230 3199 1617 3254; x_wconf 83' lang='lat' dir='ltr'><strong>contemnens,</strong></span> <span class='ocrx_word' id='word_1_460' title='bbox 1684 3195 1779 3243; x_wconf 90' lang='lat' dir='ltr'><strong>aut</strong></span> <span class='ocrx_word' id='word_1_461' title='bbox 1826 3186 2008 3243; x_wconf 89' lang='lat' dir='ltr'><strong>dolore</strong></span> 
     </span>
    </p>
   </div>
   <div class='ocr_carea' id='block_1_64' title="bbox 429 3276 2003 3360">
    <p class='ocr_par' dir='ltr' id='par_1_64' title="bbox 429 3276 2003 3360">
     <span class='ocr_line' id='line_1_64' title="bbox 429 3276 2003 3360; baseline -0.01 -14"><span class='ocrx_word' id='word_1_462' title='bbox 429 3297 750 3360; x_wconf 89' lang='lat' dir='ltr'><strong>compuncta</strong></span> <span class='ocrx_word' id='word_1_463' title='bbox 804 3285 1006 3350; x_wconf 90' lang='lat' dir='ltr'><strong>redeat,</strong></span> <span class='ocrx_word' id='word_1_464' title='bbox 1060 3291 1154 3337; x_wconf 89' lang='lat' dir='ltr'><strong>aut</strong></span> <span class='ocrx_word' id='word_1_465' title='bbox 1199 3280 1476 3337; x_wconf 75' lang='lat' dir='ltr'><strong>beneﬁCiis</strong></span> <span class='ocrx_word' id='word_1_466' title='bbox 1517 3280 1761 3343; x_wconf 90' lang='lat' dir='ltr'><strong>devicta,</strong></span> <span class='ocrx_word' id='word_1_467' title='bbox 1802 3276 2003 3332; x_wconf 89' lang='lat' dir='ltr'><strong>malum</strong></span> 
     </span>
    </p>
   </div>
   <div class='ocr_carea' id='block_1_65' title="bbox 432 3369 2009 3450">
    <p class='ocr_par' dir='ltr' id='par_1_65' title="bbox 432 3369 2009 3450">
     <span class='ocr_line' id='line_1_65' title="bbox 432 3369 2009 3450; baseline -0.007 -17"><span class='ocrx_word' id='word_1_468' title='bbox 432 3379 575 3450; x_wconf 89' lang='lat' dir='ltr'><strong>quod</strong></span> <span class='ocrx_word' id='word_1_469' title='bbox 597 3376 664 3432; x_wconf 66' lang='lat' dir='ltr'><strong>fet</strong></span> <span class='ocrx_word' id='word_1_470' title='bbox 683 3377 719 3431; x_wconf 89' lang='lat' dir='ltr'><strong>it</strong></span> <span class='ocrx_word' id='word_1_471' title='bbox 748 3373 1051 3429; x_wconf 87' lang='lat' dir='ltr'><strong>erubescat.</strong></span> <span class='ocrx_word' id='word_1_472' title='bbox 1084 3370 1192 3426; x_wconf 89' lang='lat' dir='ltr'><strong>Sed</strong></span> <span class='ocrx_word' id='word_1_473' title='bbox 1215 3370 1341 3440; x_wconf 85' lang='lat' dir='ltr'><strong>quia</strong></span> <span class='ocrx_word' id='word_1_474' title='bbox 1364 3369 1690 3427; x_wconf 89' lang='lat' dir='ltr'><strong>visitationis</strong></span> <span class='ocrx_word' id='word_1_475' title='bbox 1716 3382 1827 3423; x_wconf 81' lang='lat' dir='ltr'><strong>suae</strong></span> <span class='ocrx_word' id='word_1_476' title='bbox 1871 3374 2009 3422; x_wconf 90' lang='lat' dir='ltr'><strong>tem-</strong></span> 
     </span>
    </p>
   </div>
   <div class='ocr_carea' id='block_1_66' title="bbox 432 3456 2011 3541">
    <p class='ocr_par' dir='ltr' id='par_1_66' title="bbox 432 3456 2011 3541">
     <span class='ocr_line' id='line_1_66' title="bbox 432 3456 2011 3541; baseline -0.009 -18"><span class='ocrx_word' id='word_1_477' title='bbox 432 3485 533 3541; x_wconf 87' lang='lat' dir='ltr'><strong>pus</strong></span> <span class='ocrx_word' id='word_1_478' title='bbox 562 3466 783 3523; x_wconf 83' lang='lat' dir='ltr'><strong>minime</strong></span> <span class='ocrx_word' id='word_1_479' title='bbox 803 3462 1097 3534; x_wconf 86' lang='lat' dir='ltr'><strong>cognoscit,</strong></span> <span class='ocrx_word' id='word_1_480' title='bbox 1127 3461 1230 3516; x_wconf 91' lang='lat' dir='ltr'><strong>illis</strong></span> <span class='ocrx_word' id='word_1_481' title='bbox 1260 3462 1312 3515; x_wconf 91' lang='lat' dir='ltr'><strong>in</strong></span> <span class='ocrx_word' id='word_1_482' title='bbox 1358 3468 1600 3514; x_wconf 89' lang='lat' dir='ltr'><strong>extremo</strong></span> <span class='ocrx_word' id='word_1_483' title='bbox 1629 3459 1752 3513; x_wconf 70' lang='lat' dir='ltr'><strong>vita:</strong></span> <span class='ocrx_word' id='word_1_484' title='bbox 1777 3456 2011 3511; x_wconf 86' lang='lat' dir='ltr'><strong>inimicis</strong></span> 
     </span>
    </p>
   </div>
   <div class='ocr_carea' id='block_1_67' title="bbox 433 3546 2010 3623">
    <p class='ocr_par' dir='ltr' id='par_1_67' title="bbox 433 3546 2010 3623">
     <span class='ocr_line' id='line_1_67' title="bbox 433 3546 2010 3623; baseline -0.009 -9"><span class='ocrx_word' id='word_1_485' title='bbox 433 3558 686 3621; x_wconf 91' lang='lat' dir='ltr'><strong>traditur,</strong></span> <span class='ocrx_word' id='word_1_486' title='bbox 731 3571 852 3610; x_wconf 89' lang='lat' dir='ltr'><strong>cum</strong></span> <span class='ocrx_word' id='word_1_487' title='bbox 879 3553 1074 3623; x_wconf 88' lang='lat' dir='ltr'><strong>quibus</strong></span> <span class='ocrx_word' id='word_1_488' title='bbox 1102 3552 1155 3606; x_wconf 93' lang='lat' dir='ltr'><strong>in</strong></span> <span class='ocrx_word' id='word_1_489' title='bbox 1195 3548 1623 3619; x_wconf 71' lang='lat' dir='ltr'><strong>teternojudicio</strong></span> <span class='ocrx_word' id='word_1_490' title='bbox 1647 3546 2010 3605; x_wconf 89' lang='lat' dir='ltr'><strong>damnationis</strong></span> 
     </span>
    </p>
   </div>
   <div class='ocr_carea' id='block_1_68' title="bbox 434 3642 1333 3718">
    <p class='ocr_par' dir='ltr' id='par_1_68' title="bbox 434 3642 1333 3718">
     <span class='ocr_line' id='line_1_68' title="bbox 434 3642 1333 3718; baseline -0.009 -16"><span class='ocrx_word' id='word_1_491' title='bbox 434 3656 708 3718; x_wconf 75' lang='lat' dir='ltr'><strong>perpetua:</strong></span> <span class='ocrx_word' id='word_1_492' title='bbox 735 3645 996 3699; x_wconf 85' lang='lat' dir='ltr'><strong>societate</strong></span> <span class='ocrx_word' id='word_1_493' title='bbox 1035 3642 1333 3713; x_wconf 80' lang='lat' dir='ltr'><strong>colligatur.</strong></span> 
     </span>
    </p>
   </div>
   <div class='ocr_carea' id='block_1_69' title="bbox 506 3728 2007 3805">
    <p class='ocr_par' dir='ltr' id='par_1_69' title="bbox 506 3728 2007 3805">
     <span class='ocr_line' id='line_1_69' title="bbox 506 3728 2007 3805; baseline -0.007 -15"><span class='ocrx_word' id='word_1_494' title='bbox 506 3737 574 3790; x_wconf 83' lang='lat' dir='ltr'><strong>Et</strong></span> <span class='ocrx_word' id='word_1_495' title='bbox 592 3738 854 3805; x_wconf 79' lang='lat' dir='ltr'><strong>ingressus</strong></span> <span class='ocrx_word' id='word_1_496' title='bbox 881 3733 1128 3804; x_wconf 76' lang='lat' dir='ltr'><strong>templum</strong></span> <span class='ocrx_word' id='word_1_497' title='bbox 1170 3733 1318 3802; x_wconf 78' lang='lat' dir='ltr'><strong>cwpit</strong></span> <span class='ocrx_word' id='word_1_498' title='bbox 1346 3730 1533 3800; x_wconf 88' lang='lat' dir='ltr'><strong>ejicere</strong></span> <span class='ocrx_word' id='word_1_499' title='bbox 1580 3728 1871 3788; x_wconf 76' lang='lat' dir='ltr'><strong>uendentes,</strong></span> <span class='ocrx_word' id='word_1_500' title='bbox 1901 3734 2007 3780; x_wconf 83' lang='lat' dir='ltr'><strong>etc.</strong></span> 
     </span>
    </p>
   </div>
   <div class='ocr_carea' id='block_1_70' title="bbox 439 3813 2010 3896">
    <p class='ocr_par' dir='ltr' id='par_1_70' title="bbox 439 3813 2010 3896">
     <span class='ocr_line' id='line_1_70' title="bbox 439 3813 2010 3896; baseline -0.006 -14"><span class='ocrx_word' id='word_1_501' title='bbox 439 3828 593 3883; x_wconf 91' lang='lat' dir='ltr'><strong>Sicut</strong></span> <span class='ocrx_word' id='word_1_502' title='bbox 615 3826 871 3896; x_wconf 88' lang='lat' dir='ltr'><strong>templum</strong></span> <span class='ocrx_word' id='word_1_503' title='bbox 900 3826 997 3880; x_wconf 88' lang='lat' dir='ltr'><strong>Dei</strong></span> <span class='ocrx_word' id='word_1_504' title='bbox 1025 3827 1081 3880; x_wconf 94' lang='lat' dir='ltr'><strong>in</strong></span> <span class='ocrx_word' id='word_1_505' title='bbox 1110 3825 1330 3880; x_wconf 86' lang='lat' dir='ltr'><strong>civitate</strong></span> <span class='ocrx_word' id='word_1_506' title='bbox 1357 3832 1462 3887; x_wconf 86' lang='lat' dir='ltr'><strong>est,</strong></span> <span class='ocrx_word' id='word_1_507' title='bbox 1493 3813 1567 3876; x_wconf 87' lang='lat' dir='ltr'><strong>ita</strong></span> <span class='ocrx_word' id='word_1_508' title='bbox 1594 3823 1648 3875; x_wconf 91' lang='lat' dir='ltr'><strong>in</strong></span> <span class='ocrx_word' id='word_1_509' title='bbox 1676 3820 1832 3890; x_wconf 85' lang='lat' dir='ltr'><strong>plebe</strong></span> <span class='ocrx_word' id='word_1_510' title='bbox 1869 3819 2010 3874; x_wconf 89' lang='lat' dir='ltr'><strong>ﬁdeli</strong></span> 
     </span>
    </p>
   </div>
   <div class='ocr_carea' id='block_1_71' title="bbox 437 3909 2009 3988">
    <p class='ocr_par' dir='ltr' id='par_1_71' title="bbox 437 3909 2009 3988">
     <span class='ocr_line' id='line_1_71' title="bbox 437 3909 2009 3988; baseline -0.006 -15"><span class='ocrx_word' id='word_1_511' title='bbox 437 3919 548 3974; x_wconf 88' lang='lat' dir='ltr'><strong>vita</strong></span> <span class='ocrx_word' id='word_1_512' title='bbox 577 3919 966 3988; x_wconf 84' lang='lat' dir='ltr'><strong>religiosorum,</strong></span> <span class='ocrx_word' id='word_1_513' title='bbox 996 3927 1052 3971; x_wconf 90' lang='lat' dir='ltr'><strong>et</strong></span> <span class='ocrx_word' id='word_1_514' title='bbox 1094 3930 1235 3985; x_wconf 62' lang='lat' dir='ltr'><strong>saepe</strong></span> <span class='ocrx_word' id='word_1_515' title='bbox 1277 3912 1518 3968; x_wconf 90' lang='lat' dir='ltr'><strong>nonnulli</strong></span> <span class='ocrx_word' id='word_1_516' title='bbox 1550 3912 1827 3981; x_wconf 88' lang='lat' dir='ltr'><strong>religionis</strong></span> <span class='ocrx_word' id='word_1_517' title='bbox 1857 3909 2009 3964; x_wconf 90' lang='lat' dir='ltr'><strong>habi-</strong></span> 
     </span>
    </p>
   </div>
   <div class='ocr_carea' id='block_1_72' title="bbox 437 4002 2015 4074">
    <p class='ocr_par' dir='ltr' id='par_1_72' title="bbox 437 4002 2015 4074">
     <span class='ocr_line' id='line_1_72' title="bbox 437 4002 2015 4074; baseline -0.007 -9"><span class='ocrx_word' id='word_1_518' title='bbox 437 4021 549 4066; x_wconf 78' lang='lat' dir='ltr'><strong>tum</strong></span> <span class='ocrx_word' id='word_1_519' title='bbox 574 4018 810 4074; x_wconf 89' lang='lat' dir='ltr'><strong>sumunt,</strong></span> <span class='ocrx_word' id='word_1_520' title='bbox 840 4010 934 4064; x_wconf 91' lang='lat' dir='ltr'><strong>sed</strong></span> <span class='ocrx_word' id='word_1_521' title='bbox 961 4010 1086 4063; x_wconf 90' lang='lat' dir='ltr'><strong>dum</strong></span> <span class='ocrx_word' id='word_1_522' title='bbox 1114 4022 1391 4062; x_wconf 88' lang='lat' dir='ltr'><strong>sacrorum</strong></span> <span class='ocrx_word' id='word_1_523' title='bbox 1419 4004 1669 4060; x_wconf 90' lang='lat' dir='ltr'><strong>ordinum</strong></span> <span class='ocrx_word' id='word_1_524' title='bbox 1693 4002 1871 4058; x_wconf 89' lang='lat' dir='ltr'><strong>locum</strong></span> <span class='ocrx_word' id='word_1_525' title='bbox 1891 4016 2015 4071; x_wconf 90' lang='lat' dir='ltr'><strong>per-</strong></span> 
     </span>
    </p>
   </div>
   <div class='ocr_carea' id='block_1_73' title="bbox 437 4092 2013 4173">
    <p class='ocr_par' dir='ltr' id='par_1_73' title="bbox 437 4092 2013 4173">
     <span class='ocr_line' id='line_1_73' title="bbox 437 4092 2013 4173; baseline -0.008 -16"><span class='ocrx_word' id='word_1_526' title='bbox 437 4103 662 4173; x_wconf 88' lang='lat' dir='ltr'><strong>cipiunt,</strong></span> <span class='ocrx_word' id='word_1_527' title='bbox 689 4110 891 4156; x_wconf 65' lang='lat' dir='ltr'><strong>sanctae</strong></span> <span class='ocrx_word' id='word_1_528' title='bbox 934 4099 1212 4170; x_wconf 87' lang='lat' dir='ltr'><strong>religionis</strong></span> <span class='ocrx_word' id='word_1_529' title='bbox 1261 4095 1491 4152; x_wconf 79' lang='lat' dir='ltr'><strong>ollicium</strong></span> <span class='ocrx_word' id='word_1_530' title='bbox 1525 4096 1579 4149; x_wconf 91' lang='lat' dir='ltr'><strong>in</strong></span> <span class='ocrx_word' id='word_1_531' title='bbox 1625 4092 2013 4149; x_wconf 88' lang='lat' dir='ltr'><strong>commercium</strong></span> 
     </span>
    </p>
   </div>
   <div class='ocr_carea' id='block_1_74' title="bbox 439 4183 2014 4262">
    <p class='ocr_par' dir='ltr' id='par_1_74' title="bbox 439 4183 2014 4262">
     <span class='ocr_line' id='line_1_74' title="bbox 439 4183 2014 4262; baseline -0.007 -15"><span class='ocrx_word' id='word_1_532' title='bbox 439 4202 667 4246; x_wconf 74' lang='lat' dir='ltr'><strong>terrena:</strong></span> <span class='ocrx_word' id='word_1_533' title='bbox 687 4189 1066 4262; x_wconf 84' lang='lat' dir='ltr'><strong>negotiationis</strong></span> <span class='ocrx_word' id='word_1_534' title='bbox 1088 4188 1328 4243; x_wconf 86' lang='lat' dir='ltr'><strong>trahunt.</strong></span> <span class='ocrx_word' id='word_1_535' title='bbox 1372 4186 1678 4241; x_wconf 80' lang='lat' dir='ltr'><strong>Vendentes</strong></span> <span class='ocrx_word' id='word_1_536' title='bbox 1709 4183 1908 4253; x_wconf 89' lang='lat' dir='ltr'><strong>quippe</strong></span> <span class='ocrx_word' id='word_1_537' title='bbox 1959 4183 2014 4237; x_wconf 91' lang='lat' dir='ltr'><strong>in</strong></span> 
     </span>
    </p>
   </div>
   <div class='ocr_carea' id='block_1_75' title="bbox 424 4274 2016 4355">
    <p class='ocr_par' dir='ltr' id='par_1_75' title="bbox 424 4274 2016 4355">
     <span class='ocr_line' id='line_1_75' title="bbox 424 4274 2016 4355; baseline -0.009 -12"><span class='ocrx_word' id='word_1_538' title='bbox 424 4285 637 4355; x_wconf 83' lang='lat' dir='ltr'><strong>templo</strong></span> <span class='ocrx_word' id='word_1_539' title='bbox 661 4292 805 4350; x_wconf 91' lang='lat' dir='ltr'><strong>sunt,</strong></span> <span class='ocrx_word' id='word_1_540' title='bbox 830 4283 923 4354; x_wconf 88' lang='lat' dir='ltr'><strong>qui</strong></span> <span class='ocrx_word' id='word_1_541' title='bbox 967 4284 1089 4347; x_wconf 88' lang='lat' dir='ltr'><strong>hoc,</strong></span> <span class='ocrx_word' id='word_1_542' title='bbox 1117 4282 1258 4352; x_wconf 91' lang='lat' dir='ltr'><strong>quod</strong></span> <span class='ocrx_word' id='word_1_543' title='bbox 1306 4278 1626 4350; x_wconf 88' lang='lat' dir='ltr'><strong>quibusdam</strong></span> <span class='ocrx_word' id='word_1_544' title='bbox 1651 4274 1775 4344; x_wconf 91' lang='lat' dir='ltr'><strong>jure</strong></span> <span class='ocrx_word' id='word_1_545' title='bbox 1801 4288 2016 4344; x_wconf 85' lang='lat' dir='ltr'><strong>compe-</strong></span> 
     </span>
    </p>
   </div>
   <div class='ocr_carea' id='block_1_76' title="bbox 439 4364 2011 4445">
    <p class='ocr_par' dir='ltr' id='par_1_76' title="bbox 439 4364 2011 4445">
     <span class='ocr_line' id='line_1_76' title="bbox 439 4364 2011 4445; baseline -0.007 -16"><span class='ocrx_word' id='word_1_546' title='bbox 439 4377 524 4439; x_wconf 93' lang='lat' dir='ltr'><strong>tit,</strong></span> <span class='ocrx_word' id='word_1_547' title='bbox 548 4376 615 4429; x_wconf 88' lang='lat' dir='ltr'><strong>ad</strong></span> <span class='ocrx_word' id='word_1_548' title='bbox 636 4375 916 4444; x_wconf 64' lang='lat' dir='ltr'><strong>praemium</strong></span> <span class='ocrx_word' id='word_1_549' title='bbox 942 4373 1265 4445; x_wconf 88' lang='lat' dir='ltr'><strong>largiuntur.</strong></span> <span class='ocrx_word' id='word_1_550' title='bbox 1293 4370 1566 4426; x_wconf 81' lang='lat' dir='ltr'><strong>Justitiam</strong></span> <span class='ocrx_word' id='word_1_551' title='bbox 1591 4368 1733 4422; x_wconf 88' lang='lat' dir='ltr'><strong>enim</strong></span> <span class='ocrx_word' id='word_1_552' title='bbox 1759 4364 2011 4429; x_wconf 88' lang='lat' dir='ltr'><strong>vendere,</strong></span> 
     </span>
    </p>
   </div>
   <div class='ocr_carea' id='block_1_77' title="bbox 438 4423 2093 4532">
    <p class='ocr_par' dir='ltr' id='par_1_77' title="bbox 438 4423 2093 4532">
     <span class='ocr_line' id='line_1_77' title="bbox 442 4423 2008 4445; baseline -0.003 -11"><span class='ocrx_word' id='word_1_553' title='bbox 549 4423 615 4429; x_wconf 61' lang='grc' dir='ltr'><strong>π-</strong></span> <span class='ocrx_word' id='word_1_554' title='bbox 636 4423 916 4444; x_wconf 43' lang='grc' dir='ltr'><strong>Γηὼν--</strong></span> <span class='ocrx_word' id='word_1_555' title='bbox 944 4423 1262 4445; x_wconf 30' lang='lat' dir='ltr'><strong>mum&quot;--.</strong></span> <span class='ocrx_word' id='word_1_556' title='bbox 1300 4423 1382 4426; x_wconf 38' lang='grc' dir='ltr'><strong>π-</strong></span> <span class='ocrx_word' id='word_1_557' title='bbox 1998 4423 2008 4429; x_wconf 88' lang='grc'>,</span> 
     </span>
     <span class='ocr_line' id='line_1_78' title="bbox 438 4423 2093 4532; baseline -0.007 -14"><span class='ocrx_word' id='word_1_558' title='bbox 438 4471 546 4528; x_wconf 90' lang='lat' dir='ltr'><strong>est,</strong></span> <span class='ocrx_word' id='word_1_559' title='bbox 583 4464 720 4518; x_wconf 91' lang='lat' dir='ltr'><strong>hanc</strong></span> <span class='ocrx_word' id='word_1_560' title='bbox 768 4478 866 4532; x_wconf 91' lang='lat' dir='ltr'><strong>pro</strong></span> <span class='ocrx_word' id='word_1_561' title='bbox 895 4463 1102 4531; x_wconf 62' lang='lat' dir='ltr'><strong>praemii</strong></span> <span class='ocrx_word' id='word_1_562' title='bbox 1148 4461 1461 4529; x_wconf 88' lang='lat' dir='ltr'><strong>acceptione</strong></span> <span class='ocrx_word' id='word_1_563' title='bbox 1500 4472 1751 4521; x_wconf 88' lang='lat' dir='ltr'><strong>servare;</strong></span> <span class='ocrx_word' id='word_1_564' title='bbox 1775 4461 2015 4510; x_wconf 87' lang='lat' dir='ltr'><strong>ementes</strong></span> <span class='ocrx_word' id='word_1_565' title='bbox 2038 4423 2093 4482; x_wconf 82' lang='lat' dir='ltr'><strong>D</strong></span> 
     </span>
    </p>
   </div>
   <div class='ocr_carea' id='block_1_78' title="bbox 442 4547 2016 4623">
    <p class='ocr_par' dir='ltr' id='par_1_78' title="bbox 442 4547 2016 4623">
     <span class='ocr_line' id='line_1_79' title="bbox 442 4547 2016 4623; baseline -0.004 -17"><span class='ocrx_word' id='word_1_566' title='bbox 442 4569 572 4608; x_wconf 88' lang='lat' dir='ltr'><strong>vero</strong></span> <span class='ocrx_word' id='word_1_567' title='bbox 602 4555 653 4607; x_wconf 92' lang='lat' dir='ltr'><strong>in</strong></span> <span class='ocrx_word' id='word_1_568' title='bbox 684 4553 903 4623; x_wconf 90' lang='lat' dir='ltr'><strong>templo,</strong></span> <span class='ocrx_word' id='word_1_569' title='bbox 935 4561 1060 4606; x_wconf 90' lang='lat' dir='ltr'><strong>sunt</strong></span> <span class='ocrx_word' id='word_1_570' title='bbox 1081 4553 1173 4620; x_wconf 88' lang='lat' dir='ltr'><strong>qui</strong></span> <span class='ocrx_word' id='word_1_571' title='bbox 1218 4552 1344 4605; x_wconf 89' lang='lat' dir='ltr'><strong>dum</strong></span> <span class='ocrx_word' id='word_1_572' title='bbox 1379 4552 1481 4605; x_wconf 85' lang='lat' dir='ltr'><strong>hoc</strong></span> <span class='ocrx_word' id='word_1_573' title='bbox 1503 4550 1808 4620; x_wconf 88' lang='lat' dir='ltr'><strong>persolvere</strong></span> <span class='ocrx_word' id='word_1_574' title='bbox 1835 4547 2016 4617; x_wconf 81' lang='lat' dir='ltr'><strong>proxi-</strong></span> 
     </span>
    </p>
   </div>
   <div class='ocr_carea' id='block_1_79' title="bbox 440 4635 2013 4711">
    <p class='ocr_par' dir='ltr' id='par_1_79' title="bbox 440 4635 2013 4711">
     <span class='ocr_line' id='line_1_80' title="bbox 440 4635 2013 4711; baseline -0.005 -15"><span class='ocrx_word' id='word_1_575' title='bbox 440 4656 532 4696; x_wconf 87' lang='lat' dir='ltr'><strong>mo</strong></span> <span class='ocrx_word' id='word_1_576' title='bbox 558 4641 926 4711; x_wconf 87' lang='lat' dir='ltr'><strong>quodjnstum</strong></span> <span class='ocrx_word' id='word_1_577' title='bbox 951 4646 1036 4693; x_wconf 92' lang='lat' dir='ltr'><strong>est</strong></span> <span class='ocrx_word' id='word_1_578' title='bbox 1065 4639 1273 4702; x_wconf 92' lang='lat' dir='ltr'><strong>nolunt,</strong></span> <span class='ocrx_word' id='word_1_579' title='bbox 1311 4640 1546 4707; x_wconf 86' lang='lat' dir='ltr'><strong>dumque</strong></span> <span class='ocrx_word' id='word_1_580' title='bbox 1595 4653 1708 4691; x_wconf 89' lang='lat' dir='ltr'><strong>rem</strong></span> <span class='ocrx_word' id='word_1_581' title='bbox 1750 4635 1874 4703; x_wconf 86' lang='lat' dir='ltr'><strong>jure</strong></span> <span class='ocrx_word' id='word_1_582' title='bbox 1918 4636 2013 4689; x_wconf 93' lang='lat' dir='ltr'><strong>de-</strong></span> 
     </span>
    </p>
   </div>
   <div class='ocr_carea' id='block_1_80' title="bbox 442 4726 2015 4798">
    <p class='ocr_par' dir='ltr' id='par_1_80' title="bbox 442 4726 2015 4798">
     <span class='ocr_line' id='line_1_81' title="bbox 442 4726 2015 4798; baseline -0.004 -12"><span class='ocrx_word' id='word_1_583' title='bbox 442 4733 612 4787; x_wconf 90' lang='lat' dir='ltr'><strong>bitam</strong></span> <span class='ocrx_word' id='word_1_584' title='bbox 654 4732 833 4787; x_wconf 76' lang='lat' dir='ltr'><strong>facere</strong></span> <span class='ocrx_word' id='word_1_585' title='bbox 887 4726 1259 4792; x_wconf 76' lang='lat' dir='ltr'><strong>contemnunt,</strong></span> <span class='ocrx_word' id='word_1_586' title='bbox 1313 4730 1440 4784; x_wconf 90' lang='lat' dir='ltr'><strong>dato</strong></span> <span class='ocrx_word' id='word_1_587' title='bbox 1494 4728 1737 4798; x_wconf 87' lang='lat' dir='ltr'><strong>patronis</strong></span> <span class='ocrx_word' id='word_1_588' title='bbox 1792 4727 2015 4795; x_wconf 65' lang='lat' dir='ltr'><strong>praemio</strong></span> 
     </span>
    </p>
   </div>
   <div class='ocr_carea' id='block_1_81' title="bbox 444 4828 949 4890">
    <p class='ocr_par' dir='ltr' id='par_1_81' title="bbox 444 4828 949 4890">
     <span class='ocr_line' id='line_1_82' title="bbox 444 4828 949 4890; baseline -0.006 -15"><span class='ocrx_word' id='word_1_589' title='bbox 444 4829 631 4875; x_wconf 83' lang='lat' dir='ltr'><strong>emunt</strong></span> <span class='ocrx_word' id='word_1_590' title='bbox 651 4828 949 4890; x_wconf 85' lang='lat' dir='ltr'><strong>peccatum.</strong></span> 
     </span>
    </p>
   </div>
   <div class='ocr_carea' id='block_1_82' title="bbox 513 4907 2021 4978">
    <p class='ocr_par' dir='ltr' id='par_1_82' title="bbox 513 4907 2021 4978">
     <span class='ocr_line' id='line_1_83' title="bbox 513 4907 2021 4978; baseline -0.001 -15"><span class='ocrx_word' id='word_1_591' title='bbox 513 4911 713 4963; x_wconf 83' lang='lat' dir='ltr'><strong>Domus</strong></span> <span class='ocrx_word' id='word_1_592' title='bbox 743 4927 855 4964; x_wconf 87' lang='lat' dir='ltr'><strong>mea</strong></span> <span class='ocrx_word' id='word_1_593' title='bbox 884 4910 1069 4964; x_wconf 84' lang='lat' dir='ltr'><strong>domus</strong></span> <span class='ocrx_word' id='word_1_594' title='bbox 1098 4910 1351 4963; x_wconf 86' lang='lat' dir='ltr'><strong>orationis</strong></span> <span class='ocrx_word' id='word_1_595' title='bbox 1384 4918 1480 4971; x_wconf 80' lang='lat' dir='ltr'><strong>est,</strong></span> <span class='ocrx_word' id='word_1_596' title='bbox 1512 4924 1596 4961; x_wconf 78' lang='lat' dir='ltr'><strong>vos</strong></span> <span class='ocrx_word' id='word_1_597' title='bbox 1619 4917 1791 4961; x_wconf 86' lang='lat' dir='ltr'><strong>autem</strong></span> <span class='ocrx_word' id='word_1_598' title='bbox 1824 4907 2021 4978; x_wconf 75' lang='lat' dir='ltr'><strong>fecistis</strong></span> 
     </span>
    </p>
   </div>
   <div class='ocr_carea' id='block_1_83' title="bbox 445 4998 2018 5071">
    <p class='ocr_par' dir='ltr' id='par_1_83' title="bbox 445 4998 2018 5071">
     <span class='ocr_line' id='line_1_84' title="bbox 445 4998 2018 5071; baseline -0.002 -14"><span class='ocrx_word' id='word_1_599' title='bbox 445 5002 593 5057; x_wconf 82' lang='lat' dir='ltr'><strong>illam</strong></span> <span class='ocrx_word' id='word_1_600' title='bbox 617 5001 933 5071; x_wconf 81' lang='lat' dir='ltr'><strong>speluncam,</strong></span> <span class='ocrx_word' id='word_1_601' title='bbox 960 5013 1065 5057; x_wconf 89' lang='lat' dir='ltr'><strong>etc.</strong></span> <span class='ocrx_word' id='word_1_602' title='bbox 1097 5000 1232 5068; x_wconf 86' lang='lat' dir='ltr'><strong>Quia</strong></span> <span class='ocrx_word' id='word_1_603' title='bbox 1261 4998 1386 5054; x_wconf 91' lang='lat' dir='ltr'><strong>dum</strong></span> <span class='ocrx_word' id='word_1_604' title='bbox 1426 5016 1532 5056; x_wconf 93' lang='lat' dir='ltr'><strong>non</strong></span> <span class='ocrx_word' id='word_1_605' title='bbox 1574 5016 1848 5069; x_wconf 89' lang='lat' dir='ltr'><strong>nunquam</strong></span> <span class='ocrx_word' id='word_1_606' title='bbox 1892 5015 2018 5071; x_wconf 91' lang='lat' dir='ltr'><strong>per-</strong></span> 
     </span>
    </p>
   </div>
   <div class='ocr_carea' id='block_1_84' title="bbox 446 5092 2021 5164">
    <p class='ocr_par' dir='ltr' id='par_1_84' title="bbox 446 5092 2021 5164">
     <span class='ocr_line' id='line_1_85' title="bbox 446 5092 2021 5164; baseline -0.001 -15"><span class='ocrx_word' id='word_1_607' title='bbox 446 5095 590 5149; x_wconf 86' lang='lat' dir='ltr'><strong>versi</strong></span> <span class='ocrx_word' id='word_1_608' title='bbox 639 5094 886 5148; x_wconf 83' lang='lat' dir='ltr'><strong>homines</strong></span> <span class='ocrx_word' id='word_1_609' title='bbox 915 5093 1092 5148; x_wconf 89' lang='lat' dir='ltr'><strong>locum</strong></span> <span class='ocrx_word' id='word_1_610' title='bbox 1123 5092 1398 5164; x_wconf 90' lang='lat' dir='ltr'><strong>religionis</strong></span> <span class='ocrx_word' id='word_1_611' title='bbox 1439 5100 1645 5157; x_wconf 90' lang='lat' dir='ltr'><strong>tenent,</strong></span> <span class='ocrx_word' id='word_1_612' title='bbox 1676 5093 1749 5147; x_wconf 92' lang='lat' dir='ltr'><strong>ibi</strong></span> <span class='ocrx_word' id='word_1_613' title='bbox 1801 5093 2021 5148; x_wconf 70' lang='lat' dir='ltr'><strong>malitia:</strong></span> 
     </span>
    </p>
   </div>
   <div class='ocr_carea' id='block_1_85' title="bbox 447 5183 2019 5254">
    <p class='ocr_par' dir='ltr' id='par_1_85' title="bbox 447 5183 2019 5254">
     <span class='ocr_line' id='line_1_86' title="bbox 447 5183 2019 5254; baseline -0.002 -13"><span class='ocrx_word' id='word_1_614' title='bbox 447 5201 561 5241; x_wconf 65' lang='lat' dir='ltr'><strong>suae</strong></span> <span class='ocrx_word' id='word_1_615' title='bbox 598 5185 790 5254; x_wconf 82' lang='lat' dir='ltr'><strong>gladiis</strong></span> <span class='ocrx_word' id='word_1_616' title='bbox 838 5185 1111 5251; x_wconf 90' lang='lat' dir='ltr'><strong>occidunt,</strong></span> <span class='ocrx_word' id='word_1_617' title='bbox 1142 5185 1236 5240; x_wconf 91' lang='lat' dir='ltr'><strong>ubi</strong></span> <span class='ocrx_word' id='word_1_618' title='bbox 1274 5183 1549 5239; x_wconf 86' lang='lat' dir='ltr'><strong>viviﬁcare</strong></span> <span class='ocrx_word' id='word_1_619' title='bbox 1588 5185 1865 5254; x_wconf 87' lang='lat' dir='ltr'><strong>proximos</strong></span> <span class='ocrx_word' id='word_1_620' title='bbox 1890 5200 2019 5240; x_wconf 89' lang='lat' dir='ltr'><strong>ora-</strong></span> 
     </span>
    </p>
   </div>
   <div class='ocr_carea' id='block_1_86' title="bbox 451 5276 2019 5347">
    <p class='ocr_par' dir='ltr' id='par_1_86' title="bbox 451 5276 2019 5347">
     <span class='ocr_line' id='line_1_87' title="bbox 451 5276 2019 5347; baseline -0.001 -15"><span class='ocrx_word' id='word_1_621' title='bbox 451 5278 613 5333; x_wconf 87' lang='lat' dir='ltr'><strong>tionis</strong></span> <span class='ocrx_word' id='word_1_622' title='bbox 634 5292 743 5331; x_wconf 68' lang='lat' dir='ltr'><strong>sure</strong></span> <span class='ocrx_word' id='word_1_623' title='bbox 757 5276 1144 5332; x_wconf 90' lang='lat' dir='ltr'><strong>intercessione</strong></span> <span class='ocrx_word' id='word_1_624' title='bbox 1164 5278 1483 5334; x_wconf 90' lang='lat' dir='ltr'><strong>debuerunt.</strong></span> <span class='ocrx_word' id='word_1_625' title='bbox 1510 5276 1787 5347; x_wconf 89' lang='lat' dir='ltr'><strong>Templum</strong></span> <span class='ocrx_word' id='word_1_626' title='bbox 1804 5291 2019 5346; x_wconf 89' lang='lat' dir='ltr'><strong>quoque</strong></span> 
     </span>
    </p>
   </div>
   <div class='ocr_carea' id='block_1_87' title="bbox 449 5365 2021 5436">
    <p class='ocr_par' dir='ltr' id='par_1_87' title="bbox 449 5365 2021 5436">
     <span class='ocr_line' id='line_1_88' title="bbox 449 5365 2021 5436; baseline -0.001 -14"><span class='ocrx_word' id='word_1_627' title='bbox 449 5377 504 5422; x_wconf 90' lang='lat' dir='ltr'><strong>et</strong></span> <span class='ocrx_word' id='word_1_628' title='bbox 526 5370 713 5423; x_wconf 90' lang='lat' dir='ltr'><strong>domus</strong></span> <span class='ocrx_word' id='word_1_629' title='bbox 763 5365 856 5420; x_wconf 89' lang='lat' dir='ltr'><strong>Dei</strong></span> <span class='ocrx_word' id='word_1_630' title='bbox 880 5374 964 5420; x_wconf 92' lang='lat' dir='ltr'><strong>est</strong></span> <span class='ocrx_word' id='word_1_631' title='bbox 994 5366 1107 5436; x_wconf 92' lang='lat' dir='ltr'><strong>ipsa</strong></span> <span class='ocrx_word' id='word_1_632' title='bbox 1137 5381 1290 5422; x_wconf 89' lang='lat' dir='ltr'><strong>mens</strong></span> <span class='ocrx_word' id='word_1_633' title='bbox 1320 5376 1478 5435; x_wconf 90' lang='lat' dir='ltr'><strong>atque</strong></span> <span class='ocrx_word' id='word_1_634' title='bbox 1530 5365 1859 5421; x_wconf 89' lang='lat' dir='ltr'><strong>conscientia</strong></span> <span class='ocrx_word' id='word_1_635' title='bbox 1888 5366 2021 5422; x_wconf 85' lang='lat' dir='ltr'><strong>ﬁde-</strong></span> 
     </span>
    </p>
   </div>
   <div class='ocr_carea' id='block_1_88' title="bbox 449 5456 1992 5527">
    <p class='ocr_par' dir='ltr' id='par_1_88' title="bbox 449 5456 1992 5527">
     <span class='ocr_line' id='line_1_89' title="bbox 449 5456 1992 5527; baseline -0.002 -15"><span class='ocrx_word' id='word_1_636' title='bbox 449 5459 600 5521; x_wconf 87' lang='lat' dir='ltr'><strong>lium,</strong></span> <span class='ocrx_word' id='word_1_637' title='bbox 649 5474 768 5527; x_wconf 64' lang='lat' dir='ltr'><strong>quae</strong></span> <span class='ocrx_word' id='word_1_638' title='bbox 797 5457 837 5511; x_wconf 90' lang='lat' dir='ltr'><strong>si</strong></span> <span class='ocrx_word' id='word_1_639' title='bbox 867 5458 1081 5527; x_wconf 83' lang='lat' dir='ltr'><strong>quando</strong></span> <span class='ocrx_word' id='word_1_640' title='bbox 1113 5458 1167 5511; x_wconf 91' lang='lat' dir='ltr'><strong>in</strong></span> <span class='ocrx_word' id='word_1_641' title='bbox 1214 5456 1432 5511; x_wconf 82' lang='lat' dir='ltr'><strong>laesione</strong></span> <span class='ocrx_word' id='word_1_642' title='bbox 1478 5456 1710 5525; x_wconf 82' lang='lat' dir='ltr'><strong>proximi</strong></span> <span class='ocrx_word' id='word_1_643' title='bbox 1738 5470 1992 5525; x_wconf 85' lang='lat' dir='ltr'><strong>perversa</strong></span> 
     </span>
    </p>
   </div>
   <div class='ocr_carea' id='block_1_89' title="bbox 449 5543 2021 5618">
    <p class='ocr_par' dir='ltr' id='par_1_89' title="bbox 449 5543 2021 5618">
     <span class='ocr_line' id='line_1_90' title="bbox 449 5543 2021 5618; baseline -0.004 -15"><span class='ocrx_word' id='word_1_644' title='bbox 449 5549 800 5618; x_wconf 81' lang='lat' dir='ltr'><strong>cogitationes</strong></span> <span class='ocrx_word' id='word_1_645' title='bbox 827 5546 1053 5618; x_wconf 75' lang='lat' dir='ltr'><strong>profert,</strong></span> <span class='ocrx_word' id='word_1_646' title='bbox 1082 5546 1237 5616; x_wconf 89' lang='lat' dir='ltr'><strong>quasi</strong></span> <span class='ocrx_word' id='word_1_647' title='bbox 1267 5546 1319 5600; x_wconf 92' lang='lat' dir='ltr'><strong>in</strong></span> <span class='ocrx_word' id='word_1_648' title='bbox 1348 5546 1601 5614; x_wconf 90' lang='lat' dir='ltr'><strong>spelunca</strong></span> <span class='ocrx_word' id='word_1_649' title='bbox 1627 5545 1862 5605; x_wconf 69' lang='lat' dir='ltr'><strong>lamnes</strong></span> <span class='ocrx_word' id='word_1_650' title='bbox 1890 5543 2021 5599; x_wconf 88' lang='lat' dir='ltr'><strong>resi-</strong></span> 
     </span>
    </p>
   </div>
   <div class='ocr_carea' id='block_1_90' title="bbox 451 5637 2019 5712">
    <p class='ocr_par' dir='ltr' id='par_1_90' title="bbox 451 5637 2019 5712">
     <span class='ocr_line' id='line_1_91' title="bbox 451 5637 2019 5712; baseline -0.001 -17"><span class='ocrx_word' id='word_1_651' title='bbox 451 5642 598 5705; x_wconf 86' lang='lat' dir='ltr'><strong>dent,</strong></span> <span class='ocrx_word' id='word_1_652' title='bbox 628 5651 680 5696; x_wconf 86' lang='lat' dir='ltr'><strong>et</strong></span> <span class='ocrx_word' id='word_1_653' title='bbox 720 5642 1037 5711; x_wconf 88' lang='lat' dir='ltr'><strong>simpliciter</strong></span> <span class='ocrx_word' id='word_1_654' title='bbox 1066 5639 1375 5712; x_wconf 83' lang='lat' dir='ltr'><strong>gradientes</strong></span> <span class='ocrx_word' id='word_1_655' title='bbox 1409 5639 1754 5705; x_wconf 88' lang='lat' dir='ltr'><strong>interﬁciunt,</strong></span> <span class='ocrx_word' id='word_1_656' title='bbox 1803 5637 2019 5710; x_wconf 85' lang='lat' dir='ltr'><strong>quando</strong></span> 
     </span>
    </p>
   </div>
   <div class='ocr_carea' id='block_1_91' title="bbox 2116 3173 3691 3246">
    <p class='ocr_par' dir='ltr' id='par_1_91' title="bbox 2116 3173 3691 3246">
     <span class='ocr_line' id='line_1_92' title="bbox 2116 3173 3691 3246; baseline -0.001 -17"><span class='ocrx_word' id='word_1_657' title='bbox 2116 3197 2134 3229; x_wconf 72' lang='grc' dir='ltr'>ι</span> <span class='ocrx_word' id='word_1_658' title='bbox 2180 3193 2307 3232; x_wconf 91' lang='lat' dir='ltr'><strong>num</strong></span> <span class='ocrx_word' id='word_1_659' title='bbox 2347 3192 2502 3232; x_wconf 82' lang='lat' dir='ltr'><strong>suam</strong></span> <span class='ocrx_word' id='word_1_660' title='bbox 2550 3176 2698 3231; x_wconf 90' lang='lat' dir='ltr'><strong>misit</strong></span> <span class='ocrx_word' id='word_1_661' title='bbox 2733 3176 2801 3230; x_wconf 91' lang='lat' dir='ltr'><strong>ad</strong></span> <span class='ocrx_word' id='word_1_662' title='bbox 2861 3174 3042 3238; x_wconf 81' lang='lat' dir='ltr'><strong>fortia,</strong></span> <span class='ocrx_word' id='word_1_663' title='bbox 3073 3183 3130 3229; x_wconf 92' lang='lat' dir='ltr'><strong>et</strong></span> <span class='ocrx_word' id='word_1_664' title='bbox 3162 3174 3314 3246; x_wconf 90' lang='lat' dir='ltr'><strong>digiti</strong></span> <span class='ocrx_word' id='word_1_665' title='bbox 3344 3173 3464 3243; x_wconf 85' lang='lat' dir='ltr'><strong>ejus</strong></span> <span class='ocrx_word' id='word_1_666' title='bbox 3496 3188 3691 3245; x_wconf 86' lang='lat' dir='ltr'><strong>appre-</strong></span> 
     </span>
    </p>
   </div>
   <div class='ocr_carea' id='block_1_92' title="bbox 2115 3265 3696 3336">
    <p class='ocr_par' dir='ltr' id='par_1_92' title="bbox 2115 3265 3696 3336">
     <span class='ocr_line' id='line_1_93' title="bbox 2115 3265 3696 3336; baseline 0.001 -18"><span class='ocrx_word' id='word_1_667' title='bbox 2115 3287 2133 3318; x_wconf 85' lang='grc'><strong><em>‹</em></strong></span> <span class='ocrx_word' id='word_1_668' title='bbox 2178 3268 2482 3323; x_wconf 87' lang='lat' dir='ltr'><strong>henderunt</strong></span> <span class='ocrx_word' id='word_1_669' title='bbox 2507 3266 2708 3321; x_wconf 77' lang='lat' dir='ltr'><strong>lusum.</strong></span> <span class='ocrx_word' id='word_1_670' title='bbox 2756 3265 2972 3320; x_wconf 88' lang='lat' dir='ltr'><strong>Manum</strong></span> <span class='ocrx_word' id='word_1_671' title='bbox 3018 3280 3173 3320; x_wconf 88' lang='lat' dir='ltr'><strong>suam</strong></span> <span class='ocrx_word' id='word_1_672' title='bbox 3214 3266 3423 3336; x_wconf 85' lang='lat' dir='ltr'><strong>aperuit</strong></span> <span class='ocrx_word' id='word_1_673' title='bbox 3446 3265 3618 3335; x_wconf 88' lang='lat' dir='ltr'><strong>inopi,</strong></span> <span class='ocrx_word' id='word_1_674' title='bbox 3640 3274 3696 3319; x_wconf 75' lang='lat' dir='ltr'><strong>et</strong></span> 
     </span>
    </p>
   </div>
   <div class='ocr_carea' id='block_1_93' title="bbox 2114 3355 3697 3429">
    <p class='ocr_par' dir='ltr' id='par_1_93' title="bbox 2114 3355 3697 3429">
     <span class='ocr_line' id='line_1_94' title="bbox 2114 3355 3697 3429; baseline -0.001 -17"><span class='ocrx_word' id='word_1_675' title='bbox 2114 3379 2133 3412; x_wconf 76' lang='grc' dir='ltr'>ι</span> <span class='ocrx_word' id='word_1_676' title='bbox 2172 3359 2381 3429; x_wconf 90' lang='lat' dir='ltr'><strong>palmas</strong></span> <span class='ocrx_word' id='word_1_677' title='bbox 2406 3373 2532 3414; x_wconf 87' lang='lat' dir='ltr'><strong>suas</strong></span> <span class='ocrx_word' id='word_1_678' title='bbox 2566 3357 2810 3414; x_wconf 83' lang='lat' dir='ltr'><strong>extendit</strong></span> <span class='ocrx_word' id='word_1_679' title='bbox 2835 3356 2901 3411; x_wconf 90' lang='lat' dir='ltr'><strong>ad</strong></span> <span class='ocrx_word' id='word_1_680' title='bbox 2936 3372 3249 3428; x_wconf 86' lang='lat' dir='ltr'><strong>pauperem.</strong></span> <span class='ocrx_word' id='word_1_681' title='bbox 3306 3355 3422 3411; x_wconf 86' lang='lat' dir='ltr'><strong>Non</strong></span> <span class='ocrx_word' id='word_1_682' title='bbox 3472 3356 3697 3411; x_wconf 86' lang='lat' dir='ltr'><strong>timebit</strong></span> 
     </span>
    </p>
   </div>
   <div class='ocr_carea' id='block_1_94' title="bbox 2114 3439 3694 3520">
    <p class='ocr_par' dir='ltr' id='par_1_94' title="bbox 2114 3439 3694 3520">
     <span class='ocr_line' id='line_1_95' title="bbox 2114 3439 3694 3520; baseline 0.001 -17"><span class='ocrx_word' id='word_1_683' title='bbox 2114 3469 2133 3503; x_wconf 86' lang='grc'><strong>‹</strong></span> <span class='ocrx_word' id='word_1_684' title='bbox 2179 3450 2361 3506; x_wconf 90' lang='lat' dir='ltr'><strong>domui</strong></span> <span class='ocrx_word' id='word_1_685' title='bbox 2385 3465 2496 3505; x_wconf 65' lang='lat' dir='ltr'><strong>sua:</strong></span> <span class='ocrx_word' id='word_1_686' title='bbox 2520 3465 2549 3503; x_wconf 88' lang='lat' dir='ltr'><strong>a</strong></span> <span class='ocrx_word' id='word_1_687' title='bbox 2575 3448 2867 3520; x_wconf 69' lang='lat' dir='ltr'><strong>frigoribus</strong></span> <span class='ocrx_word' id='word_1_688' title='bbox 2890 3439 3062 3511; x_wconf 74' lang='lat' dir='ltr'><strong>nivis,</strong></span> <span class='ocrx_word' id='word_1_689' title='bbox 3093 3462 3284 3503; x_wconf 87' lang='lat' dir='ltr'><strong>omnes</strong></span> <span class='ocrx_word' id='word_1_690' title='bbox 3326 3448 3473 3503; x_wconf 86' lang='lat' dir='ltr'><strong>enim</strong></span> <span class='ocrx_word' id='word_1_691' title='bbox 3503 3448 3694 3505; x_wconf 84' lang='lat' dir='ltr'><strong>dome-</strong></span> 
     </span>
    </p>
   </div>
   <div class='ocr_carea' id='block_1_95' title="bbox 2113 3538 3684 3611">
    <p class='ocr_par' dir='ltr' id='par_1_95' title="bbox 2113 3538 3684 3611">
     <span class='ocr_line' id='line_1_96' title="bbox 2113 3538 3684 3611; baseline 0.001 -18"><span class='ocrx_word' id='word_1_692' title='bbox 2113 3560 2134 3593; x_wconf 80' lang='grc'><strong>‹</strong></span> <span class='ocrx_word' id='word_1_693' title='bbox 2178 3543 2298 3599; x_wconf 89' lang='lat' dir='ltr'><strong>stici</strong></span> <span class='ocrx_word' id='word_1_694' title='bbox 2351 3541 2469 3611; x_wconf 88' lang='lat' dir='ltr'><strong>ejus</strong></span> <span class='ocrx_word' id='word_1_695' title='bbox 2521 3541 2706 3597; x_wconf 86' lang='lat' dir='ltr'><strong>vestiti</strong></span> <span class='ocrx_word' id='word_1_696' title='bbox 2749 3546 2876 3596; x_wconf 90' lang='lat' dir='ltr'><strong>sunt</strong></span> <span class='ocrx_word' id='word_1_697' title='bbox 2928 3540 3253 3610; x_wconf 88' lang='lat' dir='ltr'><strong>duplicibus.</strong></span> <span class='ocrx_word' id='word_1_698' title='bbox 3309 3538 3684 3610; x_wconf 85' lang='lat' dir='ltr'><strong>Stragulatam</strong></span> 
     </span>
    </p>
   </div>
   <div class='ocr_carea' id='block_1_96' title="bbox 2116 3630 3696 3704">
    <p class='ocr_par' dir='ltr' id='par_1_96' title="bbox 2116 3630 3696 3704">
     <span class='ocr_line' id='line_1_97' title="bbox 2116 3630 3696 3704; baseline -0.001 -20"><span class='ocrx_word' id='word_1_699' title='bbox 2116 3652 2135 3684; x_wconf 69' lang='grc' dir='ltr'>ε</span> <span class='ocrx_word' id='word_1_700' title='bbox 2178 3641 2383 3688; x_wconf 88' lang='lat' dir='ltr'><strong>vestem</strong></span> <span class='ocrx_word' id='word_1_701' title='bbox 2409 3632 2538 3687; x_wconf 79' lang='lat' dir='ltr'><strong>fecit</strong></span> <span class='ocrx_word' id='word_1_702' title='bbox 2568 3631 2693 3698; x_wconf 84' lang='lat' dir='ltr'><strong>sibi,</strong></span> <span class='ocrx_word' id='word_1_703' title='bbox 2726 3631 2921 3704; x_wconf 77' lang='lat' dir='ltr'><strong>byssus</strong></span> <span class='ocrx_word' id='word_1_704' title='bbox 2958 3638 3014 3685; x_wconf 88' lang='lat' dir='ltr'><strong>et</strong></span> <span class='ocrx_word' id='word_1_705' title='bbox 3039 3645 3274 3700; x_wconf 89' lang='lat' dir='ltr'><strong>purpura</strong></span> <span class='ocrx_word' id='word_1_706' title='bbox 3308 3630 3696 3683; x_wconf 85' lang='lat' dir='ltr'><strong>vestimentum</strong></span> 
     </span>
    </p>
   </div>
   <div class='ocr_carea' id='block_1_97' title="bbox 2116 3722 3696 3795">
    <p class='ocr_par' dir='ltr' id='par_1_97' title="bbox 2116 3722 3696 3795">
     <span class='ocr_line' id='line_1_98' title="bbox 2116 3722 3696 3795; baseline -0.001 -17"><span class='ocrx_word' id='word_1_707' title='bbox 2116 3744 2135 3777; x_wconf 76' lang='grc' dir='ltr'>ι</span> <span class='ocrx_word' id='word_1_708' title='bbox 2182 3724 2318 3794; x_wconf 88' lang='lat' dir='ltr'><strong>ejus.</strong></span> <span class='ocrx_word' id='word_1_709' title='bbox 2360 3724 2567 3781; x_wconf 86' lang='lat' dir='ltr'><strong>Nobilis</strong></span> <span class='ocrx_word' id='word_1_710' title='bbox 2617 3724 2672 3778; x_wconf 90' lang='lat' dir='ltr'><strong>in</strong></span> <span class='ocrx_word' id='word_1_711' title='bbox 2728 3725 2902 3795; x_wconf 90' lang='lat' dir='ltr'><strong>portis</strong></span> <span class='ocrx_word' id='word_1_712' title='bbox 2939 3725 3024 3778; x_wconf 91' lang='lat' dir='ltr'><strong>vir</strong></span> <span class='ocrx_word' id='word_1_713' title='bbox 3051 3722 3168 3792; x_wconf 90' lang='lat' dir='ltr'><strong>ejus</strong></span> <span class='ocrx_word' id='word_1_714' title='bbox 3197 3765 3214 3789; x_wconf 95' lang='lat'><strong>,</strong></span> <span class='ocrx_word' id='word_1_715' title='bbox 3246 3723 3463 3792; x_wconf 71' lang='lat' dir='ltr'><strong>(mando</strong></span> <span class='ocrx_word' id='word_1_716' title='bbox 3491 3723 3696 3777; x_wconf 87' lang='lat' dir='ltr'><strong>sederit</strong></span> 
     </span>
    </p>
   </div>
   <div class='ocr_carea' id='block_1_98' title="bbox 2116 3810 3700 3871">
    <p class='ocr_par' dir='ltr' id='par_1_98' title="bbox 2116 3810 3700 3871">
     <span class='ocr_line' id='line_1_99' title="bbox 2116 3810 3700 3871; baseline -0.001 -5"><span class='ocrx_word' id='word_1_717' title='bbox 2116 3835 2134 3866; x_wconf 75' lang='grc' dir='ltr'>ι</span> <span class='ocrx_word' id='word_1_718' title='bbox 2176 3831 2300 3871; x_wconf 90' lang='lat' dir='ltr'><strong>cum</strong></span> <span class='ocrx_word' id='word_1_719' title='bbox 2337 3814 2685 3870; x_wconf 88' lang='lat' dir='ltr'><strong>senatoribus</strong></span> <span class='ocrx_word' id='word_1_720' title='bbox 2709 3822 2887 3868; x_wconf 68' lang='lat' dir='ltr'><strong>terrae.</strong></span> <span class='ocrx_word' id='word_1_721' title='bbox 2918 3811 3213 3868; x_wconf 87' lang='lat' dir='ltr'><strong>Sindonem</strong></span> <span class='ocrx_word' id='word_1_722' title='bbox 3240 3811 3369 3867; x_wconf 83' lang='lat' dir='ltr'><strong>fecit</strong></span> <span class='ocrx_word' id='word_1_723' title='bbox 3402 3819 3458 3866; x_wconf 91' lang='lat' dir='ltr'><strong>et</strong></span> <span class='ocrx_word' id='word_1_724' title='bbox 3508 3810 3700 3867; x_wconf 80' lang='lat' dir='ltr'><strong>vendi-</strong></span> 
     </span>
    </p>
   </div>
   <div class='ocr_carea' id='block_1_99' title="bbox 2118 3903 3700 3977">
    <p class='ocr_par' dir='ltr' id='par_1_99' title="bbox 2118 3903 3700 3977">
     <span class='ocr_line' id='line_1_100' title="bbox 2118 3903 3700 3977; baseline -0.001 -19"><span class='ocrx_word' id='word_1_725' title='bbox 2118 3926 2137 3958; x_wconf 83' lang='grc'><em>‹</em></span> <span class='ocrx_word' id='word_1_726' title='bbox 2178 3908 2273 3972; x_wconf 89' lang='lat' dir='ltr'><strong>dit,</strong></span> <span class='ocrx_word' id='word_1_727' title='bbox 2314 3915 2370 3961; x_wconf 79' lang='lat' dir='ltr'><strong>et</strong></span> <span class='ocrx_word' id='word_1_728' title='bbox 2393 3906 2667 3977; x_wconf 87' lang='lat' dir='ltr'><strong>cingulum</strong></span> <span class='ocrx_word' id='word_1_729' title='bbox 2695 3905 2922 3961; x_wconf 86' lang='lat' dir='ltr'><strong>tradidit</strong></span> <span class='ocrx_word' id='word_1_730' title='bbox 2952 3905 3283 3961; x_wconf 71' lang='lat' dir='ltr'><strong>Chananzeo.</strong></span> <span class='ocrx_word' id='word_1_731' title='bbox 3313 3903 3700 3960; x_wconf 84' lang='lat' dir='ltr'><strong>Consideravit</strong></span> 
     </span>
    </p>
   </div>
   <div class='ocr_carea' id='block_1_100' title="bbox 2118 3995 3697 4066">
    <p class='ocr_par' dir='ltr' id='par_1_100' title="bbox 2118 3995 3697 4066">
     <span class='ocr_line' id='line_1_101' title="bbox 2118 3995 3697 4066; baseline -0.001 -17"><span class='ocrx_word' id='word_1_732' title='bbox 2118 4016 2136 4049; x_wconf 87' lang='grc'>‹</span> <span class='ocrx_word' id='word_1_733' title='bbox 2181 3999 2402 4055; x_wconf 89' lang='lat' dir='ltr'><strong>semitas</strong></span> <span class='ocrx_word' id='word_1_734' title='bbox 2435 3998 2629 4051; x_wconf 91' lang='lat' dir='ltr'><strong>domus</strong></span> <span class='ocrx_word' id='word_1_735' title='bbox 2655 4011 2783 4060; x_wconf 60' lang='lat' dir='ltr'><strong>sua),</strong></span> <span class='ocrx_word' id='word_1_736' title='bbox 2814 4004 2871 4051; x_wconf 89' lang='lat' dir='ltr'><strong>et</strong></span> <span class='ocrx_word' id='word_1_737' title='bbox 2912 4010 3108 4066; x_wconf 90' lang='lat' dir='ltr'><strong>panem</strong></span> <span class='ocrx_word' id='word_1_738' title='bbox 3148 3995 3321 4050; x_wconf 87' lang='lat' dir='ltr'><strong>otiosa</strong></span> <span class='ocrx_word' id='word_1_739' title='bbox 3356 4009 3468 4049; x_wconf 92' lang='lat' dir='ltr'><strong>non</strong></span> <span class='ocrx_word' id='word_1_740' title='bbox 3515 4007 3697 4049; x_wconf 88' lang='lat' dir='ltr'><strong>come-</strong></span> 
     </span>
    </p>
   </div>
   <div class='ocr_carea' id='block_1_101' title="bbox 2118 4084 3699 4157">
    <p class='ocr_par' dir='ltr' id='par_1_101' title="bbox 2118 4084 3699 4157">
     <span class='ocr_line' id='line_1_102' title="bbox 2118 4084 3699 4157; baseline -0.001 -17"><span class='ocrx_word' id='word_1_741' title='bbox 2118 4109 2137 4140; x_wconf 74' lang='lat'><strong>¢</strong></span> <span class='ocrx_word' id='word_1_742' title='bbox 2182 4090 2277 4145; x_wconf 89' lang='lat' dir='ltr'><strong>dit.</strong></span> <span class='ocrx_word' id='word_1_743' title='bbox 2332 4087 2406 4143; x_wconf 92' lang='lat' dir='ltr'><strong>Os</strong></span> <span class='ocrx_word' id='word_1_744' title='bbox 2452 4102 2610 4143; x_wconf 90' lang='lat' dir='ltr'><strong>suum</strong></span> <span class='ocrx_word' id='word_1_745' title='bbox 2655 4088 2867 4157; x_wconf 89' lang='lat' dir='ltr'><strong>aperuit</strong></span> <span class='ocrx_word' id='word_1_746' title='bbox 2925 4087 3223 4157; x_wconf 64' lang='lat' dir='ltr'><strong>sapientiae,</strong></span> <span class='ocrx_word' id='word_1_747' title='bbox 3257 4092 3313 4141; x_wconf 90' lang='lat' dir='ltr'><strong>et</strong></span> <span class='ocrx_word' id='word_1_748' title='bbox 3346 4085 3429 4139; x_wconf 87' lang='lat' dir='ltr'><strong>lex</strong></span> <span class='ocrx_word' id='word_1_749' title='bbox 3462 4084 3699 4139; x_wconf 87' lang='lat' dir='ltr'><strong>clemen-</strong></span> 
     </span>
    </p>
   </div>
   <div class='ocr_carea' id='block_1_102' title="bbox 2119 4175 3697 4248">
    <p class='ocr_par' dir='ltr' id='par_1_102' title="bbox 2119 4175 3697 4248">
     <span class='ocr_line' id='line_1_103' title="bbox 2119 4175 3697 4248; baseline -0.001 -18"><span class='ocrx_word' id='word_1_750' title='bbox 2119 4198 2137 4230; x_wconf 83' lang='grc'><strong><em>‹</em></strong></span> <span class='ocrx_word' id='word_1_751' title='bbox 2184 4178 2346 4235; x_wconf 64' lang='lat' dir='ltr'><strong>timin</strong></span> <span class='ocrx_word' id='word_1_752' title='bbox 2370 4178 2551 4248; x_wconf 86' lang='lat' dir='ltr'><strong>lingua</strong></span> <span class='ocrx_word' id='word_1_753' title='bbox 2603 4175 2721 4246; x_wconf 85' lang='lat' dir='ltr'><strong>ejus</strong></span> <span class='ocrx_word' id='word_1_754' title='bbox 2746 4217 2760 4242; x_wconf 92' lang='lat'><strong>,</strong></span> <span class='ocrx_word' id='word_1_755' title='bbox 2797 4176 3056 4231; x_wconf 83' lang='lat' dir='ltr'><strong>fortitudo</strong></span> <span class='ocrx_word' id='word_1_756' title='bbox 3088 4184 3146 4231; x_wconf 88' lang='lat' dir='ltr'><strong>et</strong></span> <span class='ocrx_word' id='word_1_757' title='bbox 3192 4176 3355 4231; x_wconf 89' lang='lat' dir='ltr'><strong>decor</strong></span> <span class='ocrx_word' id='word_1_758' title='bbox 3409 4175 3697 4231; x_wconf 87' lang='lat' dir='ltr'><strong>indumen-</strong></span> 
     </span>
    </p>
   </div>
   <div class='ocr_carea' id='block_1_103' title="bbox 2121 4264 3694 4337">
    <p class='ocr_par' dir='ltr' id='par_1_103' title="bbox 2121 4264 3694 4337">
     <span class='ocr_line' id='line_1_104' title="bbox 2121 4264 3694 4337; baseline -0.001 -18"><span class='ocrx_word' id='word_1_759' title='bbox 2121 4289 2139 4319; x_wconf 72' lang='grc' dir='ltr'><strong><em>ι</em></strong></span> <span class='ocrx_word' id='word_1_760' title='bbox 2186 4278 2299 4324; x_wconf 89' lang='lat' dir='ltr'><strong>tum</strong></span> <span class='ocrx_word' id='word_1_761' title='bbox 2335 4268 2470 4337; x_wconf 89' lang='lat' dir='ltr'><strong>ejus,</strong></span> <span class='ocrx_word' id='word_1_762' title='bbox 2506 4277 2563 4323; x_wconf 90' lang='lat' dir='ltr'><strong>et</strong></span> <span class='ocrx_word' id='word_1_763' title='bbox 2590 4268 2788 4323; x_wconf 89' lang='lat' dir='ltr'><strong>ridebit</strong></span> <span class='ocrx_word' id='word_1_764' title='bbox 2833 4268 2889 4322; x_wconf 89' lang='lat' dir='ltr'><strong>in</strong></span> <span class='ocrx_word' id='word_1_765' title='bbox 2924 4268 3012 4323; x_wconf 91' lang='lat' dir='ltr'><strong>die</strong></span> <span class='ocrx_word' id='word_1_766' title='bbox 3056 4267 3374 4323; x_wconf 82' lang='lat' dir='ltr'><strong>novissimo.</strong></span> <span class='ocrx_word' id='word_1_767' title='bbox 3424 4264 3694 4321; x_wconf 83' lang='lat' dir='ltr'><strong>Surrexe-</strong></span> 
     </span>
    </p>
   </div>
   <div class='ocr_carea' id='block_1_104' title="bbox 2123 4356 3700 4430">
    <p class='ocr_par' dir='ltr' id='par_1_104' title="bbox 2123 4356 3700 4430">
     <span class='ocr_line' id='line_1_105' title="bbox 2123 4356 3700 4430; baseline -0.002 -19"><span class='ocrx_word' id='word_1_768' title='bbox 2123 4379 2142 4411; x_wconf 77' lang='grc' dir='ltr'>ι</span> <span class='ocrx_word' id='word_1_769' title='bbox 2188 4369 2312 4415; x_wconf 90' lang='lat' dir='ltr'><strong>runt</strong></span> <span class='ocrx_word' id='word_1_770' title='bbox 2354 4360 2446 4415; x_wconf 88' lang='lat' dir='ltr'><strong>ﬁlii</strong></span> <span class='ocrx_word' id='word_1_771' title='bbox 2473 4360 2611 4430; x_wconf 91' lang='lat' dir='ltr'><strong>ejus,</strong></span> <span class='ocrx_word' id='word_1_772' title='bbox 2637 4368 2693 4414; x_wconf 84' lang='lat' dir='ltr'><strong>et</strong></span> <span class='ocrx_word' id='word_1_773' title='bbox 2718 4358 3089 4414; x_wconf 85' lang='lat' dir='ltr'><strong>beatissimam</strong></span> <span class='ocrx_word' id='word_1_774' title='bbox 3123 4358 3577 4429; x_wconf 64' lang='lat' dir='ltr'><strong>praedicaverunt,</strong></span> <span class='ocrx_word' id='word_1_775' title='bbox 3616 4356 3700 4410; x_wconf 84' lang='lat' dir='ltr'><strong>vir</strong></span> 
     </span>
    </p>
   </div>
   <div class='ocr_carea' id='block_1_105' title="bbox 2123 4449 3702 4519">
    <p class='ocr_par' dir='ltr' id='par_1_105' title="bbox 2123 4449 3702 4519">
     <span class='ocr_line' id='line_1_106' title="bbox 2123 4449 3702 4519; baseline -0.001 -17"><span class='ocrx_word' id='word_1_776' title='bbox 2123 4469 2146 4502; x_wconf 67' lang='grc' dir='ltr'>ί</span> <span class='ocrx_word' id='word_1_777' title='bbox 2191 4450 2306 4518; x_wconf 88' lang='lat' dir='ltr'><strong>ejus</strong></span> <span class='ocrx_word' id='word_1_778' title='bbox 2333 4459 2386 4505; x_wconf 88' lang='lat' dir='ltr'><strong>et</strong></span> <span class='ocrx_word' id='word_1_779' title='bbox 2405 4450 2642 4504; x_wconf 88' lang='lat' dir='ltr'><strong>laudavit</strong></span> <span class='ocrx_word' id='word_1_780' title='bbox 2672 4465 2816 4505; x_wconf 90' lang='lat' dir='ltr'><strong>eam.</strong></span> <span class='ocrx_word' id='word_1_781' title='bbox 2856 4449 3034 4504; x_wconf 69' lang='lat' dir='ltr'><strong>Multa:</strong></span> <span class='ocrx_word' id='word_1_782' title='bbox 3066 4449 3190 4505; x_wconf 67' lang='lat' dir='ltr'><strong>ﬁliae</strong></span> <span class='ocrx_word' id='word_1_783' title='bbox 3230 4456 3702 4519; x_wconf 85' lang='lat' dir='ltr'><strong>congregaverunt</strong></span> 
     </span>
    </p>
   </div>
   <div class='ocr_carea' id='block_1_106' title="bbox 2128 4539 3699 4611">
    <p class='ocr_par' dir='ltr' id='par_1_106' title="bbox 2128 4539 3699 4611">
     <span class='ocr_line' id='line_1_107' title="bbox 2128 4539 3699 4611; baseline 0 -18"><span class='ocrx_word' id='word_1_784' title='bbox 2128 4559 2147 4593; x_wconf 71' lang='grc' dir='ltr'><em>ς</em></span> <span class='ocrx_word' id='word_1_785' title='bbox 2192 4543 2431 4606; x_wconf 85' lang='lat' dir='ltr'><strong>divitias,</strong></span> <span class='ocrx_word' id='word_1_786' title='bbox 2470 4549 2527 4595; x_wconf 91' lang='lat' dir='ltr'><strong>tu</strong></span> <span class='ocrx_word' id='word_1_787' title='bbox 2566 4556 2916 4611; x_wconf 87' lang='lat' dir='ltr'><strong>supergressa</strong></span> <span class='ocrx_word' id='word_1_788' title='bbox 2952 4557 3012 4595; x_wconf 92' lang='lat' dir='ltr'><strong>es</strong></span> <span class='ocrx_word' id='word_1_789' title='bbox 3031 4541 3335 4596; x_wconf 90' lang='lat' dir='ltr'><strong>universas.</strong></span> <span class='ocrx_word' id='word_1_790' title='bbox 3358 4539 3543 4595; x_wconf 82' lang='lat' dir='ltr'><strong>Fallax</strong></span> <span class='ocrx_word' id='word_1_791' title='bbox 3573 4554 3699 4611; x_wconf 84' lang='lat' dir='ltr'><strong>gra—</strong></span> 
     </span>
    </p>
   </div>
   <div class='ocr_carea' id='block_1_107' title="bbox 2128 4630 3695 4702">
    <p class='ocr_par' dir='ltr' id='par_1_107' title="bbox 2128 4630 3695 4702">
     <span class='ocr_line' id='line_1_108' title="bbox 2128 4630 3695 4702; baseline 0.002 -19"><span class='ocrx_word' id='word_1_792' title='bbox 2128 4651 2146 4683; x_wconf 74' lang='grc' dir='ltr'><strong>σ</strong></span> <span class='ocrx_word' id='word_1_793' title='bbox 2192 4635 2264 4688; x_wconf 90' lang='lat' dir='ltr'><strong>tia</strong></span> <span class='ocrx_word' id='word_1_794' title='bbox 2294 4642 2348 4689; x_wconf 92' lang='lat' dir='ltr'><strong>et</strong></span> <span class='ocrx_word' id='word_1_795' title='bbox 2372 4650 2512 4688; x_wconf 89' lang='lat' dir='ltr'><strong>vana</strong></span> <span class='ocrx_word' id='word_1_796' title='bbox 2546 4641 2630 4688; x_wconf 88' lang='lat' dir='ltr'><strong>est</strong></span> <span class='ocrx_word' id='word_1_797' title='bbox 2660 4633 3025 4702; x_wconf 85' lang='lat' dir='ltr'><strong>pulchritudo,</strong></span> <span class='ocrx_word' id='word_1_798' title='bbox 3056 4633 3253 4687; x_wconf 89' lang='lat' dir='ltr'><strong>mulier</strong></span> <span class='ocrx_word' id='word_1_799' title='bbox 3290 4631 3488 4686; x_wconf 88' lang='lat' dir='ltr'><strong>timens</strong></span> <span class='ocrx_word' id='word_1_800' title='bbox 3520 4630 3695 4687; x_wconf 85' lang='lat' dir='ltr'><strong>Deum</strong></span> 
     </span>
    </p>
   </div>
   <div class='ocr_carea' id='block_1_108' title="bbox 2127 4721 3697 4795">
    <p class='ocr_par' dir='ltr' id='par_1_108' title="bbox 2127 4721 3697 4795">
     <span class='ocr_line' id='line_1_109' title="bbox 2127 4721 3697 4795; baseline 0.001 -19"><span class='ocrx_word' id='word_1_801' title='bbox 2127 4742 2146 4776; x_wconf 85' lang='grc'><em>‹</em></span> <span class='ocrx_word' id='word_1_802' title='bbox 2188 4726 2302 4795; x_wconf 90' lang='lat' dir='ltr'><strong>ipsa</strong></span> <span class='ocrx_word' id='word_1_803' title='bbox 2330 4724 2655 4779; x_wconf 89' lang='lat' dir='ltr'><strong>laudabitur.</strong></span> <span class='ocrx_word' id='word_1_804' title='bbox 2709 4724 2843 4778; x_wconf 90' lang='lat' dir='ltr'><strong>Date</strong></span> <span class='ocrx_word' id='word_1_805' title='bbox 2867 4723 2917 4777; x_wconf 85' lang='lat' dir='ltr'><strong>ei</strong></span> <span class='ocrx_word' id='word_1_806' title='bbox 2952 4724 3021 4778; x_wconf 91' lang='lat' dir='ltr'><strong>de</strong></span> <span class='ocrx_word' id='word_1_807' title='bbox 3075 4721 3251 4778; x_wconf 80' lang='lat' dir='ltr'><strong>fructu</strong></span> <span class='ocrx_word' id='word_1_808' title='bbox 3282 4738 3539 4777; x_wconf 89' lang='lat' dir='ltr'><strong>manuum</strong></span> <span class='ocrx_word' id='word_1_809' title='bbox 3571 4737 3697 4778; x_wconf 79' lang='lat' dir='ltr'><strong>sua-</strong></span> 
     </span>
    </p>
   </div>
   <div class='ocr_carea' id='block_1_109' title="bbox 2127 4815 3508 4885">
    <p class='ocr_par' dir='ltr' id='par_1_109' title="bbox 2127 4815 3508 4885">
     <span class='ocr_line' id='line_1_110' title="bbox 2127 4815 3508 4885; baseline -0.001 -18"><span class='ocrx_word' id='word_1_810' title='bbox 2127 4835 2145 4867; x_wconf 71' lang='grc'><strong>(</strong></span> <span class='ocrx_word' id='word_1_811' title='bbox 2190 4832 2333 4880; x_wconf 92' lang='lat' dir='ltr'><strong>rum,</strong></span> <span class='ocrx_word' id='word_1_812' title='bbox 2361 4825 2417 4870; x_wconf 90' lang='lat' dir='ltr'><strong>et</strong></span> <span class='ocrx_word' id='word_1_813' title='bbox 2441 4815 2660 4870; x_wconf 90' lang='lat' dir='ltr'><strong>laudent</strong></span> <span class='ocrx_word' id='word_1_814' title='bbox 2683 4830 2803 4870; x_wconf 89' lang='lat' dir='ltr'><strong>eam</strong></span> <span class='ocrx_word' id='word_1_815' title='bbox 2829 4815 2881 4869; x_wconf 93' lang='lat' dir='ltr'><strong>in</strong></span> <span class='ocrx_word' id='word_1_816' title='bbox 2903 4815 3076 4885; x_wconf 90' lang='lat' dir='ltr'><strong>portis</strong></span> <span class='ocrx_word' id='word_1_817' title='bbox 3110 4830 3273 4885; x_wconf 86' lang='lat' dir='ltr'><strong>opera</strong></span> <span class='ocrx_word' id='word_1_818' title='bbox 3303 4815 3440 4884; x_wconf 90' lang='lat' dir='ltr'><strong>ejus.</strong></span> <span class='ocrx_word' id='word_1_819' title='bbox 3490 4835 3508 4866; x_wconf 78' lang='grc' dir='ltr'><strong><em>ι</em></strong></span> 
     </span>
    </p>
   </div>
   <div class='ocr_carea' id='block_1_110' title="bbox 2192 4903 3698 4977">
    <p class='ocr_par' dir='ltr' id='par_1_110' title="bbox 2192 4903 3698 4977">
     <span class='ocr_line' id='line_1_111' title="bbox 2192 4903 3698 4977; baseline 0.001 -19"><span class='ocrx_word' id='word_1_820' title='bbox 2192 4904 2466 4958; x_wconf 75' lang='lat' dir='ltr'><strong>Mulierem</strong></span> <span class='ocrx_word' id='word_1_821' title='bbox 2495 4903 2682 4973; x_wconf 80' lang='lat' dir='ltr'><strong>fortem</strong></span> <span class='ocrx_word' id='word_1_822' title='bbox 2705 4904 2819 4975; x_wconf 88' lang='lat' dir='ltr'><strong>quis</strong></span> <span class='ocrx_word' id='word_1_823' title='bbox 2844 4904 3084 4958; x_wconf 83' lang='lat' dir='ltr'><strong>inveniet.</strong></span> <span class='ocrx_word' id='word_1_824' title='bbox 3133 4903 3233 4977; x_wconf 78' lang='lat' dir='ltr'><strong>(Ex</strong></span> <span class='ocrx_word' id='word_1_825' title='bbox 3272 4904 3461 4975; x_wconf 88' lang='lat' dir='ltr'><strong>Beda.)</strong></span> <span class='ocrx_word' id='word_1_826' title='bbox 3501 4904 3698 4961; x_wconf 80' lang='lat' dir='ltr'><strong>Mulier</strong></span> 
     </span>
    </p>
   </div>
   <div class='ocr_carea' id='block_1_111' title="bbox 2120 4992 3695 5064">
    <p class='ocr_par' dir='ltr' id='par_1_111' title="bbox 2120 4992 3695 5064">
     <span class='ocr_line' id='line_1_112' title="bbox 2120 4992 3695 5064; baseline 0.002 -16"><span class='ocrx_word' id='word_1_827' title='bbox 2120 4994 2274 5050; x_wconf 82' lang='lat' dir='ltr'><strong>fortis</strong></span> <span class='ocrx_word' id='word_1_828' title='bbox 2295 4994 2528 5050; x_wconf 86' lang='lat' dir='ltr'><strong>Scelesia</strong></span> <span class='ocrx_word' id='word_1_829' title='bbox 2574 4995 2838 5050; x_wconf 88' lang='lat' dir='ltr'><strong>catholica</strong></span> <span class='ocrx_word' id='word_1_830' title='bbox 2884 5004 3109 5049; x_wconf 88' lang='lat' dir='ltr'><strong>vocatur</strong></span> <span class='ocrx_word' id='word_1_831' title='bbox 3129 5036 3143 5056; x_wconf 92' lang='lat'><strong>,</strong></span> <span class='ocrx_word' id='word_1_832' title='bbox 3172 5010 3333 5064; x_wconf 89' lang='lat' dir='ltr'><strong>quam</strong></span> <span class='ocrx_word' id='word_1_833' title='bbox 3371 4992 3607 5051; x_wconf 82' lang='lat' dir='ltr'><strong>Joannes</strong></span> <span class='ocrx_word' id='word_1_834' title='bbox 3634 4997 3695 5051; x_wconf 89' lang='lat' dir='ltr'><strong>in</strong></span> 
     </span>
    </p>
   </div>
   <div class='ocr_carea' id='block_1_112' title="bbox 2120 5086 3696 5157">
    <p class='ocr_par' dir='ltr' id='par_1_112' title="bbox 2120 5086 3696 5157">
     <span class='ocr_line' id='line_1_113' title="bbox 2120 5086 3696 5157; baseline 0.001 -15"><span class='ocrx_word' id='word_1_835' title='bbox 2120 5086 2440 5157; x_wconf 78' lang='lat' dir='ltr'><strong>Apocalypsi</strong></span> <span class='ocrx_word' id='word_1_836' title='bbox 2470 5087 2721 5142; x_wconf 90' lang='lat' dir='ltr'><strong>amictam</strong></span> <span class='ocrx_word' id='word_1_837' title='bbox 2750 5103 2871 5142; x_wconf 91' lang='lat' dir='ltr'><strong>cum</strong></span> <span class='ocrx_word' id='word_1_838' title='bbox 2915 5088 3058 5152; x_wconf 88' lang='lat' dir='ltr'><strong>sole,</strong></span> <span class='ocrx_word' id='word_1_839' title='bbox 3093 5087 3144 5142; x_wconf 93' lang='lat' dir='ltr'><strong>id</strong></span> <span class='ocrx_word' id='word_1_840' title='bbox 3190 5096 3307 5153; x_wconf 83' lang='lat' dir='ltr'><strong>est,</strong></span> <span class='ocrx_word' id='word_1_841' title='bbox 3356 5089 3579 5143; x_wconf 85' lang='lat' dir='ltr'><strong>Christo</strong></span> <span class='ocrx_word' id='word_1_842' title='bbox 3608 5087 3696 5143; x_wconf 78' lang='lat' dir='ltr'><strong>vi-</strong></span> 
     </span>
    </p>
   </div>
   <div class='ocr_carea' id='block_1_113' title="bbox 2121 5178 3694 5249">
    <p class='ocr_par' dir='ltr' id='par_1_113' title="bbox 2121 5178 3694 5249">
     <span class='ocr_line' id='line_1_114' title="bbox 2121 5178 3694 5249; baseline -0.001 -16"><span class='ocrx_word' id='word_1_843' title='bbox 2121 5179 2263 5233; x_wconf 87' lang='lat' dir='ltr'><strong>disse</strong></span> <span class='ocrx_word' id='word_1_844' title='bbox 2288 5178 2624 5247; x_wconf 88' lang='lat' dir='ltr'><strong>perbibetur.</strong></span> <span class='ocrx_word' id='word_1_845' title='bbox 2657 5178 2786 5245; x_wconf 73' lang='lat' dir='ltr'><strong>Quae</strong></span> <span class='ocrx_word' id='word_1_846' title='bbox 2813 5179 3120 5249; x_wconf 89' lang='lat' dir='ltr'><strong>spiritualcs</strong></span> <span class='ocrx_word' id='word_1_847' title='bbox 3156 5179 3268 5235; x_wconf 82' lang='lat' dir='ltr'><strong>Deo</strong></span> <span class='ocrx_word' id='word_1_848' title='bbox 3292 5178 3430 5234; x_wconf 86' lang='lat' dir='ltr'><strong>ﬁlios</strong></span> <span class='ocrx_word' id='word_1_849' title='bbox 3457 5194 3525 5233; x_wconf 83' lang='lat' dir='ltr'><strong>ex</strong></span> <span class='ocrx_word' id='word_1_850' title='bbox 3551 5193 3694 5247; x_wconf 87' lang='lat' dir='ltr'><strong>aqua</strong></span> 
     </span>
    </p>
   </div>
   <div class='ocr_carea' id='block_1_114' title="bbox 2127 5269 3697 5351">
    <p class='ocr_par' dir='ltr' id='par_1_114' title="bbox 2127 5269 3697 5351">
     <span class='ocr_line' id='line_1_115' title="bbox 2127 5269 3697 5351; baseline -0.003 -23"><span class='ocrx_word' id='word_1_851' title='bbox 2127 5269 2395 5340; x_wconf 88' lang='lat' dir='ltr'><strong>etSpiritn</strong></span> <span class='ocrx_word' id='word_1_852' title='bbox 2421 5280 2607 5326; x_wconf 88' lang='lat' dir='ltr'><strong>sancto</strong></span> <span class='ocrx_word' id='word_1_853' title='bbox 2636 5286 2906 5351; x_wconf 57' lang='lat' dir='ltr'><strong>generate</strong></span> <span class='ocrx_word' id='word_1_854' title='bbox 2915 5287 3020 5326; x_wconf 91' lang='lat' dir='ltr'><strong>non</strong></span> <span class='ocrx_word' id='word_1_855' title='bbox 3058 5279 3255 5335; x_wconf 88' lang='lat' dir='ltr'><strong>cessat,</strong></span> <span class='ocrx_word' id='word_1_856' title='bbox 3292 5286 3413 5341; x_wconf 77' lang='lat' dir='ltr'><strong>quae</strong></span> <span class='ocrx_word' id='word_1_857' title='bbox 3440 5271 3561 5325; x_wconf 90' lang='lat' dir='ltr'><strong>ideo</strong></span> <span class='ocrx_word' id='word_1_858' title='bbox 3588 5269 3697 5324; x_wconf 80' lang='lat' dir='ltr'><strong>lor-</strong></span> 
     </span>
    </p>
   </div>
   <div class='ocr_carea' id='block_1_115' title="bbox 2129 5360 3696 5432">
    <p class='ocr_par' dir='ltr' id='par_1_115' title="bbox 2129 5360 3696 5432">
     <span class='ocr_line' id='line_1_116' title="bbox 2129 5360 3696 5432; baseline -0.003 -13"><span class='ocrx_word' id='word_1_859' title='bbox 2129 5366 2196 5419; x_wconf 88' lang='lat' dir='ltr'><strong>tis</strong></span> <span class='ocrx_word' id='word_1_860' title='bbox 2218 5371 2460 5429; x_wconf 90' lang='lat' dir='ltr'><strong>vocatur,</strong></span> <span class='ocrx_word' id='word_1_861' title='bbox 2500 5363 2625 5432; x_wconf 85' lang='lat' dir='ltr'><strong>quia</strong></span> <span class='ocrx_word' id='word_1_862' title='bbox 2648 5370 2839 5417; x_wconf 90' lang='lat' dir='ltr'><strong>cuncta</strong></span> <span class='ocrx_word' id='word_1_863' title='bbox 2865 5361 3047 5416; x_wconf 70' lang='lat' dir='ltr'><strong>saeculi</strong></span> <span class='ocrx_word' id='word_1_864' title='bbox 3070 5362 3294 5417; x_wconf 88' lang='lat' dir='ltr'><strong>adversa</strong></span> <span class='ocrx_word' id='word_1_865' title='bbox 3320 5360 3477 5416; x_wconf 91' lang='lat' dir='ltr'><strong>simul</strong></span> <span class='ocrx_word' id='word_1_866' title='bbox 3500 5370 3556 5414; x_wconf 88' lang='lat' dir='ltr'><strong>et</strong></span> <span class='ocrx_word' id='word_1_867' title='bbox 3574 5375 3696 5430; x_wconf 90' lang='lat' dir='ltr'><strong>pro-</strong></span> 
     </span>
    </p>
   </div>
   <div class='ocr_carea' id='block_1_116' title="bbox 2127 5450 3693 5527">
    <p class='ocr_par' dir='ltr' id='par_1_116' title="bbox 2127 5450 3693 5527">
     <span class='ocr_line' id='line_1_117' title="bbox 2127 5450 3693 5527; baseline -0.005 -17"><span class='ocrx_word' id='word_1_868' title='bbox 2127 5470 2281 5527; x_wconf 88' lang='lat' dir='ltr'><strong>spera</strong></span> <span class='ocrx_word' id='word_1_869' title='bbox 2334 5469 2434 5523; x_wconf 88' lang='lat' dir='ltr'><strong>pro</strong></span> <span class='ocrx_word' id='word_1_870' title='bbox 2491 5452 2797 5508; x_wconf 89' lang='lat' dir='ltr'><strong>Conditoris</strong></span> <span class='ocrx_word' id='word_1_871' title='bbox 2842 5452 2925 5506; x_wconf 88' lang='lat' dir='ltr'><strong>sui</strong></span> <span class='ocrx_word' id='word_1_872' title='bbox 2984 5450 3089 5506; x_wconf 88' lang='lat' dir='ltr'><strong>ﬁde</strong></span> <span class='ocrx_word' id='word_1_873' title='bbox 3142 5450 3469 5517; x_wconf 82' lang='lat' dir='ltr'><strong>contemnit;</strong></span> <span class='ocrx_word' id='word_1_874' title='bbox 3529 5464 3693 5521; x_wconf 85' lang='lat' dir='ltr'><strong>quam</strong></span> 
     </span>
    </p>
   </div>
   <div class='ocr_carea' id='block_1_117' title="bbox 2126 5539 3697 5613">
    <p class='ocr_par' dir='ltr' id='par_1_117' title="bbox 2126 5539 3697 5613">
     <span class='ocr_line' id='line_1_118' title="bbox 2126 5539 3697 5613; baseline -0.004 -14"><span class='ocrx_word' id='word_1_875' title='bbox 2126 5545 2240 5613; x_wconf 91' lang='lat' dir='ltr'><strong>ipse</strong></span> <span class='ocrx_word' id='word_1_876' title='bbox 2272 5544 2327 5598; x_wconf 93' lang='lat' dir='ltr'><strong>in</strong></span> <span class='ocrx_word' id='word_1_877' title='bbox 2362 5556 2523 5596; x_wconf 88' lang='lat' dir='ltr'><strong>carne</strong></span> <span class='ocrx_word' id='word_1_878' title='bbox 2552 5555 2817 5610; x_wconf 89' lang='lat' dir='ltr'><strong>apparens</strong></span> <span class='ocrx_word' id='word_1_879' title='bbox 2844 5540 3113 5595; x_wconf 88' lang='lat' dir='ltr'><strong>inﬁrmam</strong></span> <span class='ocrx_word' id='word_1_880' title='bbox 3156 5540 3398 5606; x_wconf 86' lang='lat' dir='ltr'><strong>invenit,</strong></span> <span class='ocrx_word' id='word_1_881' title='bbox 3429 5539 3523 5595; x_wconf 85' lang='lat' dir='ltr'><strong>sed</strong></span> <span class='ocrx_word' id='word_1_882' title='bbox 3568 5539 3697 5592; x_wconf 79' lang='lat' dir='ltr'><strong>visi-</strong></span> 
     </span>
    </p>
   </div>
   <div class='ocr_carea' id='block_1_118' title="bbox 2126 5630 3695 5713">
    <p class='ocr_par' dir='ltr' id='par_1_118' title="bbox 2126 5630 3695 5713">
     <span class='ocr_line' id='line_1_119' title="bbox 2126 5630 3695 5713; baseline -0.001 -25"><span class='ocrx_word' id='word_1_883' title='bbox 2126 5635 2330 5693; x_wconf 77' lang='lat' dir='ltr'><strong>tationc</strong></span> <span class='ocrx_word' id='word_1_884' title='bbox 2355 5647 2450 5687; x_wconf 89' lang='lat' dir='ltr'><strong>sua</strong></span> <span class='ocrx_word' id='word_1_885' title='bbox 2477 5631 2667 5687; x_wconf 78' lang='lat' dir='ltr'><strong>fortem</strong></span> <span class='ocrx_word' id='word_1_886' title='bbox 2705 5632 2955 5713; x_wconf 82' lang='lat' dir='ltr'><strong>reddidit.</strong></span> <span class='ocrx_word' id='word_1_887' title='bbox 3014 5630 3213 5687; x_wconf 72' lang='lat' dir='ltr'><strong>Videas</strong></span> <span class='ocrx_word' id='word_1_888' title='bbox 3260 5647 3387 5701; x_wconf 83' lang='lat' dir='ltr'><strong>ergo</strong></span> <span class='ocrx_word' id='word_1_889' title='bbox 3436 5630 3695 5705; x_wconf 72' lang='lat' dir='ltr'><strong>Salomon</strong></span> 
     </span>
    </p>
   </div>
  </div>
