3940 6206
253 312 358 365 ιεῖς

1065 319 1579 380 COLLECTIONES
1613 323 1682 380 IN
1722 321 2102 382 EPISTOLAS
2141 324 2228 382 ET
2267 326 2677 387 EVANGELIA.

3409 334 3515 388 126

246 423 749 495 genus'humanum
777 424 960 480 multis
996 427 1326 498 implicatum
1365 433 1672 500 erroribus,
1704 433 1782 488 ait
1809 453 1820 488 :

1934 444 2075 491 tuam
2115 454 2178 492 ne
2209 437 2526 509 despexeris,
2572 449 2676 494 etc.
2724 439 2879 512 (Isai.
2926 440 3105 514 Lvltt.)
3145 441 3213 499 Et
3260 441 3376 500 ht'ec
3405 460 3517 500 non

245 512 526 566 Mulierem
558 513 745 582 fortem
770 517 887 584 quis
916 518 1180 573 inveniet?
1217 537 1280 575 ac
1313 523 1356 576 si
1384 524 1588 579 diceret
1632 543 1643 576 :
1698 525 1832 592 Quis

242 606 556 678 patriarcha
608 615 702 660 aut
735 608 995 676 propheta
1023 651 1037 670 ,
1089 611 1171 665 vel
1213 615 1335 682 quis
1370 617 1492 670 talis
1545 624 1636 669 aut
1670 625 1832 670 tanta:

243 696 463 752 virtutis
482 697 570 751 vel
601 699 779 752 meriti
806 715 927 755 esse
955 711 1163 770 potest,
1192 706 1282 774 qui
1316 707 1380 760 de
1418 715 1494 761 tot
1541 708 1832 764 incredulis

245 787 430 840 nnmdi
459 788 772 843 nationibus
807 805 972 844 unam
1020 792 1120 846 sibi
1177 794 1474 850 electorum
1529 797 1828 852 Ecclesiam

245 886 558 947 congreget.
592 892 754 948 quam
786 893 881 933 sua
915 881 1090 950 gratia
1119 880 1311 937 fortem
1335 895 1391 938 et
1416 886 1830 958 insuperabilem

243 969 664 1025 adversantibus
687 971 896 1027 cunctis
939 972 1177 1028 etliciat?
1203 977 1625 1051 subintelligitur
1653 981 1832 1039 nullus

243 1059 347 1114 nisi
377 1059 460 1114 Ch
470 1061 656 1116 ristus.

315 1145 539 1203 Procul.
573 1147 791 1214 Procul,
823 1166 922 1221 pro
948 1161 1092 1208 statu
1122 1159 1305 1225 posuit
1329 1161 1612 1229 temporis,
1651 1161 1703 1217 id
1724 1171 1826 1226 est,

242 1253 270 1291 a
299 1239 496 1294 diebus
534 1235 842 1298 Salomonis
863 1258 1036 1316 usque
1064 1247 1129 1302 ad
1151 1258 1367 1318 partum
1391 1251 1638 1324 virginis.

310 1331 380 1384 Et
410 1332 479 1386 de
499 1331 707 1388 ‘ultimis
728 1335 922 1404 ﬁnibus
947 1339 1172 1408 pretium
1201 1341 1336 1412 ejus.
1360 1342 1438 1398 De
1480 1343 1684 1400 ultimis
1713 1345 1834 1400 lini-

241 1423 340 1475 bos
382 1423 535 1486 dicit,
572 1425 696 1494 quia
741 1442 774 1480 a
826 1445 1032 1484 summo
1067 1431 1194 1487 ctelo
1233 1434 1459 1502 egressio
1501 1435 1615 1504 ejus
1657 1433 1828 1509 (Psal.

242 1511 426 1583 svnt),
464 1512 593 1583 quia
643 1517 989 1587 semetipsum
1041 1523 1274 1590 pretium
1320 1525 1704 1594 redemptionis
1733 1541 1833 1596 pro

239 1604 416 1660 salute
453 1615 638 1660 nostra
693 1608 887 1663 obtulit
940 1609 1112 1666 Patri.
1169 1613 1324 1669 Unde
1359 1614 1647 1685 Apostolus
1700 1619 1828 1672 ait:

240 1696 341 1762 Qui
372 1697 563 1751 dilexit
597 1715 712 1762 nos,
773 1710 821 1754 et
867 1702 1084 1757 tradidit
1147 1705 1480 1776 semetipsum
1532 1725 1630 1778 pro
1685 1709 1831 1764 nobis

1935 541 2288 598 supervacue,
2322 529 2416 583 sed
2443 545 2564 583 eum
2602 531 2830 584 consilio
2867 540 3143 601 cperatur,
3198 541 3258 588 ut
3283 533 3354 589 ab
3398 533 3518 604 ipso

1933 616 2048 670 viro
2077 630 2175 671 suo
2206 617 2424 671 domino
2462 616 2643 671 audiat
2663 617 2936 686 injudieio
2971 638 2984 672 τ
3034 619 3232 686 Venite,
3259 621 3512 676 benedicti

1922 707 2096 761 Patris
2125 709 2247 772 mei,
2273 708 2518 778 perripite
2556 724 2771 780 regnum
2802 711 2940 781 quod
2976 712 3118 764 vobis
3146 723 3392 782 paratum
3437 724 3517 769 est

1933 797 1998 851 ab
2039 798 2238 865 origine
2274 799 2477 866 mundi,
2503 800 2626 870 quia
2670 800 2841 854 nudus
2882 801 2960 870 fui
2993 812 3040 856 et
3070 803 3343 873 operuistis
3389 820 3512 871 me,

1932 895 2038 941 etc.
2103 887 2318 959 (Matth.
2367 893 2519 960 xxv).
2577 889 2800 962 Mystiee
2847 899 3024 947 autem
3075 893 3126 946 in
3185 894 3339 960 lana,
3383 895 3510 964 quia

1933 992 2074 1031 unus
2146 988 2230 1032 est
2295 979 2511 1034 habitus
2560 981 2778 1050 pietatis
2834 991 2889 1037 et
2937 983 3342 1053 simplicitatis,
3394 1000 3516 1056 quae.

1933 1067 1988 1121 in
2046 1067 2310 1149 proximis
2363 1070 2724 1140 impendimus
2777 1089 2942 1144 opera
3006 1075 3378 1147 designantur.
3454 1077 3512 1132 ln

1932 1159 2042 1214 lino
2079 1175 2210 1216 vero
2253 1161 2535 1234 castigatio
2569 1163 2653 1217 vel
2684 1166 3030 1222 mortiﬁcatio
3081 1168 3263 1223 carnis
3316 1177 3515 1223 nostra:

1935 1253 2245 1308 intimatur.

2007 1343 2172 1398 Facta
2213 1355 2289 1400 est
2317 1348 2469 1418 quasi
2497 1349 2645 1402 navis
2693 1350 2982 1412 institoris,
3025 1351 3088 1404 de
3136 1350 3288 1422 longe
3336 1361 3510 1422 portat

1931 1451 2118 1504 panem
2143 1452 2316 1489 suum.
2343 1437 2645 1492 lnstitorem
2686 1440 3076 1510 negotiatorem
3107 1441 3260 1505 dicit,
3292 1441 3382 1508 qui
3414 1456 3514 1510 pro

1932 1537 1998 1577 eo
2045 1524 2124 1578 sic
2159 1534 2389 1579 vocatur
2443 1527 2512 1580 ab
2555 1527 2792 1596 antiquis
2821 1568 2835 1592 ,
2896 1529 3022 1598 quia
3059 1529 3112 1582 in
3171 1532 3514 1598 require-udis

1933 1614 2458 1686 multiplicandisque
2488 1619 2761 1673 mercibus
2807 1619 3024 1674 sedulus
3067 1621 3302 1676 insistat.
3343 1621 3509 1676 Facta

1932 1715 2169 1780 estergo
2204 1708 2379 1762 anima
2412 1716 2596 1764 sancta
2621 1749 2635 1774 ,
2676 1710 2832 1780 quasi
2873 1712 3027 1767 navis
3059 1712 3323 1767 institoris
3347 1754 3360 1777 ,
3394 1729 3514 1784 quae

239 1789 460 1859 (lc'phes.
487 1789 562 1861 v).
580 1790 750 1846 Aliter
769 1793 1002 1862 pretium
1027 1804 1228 1851 saneta:
1251 1795 1508 1853 Ecclesia:
1536 1798 1719 1870 procul
1740 1815 1832 1870 po-
1858 1799 1906 1858 B
1937 1798 2130 1852 transit
2154 1797 2219 1852 de
2246 1798 2516 1853 desiderio
2547 1798 2740 1856 lluctus
2782 1801 2965 1856 saeculi
3012 1803 3292 1870 pncsentis
3317 1844 3333 1868 ,
3393 1803 3511 1858 sola

236 1881 402 1935 situm
436 1891 555 1947 est,
597 1883 720 1953 quia
752 1883 1056 1940 incarnatio
1085 1887 1243 1942 Verbi
1271 1889 1361 1942 Dei
1395 1897 1451 1943 et
1487 1892 1832 1946 conversatio

235 1970 346 2038 ejus
374 1972 524 2026 inter
545 1973 812 2040 homines,
835 1983 890 2028 et
911 1976 1094 2044 passio
1111 1985 1166 2031 et
1187 1980 1514 2034 resurrectio
1534 1978 1654 2048 ejus
1675 1981 1830 2053 longe

233 2073 314 2117 est
343 2079 376 2117 a
411 2073 600 2118 nostra
629 2065 942 2120 conditione
965 2067 1222 2121 discreta.

301 2153 542 2223 Conﬁdit
579 2153 634 2210 in
662 2173 724 2210 ea
756 2173 846 2210 cor
868 2159 964 2211 viri
988 2159 1092 2212 sui.
1119 2157 1308 2214 Virum
1333 2170 1534 2216 sancta:
1549 2160 1827 2227 Ecclesiae,

231 2244 318 2314 qui
341 2246 517 2298 etiam
536 2252 591 2299 et
610 2246 842 2316 pretium
859 2244 976 2315 ejus
1004 2245 1119 2301 fieri
1144 2247 1399 2316 dignatus
1423 2257 1526 2315 est,
1551 2251 1848 2307 dominum‘

233 2336 384 2390 dicit.
421 2334 576 2389 Sicut
602 2336 747 2389 enim
779 2336 826 2390 is
853 2337 944 2406 qui
962 2335 1159 2391 fortem
1193 2336 1516 2410 lidelemquc
1541 2351 1596 2394 et
1623 2350 1827 2396 castam

233 2426 401 2480 habet
423 2425 734 2497 coniugem,
783 2426 1010 2482 conlidit
1034 2427 1088 2481 in
1147 2443 1232 2492 ea,
1284 2430 1411 2500 quia
1459 2431 1593 2486 nihil
1640 2441 1827 2486 contra

232 2534 388 2574 suam
464 2519 796 2574 voluntatem
872 2518 1175 2574 adulterina
1255 2521 1447 2577 saltem
1502 2523 1829 2594 cogitatione

231 2613 409 2682 possit
437 2621 842 2677 contaminare,
895 2613 991 2668 sed
1035 2629 1390 2684 quoscunque
1423 2614 1568 2670 valet
1609 2615 1827 2670 assidua

232 2705 478 2759 amicitia
511 2705 578 2758 ad
627 2721 784 2759 suum
818 2705 994 2760 virum
1047 2714 1366 2760 convertere
1395 2706 1702 2771 desiderat,
1751 2706 1828 2761 sic

214 2796 554 2866 Redemptor
591 2806 775 2852 noster
796 2797 849 2851 in
873 2795 973 2852 sibi
1004 2795 1291 2865 conjuncta
1329 2795 1823 2852 conﬁditEcclcsia.

230 2887 395 2942 Novit
427 2889 576 2942 enim
614 2888 867 2958 Spiritum
895 2887 1084 2959 gratia:
1128 2893 1184 2942 et
1207 2886 1464 2941 virtutem
1522 2886 1824 2952 charitatis,

229 3001 394 3052 quam
426 2984 548 3054 ejus
573 2984 893 3054 praecordiis
916 2981 1130 3038 infudit.
1171 2981 1295 3038 Ideo
1324 2997 1430 3036 non
1453 2979 1662 3037 dubitat
1681 2995 1829 3048 eam,

230 3092 332 3131 non
365 3076 548 3131 solum
589 3089 620 3129 a
659 3090 770 3130 sum
817 3074 941 3130 lidei
991 3074 1301 3146 integritate
1344 3088 1504 3145 posse
1529 3074 1825 3146 corrumpi,

1931 1903 2051 1956 quae
2078 1889 2134 1942 in
2159 1889 2314 1944 cwlis
2353 1890 2602 1960 accipere
2649 1900 2831 1961 sperat
2864 1901 3066 1947 aaterna
3097 1894 3290 1962 gaudia
3341 1895 3514 1949 medi-

1931 1986 2093 2037 tatur.
2124 1987 2179 2034 et
2205 1995 2303 2050 pro
2331 1981 2415 2034 his
2439 1981 2798 2051 adipiscendis
2819 1975 3077 2052 quidquid
3125 1983 3264 2038 valet
3299 1985 3510 2040 instan-

1932 2076 2015 2119 ter
2040 2068 2190 2136 agit,
2231 2077 2286 2122 ct
2314 2069 2540 2124 adversa
2576 2071 2755 2125 omnia
2815 2072 3033 2127 fortiter
3068 2087 3329 2143 superare
3380 2091 3513 2130 con-

1931 2158 2122 2212 tendit.
2156 2159 2232 2214 De
2266 2175 2371 2230 qua
2407 2171 2553 2217 recte
2581 2162 2784 2229 subdit,
2825 2163 2893 2218 de
2922 2163 3078 2235 longe
3107 2174 3288 2236 portat
3317 2182 3512 2236 panem

1930 2263 2088 2303 suum
2115 2290 2130 2314 ,
2169 2251 2292 2320 quia
2331 2251 2383 2305 in
2430 2254 2641 2308 cunctis
2677 2268 2799 2323 quae
2825 2255 3194 2325 temporaliter
3218 2259 3354 2312 bene
3379 2259 3510 2336 agit,

1930 2347 2188 2394 :eternam
2225 2340 2560 2396 solummodo
2620 2344 3029 2400 retributionem
3088 2355 3411 2417 exspectat,
3451 2358 3512 2404 et

1930 2431 2050 2500 ejus
2097 2430 2200 2485 vivi
2241 2432 2398 2501 panis
2435 2432 2777 2488 saturitatem
2820 2433 3127 2503 desiderat,
3181 2439 3273 2509 qui
3327 2439 3462 2494 dixit
3498 2458 3510 2492 :

1931 2520 2043 2592 Ego
2081 2539 2198 2576 sum
2240 2523 2392 2592 panis
2416 2524 2560 2578 vivus
2587 2525 2675 2595 qui
2704 2524 2768 2578 de
2789 2525 2914 2579 caelo
2939 2525 3182 2581 descendi
3205 2526 3366 2600 (Joan
3413 2528 3513 2599 vt),

1929 2622 1984 2666 et
2032 2613 2122 2682 qui
2173 2613 2286 2667 suis
2315 2613 2653 2669 auditoribus
2680 2614 2768 2684 pie
2808 2616 3095 2684 promittit,
3143 2618 3371 2673 dicens:
3418 2617 3512 2673 γε-

1932 2703 2036 2755 nite
2055 2703 2124 2755 ad
2152 2719 2256 2766 me,
2286 2719 2462 2757 omnes
2483 2704 2573 2774 qui
2593 2704 2842 2759 laboratis
2862 2716 2908 2760 et
2940 2708 3144 2761 onerati
3170 2708 3318 2774 estis,
3344 2720 3390 2762 et
3420 2725 3512 2782 ego

1931 2792 2162 2861 reﬁciam
2197 2809 2285 2847 eos
2322 2793 2538 2866 (Matth.
2566 2795 2664 2868 χι).

2001 2884 2070 2939 Et
2092 2886 2157 2940 de
2183 2896 2330 2941 nocte
2355 2889 2583 2942 surrexit
2610 2929 2624 2953 ,
2677 2888 2917 2961 deditque
2941 2891 3175 2960 prtrdam
3209 2891 3510 2948 domesticis

1929 2979 2061 3045 suis,
2090 2989 2135 3033 et
2164 2979 2362 3034 cibaria
2403 2979 2609 3034 ancillis
2647 2981 2775 3036 suis.
2809 2981 2971 3048 Quasi
3001 2983 3144 3039 enim
3174 2995 3332 3039 nocte
3357 2985 3510 3054 quie-

1927 3072 2069 3136 scit,
2100 3087 2221 3127 cum
2267 3072 2464 3144 aliquis
2506 3071 2743 3128 ﬁdelium
2795 3074 3105 3130 intermissa
3143 3075 3512 3132 sollicitudine

229 3168 317 3222 scd
342 3175 405 3222 et
428 3166 1132 3238 perseveranterinsisterc,
1165 3177 1221 3220 ut
1244 3165 1430 3238 plures
1461 3165 1529 3220 ad
1578 3163 1823 3234 ejusdem
1853 3152 1896 3214 C
1927 3173 2150 3218 externa
2182 3163 2400 3219 sibimet
2428 3179 2622 3219 vacare
2651 3164 3008 3235 Spiritualiter
3046 3166 3278 3237 incipit,
3325 3176 3381 3222 et
3429 3166 3514 3222 vel

231 3258 349 3312 ﬁdei
375 3265 683 3332 congreget
709 3257 994 3311 unitatem.

298 3349 369 3404 Et
398 3348 586 3419 spoliis
634 3366 740 3404 non
791 3348 1061 3419 indigebit.
1117 3347 1325 3419 Spoliat
1361 3349 1506 3404 enim
1552 3347 1824 3404 diabolum

220 3437 461 3496 Ecclesia
485 3481 502 3507 ,
528 3456 651 3496 cum
672 3456 771 3510 per
801 3439 1188 3511 prredicatorcs
1214 3455 1340 3495 suos
1361 3479 1377 3505 ,
1408 3453 1502 3494 eos
1545 3455 1681 3510 quos
1709 3439 1824 3510 ipse

231 3536 526 3605 deceperat
553 3533 620 3587 ad
647 3533 892 3588 veritatis
926 3532 1031 3588 iter
1061 3540 1301 3598 revocat,
1328 3541 1382 3586 et
1404 3546 1678 3602 nunquam
1710 3511 1824 3587 dia:

232 3623 404 3679 bolica
432 3623 624 3677 fraude
651 3624 902 3693 deceptas
929 3621 1161 3677 liberare
1181 3622 1394 3676 animas
1416 3631 1612 3676 cessat.
1641 3620 1825 3676 Donec

230 3714 502 3783 completo
526 3712 709 3766 mundi
738 3727 900 3766 cursu
921 3725 1140 3765 suorum
1169 3709 1436 3780 prmlinita
1453 3708 1825 3780 compleantur

229 3817 444 3860 summa
482 3803 873 3857 membrorum.

294 3893 500 3948 Reddet
529 3894 576 3948 ei
617 3895 806 3948 bonum
853 3904 899 3949 et
941 3911 1045 3950 non
1085 3893 1304 3947 malum.
1371 3890 1567 3948 Reddit
1619 3893 1817 3964 quippe

219 3986 488 4054 Ecclesia,
518 3987 632 4042 sive
659 4003 993 4058 unaquchue
1021 3985 1458 4054 anima,Christo
1479 3986 1679 4040 bonum
1700 4002 1824 4040 cum

228 4080 506 4150 perceptis
549 4078 618 4132 ab
643 4095 708 4135 eo
754 4080 878 4134 vita:
909 4078 1242 4142 muneribus,
1283 4088 1430 4134 reete
1478 4079 1709 4134 vivendo
1741 4095 1828 4134 re-

227 4174 484 4240 spondet,
512 4188 635 4226 cum
663 4187 726 4227 ea
751 4187 872 4244 qua:
908 4172 1023 4241 ipsa
1087 4172 1229 4226 scire
1265 4169 1349 4225 vel
1403 4170 1584 4226 facere
1640 4171 1825 4226 abillo

227 4259 410 4334 adjuta
456 4261 668 4332 potuit,
711 4261 874 4316 etiam
916 4260 1038 4316 aliis
1064 4259 1318 4315 intimare
1344 4259 1563 4331 satagit.
1625 4260 1668 4315 E
1695 4276 1826 4316 con-

227 4358 403 4411 trario
442 4364 606 4421 sunt,
639 4339 730 4426 qui
767 4371 796 4408 a
827 4353 1056 4409 Domino
1101 4352 1341 4424 acceptis
1377 4351 1536 4408 bonis
1566 4353 1706 4407 mala
1741 4370 1825 4409 re-

224 4451 495 4521 pendunt,
527 4448 580 4504 id
606 4457 710 4514 est,
763 4447 847 4504 vel
879 4447 999 4502 lidei
1046 4446 1304 4518 mysteria
1329 4487 1346 4512 ,
1404 4459 1526 4516 quae
1568 4462 1826 4517 percepe-

225 4509 381 4607 runt,
446 4509 707 4596 haeretica
762 4537 879 4595 feee
928 4509 1224 4601 fmdaudo,
1291 4535 1376 4590 vel
1441 4535 1600 4591 ﬁdem
1656 4552 1820 4607 quam
1851 4509 1902 4568 D

223 4632 572 4703 professione
611 4639 830 4686 servant
865 4629 1046 4700 pravis
1081 4627 1338 4698 operibus
1369 4627 1817 4697 blasphemando,

223 4725 308 4779 vel
378 4739 563 4780 mores
625 4724 796 4779 bonos
856 4736 956 4791 per
1027 4717 1295 4788 colloquia
1367 4717 1508 4771 mala
1579 4732 1821 4772 corrum-

225 4818 433 4888 pendo.

301 4907 566 4963 Omnibus
592 4907 770 4962 diebus
801 4905 916 4961 vitm
941 4923 1073 4961 sua’.
1118 4905 1384 4963 Omnibus
1423 4905 1616 4962 diebus
1646 4905 1823 4962 reddit

226 5001 468 5054 Domino
497 4999 695 5053 bonum
723 5037 738 5061 ,
779 5013 872 5066 qui
912 5014 967 5051 tn
1007 4998 1092 5052 his
1118 5012 1239 5066 qua:
1277 4997 1414 5051 bene
1457 4996 1677 5052 inchoat
1728 5013 1818 5052 us-

223 5109 338 5163 que
373 5094 446 5147 ad
481 5091 640 5145 linem
693 5091 818 5146 vita:
846 5091 1131 5161 praesentis
1178 5089 1469 5161 persistere
1513 5097 1686 5144 curat.
1725 5086 1822 5143 Cui

226 5184 411 5241 simile
449 5193 532 5238 est
560 5183 689 5237 illud
719 5182 1099 5254 Evangelicum
1133 5200 1144 5235 :
1188 5180 1490 5236 Serviamus
1513 5179 1590 5233 illi
1622 5181 1676 5234 in
1701 5197 1823 5234 sau-

226 5280 414 5333 ctitate
449 5286 496 5330 et
523 5275 739 5346 justitia
780 5291 958 5329 coram
987 5277 1097 5346 ipso
1146 5272 1385 5327 omnibus
1415 5273 1598 5328 diebus
1627 5273 1820 5328 nostris

226 5370 393 5442 (Luc.
433 5367 504 5441 t).
1115 5373 1118 5376 ’

305 5461 562 5530 Quaesivit
584 5460 762 5516 lanam
795 5469 857 5520 et.
889 5459 1077 5521 linunt,
1120 5468 1167 5514 et
1197 5467 1412 5530 operata
1455 5467 1554 5524 est,
1600 5456 1820 5512 consilio

225 5569 490 5610 animum
528 5567 768 5606 suarum.
804 5551 930 5606 llaec
961 5559 1016 5606 et
1037 5550 1332 5606 secundum
1363 5549 1598 5604 litteram
1631 5556 1818 5602 sancta

217 5643 465 5701 Ecclesia
501 5643 792 5698 observare
822 5642 1146 5708 consuevit,
1171 5641 1328 5712 juxta
1379 5639 1511 5696 illud
1545 5639 1820 5710 propheti-

225 5751 362 5792 cum
409 5754 423 5791 τ
495 5733 628 5790 Cum
676 5735 864 5789 videris
902 5735 1100 5790 nudum
1139 5734 1464 5804 operieum,
1511 5741 1558 5784 et
1608 5747 1815 5794 carnem

563 5831 836 5890 l’nnoc.
883 5829 1014 5893 Cll.

1928 3256 2248 3312 lectionibus
2283 3257 2476 3322 sacris,
2513 3257 2850 3313 orationibus
2887 3259 3108 3324 sanctis,
3145 3258 3231 3314 vol
3254 3258 3517 3331 lacrymis

1927 3350 2177 3415 secretis,
2203 3350 2506 3405 exercendo
2542 3365 2601 3404 se
2635 3366 2832 3405 curare
2860 3366 2966 3404 non
2993 3359 3188 3405 cessat.
3222 3349 3359 3405 Nam
3389 3363 3516 3405 con-

1925 3441 2098 3510 surgit
2123 3440 2190 3494 de
2223 3450 2380 3496 nocte
2403 3481 2418 3506 ,
2453 3456 2576 3495 cum
2618 3442 2685 3496 ad
2731 3441 2995 3513 agendam
3041 3442 3204 3496 etiam
3231 3440 3514 3512 proximo-

1929 3548 2046 3588 rum
2077 3547 2263 3588 curam
2319 3547 2377 3588 se
2407 3533 2637 3588 sollicite
2701 3533 2936 3604 accingit
2991 3543 3154 3603 atque
3213 3533 3509 3604 componit.

1926 3624 2027 3679 Dat
2067 3639 2299 3694 namque
2333 3621 2572 3694 przedam
2619 3623 2954 3689 domesticis,
2986 3639 3110 3678 cum
3139 3636 3233 3677 eos
3275 3637 3413 3693 quos
3443 3621 3511 3676 ab

1927 3716 2147 3784 antiquo
2211 3716 2369 3771 hoste
2426 3713 2673 3770 docendo
2737 3715 2954 3786 eripere
3001 3714 3207 3786 potuit,
3262 3712 3509 3769 societati

1926 3808 2140 3862 illorum
2185 3806 2276 3877 qui
2316 3807 2368 3862 in
2423 3806 2528 3861 lide
2583 3814 2978 3877 praecesserunt
3036 3804 3368 3861 reconciliat.
3409 3803 3512 3858 Dat

1925 3895 2134 3952 ancillis
2169 3895 2373 3952 cibaria
2400 3936 2413 3958 ,
2448 3911 2571 3950 cum
2608 3895 2842 3952 humiles
2881 3912 2978 3951 sua
3019 3895 3171 3966 jussa
3202 3902 3511 3960 servantes,

1923 4003 1991 4042 ne
2008 3988 2060 4042 in
2079 3987 2260 4044 labore
2283 3966 2601 4052 lassescant,
2629 4002 2877 4057 supernae
2899 3987 3162 4042 mercedis
3183 4000 3510 4042 commemo-

1928 4078 2138 4133 ratione
2161 4078 2358 4133 reiicit.

1997 4170 2359 4227 Consideravit
2389 4185 2573 4240 agrum
2601 4179 2647 4223 et
2675 4171 2797 4222 emit
2826 4184 2966 4222 eum.
3005 4168 3209 4238 Agrum
3233 4167 3361 4222 dicit
3383 4181 3509 4238 pos-

1926 4239 2223 4319 sessionem
2263 4239 2512 4332 superine
2560 4259 2914 4326 haereditatis,
2968 4258 3110 4315 unde
3149 4260 3301 4315 Isaac
3383 4259 3504 4314 ait:

1927 4358 2064 4412 Ecce
2094 4356 2225 4410 odor
2252 4354 2351 4426 ﬁlii
2397 4354 2538 4421 mei,
2571 4354 2704 4408 sicut
2735 4352 2867 4408 odor
2917 4351 3033 4424 agri
3065 4350 3209 4422 pleni
3234 4352 3320 4406 cui
3357 4351 3512 4406 bene-

1926 4451 2059 4506 dixit
2075 4449 2334 4505 Dominus
2361 4445 2514 4519 (Cen.
2545 4427 2740 4518 sivit.)
2764 4445 2933 4514 Quem
2951 4443 3316 4500 consideravit
3329 4441 3512 4499 Eccle-

1928 4544 2039 4608 sia,
2069 4543 2183 4599 sive
2221 4541 2392 4598 clccta
2419 4541 2620 4606 anima,
2649 4549 2704 4595 et
2723 4538 2875 4605 emit,
2901 4538 3025 4609 quia
3055 4538 3295 4593 studiose
3324 4537 3512 4593 didicit

1928 4652 2050 4708 qua:
2078 4644 2204 4692 sunt
2233 4634 2427 4706 gaudia
2457 4633 2581 4690 vitae
2607 4633 2862 4705 perennis
2887 4671 2904 4700 ,
2944 4640 2999 4687 et
3044 4647 3144 4703 pro
3172 4646 3360 4686 eorum
3390 4645 3511 4704 per-

1927 4728 2176 4798 ceptione
2205 4726 2470 4799 quidquid
2495 4727 2672 4796 potuit
2699 4723 2983 4779 laboravit.
3014 4722 3218 4780 Aliter:
3251 4724 3510 4782 Conside—

1929 4820 2073 4872 ravit
2096 4832 2284 4889 agrum
2305 4815 2389 4881 ,id
2419 4825 2521 4881 est,
2545 4817 2732 4872 orbem
2762 4815 3090 4882 universum,
3123 4823 3179 4870 et
3207 4816 3339 4870 emit
3362 4831 3508 4878 eum.

1926 4926 2049 4966 cum
2105 4909 2286 4965 missis
2350 4909 2664 4965 doctoribus
2731 4907 2989 4964 talentum
3042 4907 3191 4962 verbi
3247 4909 3508 4976 contulit,

1926 5011 1986 5055 ut
2023 5001 2309 5056 credentes
2370 4999 2686 5057 felicissimo
2749 4998 2953 5054 Christi
3002 4999 3331 5070 mancipatui
3375 5000 3513 5056 sub-

1928 5095 2101 5150 deret.

2003 5187 2077 5240 De
2135 5185 2312 5256 {ruetu
2361 5200 2612 5238 manuum
2683 5199 2904 5236 suarum
2957 5181 3214 5253 plantavit
3283 5179 3509 5238 vineam.

1928 5275 2195 5331 Plautavit
2223 5285 2402 5331 autem
2424 5276 2638 5329 vineam
2662 5289 2692 5328 c
2715 5291 2783 5328 'm
2811 5274 2862 5328 in
2885 5289 3016 5345 agro
3043 5273 3226 5328 mundi
3252 5275 3317 5329 de
3358 5274 3512 5329 novis

1929 5369 2266 5423 credentium
2306 5365 2520 5436 populis
2555 5363 2682 5420 fecit
2737 5365 3043 5430 ecclesiam,
3097 5375 3148 5421 et
3181 5380 3303 5421 eam
3348 5363 3508 5434 plane

1930 5457 2266 5530 Evangelica:
2292 5455 2540 5511 veritatis
2564 5455 2905 5513 institutione
2930 5456 3184 5512 ﬁrmavit.
3227 5455 3399 5521 Quam
3429 5454 3510 5509 vi-

1929 5568 2088 5606 neam
2127 5551 2193 5604 de
2221 5548 2399 5604 fructu
2451 5564 2710 5604 manuum
2765 5565 2986 5605 suarum
3034 5546 3329 5620 plantavit,
3381 5561 3508 5615 quia

1930 5658 2034 5698 non
2065 5641 2238 5695 solum
2269 5639 2434 5695 verbo
2463 5641 2726 5712 apostoli,
2779 5638 3252 5707 apestolorumque
3295 5650 3512 5690 succes-

1929 5729 2112 5806 soresf,
2142 5731 2235 5788 sed
2262 5740 2315 5786 ct
2343 5730 2604 5787 miraculo
2629 5737 2684 5783 et
2713 5730 2865 5782 boum
2903 5725 3232 5796 operationis
3262 5723 3510 5783 doctrina

3000 5816 3071 5878 1's
