3932 6204
355 254 459 309 4'27

1646 257 1998 317 SMARAGD!
2037 259 2328 317 ABBATIS

3496 265 3599 323 £23

349 348 630 424 credentes
657 367 931 435 instruxit,
968 368 1064 423 sed
1086 377 1140 424 et
1159 382 1329 439 usque
1363 368 1540 433 hodie,
1571 378 1627 423 et
1652 385 1825 439 usque
1853 371 1921 425 ad
1948 377 1996 435 Α
2098 372 2312 427 Manum
2340 389 2523 439 suum,
2557 382 2661 430 etc.
2699 373 2821 430 llaec
2848 373 2913 430 de
2949 374 3202 446 operibus
3227 373 3598 448 elecmosyna-

349 464 513 523 linem
586 464 768 523 stcculi
828 472 1015 521 sancta
1064 465 1304 522 Ecclesia
1372 465 1599 521 sollicite
1657 466 1923 538 perquirit
2024 480 2145 519 rum
2173 480 2291 534 qum
2312 466 2638 539 generaliter
2654 467 2787 522 ﬁunt
2813 468 2867 522 in
2896 482 3168 540 pauperes
3196 469 3370 539 accipi
3396 479 3597 540 potest.

346 572 486 630 quos
533 558 603 613 ad
645 556 804 612 ﬁdem
840 564 1154 612 convertere
1192 556 1403 626 possit,
1463 565 1519 615 et
1570 571 1921 629 quoscunque

346 651 547 708 dociles
600 649 911 715 invenerit,
943 649 1041 707 bos
1091 656 1216 704 nata
1258 649 1487 720 pecunia
1516 648 1667 705 verbi
1700 649 1759 705 in
1805 664 1921 706 ser-

346 742 536 797 vitium
573 740 777 796 Christi
817 739 981 806 emit,
1029 740 1272 810 atquein
1319 740 1401 795 eis
1454 740 1664 796 vineam
1717 739 1920 798 Christi

344 831 592 903 plantarc
615 870 632 898 ,
669 830 752 886 vel
786 830 967 902 potius
999 844 1092 886 eos
1122 831 1335 887 vineam
1386 830 1588 889 Christi
1614 832 1796 891 facere
1833 848 1920 889 sa~

347 921 500 991 tagit.
1392 986 1395 989 λ

412 1011 653 1067 Αοεὶηπὶι
683 1009 1028 1081 fortitudine,
1075 1019 1180 1067 etc.
1228 1010 1480 1068 Accinxit
1519 1026 1651 1084 ergo
1678 1011 1919 1069 Ecclesia

346 1102 560 1160 lumbos
601 1118 729 1158 suos
785 1100 1145 1166 fortitudine,
1203 1118 1327 1159 cum
1372 1116 1732 1174 supernon
1776 1105 1921 1161 desi-

344 1194 510 1250 deriis
561 1193 805 1260 intenta,
866 1194 1177 1250 carnalibus
1225 1195 1495 1251 illecebris
1563 1198 1918 1254 succumbere

341 1286 607 1359 despexit.
647 1285 942 1343 Roboravit
998 1286 1281 1343 brachium
1337 1302 1492 1342 suum
1518 1329 1533 1354 ,
1573 1303 1698 1343 eum
1747 1303 1806 1345 se
1849 1288 1919 1344 ad

343 1377 552 1449 agenda
577 1376 838 1433 virtutum
885 1393 1048 1447 opera
1081 1379 1428 1449 prteparavit.
1456 1379 1525 1434 Et
1565 1380 1699 1436 bene
1741 1380 1919 1449 primo

342 1465 555 1523 lumbos
608 1465 928 1523 fortitudine
983 1468 1296 1538 accingere,
1357 1483 1423 1524 ac
1458 1470 1797 1538 postmodum
1832 1483 1920 1524 ro—

342 1557 539 1613 borare
602 1556 886 1612 brachium
945 1558 1182 1620 dicitur,
1259 1550 1384 1628 quia
1446 1560 1703 1615 nimirum
1775 1559 1958 1617 actio.

268 1723 275 1732 .
341 1646 469 1702 boni
509 1646 692 1717 operis
739 1648 1089 1719 acceptabilis
1113 1648 1224 1703 Deo
1249 1663 1369 1705 esse
1414 1649 1637 1705 minime
1681 1648 1841 1712 valet,
1872 1648 1916 1704 si

2023 553 2129 610 Sed
2169 556 2361 611 melius
2388 559 2454 613 de
2483 557 2646 613 verbo
2674 557 2801 624 Dei,
2827 559 2973 628 quod
3006 560 3380 615 indumentum
3408 561 3601 618 salutis

2020 644 2305 701 animabus
2328 644 2571 711 confert,
2596 645 2932 716 intelligitur.
2959 646 3450 718 AperuitEcclesia
3482 667 3602 711 ma—

2020 750 2149 788 num
2211 736 2378 807 inopi,
2418 752 2542 792 cum
2596 738 2853 808 mysteria
2906 737 3032 794 ﬁdei
3075 739 3451 810 ignorantibus
3500 758 3603 811 per

2020 825 2297 897 operarios
2322 826 2565 883 vet-italis
2585 827 2865 885 revelavit.
2888 827 3100 885 Palmas
3159 830 3451 887 xtenditad
3469 849 3602 904 pau-

2018 930 2223 985 perem,
2264 932 2387 974 cum
2411 918 2517 974 late
2547 920 2812 992 longeque
2842 922 3231 994 praedicatores
3259 932 3481 983 aeterna:
3509 942 3597 984 εκ

2018 1005 2147 1062 lutis
2171 1006 2224 1062 in
2247 1017 2436 1079 gentes
2464 1009 2744 1081 dispersit.

2090 1097 2212 1153 Non
2243 1100 2460 1166 timebit,
2497 1112 2601 1158 etc.
2624 1104 2853 1178 Frigora
2880 1106 3022 1162 nivis
3053 1107 3216 1164 corda
3238 1116 3369 1164 sunt
3412 1124 3604 1181 repro-

2018 1190 2210 1244 borum
2231 1190 2473 1262 perfidiae
2498 1210 2610 1252 sua:
2635 1211 2861 1268 corpore
2885 1198 3117 1271 rigentia
3133 1242 3148 1268 ,
3196 1201 3395 1271 quibus
3423 1202 3599 1261 abun—

2019 1280 2113 1335 dat
2141 1280 2436 1356 iniquitas,
2491 1292 2547 1342 et
2582 1285 2891 1361 refrigescit
2921 1290 3184 1347 charitas.
3234 1292 3355 1350 Non
3382 1296 3598 1355 timebit

2018 1386 2148 1443 ergo
2170 1372 2400 1429 ecclesia
2433 1375 2615 1433 domui
2641 1392 2753 1433 sua:
2780 1394 2811 1433 a
2837 1377 3130 1449 frigoribus
3154 1383 3320 1451 nivis,
3346 1386 3472 1456 quia
3501 1389 3602 1444 do-

2018 1463 2168 1517 mino
2189 1463 2477 1534 pollicente
2506 1466 2701 1534 credit,
2748 1468 2875 1538 quia
2905 1479 3074 1540 porta:
3104 1470 3301 1542 inferni
3327 1491 3431 1530 non
3455 1494 3599 1549 prte-

2018 1552 2262 1609 ualebunt
2281 1555 2533 1612 adversus
2553 1573 2668 1611 eam
2697 1555 2916 1628 (Matth.
2931 1557 3063 1627 ενι).

2092 1641 2283 1699 Omnes
2312 1646 2449 1700 enim
2487 1645 2763 1702 domestici
2787 1648 2903 1719 ejus
2939 1651 3110 1706 vestiti
3152 1652 3468 1724 duplicibus.
3498 1656 3603 1713 Vo-

340 1755 448 1796 non
474 1738 615 1793 ﬂuxa
636 1738 862 1795 ιηςιιιιῑω
882 1739 1004 1810 quis
1032 1739 1191 1811 prius
1210 1755 1242 1794 α
1274 1754 1439 1797 came
1471 1739 1633 1796 simul
1655 1749 1710 1798 et
1738 1747 1918 1796 mente
1944 1729 1991 1788 Β
2018 1734 2128 1789 stiti
2153 1736 2417 1806 sapientia
2433 1736 2501 1792 ad
2535 1737 2871 1809 repellendas
2894 1739 3272 1797 haereticorum
3296 1744 3593 1804 doctrinas.

340 1830 652 1900 restringat.

407 1922 649 1979 Gustavit
677 1921 801 1993 quia
842 1922 976 1976 bona
999 1906 1074 1977 est
1097 1920 1377 1992 negotiatio
1425 1919 1563 1991 ejus.
1610 1918 1920 1992 Negotiatio.

336 2012 457 2083 ejus
480 2014 596 2082 agri
626 2012 823 2083 utique
853 2010 1125 2083 signiﬁcat
1153 2010 1318 2075 illius,
1351 2010 1418 2065 de
1452 2026 1560 2082 quo
1589 2016 1751 2080 supra
1783 2010 1860 2065 ait
1896 2027 1911 2065 :

337 2103 697 2161 Cousiderarit
732 2119 919 2174 agrum
941 2111 988 2156 et
1010 2102 1133 2157 emit
1162 2117 1283 2157 eum
1327 2098 1511 2174 (Prov.
1542 2101 1686 2172 ult.).
1719 2099 1918 2156 Gusta-

338 2196 416 2253 vit
461 2193 885 2267 igiturEcclesia
915 2193 1030 2251 sive
1071 2193 1250 2251 anima
1285 2202 1471 2250 sancta
1499 2194 1689 2250 intimo
1717 2195 1916 2251 mentis

335 2286 629 2352 desiderio,
655 2295 709 2341 et
734 2285 986 2357 cognovit
1008 2286 1135 2356 quia
1164 2286 1305 2341 bona
1347 2295 1429 2341 est
1467 2287 1766 2358 negotiatio
1791 2287 1913 2343 vita

338 2375 838 2441 immarcescibilis,
882 2390 1049 2447 quam
1092 2375 1295 2435 relictis
1334 2375 1603 2433 illecebris
1644 2385 1912 2448 tempora-

336 2468 477 2525 libus
500 2477 707 2525 tetcrna
737 2475 977 2524 mercata
1011 2475 1097 2523 est
1125 2467 1179 2523 in
1207 2467 1379 2525 caelis.

409 2559 537 2616 Non
569 2561 905 2632 extinguetur
932 2560 989 2617 iu
1016 2569 1164 2617 nocte
1192 2559 1426 2617 lucerna.
1451 2561 1652 2617 Eorum
1678 2577 1913 2633 namque

335 2652 556 2709 lucerna
575 2660 739 2707 nocte
761 2650 1118 2728 extinguitur,
1167 2651 1261 2723 qui
1291 2652 1435 2707 sicut
1478 2652 1741 2709 Dominus
1781 2652 1858 2708 ait
1893 2672 1906 2707 :

335 2742 419 2798 Ad
446 2752 647 2815 tempus
669 2742 908 2807 credunt,
939 2751 986 2797 et
1010 2742 1080 2796 ad
1105 2753 1304 2815 tempus
1322 2746 1630 2801 temtationis
1645 2747 1907 2801 recedunt.

2016 1825 2207 1883 Vestiti
2258 1829 2525 1900 sapienﬁa
2578 1831 2648 1885 ad
2703 1830 3009 1889 tolerandas
3036 1849 3327 1904 pravorum
3356 1837 3598 1894 hostium

2014 1933 2242 1989 pugnas.
2278 1919 2404 1974 Sive
2431 1919 2602 1976 induti
2630 1930 2757 1978 sunt
2789 1923 3073 1981 domestici
3094 1924 3347 1982 Ecclesire
3392 1927 3598 1998 duplici

2014 2020 2190 2074 vesze,
2224 2025 2332 2065 una
2360 2011 2561 2080 operis,
2593 2012 2761 2067 altera
2786 2000 3005 2082 mentis,
3033 2015 3086 2070 id
3114 2024 3220 2081 est,
3243 2015 3368 2072 fidei
3393 2025 3450 2072 et
3471 2032 3601 2091 opo-

2014 2098 2243 2155 rationis
2266 2140 2281 2166 ,
2321 2108 2378 2155 et
2427 2104 2785 2177 sacramentis
2830 2105 3082 2162 videlicet
3117 2107 3201 2162 sui
3235 2108 3600 2179 redemptoris

2015 2188 2204 2245 imbuti
2225 2230 2247 2257 ,
2279 2197 2342 2246 et
2363 2189 2639 2248 informati
2659 2195 2944 2266 exemplis,
2972 2197 3061 2251 vel
3081 2207 3229 2255 certe
3254 2199 3439 2255 vestiti
3468 2207 3601 2256 sunt

2013 2278 2349 2350 duplicibus,
2372 2281 2497 2351 quia
2528 2270 2946 2353 promissionem
2978 2284 3183 2343 habent
3209 2287 3335 2342 vita:
3354 2303 3597 2358 prasen-

2013 2371 2085 2427 tis
2102 2382 2157 2427 et
2176 2372 2390 2429 futurae.
2406 2373 2562 2430 Nune
2579 2374 2632 2431 in
2646 2377 3083 2450 peregrinatione
3095 2379 3379 2450 temporali
3400 2379 3597 2450 adjuti,

2014 2471 2143 2519 tunc
2171 2465 2225 2520 in
2252 2466 2429 2537 patria
2454 2476 2748 2537 perpetua,
2807 2470 2899 2528 ubi
2933 2485 3153 2542 semper
3194 2471 3382 2528 felices
3407 2472 3595 2529 vivant

2011 2554 2187 2624 gratia
2220 2557 2400 2613 divina
2430 2557 2670 2621 allevati.

2083 2645 2452 2719 Stragulatam
2505 2660 2693 2705 vestem
2728 2650 2849 2721 fecit
2903 2652 3022 2709 sibi.
3081 2651 3386 2724 Stragulata
3414 2655 3598 2710 vestis

2011 2752 2130 2805 qua:
2153 2737 2400 2794 variante
2425 2746 2639 2794 textura
2662 2740 2801 2796 solet
2828 2739 3141 2797 ﬁrmissima
3177 2742 3391 2809 conﬁci,
3428 2741 3595 2799 fortia

336 2832 444 2889 Sed
479 2841 536 2888 et
558 2833 768 2889 illorum
792 2840 950 2889 nocte
977 2833 1151 2889 media
1180 2834 1527 2906 extinguetur
1553 2836 1793 2903 lucerna,
1816 2837 1909 2907 qui
1995 2826 2255 2885 ECClcsia‘.
2279 2843 2445 2900 Opera
2475 2839 2530 2886 et
2558 2830 2774 2887 diversa
2796 2831 3057 2886 virtutum
3081 2841 3399 2888 ornamenta
3419 2832 3588 2902 signi-

332 2925 582 2980 veuiente
603 2922 812 2992 judice,
836 2923 1017 2980 oleum
1036 2923 1323 2980 claritatis
1342 2925 1396 2980 in
1422 2926 1567 2981 vasis
1583 2928 1909 2997 praecordio-

1998 2906 2156 2997 ticat.
2185 2916 2261 2973 lle
2283 2920 2480 2990 quibus
2503 2919 2789 2977 Psalmista
2857 2922 2912 2977 in
2958 2921 3174 2978 laudem
3206 2924 3401 2978 summi
3448 2925 3593 2997 regis

334 3031 455 3071 rum
492 2988 722 3071 suorum
748 2988 855 3068 non
901 3012 1201 3069 habebunt.
1237 3012 1453 3072 Sancta:
1486 2988 1615 3070 veri)
1656 3015 1908 3073 Ecclesia;
1950 3081 1979 3085 _
2009 2988 2211 3064 cecinit
2230 2988 2415 3067 dicens
2441 3029 2453 3065 :
2488 3012 2668 3067 Astitit
2695 3030 2875 3085 regtna
2906 3030 2938 3067 a
2970 3012 3171 3069 der-tris
3197 3015 3301 3069 tuis
3329 3015 3381 3069 in
3404 2988 3595 3070 vestitas

335 3105 554 3161 lucerna
576 3119 681 3158 non
711 3096 1046 3172 extinguitur
1067 3104 1124 3158 in
1145 3112 1322 3170 nocte,
1346 3104 1471 3174 quia
1496 3120 1624 3161 cum
1642 3121 1675 3160 a
1695 3108 1910 3178 negotio

2022 3097 2285 3167 deaurato,
2313 3102 2705 3159 circummnicta
2735 3081 2983 3159 uarietate
3010 3104 3184 3177 (Psal.
3212 3105 3383 3178 xuv).

335 3195 596 3267 quiescit,
618 3194 825 3251 actioni
841 3203 1001 3250 vacat
1018 3193 1242 3252 liberius
1251 3195 1400 3253 lucis
1417 3212 1664 3268 superate
1676 3208 1913 3256 contem-

337 3286 613 3359 plationis.

410 3377 635 3434 Manum
655 3394 810 3433 suam
833 3379 972 3433 misit
1000 3379 1068 3434 ad
1095 3378 1276 3451 fortia.
1303 3379 1488 3437 Fortia
1521 3380 1652 3436 dicit
1673 3380 1911 3453 perfecta

336 3472 393 3529 in
420 3471 626 3527 Christi
666 3470 934 3526 charitate
984 3486 1185 3541 opera,
1231 3480 1294 3527 ut
1340 3472 1456 3542 ipse
1500 3471 1759 3529 Dominus
1787 3472 1905 3529 ait:

337 3562 552 3634 Diligite
595 3562 833 3629 inimicos
858 3572 1079 3628 vestros,
1126 3562 1411 3633 benefacite
1443 3563 1533 3618 Itis
1552 3564 1645 3634 qui
1689 3563 1911 3622 oderunt

335 3672 454 3723 eos,
485 3665 533 3711 et
563 3664 709 3710 orate
755 3672 861 3727 pro.
889 3655 1339 3711 calumniantibus
1382 3665 1431 3711 et
1488 3658 1911 3729 persequentibus

336 3763 423 3802 vos
461 3743 680 3818 (Matth.
703 3745 779 3820 v).
818 3745 887 3801 Et
912 3746 1043 3801 illud
1067 3762 1080 3799 ;
1122 3744 1180 3802 Si
1209 3746 1289 3802 vis
1318 3746 1579 3817 perfectus
1604 3764 1737 3815 esse,
1758 3749 1909 3816 uade,

338 3836 498 3893 vende
531 3836 709 3891 omnia
748 3852 866 3908 qua:
904 3836 1094 3902 babes,
1134 3845 1183 3891 et
1223 3837 1292 3891 da
1333 3839 1649 3909 pauperibus
1685 3837 1909 3912 (Matth.

338 3914 487 3998 xix).
549 3924 769 3981 Namet
800 3925 875 3981 de
900 3924 1018 3995 ejus
1056 3925 1374 3981 fortitudine
1407 3916 1534 3983 alibi
1584 3927 1716 3983 dicit
1762 3946 1775 3982 :
1812 3926 1913 3983 lle»

337 4029 496 4084 gnum
524 4012 770 4068 calorum
796 4014 898 4069 aint
928 4014 1131 4085 patitur
1148 4054 1172 4081 ,
1206 4024 1255 4069 et
1282 4014 1491 4070 uiolenti
1540 4017 1750 4087 rapiunt
1778 4015 1912 4071 illud

338 4103 357 4167 (
378 4102 568 4159 blattis.
598 4102 698 4177 at).

408 4193 480 4250 Et
528 4193 679 4267 digiti
724 4196 842 4265 ejus
889 4196 1338 4267 apprehenderunt
1379 4196 1574 4268 fusum.
1609 4195 1797 4252 Solent
1834 4195 1915 4251 fe-

337 4285 497 4340 mincc
515 4294 705 4341 nentes
736 4284 913 4341 fusum
941 4285 997 4340 in
1020 4286 1268 4353 dextera,
1293 4285 1470 4342 colum
1497 4295 1681 4343 tenere
1704 4287 1756 4342 in
1782 4286 1913 4342 sini-

2081 3186 2283 3260 Bysstts
2327 3200 2376 3246 et
2429 3209 2666 3263 purpura
2718 3193 3080 3249 indumentum
3113 3194 3250 3263 ejus.
3296 3193 3498 3266 Byssus
3534 3194 3600 3251 ili

2009 3281 2261 3338 castitate
2289 3298 2437 3355 purae
2457 3286 2888 3345 conversationis
2910 3327 2931 3354 ,
2969 3302 3209 3358 purpura
3242 3286 3298 3341 in
3327 3285 3602 3343 cﬂ'usione

2010 3374 2234 3449 pretiosi
2278 3374 2576 3446 sanguinis.
2618 3372 2757 3432 Hinc
2795 3377 2943 3431 enim
2968 3375 3192 3447 pulchre
3215 3374 3420 3431 dictum
3449 3384 3536 3431 est
3556 3392 3601 3430 θ

2006 3465 2255 3538 patribus
2278 3507 2293 3532 ,
2331 3466 2460 3538 quia
2521 3476 2707 3522 sancta
2750 3466 2991 3524 Ecclesia
3026 3466 3320 3524 electorum
3368 3466 3605 3522 ﬂoribus

2010 3574 2245 3617 vernans
2277 3559 2329 3614 in
2375 3574 2512 3631 pace
2566 3559 2730 3616 habet
2761 3559 2904 3627 lilia,
2948 3560 3002 3615 in
3048 3559 3199 3616 bello
3216 3574 3397 3615 rosas.
3423 3559 3601 3631 Bysso

2009 3666 2140 3723 ergo
2169 3649 2408 3706 induitur
2442 3648 2716 3717 Ecclesia,
2756 3666 2881 3707 cum
2908 3649 3182 3723 castigant
3226 3666 3454 3722 corpora
3484 3665 3588 3705 sua

2010 3740 2189 3805 electi,
2215 3749 2270 3795 et
2302 3739 2551 3795 servituti
2579 3740 2891 3810 subjiciunt,
2922 3757 3159 3814 purpura
3188 3757 3310 3797 cum
3341 3741 3606 3797 eamdem

2010 3831 2402 3889 continentiam
2428 3847 2535 3887 non
2570 3832 2640 3889 ob
2667 3832 2914 3889 favorem.
2936 3832 3116 3904 vulgi,
3146 3834 3242 3888 sed
3270 3850 3371 3904 pro
3404 3833 3600 3902 acqui-

2011 3923 2178 3977 renda
2202 3923 2536 3977 beatitudine
2568 3922 2721 3995 regni
2749 3923 3004 3994 perennis
3030 3908 3307 3979 exercent.

2085 4014 2290 4069 Nobilis
2320 4016 2376 4069 in
2396 4016 2563 4085 portis
2585 4016 2664 4070 uir
2687 4014 2822 4087 ejus.
2865 4015 2960 4071 Vir
2986 4025 3185 4071 sancta:
3226 4014 3474 4071 Ecclesia:
3502 4015 3613 4071 vel

2010 4103 2382 4177 cujuscunque
2409 4104 2604 4160 animae
2650 4105 2823 4162 fidelis
2857 4103 3119 4161 Dominus
3149 4115 3262 4172 est,
3304 4106 3397 4176 qui
3439 4107 3612 4160 vide-

2010 4194 2173 4249 batur
2208 4184 2487 4267 ignobilis,
2532 4210 2657 4251 cum
2711 4205 2838 4250 ante
2868 4195 3101 4251 tribunal
3134 4198 3383 4268 pnesidis
3412 4209 3609 4256 starcl

2006 4287 2353 4357 judicandus,
2382 4303 2511 4343 curn
2561 4287 2787 4360 probra,
2823 4288 3049 4361 ﬂagella,
3101 4299 3291 4361 sputa,
3342 4306 3606 4360 crucem,

339 4382 471 4430 stra.
497 4373 554 4429 ln
598 4373 718 4431 colo
771 4374 915 4430 enim
964 4374 1088 4431 lana
1141 4375 1377 4431 involuta
1407 4384 1511 4443 est,
1547 4392 1666 4448 qua:
1696 4375 1785 4431 filo
1814 4375 1912 4429 du-
1938 4426 1989 4451 η
2015 4385 2356 4447 mortemque
2402 4376 2720 4449 susciperet,
2775 4379 2869 4434 sed
2914 4379 3111 4435 nobilis
3156 4380 3437 4451 apparebit
3460 4396 3617 4438 cum

336 4460 543 4529 cenda,
578 4464 757 4520 uendo
785 4463 986 4519 transit
1003 4464 1057 4519 in
1086 4463 1288 4520 fusum.
1329 4465 1551 4547 Dextra.
1572 4466 1743 4520 vitam
1790 4479 1913 4536 per-

339 4560 554 4620 petuam
582 4594 603 4621 ,
632 4553 767 4609 laeva
794 4554 1084 4624 praesentia
1115 4554 1211 4611 Dei
1268 4556 1410 4611 dona
1457 4556 1727 4628 signiﬁcat
1749 4598 1764 4622 ,
1807 4558 1912 4613 hoc

288 4656 291 4661 '
339 4652 423 4698 est
445 4682 462 4710 ,
503 4642 833 4713 opttlentiam
859 4654 1050 4697 rerum
1073 4683 1088 4708 ,
1124 4659 1313 4714 pacem
1361 4653 1660 4715 tempon
1688 4686 1709 4709 ,
1740 4646 1917 4718 sospi-

339 4745 505 4791 tatem
559 4749 848 4806 corpon
875 4775 891 4801 ,
930 4734 1216 4792 scientiam
1233 4734 1657 4807 S‘cripturarum.
1689 4735 1813 4793 Eme
1857 4746 1913 4793 et

337 4832 536 4889 similia
563 4830 707 4887 bona
742 4846 865 4886 cum
915 4830 1027 4887 Deo
1056 4829 1321 4902 largiente
1372 4832 1720 4902 percipimus,
1753 4833 1908 4902 quasi

338 4924 517 4980 lanam
545 4922 666 4980 colo
692 4923 988 4980 involutam
1024 4922 1079 4976 in
1103 4920 1237 4976 hera
1263 4928 1560 4992 gestamus.
1584 4921 1657 4977 At
1690 4938 1813 4977 cum
1841 4938 1911 4979 ea

334 5028 434 5085 pro
456 5004 640 5069 amore
660 5011 962 5069 caelestium
992 5021 1249 5067 exercere
1270 5009 1580 5079 incipimus,
1596 5009 1706 5077 jam
1727 5009 1907 5067 lanam

336 5105 461 5180 agni
492 5104 821 5161 immaculati
857 5104 924 5159 de
960 5103 1078 5160 colo
1126 5103 1182 5158 in
1211 5101 1414 5168 fusum,
1453 5102 1506 5156 id
1545 5109 1649 5168 est,
1678 5102 1745 5157 de
1773 5103 1905 5160 laeva

336 5199 391 5252 in
422 5195 671 5251 dextram
695 5192 1014 5264 trajicimus,
1044 5193 1172 5264 quia
1204 5192 1271 5248 de
1290 5191 1448 5248 donis
1485 5191 1660 5246 nostri
1674 5191 1907 5248 Redem-

333 5285 531 5358 ptoris,
560 5285 626 5341 de
650 5283 911 5354 exemplis
937 5297 1163 5353 operum
1187 5281 1328 5353 ejus,
1378 5281 1571 5337 stolam
1612 5282 1767 5338 nobis
1795 5281 1908 5352 glo-

333 5379 430 5434 riae
471 5373 711 5433 cmlcstis
736 5390 802 5430 ac
826 5381 1033 5429 vestem
1057 5371 1338 5429 charitatis
1358 5377 1414 5428 et
1442 5371 1736 5442 nuptialem
1776 5372 1910 5429 faei-

334 5483 477 5524 mus.
509 5466 675 5539 Digiti
702 5478 938 5535 namque
963 5462 1161 5533 quibus
1181 5461 1583 5533 apprehendere
1610 5460 1789 5519 fusum
1823 5463 1906 5518 di~

333 5562 497 5628 citur,
526 5561 696 5632 ipsam
724 5555 1080 5613 intentionem
1101 5554 1446 5612 discretionis
1474 5570 1637 5611 uuam
1677 5557 1905 5627 quisque

334 5660 588 5718 operatur
618 5651 913 5707 insinuant.

1936 4426 1989 4486 D

2015 4470 2225 4525 venerit
2238 4468 2581 4540 iudicaturus
2603 4466 2792 4524 orbem
2814 4469 2869 4525 in
2905 4469 3181 4539 aequitate,
3209 4476 3266 4525 et
3284 4485 3478 4525 omnes
3491 4484 3611 4525 an-

2010 4556 2113 4630 geli
2137 4573 2261 4614 cum
2286 4572 2377 4626 eo,
2395 4566 2451 4613 et
2466 4564 2594 4614 tunc
2614 4558 3090 4631 congregabuntur
3106 4566 3234 4614 ante
3254 4572 3377 4614 eum
3396 4570 3622 4617 omnes

2010 4655 2199 4720 gentes
2228 4647 2379 4719 (Luc.
2407 4664 2502 4703 χχι
2527 4646 2571 4721 ).
2614 4698 2617 4703 .

2084 4734 2308 4802 Quando
2334 4736 2527 4793 sederit
2556 4754 2676 4793 cum
2709 4736 3048 4793 'senatoribus
3069 4746 3244 4794 terrtr.
3288 4737 3406 4810 Ipse
3438 4739 3619 4796 enim

2009 4828 2102 4898 qui
2128 4843 2272 4883 nunc
2308 4816 2736 4885 contemnendus
2762 4836 2983 4898 putatur
3016 4843 3053 4883 a
3096 4828 3281 4885 multis
3309 4870 3331 4895 ,
3361 4830 3619 4899 paganis

2011 4914 2291 4983 videlicet,
2319 4913 2543 4983 ludatis,
2593 4917 2887 4981 htnreticis,
2939 4916 3053 4973 sive
3089 4932 3256 4988 prave
3279 4916 3623 4975 viventibus

2010 5006 2373 5074 Christianis,
2399 5007 2491 5063 ubi
2539 5008 2722 5063 saeculi
2759 5008 2883 5063 linis
2927 5006 3161 5063 adfixerit
3187 5048 3203 5074 ,
3253 5006 3347 5064 ubi
3376 5007 3607 5078 ingres»

2013 5115 2131 5156 sum
2159 5102 2349 5170 patria:
2380 5100 2619 5157 ccclestis
2658 5101 2953 5171 aperuerit,
2985 5101 3175 5157 electis
3201 5101 3410 5156 cunctis
3433 5108 3621 5170 pate-

2012 5192 2115 5258 bit,
2144 5193 2341 5248 nobilis
2370 5202 2426 5248 ct
2473 5193 2718 5249 sublimis
2746 5234 2762 5261 ,
2827 5193 3023 5248 sedens
3063 5207 3189 5248 cum
3242 5192 3623 5249 senatoribus

2012 5291 2207 5350 terrae,
2240 5283 2347 5339 illis
2382 5281 2668 5348 videlicet,
2701 5282 2899 5354 quibus
2924 5281 3041 5354 ipse
3064 5281 3337 5352 promittit
3354 5281 3544 5337 dicens
3586 5301 3611 5341 :

2009 5374 2176 5429 Amen
2200 5374 2317 5429 dico
2346 5373 2509 5440 vobis,
2536 5375 2660 5445 quia
2686 5391 2777 5430 vos
2798 5375 2891 5447 qui
2909 5374 3072 5429 secuti
3092 5374 3216 5429 estis
3236 5390 3339 5441 me,
3364 5375 3421 5427 in
3445 5389 3622 5444 rege—

2009 5465 2305 5531 neratione,
2315 5481 2433 5520 cum
2459 5460 2812 5520 sederitFt'lius
2827 5465 3055 5520 hominis
3077 5465 3132 5518 in
3154 5464 3276 5519 sede
3297 5464 3622 5534 maiestatis

2006 5577 2140 5628 sute,
2163 5559 2404 5616 sedebitis
2428 5570 2475 5613 et
2499 5575 2590 5614 vos
2620 5576 2776 5633 super
2807 5559 2953 5614 sedes
2980 5558 3256 5613 duodecim
3281 5557 3622 5629 judicantes

2005 5650 2278 5705 duodecim
2302 5650 2467 5704 tribus
2493 5649 2663 5705 Israel
2680 5649 2896 5723 (Matth.
2924 5649 3062 5721 six).
