3940 6206
258 279 358 332 42‘.)

1060 279 1572 336 COl.l.ECTIONES
1613 278 1678 332 IN
1716 278 2090 335 El‘lSTOLAS
2130 280 2216 334 ET
2257 279 2664 346 EVANGELIA.

3397 280 3501 333 430

325 387 613 443 Sindoncm
643 387 761 456 fecit
784 396 829 441 et
861 387 1108 442 vendidit.
1149 389 1205 440 ln
1231 389 1398 441 linteo
1441 387 1683 441 simlonis
1710 388 1836 440 sub-
1865 388 1910 445 Α
1939 394 2121 452 caret,
2162 386 2316 454 cujus
2344 386 2649 455 exemplum
2680 384 2981 439 clementiae
3002 386 3071 439 ab
3104 384 3218 454 ipso
3275 387 3367 439 Dei
3421 404 3509 440 sa-

253 479 367 534 tilis
414 477 643 532 intextio
670 478 915 546 signatur
955 487 1155 532 saneta:
1183 467 1613 546 praedicationis,
1646 478 1698 529 in
1729 493 1833 545 qua

254 567 495 626 molliter
524 567 859 635 quiescitur.
913 570 1038 635 quia
1074 582 1228 621 mens
1264 569 1317 622 in
1349 567 1438 621 illa
1473 567 1706 622 ﬁdelimu
1739 580 1835 635 spe

254 673 490 728 superna
519 655 816 712 rel‘ovctur.
865 655 1021 712 Unde
1064 667 1119 711 ct
1169 657 1330 712 Petro
1361 656 1614 711 animalia
1648 656 1701 710 in
1736 655 1834 708 lin-

253 759 341 807 teo
371 750 818 804 demonstrantur
857 745 995 818 (Act.
1031 746 1107 816 Σ),
1167 747 1292 815 quia
1343 755 1687 816 peccatorum
1719 745 1836 797 ani-

257 857 352 895 ma:
380 837 810 894 misericorditer
837 849 1163 908 aggregatm,
1198 840 1250 891 in
1275 835 1469 892 blanda
1503 837 1624 891 ﬁdei
1653 836 1835 906 quiete
1862 847 1864 849 ·

253 930 629 984 continentur.
662 927 815 982 Hanc
859 941 988 996 ergo
1017 925 1567 982 sindonemEcclesia
1607 925 1736 982 fecit
1782 934 1837 980 et

253 1019 516 1084 vendidit,
554 1018 680 1088 quia
717 1016 908 1081 ﬁdem,
945 1032 1104 1086 quam
1137 1015 1411 1071 credendo
1433 1024 1682 1072 texuerat
1705 1057 1719 1082 ,
1758 1016 1835 1070 lo-

253 1111 470 1178 quendo
500 1108 670 1173 dedit,
699 1117 754 1163 et
783 1109 852 1162 ab
873 1106 1177 1162 inﬁdelibus
1208 1108 1374 1160 vitam
1421 1115 1584 1162 recta:
1610 1120 1836 1163 conver-

255 1197 483 1252 sationis
514 1197 741 1266 accepit.

327 1285 394 1338 Et
423 1284 692 1356 cingulum
746 1285 966 1338 tradidit
1007 1285 1330 1339 Chanamro.
1380 1283 1688 1340 Chananteo
1721 1285 1836 1339 cin-

254 1377 442 1448 gulum
474 1376 696 1430 tradidit
735 1374 970 1431 Ecclesia
993 1416 1008 1441 ,
1048 1376 1170 1445 quia
1207 1390 1304 1444 per
1342 1375 1584 1445 vigorem
1615 1374 1836 1429 demon-

254 1475 446 1522 stratae
487 1464 715 1534 iustitiae
772 1464 913 1520 ﬁuxa
968 1481 1133 1536 opera
1187 1466 1501 1536 gentilitatis
1560 1467 1830 1537 astringit.

261 1557 328 1612 Ut
349 1558 458 1610 hoc
482 1557 626 1626 quod
660 1555 825 1610 verbo
878 1555 1191 1624 praecipitur
1220 1596 1235 1620 ,
1275 1555 1507 1608 vivendo
1543 1563 1792 1608 teneatur
1817 1594 1832 1618 ,

257 1656 314 1701 ut
353 1646 490 1700 illud
530 1664 542 1698 :
577 1643 695 1699 Sint
732 1643 896 1697 lumbi
933 1645 1083 1697 vestri
1108 1644 1398 1714 prwcincti,
1426 1652 1472 1696 et
1497 1642 1727 1696 lucerme
1747 1659 1836 1695 ar-

1936 476 2136 544 pientia
2168 476 2392 530 Domino
2422 486 2475 529 et
2500 475 2781 531 Salvatore
2809 483 2994 528 nostro
3033 474 3320 530 manifeste
3371 492 3505 544 prte-

1933 564 2147 634 cipitur,
2173 580 2295 619 cum
2325 564 2506 620 oblata
2534 567 2584 620 ei
2637 565 2940 634 peccatricc
2967 565 3194 621 muliere
3223 582 3236 595 ·
3270 564 3334 620 Si
3363 566 3502 634 quis,

1935 657 2127 725 inquit,
2156 657 2268 710 sine
2286 665 2496 726 peccato
2517 666 2613 720 est,
2645 657 2846 726 primus
2872 657 2929 710 in
2949 655 3096 710 illam
3121 655 3351 727 lapidem
3375 657 3504 711 utit-

1935 754 2012 798 tat
2045 745 2225 814 (Joan.
2255 745 2419 814 νηί),
2481 754 2538 800 et
2587 745 2668 800 sic
2696 760 2813 799 eam
2849 761 2881 798 a
2935 745 3161 802 crimine
3185 786 3201 812 ,
3241 747 3383 816 quod
3413 763 3507 818 pa-

1937 843 2136 900 tratur,
2160 836 2259 889 sub
2281 837 2586 890 conditione
2606 835 2836 905 amplius
2857 849 2963 889 non
2982 837 3262 905 peccandi,
3285 844 3506 894 misera-

1937 933 2023 978 tus
2043 924 2291 979 absolvit.

2007 1015 2364 1071 Considerarit
2389 1018 2601 1070 semitas
2622 1017 2813 1071 domus
2839 1034 2981 1082 sure,
3033 1027 3078 1072 et
3120 1035 3308 1089 panem
3334 1020 3504 1076 otiosa

1936 1123 2039 1161 non
2096 1106 2335 1159 comedit.
2399 1105 2583 1160 Otiosa
2632 1122 2827 1176 panem
2887 1123 2994 1162 non
3042 1110 3315 1177 comedit,
3375 1111 3505 1180 quia

1935 1196 2038 1252 hoc
2073 1198 2217 1268 quod
2247 1198 2314 1252 de
2365 1212 2520 1252 sacro
2549 1198 2763 1268 eloquio
2802 1198 3144 1270 intelligendo
3177 1201 3503 1270 perceperit,

1934 1299 2060 1342 ante
2081 1289 2269 1344 aeterni
2292 1288 2490 1358 judicis
2509 1290 2696 1345 oculos
2720 1291 3024 1347 exhibendo
3049 1293 3303 1362 operibus
3329 1305 3506 1351 osten-

1933 1379 2031 1432 dit.
2060 1379 2191 1433 ltem
2223 1381 2413 1435 domus
2441 1381 2684 1436 mulieris
2717 1379 2890 1446 fortis,
2919 1383 3180 1436 habitatio
3209 1391 3295 1438 est
3317 1385 3508 1454 patria:

1935 1468 2174 1524 cmlestis
2206 1487 2219 1522 ι
2251 1469 2458 1524 semita:
2496 1470 2686 1524 domus
2725 1469 2870 1524 illius
2921 1480 3189 1540 praecepta
3237 1471 3462 1540 iustitia:
3491 1516 3508 1539 ,

1935 1560 2130 1627 quibus
2188 1560 2258 1613 ad
2306 1567 2564 1614 teternam
2617 1558 2742 1612 vitae
2793 1559 3128 1614 mansionem
3173 1562 3507 1629 pervcnitur.

1935 1649 2082 1716 Quas
2127 1647 2370 1718 profecto
2401 1647 2626 1702 semitas
2669 1648 2848 1702 anima
2871 1648 3010 1703 bene
3031 1648 3356 1714 considerat,
3387 1665 3510 1706 cum

255 1743 438 1796 dentes
465 1741 757 1812 (Luc.xn).
805 1741 949 1794 Bene
968 1740 1167 1795 etenim
1193 1740 1412 1793 nomine
1432 1737 1708 1800 Chanaan,
1742 1736 1833 1806 qui
1865 1753 1909 1809 Β
1937 1747 1992 1792 et
2017 1739 2302 1809 diligenter
2349 1738 2543 1807 quibus
2582 1737 2793 1794 actibus
2839 1738 2908 1793 ad
2953 1753 3187 1808 superna
3228 1740 3514 1808 pervenire
3550 1773 3553 1776 -

255 1829 391 1884 etin
422 1827 704 1900 gentilium
743 1837 828 1884 est
857 1828 1051 1898 populo
1089 1835 1407 1898 procreatus
1431 1868 1446 1891 ,
1493 1835 1550 1881 et
1575 1827 1838 1895 interpre—

257 1927 404 1974 tatur
431 1927 818 1976 commutatus.
856 1933 1116 1974 convcrsa
1147 1917 1214 1972 ad
1247 1917 1406 1971 ﬁdem
1447 1916 1721 1985 gentilitas
1751 1916 1838 1972 de-

255 2010 529 2079 signatur.
564 2009 694 2076 ρυω
731 2009 1048 2063 felicissima
1083 2009 1509 2064 commutatione
1530 2024 1561 2061 a
1593 2008 1740 2062 vitiis
1770 2009 1839 2063 ad

257 2101 516 2164 virtutes,
548 2114 578 2152 a
605 2099 818 2153 diabolo
853 2099 1263 2168 trausmigravit
1325 2097 1392 2152 ad
1443 2097 1748 2162 Christum,
1785 2105 1841 2151 et

257 2190 545 2260 impletum
572 2199 658 2244 est
689 2189 815 2244 illud
842 2189 1154 2245 vaticinium
1194 2189 1383 2259 psalmi
1412 2207 1424 2243 :
1455 2188 1613 2254 Audi,
1632 2188 1770 2257 ﬁlia,
1794 2197 1840 2241 et

257 2280 395 2346 ride,
425 2292 474 2332 et
517 2278 713 2333 inclina
759 2295 939 2332 aurem
989 2289 1134 2332 tuam
1162 2289 1210 2332 et
1261 2277 1558 2333 obliviscere
1593 2277 1841 2348 populum

258 2381 430 2433 tuum,
465 2370 519 2423 id
546 2378 647 2434 est,
674 2369 804 2422 vitia
841 2378 896 2424 et
936 2377 1160 2439 peccata
1189 2411 1204 2432 ,
1235 2379 1282 2422 et
1312 2367 1528 2422 domum
1566 2368 1736 2437 patris
1761 2368 1838 2420 tui

257 2459 436 2532 (Paul.
492 2460 662 2532 ILW),
701 2460 754 2514 id
779 2468 884 2525 est,
929 2460 1099 2514 hostis
1133 2459 1379 2530 antiqui,
1433 2467 1489 2512 et
1533 2459 1613 2513 sie
1645 2473 1843 2514 concu-

261 2551 437 2620 piscet
462 2549 710 2604 Christus
739 2562 835 2605 rex
863 2551 1111 2605 decorem
1143 2558 1317 2604 tuum.

332 2640 619 2695 Fortitudo
645 2650 692 2694 et
721 2640 879 2695 decor
909 2641 1271 2696 indumentum
1298 2643 1436 2711 ejus.
1467 2641 1749 2696 Fortitudo
1773 2642 1842 2694 ad

259 2731 600 2786 tolerandam
633 2745 1010 2800 perversoruzn
1073 2730 1498 2800 improbitatem.
1573 2729 1746 2783 Decor
1773 2730 1842 2783 ad

259 2820 626 2875 exercendam
655 2821 912 2874 virtutum
944 2820 1198 2890 gratiam.
1233 2818 1536 2883 Fortitudo,
1568 2818 1697 2887 quia
1721 2831 1842 2888 per-

261 2911 603 2966 secutionem
636 2911 841 2980 patitur
885 2919 1110 2981 propter
1145 2909 1432 2979 justitiam.
1495 2910 1666 2963 Decor
1718 2909 1842 2977 quia

260 3011 526 3072 operatur
538 3000 826 3070 justitiam.
861 3000 1104 3056 Similem
1142 3001 1268 3056 huic
1321 3000 1646 3055 sententiam
1695 2999 1844 3054 Psal-

1940 1828 2132 1884 debeat
2158 1828 2397 1898 inspicit,
2438 1838 2496 1883 et
2523 1843 2644 1897 quae
2673 1829 2876 1898 agenda
2907 1829 3115 1893 didicit,
3144 1829 3328 1884 sedula
3360 1845 3517 1886 exer-

1937 1936 2061 1975 cere
2108 1935 2215 1974 non
2273 1921 2503 1974 desinat.
2570 1920 2772 1976 Panem
2815 1936 3030 1991 quoque
3064 1923 3242 1978 otiosa
3278 1939 3387 1978 non
3425 1940 3518 1981 co-

1942 2011 2142 2076 medit,
2179 2026 2301 2064 cum
2361 2009 2689 2066 sacriﬁcium
2740 2012 2996 2068 dominici
3053 2015 3296 2083 corporis
3345 2016 3519 2086 perci-

1937 2103 2126 2170 piens,
2167 2102 2348 2157 studct
2377 2103 2580 2158 imitari
2611 2113 2771 2167 actu,
2814 2104 2959 2175 quod
2991 2105 3047 2160 in
3092 2105 3395 2162 ministerio
3417 2122 3515 2162 ce-

1941 2195 2114 2248 lebrat
2134 2235 2148 2260 ,
2184 2194 2413 2248 multum
2441 2195 2671 2250 sollicita
2692 2234 2707 2262 ,
2743 2210 2812 2250 ne
2831 2195 3049 2266 indigne
3073 2210 3267 2266 panem
3303 2196 3519 2254 Domini

1941 2285 2273 2339 comedendo
2342 2293 2400 2340 et
2462 2285 2687 2340 calicem
2763 2284 2994 2339 bibendo
3023 2323 3040 2350 ,
3093 2285 3355 2356 judicium
3412 2287 3516 2342 sibi

1943 2377 2232 2432 manducet
2271 2385 2327 2431 et
2354 2377 2505 2433 bibat
2551 2375 2604 2448 (I
2625 2375 2748 2430 Car.
2769 2371 2866 2443 at).
2908 2374 3018 2432 Sed
3046 2386 3104 2432 ut
3137 2380 3392 2448 patiendo
3419 2394 3521 2450 pro

1941 2469 2179 2535 Christo,
2218 2469 2486 2541 laerymas
2510 2468 2803 2553 fundendo,
2849 2469 3006 2524 bonis
3061 2483 3277 2539 quoque
3305 2472 3517 2527 actibus

1943 2559 2264 2624 insistendo,
2295 2559 2605 2628 passionum
2623 2557 2869 2628 exempla
2898 2559 3068 2627 ipsius
3083 2569 3347 2628 quantum
3378 2561 3522 2618 valet

1943 2659 2218 2719 sequatur.
2275 2649 2462 2704 Potest
2489 2657 2545 2704 et
2571 2649 2890 2720 simpliciter
2925 2650 3120 2719 accipi,
3157 2651 3286 2721 quia
3316 2666 3520 2721 panem

1943 2741 2115 2795 otiosa
2145 2756 2252 2795 non
2281 2741 2517 2795 comedit
2570 2741 2762 2795 mulier
2806 2739 2984 2805 fortis,
3012 2739 3172 2809 juxta
3224 2743 3352 2798 illud
3373 2745 3523 2816 Apo-

1943 2830 2105 2885 stoli:
2140 2829 2243 2895 Qui
2270 2846 2374 2884 non
2404 2840 2671 2896 operatur,
2711 2846 2802 2884 nec
2837 2831 3112 2886 manducet
3159 2832 3244 2900 (II
3284 2832 3518 2889 Tltessul.

1944 2924 2050 2999 in),
2078 2934 2133 2981 et
2152 2925 2268 2994 ipse
2293 2926 2359 2979 de
2386 2939 2445 2978 se
2475 2939 2492 2978 ξ
2555 2924 2816 2989 Quoniam
2839 2924 2906 2978 ad
2933 2941 2996 2978 ea
3014 2965 3030 2989 ,
3075 2941 3194 2996 qua:
3222 2927 3350 2980 mihi
3391 2943 3522 2997 opus

1941 3026 2114 3083 erant,
2141 3028 2189 3072 et
2212 3019 2293 3072 his
2347 3021 2436 3089 qui
2483 3034 2686 3073 mecum
2722 3030 2840 3074 sunt
2870 3022 3295 3076 ministraverunt
3334 3039 3522 3077 manus

264 3092 429 3183 misla
466 3091 534 3146 de
569 3091 795 3146 Domino
821 3092 1001 3161 posuit
1026 3091 1242 3183 diccns.
1283 3090 1537 3183 Dominus
1581 3089 1836 3183 regnavit,
1867 3102 1910 3164 C
1943 3112 2058 3164 ista:
2087 3109 2226 3182 (Act.
2257 3113 2372 3183 xx).
2418 3111 2572 3166 Unde
2617 3111 2809 3166 merito
2856 3112 3192 3168 luxuriantes
3218 3114 3408 3170 viduas
3431 3131 3525 3170 ar-

264 3182 505 3237 decorcm
534 3183 706 3236 induit
729 3196 748 3235 :
771 3184 937 3238 induit
977 3182 1232 3236 Dominus
1279 3182 1634 3252 fortitudinem
1665 3175 1836 3254 (Psul.

265 3271 420 3343 χρυ).
474 3271 610 3326 Cum
638 3273 782 3327 enim
808 3273 1130 3342 praedicaret
1182 3271 1441 3336 Dominus
1492 3272 1841 3342 Evangelium

266 3364 453 3433 regni,
481 3363 602 3417 aliis
630 3362 895 3432 placebat,
928 3363 1051 3418 aliis
1093 3363 1442 3433 displicebat;
1473 3362 1564 3416 alii
1607 3363 1741 3418 bene
1771 3363 1847 3416 lo-

266 3453 593 3522 quebantur,
617 3452 707 3508 alii
728 3451 1107 3516 detrahebant,
1132 3453 1464 3516 lacerabant,
1500 3453 1842 3519 mordebant,

266 3545 734 3599 conviciabantur.
763 3543 845 3598 Ad
879 3560 972 3600 eos
997 3559 1143 3616 ergo,
1171 3545 1366 3614 quibus
1391 3544 1655 3615 placebat,
1682 3545 1829 3599 dcco

267 3651 380 3690 rem
410 3636 604 3690 induit.
644 3637 726 3690 Ad
754 3651 849 3692 eos
870 3652 998 3708 ergo
1033 3637 1232 3705 quibus
1257 3636 1607 3706 displicebat,
1632 3634 1844 3691 fortitu-

267 3727 467 3780 dinem.
493 3726 712 3781 Imitare
733 3742 862 3798 ergo
891 3735 944 3782 tu
959 3728 1244 3784 Dominum
1268 3766 1282 3790 ,
1316 3737 1373 3780 ut
1401 3727 1579 3796 possis
1602 3742 1724 3782 esse
1751 3742 1844 3782 vc-

267 3817 368 3870 stis
419 3815 613 3885 ipsius,
673 3825 790 3872 esto
841 3832 964 3872 cum
1023 3817 1216 3872 decore
1252 3817 1319 3869 ad
1353 3830 1448 3871 eos
1494 3817 1688 3884 quibus
1732 3815 1847 3887 pla-

265 3913 392 3958 cent
431 3904 569 3958 bona
605 3918 770 3973 opera
805 3912 894 3959 tua
917 3944 930 3968 ,
973 3913 1090 3960 esto
1124 3903 1283 3959 fortis
1310 3903 1626 3959 adversum
1665 3904 1846 3958 detra-

266 4007 470 4052 ςιοιὈε.

343 4090 408 4143 Et
436 4089 621 4144 ridebit
652 4091 706 4143 in
733 4090 817 4143 die
839 4089 1136 4144 novissimo.
1170 4089 1405 4150 llidebit,
1433 4088 1486 4143 id
1513 4099 1618 4154 cst,
1644 4090 1843 4161 gande—

269 4183 346 4236 bit
377 4183 429 4236 in
469 4181 824 4236 retributione
863 4182 1011 4250 regni
1063 4179 1334 4247 cmlestis,
1371 4198 1491 4252 qum
1542 4183 1758 4237 dolebat
1789 4183 1843 4235 in

268 4275 568 4329 certamine
609 4275 731 4328 vita:
777 4274 1079 4342 praesentis.
1138 4273 1252 4328 Mos
1301 4272 1504 4328 ctenim
1561 4273 1846 4342 scriptura:

270 4375 370 4428 est,
397 4381 496 4434 pro
526 4365 724 4435 gaudio
747 4365 915 4420 risum
943 4380 1163 4434 ponere.
1201 4364 1352 4419 Sicut
1379 4376 1432 4420 et
1450 4365 1708 4420 Dominus
1725 4366 1800 4418 ait
1827 4384 1839 4419 :

1945 3217 2116 3272 gucns
2137 3201 2380 3274 atljungit
2412 3221 2425 3256 :
2457 3202 2634 3259 Simul
2658 3211 2833 3257 autem
2878 3213 2927 3257 et
2971 3205 3152 3259 otiosa:
3179 3205 3387 3259 discunt
3413 3207 3523 3260 cir-

1945 3296 2142 3350 ωηιξη
2168 3295 2371 3360 domos,
2405 3312 2508 3349 non
2537 3294 2708 3350 solum
2737 3295 2919 3352 otioste
2937 3335 2952 3362 ,
3008 3296 3099 3350 sed
3127 3307 3174 3352 et
3216 3297 3446 3352 verbosa:
3469 3307 3522 3353 et

1946 3386 2167 3440 curiosa:
2197 3385 2249 3457 (1
2275 3385 2408 3440 Tim.
2439 3385 2515 3457 ν).
3220 3372 3222 3376 ’

2017 3474 2369 3531 Surrexerunt
2390 3477 2489 3544 ﬁlii
2513 3477 2626 3546 ejus
2645 3487 2692 3531 et
2716 3477 3064 3532 beatissimam
3088 3479 3524 3548 pra-dicaverunt.

1945 3565 2098 3632 Quod
2138 3565 2378 3620 futurum
2421 3582 2519 3636 pro
2541 3576 2694 3621 certo
2724 3576 2966 3632 noverat,
2999 3583 3147 3622 more
3185 3570 3523 3638 prepbetico,

1945 3655 2098 3725 quasi
2122 3653 2236 3724 jam
2268 3655 2468 3709 factum
2503 3654 2668 3710 refert
2702 3675 2714 3710 :
2749 3655 2985 3727 Surgunt
3021 3657 3165 3711 enim
3205 3656 3298 3712 ﬁlii
3342 3658 3527 3715 Eccle-

1942 3748 2062 3812 εἰει),
2095 3747 2362 3811 videlicet,
2388 3762 2578 3802 omnes
2603 3747 2762 3802 electi
2805 3749 2858 3802 in
2888 3749 3184 3804 novissimo
3210 3750 3392 3804 carnis
3420 3750 3524 3804 im.-

1946 3837 2276 3891 mortalitate
2303 3837 2511 3902 donati,
2539 3846 2595 3893 et
2621 3846 2752 3894 tunc
2797 3848 3027 3893 matrem
3056 3855 3230 3903 suam,
3274 3857 3394 3912 qua:
3431 3857 3528 3896 eos

1945 3945 2012 3983 ex
2041 3944 2182 3999 aqua
2207 3938 2262 3983 et
2288 3927 2498 3999 Spiritu
2541 3940 2730 3986 sancto
2754 3930 2867 3986 Deo
2905 3932 3109 4001 genuit,
3158 3933 3526 3988 beatissimam

1944 4021 2260 4089 prsedicant,
2307 4037 2427 4091 qua:
2470 4038 2615 4077 nunc
2658 4025 2727 4078 ab
2765 4023 3091 4089 inﬁdelibus,
3135 4026 3288 4093 quasi
3327 4025 3525 4081 misera

1946 4113 2331 4175 contemnitur,
2365 4122 2420 4166 et
2454 4129 2512 4166 re
2540 4129 2665 4167 vera
2687 4153 2701 4178 ,
2732 4115 2872 4168 sicut
2899 4114 3193 4184 Apostolus
3223 4116 3301 4170 ait
3329 4135 3342 4170 :
3383 4116 3444 4171 Si
3471 4118 3525 4171 in

1946 4203 2043 4255 lmc
2075 4198 2189 4256 vita
2217 4214 2420 4256 tantum
2457 4215 2722 4274 sperantes
2752 4222 2932 4260 sumus
2960 4208 3015 4260 in
3045 4205 3274 4273 Christo,
3302 4210 3525 4264 misera-

1945 4294 2153 4348 biliores
2181 4311 2363 4348 sumus
2389 4295 2627 4350 omnibus
2663 4297 2957 4351 hominibus
2995 4297 3046 4368 (Ι
3075 4295 3199 4352 Cor.
3233 4299 3344 4370 xv).
3389 4301 3524 4368 Quia

1948 4399 2076 4438 vero
2100 4399 2200 4453 pro
2221 4385 2329 4438 vita
2357 4385 2461 4438 alia
2485 4386 2540 4439 in
2567 4387 2820 4455 praesenti
2849 4387 3163 4455 militamus,
3187 4390 3381 4447 merito
3403 4406 3525 4447 cum

270 4451 416 4507 Beati
447 4454 538 4521 qui
596 4471 733 4508 nunc
776 4455 950 4524 ﬂetis,
999 4455 1124 4524 quia
1153 4454 1383 4510 ridebitis
1436 4454 1588 4526 (Luc.
1626 4455 1719 4526 vi).
1776 4457 1842 4512 Et

1953 4451 2264 4547 apparuerit
2299 4477 2428 4546 quid
2469 4451 2696 4544 eritiius,
2741 4487 2968 4534 matrem
3011 4451 3252 4535 nostram
3296 4497 3418 4552 qua:
3459 4498 3525 4536 ex

271 4543 458 4599 beatus
481 4543 585 4598 Job
612 4564 625 4598 :
669 4544 740 4600 Os
766 4554 939 4600 autem
969 4545 1232 4601 veracium
1273 4541 1550 4622 replebitur
1572 4545 1681 4598 risu

340 4655 413 4710 0s
452 4672 609 4710 suum
657 4655 860 4726 aperuit
916 4655 1205 4725 supientirr.
1255 4657 1336 4710 Ad
1383 4658 1484 4710 hoc
1535 4663 1744 4710 tantum
1777 4657 1847 4709 lo-

271 4763 462 4816 quens,
499 4762 564 4800 os
598 4747 835 4815 aperuit,
864 4754 924 4800 ut
953 4747 1270 4815 sapientiam
1313 4748 1531 4801 docet-ct
1559 4787 1572 4809 ,
1604 4744 1757 4813 juxta
1790 4747 1847 4800 il-

273 4834 355 4889 lud
382 4833 630 4904 Apostoli
662 4852 674 4887 :
715 4832 897 4888 Omnis
921 4851 1092 4888 sermo
1119 4834 1288 4889 malus
1326 4851 1392 4888 ex
1419 4851 1509 4888 ore
1546 4851 1714 4888 vesro
1740 4852 1843 4890 non

272 4927 540 4993 procedat,
569 4925 660 4978 sed
681 4926 726 4979 si
747 4926 862 4996 quis
889 4925 1054 4979 bonus
1082 4926 1150 4980 ad
1178 4927 1582 4994 rrdiﬁcutioncm
1611 4927 1757 4996 Μ,
1786 4937 1843 4980 ut

272 5018 346 5071 det
382 5016 620 5088 gratiam
656 5016 989 5071 audientibus
1046 5016 1264 5088 (Ephes.
1295 5016 1404 5087 tv),
1454 5016 1536 5071 vel
1583 5027 1732 5071 certe
1783 5033 1846 5072 os

274 5107 449 5162 cordis
477 5107 692 5176 aperuit
715 5107 780 5162 ad
813 5106 1126 5162 discendam
1154 5107 1222 5160 ab
1253 5106 1368 5176 ipsa
1410 5107 1676 5176 sapientia
1709 5109 1846 5160 inte-

276 5201 384 5256 rius
423 5201 743 5266 veritatem,
783 5217 946 5270 quam
976 5200 1112 5255 alios
1156 5199 1303 5254 foras
1331 5200 1552 5254 doceret
1575 5240 1590 5264 ,
1628 5201 1844 5270 utrique

274 5301 453 5348 autem
473 5293 682 5356 sensui,
702 5295 827 5363 quia
857 5301 1146 5361 utrumque
1165 5291 1296 5346 facit
1318 5291 1573 5356 Ecclesia,
1595 5293 1848 5346 convenit

273 5393 392 5454 apte
429 5384 574 5453 quod
605 5387 852 5453 sequitur
884 5402 897 5437 :

285 5498 289 5504 -
341 5475 413 5530 Et
450 5475 537 5529 lea:
563 5475 851 5534 clementia:
875 5476 931 5529 in
958 5473 1136 5544 lingua
1157 5475 1292 5545 ejus.
1319 5474 1431 5529 Lex
1455 5473 1708 5528 videlicet
1734 5473 1843 5538 illa,

275 5580 390 5633 quae
419 5583 525 5620 non
549 5568 733 5622 statim
763 5582 914 5621 more
943 5566 1077 5636 legis
1100 5565 1348 5622 Mosaica:
1373 5573 1662 5634 peccantes
1689 5567 1846 5636 puni-

279 5665 377 5722 ret,
407 5658 500 5711 sed
522 5657 950 5714 misericorditer
969 5658 1036 5712 ad
1063 5657 1394 5726 poenitentia:
1417 5656 1652 5710 remedia
1684 5672 1843 5713 revo-

1950 4568 2202 4622 omnibus
2218 4566 2380 4638 iustis
2407 4569 2657 4636 collecta,
2687 4585 2790 4624 una
2813 4569 3014 4626 Christi
3037 4572 3306 4638 columba,
3330 4589 3526 4644 sponsa

1949 4669 2005 4712 et
2031 4659 2204 4715 amica
2230 4668 2473 4726 vocatur,
2498 4661 2866 4716 beatissimam
2886 4663 3318 4731 praedicabimus.
3346 4664 3530 4721 Potest

1949 4759 2004 4805 et
2031 4751 2133 4806 hoc
2156 4753 2299 4821 quod
2330 4753 2461 4809 dicit
2489 4771 2503 4807 :
2533 4751 2902 4808 Surrexerunt
2925 4754 3018 4808 ﬁlii
3040 4754 3176 4826 ejus,
3202 4765 3261 4812 et
3281 4758 3531 4814 beatissi-

1951 4856 2093 4896 mam
2123 4842 2583 4910 praedicaverunt,
2622 4843 2788 4898 etiam
2827 4843 2881 4898 in
2923 4844 3025 4900 hoc
3062 4853 3306 4917 tempore
3332 4864 3529 4905 conve-

1949 4932 2162 4986 nienter
2204 4933 2409 5002 accipi,
2459 4949 2586 4988 cum
2629 4933 2855 5003 quilibet
2903 4933 3143 4990 ﬁdelium
3193 4940 3530 4994 transcensis

1952 5022 2135 5078 saeculi
2158 5022 2416 5078 utrumuis
2443 5023 2522 5076 ad
2537 5021 2780 5078 ccclestia
2808 5037 2975 5093 regna
3006 5025 3393 5093 perducuntur.
3430 5025 3531 5083 Se-

1951 5113 2078 5169 dere
2112 5130 2342 5184 namque
2380 5115 2450 5170 ad
2494 5113 2945 5180 humiliationem,
2982 5115 3270 5186 aliquoties
3311 5135 3530 5190 surgere

1949 5205 2016 5257 ad
2056 5204 2280 5275 gloriam
2318 5205 2571 5274 pertinet.
2616 5203 2856 5275 Surgunt
2879 5219 3010 5275 ergo
3039 5205 3135 5261 ﬁlii
3171 5207 3445 5272 Ecclesia}.
3473 5219 3531 5263 et

1949 5295 2316 5350 beatissimam
2340 5310 2461 5350 eam
2502 5295 2819 5365 praedicant,
2862 5311 2985 5352 cum
3023 5280 3332 5354 cadestibus
3373 5298 3529 5352 bonis

1948 5387 2238 5452 sublimati,
2281 5395 2482 5458 quanta
2522 5388 2594 5442 sit
2634 5387 2778 5444 illius
2820 5389 3011 5458 patriae
3052 5389 3349 5451 beatitudo,
3375 5387 3528 5456 cujus

1946 5479 2238 5548 participes
2269 5493 2390 5534 esse
2431 5487 2748 5534 meruerunt
2788 5479 3077 5548 aspiciunt,
3101 5487 3156 5533 et
3181 5479 3319 5532 hanc
3347 5475 3526 5530 debita

1947 5570 2254 5625 laudatione
2282 5570 2336 5625 in
2362 5571 2540 5626 divina
2568 5571 2774 5626 visione
2794 5570 3185 5626 concelebrant.

2028 5657 2122 5738 Vir
2167 5657 2282 5729 ejus
2327 5669 2374 5714 et
2421 5659 2658 5715 laudabit
2695 5673 2830 5714 eam.
2878 5653 3139 5712 Laudabit
3185 5667 3303 5706 eam
3349 5661 3404 5709 et
3444 5654 3529 5710 vir
