3932 6204
362 235 455 290 451

1637 237 1998 295 ΞΜΑΒΑΟΜ
2037 235 2329 292 ABBATIS

3520 237 3633 292 4'52

362 353 531 420 ipsius
557 366 678 405 cum
713 351 871 416 bona,
897 367 1018 420 qum
1046 354 1157 422 ipse
1181 353 1237 406 in
1257 354 1508 422 praesenti
1533 351 1732 407 sxeculo
1752 353 1938 416 donat,
1969 354 2012 408 Α
2043 348 2958 418 posttriturationem,afﬂictionem
2979 350 3341 412 terrestrium,
3375 353 3442 406 ad
3471 353 3629 408 ctele-

362 446 416 498 in
447 428 633 498 futuro
655 445 1044 508 remunerabit,
1068 445 1255 499 dicens
1277 447 1330 499 in
1354 445 1596 513 judicio:
1634 444 1832 510 Venite,
1862 446 1945 498 be-

361 534 554 590 nedicti
575 534 752 588 Patris
777 536 900 600 mei,
934 535 1179 605 percipite
1214 552 1445 606 regnum,
1477 537 1615 605 quod
1643 535 1783 589 vobis
1811 551 1947 605 pra:—

359 637 603 698 paratum
652 636 724 680 est
772 627 840 680 ab
875 628 1075 696 origine
1115 628 1297 681 mundi
1331 641 1350 678 :
1379 630 1504 698 quia
1541 629 1733 682 esuriri
1767 637 1814 681 et
1853 629 1946 683 de-

359 717 510 771 distis
537 715 662 770 mihi
693 716 1033 780 manducare,
1059 726 1166 772 etc.
1198 717 1551 794 (Matt/txxv).
1589 717 1705 789 Ipse
1727 719 1942 788 quidem

358 807 610 876 primitiae
632 807 1035 872 dormientium,
1073 811 1376 874 resurrexit
1407 825 1437 863 a
1471 811 1718 876 mortuis,
1755 811 1848 865 sed
1886 810 1942 865 in

358 895 446 949 die
477 894 666 962 judicii
707 895 1046 952 manifestius
1079 899 1350 963 omnibus,
1377 915 1512 969 quos
1547 916 1642 955 sua
1678 900 1832 955 laude
1867 899 1945 955 di-

355 997 491 1052 gnos
508 981 849 1052 iudicaverit,
873 995 1074 1056 quanta
1097 987 1169 1042 sit
1187 989 1426 1055 ejusdem
1461 1006 1571 1044 sure
1596 991 1942 1044 resurrectio-

355 1075 442 1129 nis
481 1075 648 1145 gloria
681 1077 1096 1132 demonstrabit.
1139 1077 1347 1144 Quibus
1381 1089 1561 1136 autem
1603 1081 1784 1135 verbis
1819 1096 1940 1135 eam

355 1163 534 1220 laudet
555 1173 949 1235 consequenter
967 1167 1291 1238 ostenditur.

429 1254 614 1309 Multa:
640 1255 768 1324 ﬁlim
797 1268 1237 1327 congregaverant
1263 1259 1496 1324 divitias,
1525 1271 1578 1312 tu
1607 1277 1940 1330 supergressa

242 1371 265 1389 ι
353 1363 406 1399 es
431 1347 720 1401 universas.
749 1346 942 1403 Multas
963 1349 1103 1403 ﬁlias
1123 1350 1392 1406 Ecclesias
1412 1353 1540 1406 dicit
1563 1353 1940 1410 hzereticorum

354 1446 410 1492 et
441 1437 704 1492 malorum
728 1440 916 1494 turbas
938 1439 1362 1506 Catholicorum,
1384 1459 1503 1512 quae
1523 1443 1645 1498 ﬁliae
1664 1446 1938 1510 dicuntur,

354 1528 439 1582 vel
458 1527 684 1593 Christi,
711 1529 794 1583 vel
819 1529 1097 1595 Ecclesiaa,
1120 1533 1244 1601 quia
1268 1535 1430 1588 etiam
1464 1536 1598 1606 ipsae
1629 1545 1754 1591 sunt
1775 1539 1942 1593 domi-

354 1621 492 1675 nicis
524 1630 725 1676 renata:
755 1624 1131 1687 sacramentis,
1155 1635 1210 1679 et
1230 1625 1296 1679 ad
1317 1627 1658 1697 adoptionem
1682 1628 1935 1696 ﬁliorum,

353 1727 514 1780 quant
551 1727 658 1766 non
685 1713 960 1768 custodire
999 1727 1378 1786 perceperunt.
1421 1717 1574 1778 Unde
1609 1727 1664 1775 et
1700 1719 1937 1777 Joanaes

353 1805 428 1857 ait
480 1816 497 1856 :
553 1803 630 1858 De
681 1805 828 1858 nobis
873 1806 1148 1871 exierunt,
1194 1809 1284 1861 sed
1333 1825 1436 1864 non
1483 1822 1634 1864 erant
1681 1827 1746 1865 ex
1789 1812 1937 1866 nobis

353 1891 402 1960 (Ι
438 1891 600 1946 Joan.
633 1893 725 1965 ιι),
766 1909 886 1963 quae
919 1907 1384 1967 congregaverant
1419 1899 1652 1964 divitias,
1688 1901 1936 1957 videlicet

350 1985 610 2044 bonorum
651 2001 900 2055 operum,
941 1989 1242 2054 orationes,
1274 1989 1507 2060 jejunis,
1540 1991 1933 2063 eleemosynas,

347 2074 720 2141 aﬂlictionem,
771 2087 828 2132 et
871 2081 1250 2136 castimoniam
1293 2083 1497 2146 carnis,
1546 2084 1931 2140 continentiam

347 2165 565 2238 lingua),
592 2169 996 2225 meditationem
1015 2171 1414 2239 Scripturarum
1432 2212 1447 2237 ,
1477 2182 1583 2227 etc.
1617 2173 1932 2242 llujusmodi

345 2273 470 2328 quae
494 2274 636 2314 verat
665 2268 792 2314 sunt
818 2261 1040 2319 divitiae.
1073 2263 1296 2331 spiritus
1318 2263 1408 2316 ubi
1438 2278 1569 2332 pura
1599 2265 1797 2319 mentis
1821 2266 1932 2320 sin-

345 2350 574 2404 ceritate
603 2360 883 2420 geruntur.
921 2352 1020 2408 Ubi
1052 2362 1230 2407 autem
1273 2354 1389 2408 sine
1425 2355 1530 2410 ﬁde
1568 2371 1689 2426 qua:
1726 2373 1824 2426 per
1851 2357 1931 2412 di-

347 2442 628 2498 lectionem
651 2453 911 2513 operatur
928 2445 1082 2509 ﬁunt,
1101 2446 1232 2500 nihil
1257 2447 1540 2518 agentibus
1559 2458 1803 2517 prosunt.
1824 2448 1929 2505 Sed

343 2541 400 2585 et
427 2531 530 2586 illa:
562 2533 684 2587 ﬁlim
716 2532 913 2588 frustra
941 2545 1341 2604 congregarunt
1365 2537 1582 2592 divitias
1601 2579 1614 2604 ,
1644 2540 1709 2594 de
1734 2541 1932 2608 quibus

346 2623 604 2678 Dominus
631 2624 709 2678 ait
739 2644 750 2677 :
785 2623 941 2678 Multi
982 2625 1154 2679 dicent
1193 2627 1323 2681 mihi
1361 2627 1454 2695 illa
1493 2629 1579 2683 die
1619 2644 1638 2680 :
1682 2631 1929 2700 Domine,

345 2715 585 2781 Domine,
615 2731 784 2770 nonne
812 2717 870 2770 in
897 2719 1105 2771 nomine
1127 2728 1217 2770 tuo
1243 2720 1662 2789 prophetavimus
1682 2733 1730 2776 et
1758 2725 1813 2778 in
1837 2733 1930 2779 tuo

344 2809 552 2860 nomine
579 2807 840 2861 dtrmonia
877 2808 1144 2877 ejecintus,
1185 2818 1232 2861 et
1263 2811 1317 2862 in
1348 2819 1439 2863 tuo
1473 2812 1681 2866 nomine
1715 2815 1928 2870 virtutes

340 2897 533 2950 multas
559 2895 797 2965 fecimus,
820 2907 867 2950 et
895 2906 1016 2951 tunc
1047 2898 1330 2966 conﬁtebor
1350 2899 1478 2963 illis,
1505 2902 1628 2970 quia
1660 2919 1928 2974 nunquam

341 2985 457 3040 novi
484 3002 592 3039 vos.
625 2985 730 3039 Sed
751 3002 941 3041 omnes
969 2986 1268 3042 istiusmodi
1294 2987 1432 3043 ﬁlias
1473 2990 1715 3045 Ecclesia
1735 2993 1924 3050 catho-

1964 1697 2011 1754 B

2049 440 2148 493 stis
2175 441 2324 510 regni
2349 441 2541 509 gaudia
2568 441 2935 504 introducant,
2952 456 3014 493 ac
3041 442 3161 495 vita:
3189 443 3512 498 immortalis
3531 445 3631 500 sibi

2046 530 2248 586 sociam
2272 540 2578 602 aggregent,
2603 530 2756 600 juxta
2781 531 2906 584 illud
2931 531 3311 602 livangelicum
3336 548 3352 586 :
3381 532 3631 589 Triticum

2046 627 2227 674 autem
2278 629 2583 692 congregate
2612 623 2666 674 in
2713 622 2956 675 horreant
3011 638 3180 675 meum
3229 622 3448 693 (Matth.
3487 627 3629 696 xm).

2045 710 2201 776 Date,
2225 710 2416 779 inquit,
2442 711 2488 763 ei
2519 710 2582 764 de
2614 710 2789 778 fructu
2813 727 3063 764 manuum
3094 729 3335 776 suarum,
3356 714 3483 782 quia
3515 714 3630 768 fru-

2043 811 2192 856 ctum
2229 802 2455 871 spiritus
2494 799 2639 855 ferre
2685 801 2896 854 curavit
2931 802 3250 856 charitatem
3275 843 3290 867 ,
3342 804 3628 874 gaudium.

2043 906 2252 960 pacem,
2282 890 2690 960 benignitatem,
2721 891 3046 952 bonitatem,
3072 891 3420 955 modestiam,
3456 896 3632 949 conti-

2044 976 2302 1039 nentiam,
2334 975 2515 1038 ﬁdem,
2542 975 2878 1045 patientiam.
2909 976 3014 1030 Pro
3043 976 3144 1031 hoc
3173 977 3245 1030 illi
3279 977 3513 1033 debitam
3548 996 3631 1035 re—

2042 1065 2259 1132 pendite
2282 1065 2605 1118 mercedem.
2631 1065 2696 1117 Et
2723 1065 2941 1120 laudent
2962 1081 3080 1120 eam
3105 1067 3377 1136 inportis,
3403 1069 3504 1125 hoc
3525 1080 3631 1136 est,

2043 1153 2097 1206 in
2119 1153 2344 1220 judicio,
2371 1153 2484 1207 sive
2506 1153 2560 1206 in
2589 1152 2830 1222 ingressu
2855 1154 3041 1223 patria:
3062 1156 3301 1212 ccelestis
3322 1174 3428 1212 non
3459 1159 3633 1214 homi-

2044 1260 2170 1297 num
2208 1242 2420 1298 favores
2460 1244 2805 1313 supervacui,
2831 1244 2927 1298 sed
2951 1260 3114 1314 opera
3157 1247 3272 1316 ipsa
3312 1263 3433 1317 qua:
3474 1249 3628 1318 fecit,

2040 1335 2404 1399 examinante,
2437 1335 2718 1403 probante,
2747 1334 2889 1389 hanc
2927 1347 3325 1403 remunerante,
3359 1340 3449 1394 illo
3473 1341 3632 1411 cujus

2041 1428 2156 1482 inec
2181 1428 2415 1482 donante
2438 1427 2610 1497 gratia
2640 1426 2886 1496 perfecit,
2913 1444 2942 1483 a
2969 1445 3076 1499 quo
3100 1439 3159 1484 ut
3185 1431 3390 1486 laudari
3420 1449 3629 1489 merea-

2041 1533 2162 1570 mur
2189 1517 2244 1571 in
2266 1517 2447 1574 futuro
2469 1521 2730 1574 concedat
2749 1520 2867 1590 ipsc
2887 1520 3152 1591 pr0pitius
3175 1537 3274 1576 nos
3298 1538 3423 1577 eum
3448 1524 3634 1597 dignis

2041 1609 2094 1662 in
2125 1609 2380 1678 praesenti
2405 1609 2515 1663 vita
2546 1610 2854 1665 eollaudare
2879 1611 3133 1666 servitiis.
3165 1611 3361 1668 Amen.

2346 1716 2683 1756 EVANGELIUN
2724 1717 3012 1767 HAT'I‘llzl-Il,
3051 1717 3170 1756 CAP.
3213 1719 3311 1759 XII.

2113 1808 2134 1842 t
2170 1789 2446 1860 Loquente
2471 1805 2536 1846 eo
2561 1792 2629 1845 ad
2659 1792 2867 1846 turbas.
2908 1791 3048 1846 Ecce
3081 1801 3255 1848 mater
3284 1794 3400 1864 ejus
3430 1804 3484 1850 et
3514 1795 3628 1852 fra-

2043 1899 2060 1932 t
2099 1889 2211 1935 tres
2253 1881 2473 1936 stabant
2514 1880 2651 1936 foris
2681 1892 2984 1952 qumrentes
3021 1882 3165 1952 loqui
3203 1899 3252 1938 ei
3289 1903 3302 1937 :
3344 1886 3492 1940 Dixit
3529 1904 3631 1943 au-

2041 1991 2058 2024 t
2099 1983 2206 2028 tem
2237 1975 2288 2028 ei
2320 1974 2538 2043 quidam
2572 1993 2585 2028 :
2617 1974 2755 2029 Ecce
2783 1983 2958 2029 mater
2991 1985 3078 2029 tua
3119 1985 3176 2030 et
3210 1975 3406 2032 fratres
3437 1979 3513 2033 tui
3543 1980 3629 2034 fo-

2040 2081 2058 2114 ί
2097 2065 2174 2119 ris
2215 2071 2365 2119 stant
2391 2073 2697 2132 quaerentes
2725 2075 2797 2120 te.
2835 2065 2902 2119 Et
2925 2065 3036 2135 ipse
3065 2067 3395 2135 respondens
3421 2069 3630 2125 dicenti

2039 2173 2056 2204 ι
2093 2154 2195 2210 sibi
2235 2155 2312 2209 ait
2342 2173 2357 2209 :
2393 2154 2522 2221 Qute
2556 2163 2640 2210 est
2669 2164 2845 2210 mater
2876 2171 3016 2220 mea,
3050 2165 3106 2211 et
3142 2157 3233 2226 qui
3263 2167 3389 2212 sunt
3424 2159 3632 2216 fratres

2038 2266 2055 2296 ε
2093 2229 2220 2301 mei.
2248 2247 2313 2302 Et
2334 2247 2636 2303 extendens
2657 2263 2875 2302 manum
2904 2249 2957 2314 in
2981 2249 3273 2320 discipulos
3293 2265 3422 2306 suos
3448 2253 3586 2308 dixit
3609 2274 3626 2308 ;

2039 2356 2056 2388 ‹
2093 2337 2233 2394 Ecce
2275 2348 2453 2396 mater
2491 2353 2609 2394 mea
2647 2348 2704 2394 et
2740 2337 2940 2395 fratres
2985 2340 3090 2394 mei
3124 2358 3137 2393 :
3179 2341 3490 2413 quicunque
3540 2346 3619 2400 τεο

2037 2447 2056 2478 ι
2093 2430 2229 2485 cerit
2269 2431 2603 2486 voluntatem
2645 2431 2822 2500 patris
2871 2432 3006 2496 mei,
3051 2432 3141 2500 qui
3192 2433 3246 2487 in
3295 2433 3448 2490 caelis
3497 2445 3628 2502 est,

2038 2539 2054 2572 ι
2094 2521 2208 2589 ipse
2232 2536 2384 2577 meus
2414 2522 2605 2586 frater,
2635 2538 2790 2591 soror
2819 2531 2875 2578 et
2900 2533 3076 2578 mater
3104 2533 3207 2579 est.
3243 2519 3280 2576 ι’

2102 2613 2366 2685 Loquente
2389 2613 2519 2669 Jesu
2544 2616 2613 2669 ad
2644 2617 2846 2681 turbas,
2879 2625 2928 2670 et
2961 2632 3076 2670 ecce
3101 2625 3269 2671 mater
3291 2633 3403 2688 ejus
3428 2635 3475 2673 et
3505 2621 3624 2688 fra-

2030 2713 2134 2759 tres
2157 2704 2364 2759 stabant
2392 2704 2522 2774 foris
2544 2715 2833 2776 quwrentes
2859 2705 3000 2776 loqui
3025 2707 3090 2761 ei.
3117 2706 3219 2777 (Ex
3242 2705 3488 2780 Hieron.)
3514 2709 3627 2765 0c-

2030 2804 2259 2864 cupatus
2277 2805 2398 2850 erat
2418 2797 2676 2852 Dominus
2701 2797 2754 2852 in
2777 2812 2942 2866 opere
2969 2799 3256 2864 sermonis,
3285 2799 3341 2853 in
3368 2799 3625 2856 doctrina

2028 2885 2384 2955 populorum,
2423 2887 2475 2941 in
2511 2885 2684 2942 ofﬁcio
2719 2887 3066 2957 praedicandi.
3108 2888 3216 2960 (Ea:
3245 2887 3433 2962 Beda.)
3473 2890 3625 2947 Sane

2029 2976 2173 3046 quod
2219 2975 2480 3032 Dominus
2521 2978 2587 3033 ad
2641 2988 2872 3034 matrem
2926 2978 3234 3050 fratresque
3291 2989 3509 3052 rogatus
3550 2985 3625 3038 ab

339 3076 440 3131 “ea
479 3077 916 3146 supergreditur,
949 3091 1068 3145 qua,
1098 3077 1201 3132 “de
1239 3087 1387 3133 casm
1408 3088 1466 3134 ει
1501 3096 1664 3149 Opere
1688 3083 1929 3152 perfecta
1954 3052 1999 3115 C
2029 3063 2204 3120 officio
2243 3066 2392 3121 verbi
2422 3067 2792 3123 dissimulatur
2821 3069 3036 3139 egredi,
3079 3084 3186 3124 non
3230 3081 3492 3127 materna:
3525 3088 3622 3128 re-

288 3197 294 3212 ,-
325 3165 698 3233 ltedemptoris
723 3165 807 3220 sui
836 3166 1064 3236 vestigia
1095 3175 1354 3222 sectatur.

411 3255 610 3311 Fallax
651 3266 727 3310 est
767 3257 962 3327 gratia,
1004 3267 1110 3314 etc.
1164 3259 1345 3314 Fallax
1386 3272 1469 3318 est
1515 3265 1689 3334 gratia
1731 3267 1920 3334 laudis,

338 3364 501 3418 quam
529 3348 597 3402 ab
619 3349 835 3403 homine
863 3349 1092 3419 accepit.
1123 3347 1270 3404 Vana
1297 3351 1639 3420 pulchritudo
1659 3359 1928 3415 castitatis

339 3439 424 3494 vel
441 3439 769 3508 operationis
791 3439 968 3504 home,
994 3455 1159 3509 quam
1185 3442 1436 3496 omnibus
1459 3444 1712 3500 ostendat
1741 3449 1921 3504 anima

337 3547 458 3600 qua:
486 3532 682 3587 timore
705 3540 855 3586 caret
881 3532 1085 3589 divino.

407 3621 601 3676 Mulier
637 3623 827 3678 timens
869 3623 1034 3678 Deunt
1074 3625 1188 3695 ipsa
1227 3624 1552 3682 laudabitur.
1589 3629 1681 3684 llla
1717 3631 1920 3699 anitna,

335 3713 488 3782 cujus
506 3715 836 3770 conscientia
865 3715 1076 3771 sincera
1088 3725 1202 3782 est,
1224 3733 1352 3772 vera
1372 3727 1457 3774 est
1478 3729 1535 3774 et
1553 3720 1713 3776 laude
1733 3723 1920 3794 digna,

333 3807 462 3876 quia
492 3805 742 3861 timorem
771 3805 867 3860 Dei
888 3807 944 3861 in
964 3808 1216 3864 omnibus
1233 3821 1432 3866 servat.
1461 3812 1647 3869 Timor
1666 3824 1753 3870 est
1772 3817 1919 3872 enim

335 3897 658 3968 principium
707 3905 1029 3954 cunctarum
1079 3909 1371 3970 custosque
1424 3904 1685 3959 virtutum
1711 3947 1727 3970 ,
1772 3906 1920 3963 Scri-

333 3997 490 4058 ptura
530 3989 742 4044 dicente
779 4003 800 4041 :
838 3987 1017 4043 Timor
1051 3989 1263 4044 Domini
1300 3993 1612 4063 principium
1650 3996 1918 4066 sapientia

325 4065 516 4147 ἶΡι-ου.
549 4078 611 4149 ι).
649 4077 720 4134 Et
756 4078 953 4134 iterum
985 4097 997 4133 :
1033 4079 1136 4146 Qui
1165 4081 1310 4136 timet
1341 4082 1508 4137 Deum
1536 4085 1665 4139 niltil
1706 4065 1915 4158 negligit

331 4169 532 4240 (Eccle.
565 4171 696 4241 vn);
727 4169 855 4225 hinc
878 4178 963 4224 est
985 4170 1163 4236 enim,
1193 4173 1337 4241 quod
1370 4173 1491 4229 ideo
1519 4175 1709 4231 beatus
1732 4176 1833 4233 Job
1859 4188 1918 4234 et

330 4261 384 4314 in
409 4261 768 4331 prosperitate
796 4261 1088 4317 virtutibus
1113 4263 1612 4335 incomparabiliter
1637 4267 1839 4336 ﬂoruit,
1857 4281 1920 4327 et

328 4352 384 4406 in
410 4351 831 4408 adversitatibus
855 4351 1238 4422 insuperabilis
1266 4356 1406 4410 hosti
1431 4361 1746 4426 permansit.
1774 4360 1912 4428 Quia

330 4449 595 4504 veraciter
629 4449 812 4504 dicere
845 4451 1042 4517 potuit,
1083 4467 1284 4520 semper
1315 4453 1452 4506 enim
1477 4455 1630 4524 quasi
1658 4464 1910 4512 tumentes

325 4555 483 4609 super
507 4555 588 4592 me
609 4539 802 4607 ﬂuctus
828 4539 980 4592 timui
1013 4539 1177 4594 Deum
1205 4549 1254 4594 et
1278 4541 1482 4611 pondus
1505 4544 1621 4613 ejus
1643 4545 1782 4615 ferre
1806 4563 1912 4603 non

325 4632 470 4703 potui
487 4633 998 4705 (lobexn‘Fallax
1027 4639 1111 4686 est
1134 4647 1265 4703 ergo
1298 4635 1677 4691 simulatorum.
1709 4640 1910 4708 gratia,

325 4741 498 4780 vanus
535 4724 700 4780 decor
729 4727 913 4796 operis
950 4726 1261 4782 stultorum.
1300 4728 1542 4784 Ecclesia
1581 4740 1758 4787 autem
1788 4748 1908 4802 qua:

325 4819 381 4873 in
425 4819 622 4873 timore
653 4818 919 4876 incolatus
959 4820 1043 4875 sui
1086 4829 1328 4889 tempore
1360 4833 1734 4890 conservatur,
1766 4841 1907 4895 quo-

325 4908 472 4962 niam
506 4905 760 4965 ardentes
786 4910 1045 4965 virtntum
1065 4909 1362 4980 "lampadas
1388 4913 1624 4968 venienti
1661 4915 1732 4968 ad
1761 4913 1910 4982 judi-

323 5001 468 5055 cium
487 5015 596 5055 suo
627 5013 825 5071 sponso
860 5000 1074 5066 offeret,
1093 5001 1216 5070 jure
1241 5017 1271 5055 a
1294 5003 1405 5057 Deo
1425 5003 1664 5069 laudata,
1682 5005 1904 5075 ianuam

322 5107 449 5148 cum
475 5108 545 5149 eo
571 5094 720 5165 regni
747 5093 984 5151 caelestis
1014 5093 1256 5149 intrabit.
1297 5093 1541 5162 Qualiter
1567 5102 1748 5150 autem
1783 5111 1908 5153 eam

321 5184 524 5250 laudet,
557 5183 824 5239 terminali
859 5199 1016 5240 versu
1045 5185 1290 5240 docetur.

391 5275 526 5330 Date
551 5276 600 5328 ei
624 5275 688 5329 de
721 5275 893 5344 fructu
922 5291 1172 5330 manuum
1205 5293 1446 5344 suarum,
1476 5287 1524 5332 et
1548 5277 1762 5332 laudent
1788 5295 1904 5333 eam

321 5369 373 5420 in
398 5367 560 5437 portis
583 5381 738 5436 opera
767 5365 902 5435 ejus.
934 5365 1059 5428 llaec
1093 5374 1220 5420 sunt
1248 5367 1392 5420 enim
1422 5369 1587 5424 verba
1612 5367 1716 5423 viri
1741 5367 1902 5434 illius,

319 5460 386 5512 de
409 5472 518 5528 quo
546 5457 754 5512 dictum
791 5466 876 5511 est
919 5474 933 5510 :
986 5456 1082 5510 Vir
1114 5457 1229 5525 eius
1267 5457 1506 5511 laudabit
1529 5475 1666 5522 eam,
1708 5460 1762 5514 id
1796 5467 1902 5524 est,

317 5547 532 5603 Domini
555 5556 610 5601 et
637 5545 934 5602 Salvatoris
959 5549 1152 5613 nostri,
1187 5549 1280 5617 qui
1309 5549 1513 5619 angelis
1549 5550 1603 5602 in
1621 5550 1736 5605 {ine
1765 5565 1905 5619 pm

317 5648 576 5706 capturus
601 5649 706 5705 est,
735 5646 793 5694 ut
820 5637 1112 5695 Ecclesiam
1130 5647 1253 5711 post
1270 5638 1429 5710 hujus
1458 5639 1578 5694 vita:
1605 5648 1900 5706 certamen,

1937 4401 1989 4460 D

2029 3155 2167 3210 futat
2201 3158 2462 3227 obsequia
2502 3159 2740 3227 pietatis,
2781 3160 2935 3228 cujus
2968 3169 3298 3230 praeceptum
3333 3170 3417 3216 est
3451 3181 3465 3216 :
3503 3162 3623 3218 Ho—

2026 3266 2156 3303 nora
2179 3259 2379 3319 patrent
2414 3259 2563 3304 tuum
2589 3261 2637 3305 et
2667 3262 2887 3306 matrem
2919 3251 3117 3324 (Exod.
3155 3254 3269 3324 xx),
3300 3252 3399 3308 sed
3433 3261 3621 3323 pater-

2025 3344 2110 3397 nis
2157 3356 2216 3397 se
2264 3343 2538 3414 mysteriis
2581 3344 2838 3414 amplius,
2895 3359 3060 3413 quam
3105 3346 3368 3400 maternis
3413 3346 3623 3402 debere

2025 3443 2292 3490 monstrat
2310 3435 2614 3501 affectibus,
2637 3438 2778 3492 idem
2799 3438 2957 3493 nobis
2984 3438 3254 3509 exemplo,
3278 3439 3422 3508 quod
3446 3441 3624 3495 verbo

2023 3529 2420 3584 commendans,
2438 3545 2562 3584 cum
2589 3531 2667 3585 ait
2693 3547 2706 3583 :
2739 3529 2841 3596 Qui
2874 3539 3017 3584 amat
3044 3541 3248 3600 patrem
3273 3541 3364 3585 aut
3389 3542 3619 3587 matrem

2020 3621 2297 3692 plusquam
2323 3638 2426 3687 me,
2453 3639 2558 3676 non
2586 3633 2659 3676 est
2691 3638 2772 3676 me
2795 3623 2984 3692 dignus
3017 3622 3232 3694 (.llattlt.
3271 3623 3349 3694 Χ).
3383 3623 3622 3694 ilysticc

2021 3724 2203 3766 autem
2249 3721 2459 3776 mater,
2505 3720 2560 3768 et
2603 3711 2800 3768 fratres
2846 3713 2974 3769 .lesu
3023 3729 3296 3785 synagoga
3339 3730 3407 3768 ex
3456 3714 3622 3784 cujus

2020 3819 2183 3858 carne
2229 3813 2313 3859 est
2362 3805 2540 3861 editus
2590 3817 2644 3860 et
2681 3805 2910 3876 populus
2966 3805 3309 3874 Iudaeorum,
3349 3809 3440 3877 qui
3483 3811 3615 3865 Sal-

2018 3905 2207 3952 vatore
2253 3896 2403 3953 intus
2444 3898 2672 3953 docente
2721 3899 3005 3954 venientes
3053 3899 3261 3955 intrare
3307 3913 3611 3970 nequeunt.

2018 3985 2182 4056 Cujus
2209 3988 2529 4057 spiritaliter
2558 3989 2854 4060 intelligere
2887 3990 3030 4045 dicta
3065 3990 3362 4062 negligant,
3397 4008 3615 4062 pratoc-

2016 4093 2222 4148 cupans
2247 4079 2391 4134 enim
2419 4081 2537 4151 ejus
2561 4081 2860 4150 ingreditur
2891 4081 3144 4148 domum,
3172 4083 3297 4152 quia
3323 4083 3614 4141 differente

2014 4169 2198 4226 Judrea
2249 4172 2528 4243 gentilitas
2571 4172 2831 4229 confluxit
2877 4176 2948 4230 ad
2991 4175 3291 4242 Christum,
3341 4187 3509 4234 atoue
3554 4183 3613 4236 in

2013 4270 2214 4317 teterna
2265 4263 2392 4318 vitae
2443 4265 2700 4334 mysteria
2749 4275 2958 4335 quanto
3011 4267 3114 4321 fide
3167 4269 3418 4334 vicinior,
3451 4280 3617 4325 tanto

2015 4362 2195 4409 mente
2221 4354 2468 4424 capacior
2498 4355 2695 4420 hausit,
2721 4353 2875 4423 juxta
2901 4359 3044 4426 quod
3068 4357 3315 4414 Psalmus
3343 4361 3420 4414 ait
3449 4379 3463 4415 :
3489 4364 3612 4416 Αε-

2014 4448 2178 4503 cedite
2202 4449 2271 4503 ad
2294 4466 2411 4503 eum
2435 4459 2483 4503 et
2509 4450 2886 4505 illuminantini
2912 4449 3082 4525 (Psat.
3115 4465 3328 4508 x-xxnt‘.

2084 4538 2230 4594 Dixit
2264 4550 2438 4595 autem
2460 4544 2509 4595 ei
2535 4542 2770 4613 quidam.
2802 4544 2903 4616 (Ex
2936 4544 3182 4618 Hieron.)
3215 4547 3438 4603 Videtur
3466 4550 3611 4606 mihi

2011 4629 2114 4686 iste
2147 4632 2240 4700 qui
2281 4633 2518 4699 nuntiat,
2565 4649 2673 4689 non
2735 4634 2960 4692 tortuitu
3010 4647 3066 4692 et
3109 4637 3427 4708 simpliciter
3461 4657 3609 4697 nan-

2012 4722 2172 4787 tiare,
2212 4723 2309 4779 sed
2351 4724 2575 4781 insidias
2621 4726 2864 4793 tendere,
2905 4736 3088 4783 utrum
3127 4729 3400 4800 spirituali
3443 4736 3612 4802 operi

2009 4829 2234 4870 carnem
2264 4823 2324 4871 et
2367 4817 2684 4888 sanguinem
2731 4817 3005 4889 praeferat.
3044 4819 3194 4876 Unde
3236 4829 3291 4875 et
3334 4821 3613 4878 Dominus

2014 4922 2126 4962 non
2147 4923 2257 4978 quo
2295 4918 2528 4964 matrem
2567 4921 2791 4982 negaret
2837 4920 2894 4967 et
2923 4911 3124 4968 fratres
3172 4914 3323 4968 exire
3351 4925 3608 4971 contem-

2014 4999 2143 5069 psit,
2172 5001 2267 5056 sed
2302 5015 2412 5070 quo
2449 5005 2797 5071 responderet
2822 5004 3126 5070 insidianti,
3153 5007 3450 5061 extendens
3481 5024 3606 5061 ma-

2013 5104 2143 5143 num
2174 5089 2227 5144 in
2247 5090 2541 5161 discipulos
2563 5091 2640 5147 ait
2662 5110 2675 5146 :
2700 5092 2837 5147 Ecce
2856 5105 3024 5148 mater
3042 5111 3156 5149 mea
3182 5104 3231 5149 et
3256 5094 3450 5164 fratres
3469 5099 3607 5164 mei,

2013 5180 2102 5235 isti
2133 5189 2259 5237 sunt
2295 5192 2471 5238 mater
2502 5200 2644 5250 mea,
2673 5187 2768 5256 qui
2794 5202 2881 5241 me
2907 5188 3147 5256 quotidie
3176 5188 3228 5242 in
3255 5189 3604 5245 credentium

2008 5271 2206 5328 animis
2241 5283 2534 5344 generant,
2573 5276 2661 5332 isti
2697 5285 2826 5332 sunt
2857 5277 3059 5336 fratres
3090 5281 3220 5347 mei,
3254 5282 3347 5351 qui
3385 5281 3610 5338 faciunt

2005 5376 2170 5432 opem
2198 5363 2372 5433 patris
2399 5365 2525 5419 mei.

2076 5453 2146 5507 Et
2183 5470 2300 5508 ecce
2337 5464 2507 5509 mater
2539 5465 2663 5523 tua,
2705 5467 2754 5512 et
2783 5458 2976 5529 fratres
3014 5463 3090 5516 tui
3118 5461 3254 5531 foris
3277 5472 3418 5518 stant
3445 5479 3605 5533 quc-

2010 5557 2177 5601 rentes
2209 5556 2276 5601 te.
2325 5547 2613 5616 Apostolos
2639 5553 2945 5621 cognationi
2975 5556 3241 5624 prtetulit,
3272 5567 3333 5612 ut
3381 5563 3435 5612 et
3491 5572 3607 5613 nos

2009 5637 2062 5690 in
2101 5637 2502 5707 comparatione
2535 5639 2842 5699 dilectionis
2877 5648 3025 5700 carni
3057 5646 3304 5717 spiritum
3327 5645 3602 5718 prdem-
