3932 6204
198 376 362 462 ἰδδ

1072 394 1595 454 COLLECTIONES
1635 392 1701 450 IN
1743 388 2128 448 EPISTOLAS
2162 389 2251 446 ET
2288 390 2707 448 EVANGELIA.

3426 394 3527 449 ιδι

257 533 398 574 mus.
440 515 661 570 Fratres
698 509 1052 567 consobrinos
1083 508 1380 565 Salvatoris
1421 507 1623 563 sororis
1658 505 1839 563 Maria:
1866 508 1918 586 ᾼ
2016 503 2364 569 Qua'ratione
2385 503 2778 574 prazdicaverim
2808 503 2967 559 vobis.
2994 502 3074 558 Ac
3094 501 3139 558 si
3166 501 3392 567 diceret,
3419 510 3532 558 tota

256 612 459 669 liberos
503 606 851 679 intelligimus
908 612 1215 659 matertera:
1255 602 1469 656 Domini
1497 642 1513 665 ,
1557 614 1677 670 qua:
1723 614 1845 654 esse

255 705 473 759 dicatur
509 709 683 754 mater
722 694 910 752 Jacobi
947 694 1197 759 minoris,
1230 701 1285 748 et
1321 690 1540 762 Josepb,
1582 699 1636 746 et
1668 688 1842 754 Judm,

230 810 388 865 quos
423 793 479 846 in
508 792 615 846 alio
646 786 927 861 Evangelii
964 785 1083 842 loco
1125 784 1324 839 fratres
1369 783 1580 838 Domini
1616 782 1844 854 legimus

253 884 579 957 appellatos.

324 972 438 1047 (Ea:
476 971 667 1043 Beda.)
714 968 870 1025 Foris
906 968 1051 1024 cnim
1092 973 1296 1023 stantes
1332 964 1522 1020 volunt
1559 963 1845 1020 Dominum

253 1068 441 1123 videre
464 1063 680 1136 cognati
712 1060 904 1132 ipsius,
933 1074 1059 1114 cum
1086 1054 1254 1113 Judzei
1284 1055 1620 1128 spiritualem
1640 1054 1699 1109 in
1728 1053 1849 1124 lege

254 1176 364 1216 non
387 1164 695 1229 quaerentes
715 1153 1067 1214 intellectum,
1096 1164 1215 1206 sese
1240 1151 1307 1204 ad
1331 1149 1632 1205 custodiam
1655 1147 1847 1204 litterae

254 1255 392 1309 foris
421 1251 662 1307 ﬁxerunt
681 1290 697 1314 ,
739 1257 794 1303 et
821 1246 974 1318 quasi
1002 1243 1277 1301 Christum
1306 1241 1486 1313 potius
1511 1241 1578 1296 ad
1607 1240 1847 1295 carnalia

253 1344 499 1401 docenda
523 1348 726 1413 cogunt
748 1340 922 1401 exire,
943 1352 1110 1408 quam
1132 1320 1193 1391 se
1220 1334 1286 1389 ad
1312 1331 1565 1389 discenda
1595 1331 1849 1403 spiritua-

255 1436 325 1490 lia
356 1432 704 1490 consentiunt
733 1427 960 1500 ingredi.

323 1529 396 1582 At
440 1526 550 1594 ipse
602 1521 916 1593 respondens
945 1518 1137 1574 dicenti
1174 1509 1273 1572 sibi
1308 1517 1427 1570 ait:
1461 1515 1593 1581 Qua.-
1626 1522 1699 1569 est
1734 1529 1849 1567 rna—

253 1629 339 1672 ter
361 1633 500 1681 mea,
530 1622 579 1669 et
603 1613 695 1685 qui
719 1619 865 1675 sunt,
889 1618 994 1665 etc.
1029 1608 1130 1681 (Ex
1164 1606 1353 1678 Greg.)
1380 1605 1524 1670 Cum,
1553 1605 1601 1659 is
1634 1603 1725 1674 qui
1757 1617 1849 1657 vo-

256 1709 526 1762 luntatem
555 1704 650 1759 Dei
676 1702 869 1759 fecerit
898 1716 1052 1757 soror
1079 1708 1135 1756 et
1171 1698 1345 1754 frater
1383 1695 1597 1752 Domini
1627 1695 1847 1758 dicitur,

255 1809 485 1869 propter
523 1804 816 1865 utrumque
852 1808 1063 1857 sexum,
1104 1791 1197 1862 qui
1240 1790 1309 1844 ad
1349 1789 1511 1845 ﬁdem
1551 1787 1849 1859 colligitur,

256 1889 461 1943 mirum
488 1902 594 1941 non
618 1893 722 1941 est.
754 1884 1059 1940 Mirandum
1095 1897 1222 1938 vero
1248 1881 1401 1936 valde
1426 1890 1541 1946 est,
1577 1878 1848 1952 quomodo

253 1980 427 2037 etiam
455 1985 627 2033 mater
656 1975 866 2031 Domini
907 1975 1139 2040 dicatur,
1177 1972 1361 2030 ﬁdeles
1387 1973 1587 2028 etenim
1617 1972 1849 2042 discipu-

256 2069 340 2125 los
388 2066 588 2131 fratres
617 2081 816 2122 vocare
844 2066 1095 2135 dignatus
1122 2072 1228 2130 est,
1265 2064 1450 2120 dicens
1481 2082 1494 2116 :
1529 2062 1612 2118 Ite
1636 2072 1685 2117 et
1716 2079 1851 2117 nun-

254 2160 392 2213 tiate
419 2156 676 2226 fratribus
702 2156 850 2210 meis.
879 2153 983 2221 Qui
1019 2169 1149 2224 ergo
1179 2151 1349 2209 frater
1383 2152 1597 2208 Domini
1633 2151 1752 2207 ﬁeri
1782 2152 1850 2207 ad

256 2251 427 2307 ﬁdem
453 2248 716 2304 veniendo
741 2245 996 2317 potuerit,
1022 2242 1371 2316 qurerendum
1399 2251 1484 2300 est
1507 2245 1672 2300 etiam
1716 2256 1851 2313 quo-

257 2341 426 2399 modo
451 2349 626 2396 mater
649 2356 772 2395 esse
802 2339 991 2410 possit.
1020 2336 1129 2394 Sed
1156 2337 1438 2394 sciendum
1463 2346 1569 2402 est,
1602 2335 1730 2404 quia
1756 2335 1850 2405 qui

256 2430 397 2489 Iesu
428 2430 598 2486 frater
636 2438 694 2485 et
736 2444 891 2484 soror
930 2442 1051 2485 esse
1079 2427 1371 2492 credendo,
1412 2435 1585 2483 mater
1621 2424 1853 2481 efﬁcitur

258 2520 632 2594 praedicando,
658 2519 814 2590 quasi
841 2519 986 2575 enim
1009 2519 1152 2590 parit
1176 2517 1488 2583 Dominum,
1511 2532 1673 2587 quem
1700 2515 1852 2574 cordi

259 2611 539 2667 audientis
563 2608 841 2673 infuderit,
865 2615 921 2663 et
943 2615 1116 2662 mater
1140 2607 1259 2679 ejus
1279 2606 1531 2674 efﬁcitur,
1549 2606 1597 2662 si
1616 2622 1714 2678 per
1734 2605 1853 2674 ejus

262 2715 457 2757 vocem
489 2714 639 2755 amor
672 2698 886 2754 Domini
918 2698 970 2752 in
1000 2697 1234 2768 proximi
1265 2704 1443 2752 mente
1472 2705 1777 2767 generatur.

448 2848 870 2908 ﬂEBDOMADA
906 2849 1001 2905 XII
1039 2848 1216 2907 POST
1252 2848 1674 2905 PENTECOST.

263 2981 465 3024 ιεϐτιο
487 2980 758 3023 ινιδτοιιε
783 2981 941 3023 ΒΕΛΤΙ
965 2981 1121 3020 PAULI
1149 2980 1405 3021 APOS'I'OLI
1428 2982 1493 3020 AD
1513 2980 1849 3028 CORISTIIIOS.

908 3052 947 3100 1,
971 3051 1088 3090 (ΞΜ).
1120 3050 1223 3089 XV-

344 3167 366 3199 ι
400 3147 599 3204 Notum
627 3149 779 3205 vobis
807 3147 948 3204 facio
974 3148 1323 3220 Evangelium
1345 3189 1360 3212 ,
1392 3148 1533 3217 quod
1563 3148 1850 3219 pmdicavi

273 3257 295 3291 ι
331 3240 510 3305 vobis,
532 3240 675 3310 quod
695 3248 751 3296 et
774 3240 1084 3313 accepistis,
1110 3199 1165 3298 iit
1183 3256 1295 3312 quo
1316 3250 1371 3295 et
1390 3199 1689 3311 statisfper
1706 3240 1859 3311 quod
1878 3199 1922 3261 Ο

274 3347 297 3380 s
331 3338 389 3384 et
415 3329 721 3386 salvamini.
764 3329 879 3399 Qua
911 3331 1120 3386 ratione
1144 3331 1552 3400 praedicavcrim
1591 3331 1763 3397 vobis,
1804 3332 1850 3387 si

273 3438 295 3470 ι
331 3420 553 3485 ιεηθῑίε,
582 3421 682 3476 nisi
714 3420 912 3477 frustra
939 3421 1267 3477 credidistis.
1295 3421 1511 3477 Tradidi
1534 3422 1676 3477 enim
1703 3422 1853 3479 vobis

275 3529 297 3560 ι
331 3510 384 3565 in
413 3510 625 3581 primis,
657 3511 799 3583 quod
827 3519 882 3566 et
909 3511 1112 3583 accepi,
1142 3512 1397 3583 quoniam
1427 3512 1674 3573 Christus
1704 3528 1851 3568 mor-

275 3618 299 3651 ι
334 3609 456 3656 tuus
481 3611 565 3656 est
589 3616 688 3671 pro
710 3602 952 3672 peccatis
976 3602 1178 3659 nostris
1204 3604 1498 3659 secundum
1521 3602 1852 3674 Scripturas,

276 3708 302 3744 ι
331 3700 387 3746 et
406 3692 542 3763 quia
579 3694 817 3763 sepultus
844 3702 958 3760 est,
990 3702 1046 3750 et
1073 3695 1199 3765 qu'a
1237 3695 1537 3751 resurrexit
1577 3696 1737 3752 tertia
1768 3696 1855 3752 die

277 3800 300 3834 s
332 3784 628 3840 secundum
659 3783 988 3857 Scripturas,
1033 3794 1085 3840 et
1114 3787 1240 3857 quia
1266 3787 1415 3842 visus
1455 3795 1541 3842 est
1578 3785 1773 3858 Cepha:
1801 3795 1858 3842 et

275 3893 300 3927 ε
331 3883 454 3946 post
505 3875 621 3930 bam
666 3876 936 3931 undecim.
990 3877 1192 3933 Deinde
1238 3877 1389 3933 visus
1433 3884 1517 3933 est
1568 3876 1852 3948 plusquam

274 3981 301 4016 ς
335 3963 643 4036 quingentis
677 3964 937 4023 fratribus
979 3967 1176 4033 simul,
1208 3984 1275 4025 ex
1312 3969 1510 4039 quibus
1548 3968 1703 4024 multi
1740 3986 1855 4026 ma-

277 4072 301 4104 s
336 4065 465 4112 nent
512 4073 684 4128 usque
737 4060 943 4125 adhuc,
993 4058 1212 4130 quidam
1268 4069 1445 4116 autem
1495 4061 1850 4120 dormierunt.

280 4167 303 4199 s
338 4148 538 4203 Deinde
578 4149 728 4204 visus
760 4158 844 4206 est
881 4147 1102 4216 Iacobo,
1140 4151 1334 4207 deinde
1371 4151 1642 4221 Apostolis
1680 4155 1855 4209 omni-

279 4242 307 4289 s‘
337 4237 458 4293 bus.
488 4236 791 4293 Novissime
817 4248 994 4294 autem
1019 4239 1261 4294 omnium
1279 4280 1295 4305 ,
1325 4249 1581 4311 tanquam
1608 4244 1855 4301 abortivo

277 4345 305 4378 s
336 4328 483 4383 visus
508 4336 596 4383 est
621 4335 678 4382 et
706 4328 857 4383 mibi.
887 4329 1000 4400 Ego
1023 4330 1169 4384 enim
1200 4345 1320 4384 sum
1349 4331 1603 4387 minimus
1629 4333 1858 4405 Aposto-

279 4438 303 4469 ι
339 4420 533 4487 lorum,
565 4422 657 4491 qui
684 4437 790 4477 non
817 4438 935 4479 sum
957 4421 1152 4495 dignus
1176 4425 1359 4480 vocari
1381 4424 1693 4496 Apostolus,
1723 4444 1855 4499 quo-

280 4521 319 4562 ι’
338 4512 480 4567 niam
505 4522 825 4584 persecutus
845 4529 965 4569 sum
994 4513 1292 4571 Ecclesiam
1316 4515 1433 4570 Dei.
1460 4515 1648 4573 Gratia
1672 4528 1852 4575 autem

280 4618 305 4649 ε
341 4600 432 4658 Dei
459 4619 577 4657 sum
604 4603 656 4658 id
687 4604 829 4676 quod
858 4618 997 4671 sum,
1023 4612 1079 4660 et
1119 4605 1290 4673 gratia
1322 4603 1437 4674 ejus
1464 4607 1518 4661 in
1559 4603 1645 4663 uie
1686 4624 1858 4666 vacua

278 4710 304 4743 ε
340 4710 442 4750 non
472 4694 592 4751 fuit.
629 4718 647 4750 ι

348 4786 547 4843 Notum
572 4792 710 4845 enim
749 4794 890 4849 vobis
918 4794 1055 4866 facio
1080 4796 1443 4870 Evangelium,
1471 4809 1576 4858 etc.
1612 4800 1713 4875 (Ex
1739 4802 1859 4859 Pri-

273 4877 439 4949 mas.)
468 4879 570 4935 Hic
594 4884 957 4950 prmtermisso
981 4887 1170 4943 ordine
1194 4891 1541 4960 prmdicandi,
1567 4894 1634 4948 ad
1663 4893 1861 4950 doctri-

276 4980 401 5022 nam
427 4983 486 5022 se
517 4970 747 5026 contulit
773 4976 1207 5044 resurrectionis,
1236 4995 1300 5034 eo
1322 4981 1465 5049 quod
1490 4983 1731 5040 nonnulli
1756 4984 1858 5042 Co-

273 5056 599 5114 rinthiorum
626 5061 692 5117 de
718 5067 1114 5123 resurrectione
1141 5069 1469 5127 dubitarent.
1828 5120 1831 5123 Α

351 5146 500 5214 Quod
518 5160 568 5204 et
589 5153 876 5223 accepistis.
900 5154 956 5210 Id
980 5165 1083 5223 est,
1108 5160 1249 5228 quod
1269 5169 1550 5231 acceptum
1568 5162 1855 5232 habuistis,

272 5245 340 5292 et
363 5239 476 5294 haec
497 5237 650 5305 dicit,
680 5257 747 5297 ne
775 5242 847 5297 illi
876 5244 977 5299 hoc
1001 5260 1106 5300 non
1135 5248 1427 5305 credidisse
1453 5251 1784 5309 viderentur.

352 5325 419 5382 In
440 5345 543 5400 quo
565 5339 614 5385 et
638 5334 811 5387 statis.
842 5333 899 5389 ιιι
929 5345 1032 5404 est,
1063 5337 1117 5391 in
1143 5338 1299 5395 bonis
1326 5342 1580 5411 operibus
1609 5358 1857 5415 perseve-

275 5423 481 5483 rantes,
505 5420 561 5474 in
585 5421 738 5491 cujus
759 5424 1002 5480 doctrina
1028 5428 1096 5483 ad
1121 5429 1362 5487 coelestia
1389 5432 1520 5489 estis
1545 5435 1733 5490 erecti.

357 5507 457 5564 Per
480 5514 617 5585 quod
639 5524 685 5569 et
712 5515 1009 5573 salvamim‘.
1038 5518 1094 5574 ll
1123 5530 1229 5588 est,
1255 5539 1353 5594 per
1381 5523 1535 5596 cujus
1557 5526 1858 5584 doctrinam

272 5597 505 5656 salutem
541 5606 771 5675 speratis
796 5609 1099 5664 animarum
1130 5620 1187 5666 et
1213 5629 1241 5667 a
1272 5614 1500 5672 diversis
1531 5616 1857 5674 infirmitati-

272 5687 389 5744 bus
426 5706 732 5765 corporum,
775 5699 900 5767 quia
949 5698 1065 5755 siue
1112 5701 1214 5758 ﬁde
1265 5708 1677 5764 resurrectionis
1720 5709 1861 5779 perit

272 5783 586 5840 omnimodo
616 5803 738 5859 spes
766 5788 974 5846 salutis.

1948 597 2088 651 ratio
2112 595 2520 667 praedicationis
2560 603 2760 651 nostrae
2800 595 2915 651 bazc
2945 595 3050 659 est,
3091 604 3151 650 ut
3182 594 3536 650 resurrectio—

1946 702 2071 743 nem
2096 686 2354 752 credatis,
2389 687 2493 742 boc
2527 694 2632 751 est,
2669 685 2952 758 prtemium
2981 684 3222 740 omnium
3255 686 3345 755 qui
3375 685 3543 742 Chri.

1947 786 2090 832 stum
2116 776 2485 832 crediderunt.
2528 775 2785 847 Alioquin
2813 772 3116 845 superﬂuus
3144 783 3231 832 est
3249 775 3426 830 omnis
3457 774 3539 830 la-

1947 870 2047 925 bor
2093 869 2426 942 jejuniorum
2468 877 2525 926 et
2559 869 2798 926 omnium
2855 868 3264 925 tribulationum
3306 885 3444 941 quas
3481 870 3537 925 in

1950 962 2053 1017 hac
2078 961 2190 1018 vita
2219 976 2319 1032 pro
2347 959 2569 1017 Christo
2594 959 2864 1032 patimini.

2021 1050 2082 1109 Si
2124 1052 2328 1119 tenetis,
2359 1053 2462 1109 nisi
2484 1053 2683 1123 [rustra
2711 1054 3025 1109 credidistis.
3052 1052 3109 1109 ld
3131 1060 3236 1117 est,
3260 1052 3365 1108 nisi
3382 1052 3540 1108 obliti

1948 1146 2102 1214 estis,
2127 1146 2213 1202 vel
2241 1154 2390 1203 certe
2417 1146 2464 1202 si
2493 1145 2620 1202 ﬁdei
2647 1154 2842 1203 vestrae
2893 1147 2978 1203 vel
3020 1146 3225 1203 laboris
3256 1144 3533 1217 praemium

1950 1238 2279 1310 resurgendo
2307 1254 2414 1295 non
2445 1238 2702 1309 speratis,
2726 1253 2867 1297 vane
2892 1238 3133 1295 creditis.

2022 1328 2242 1383 Tradidi
2265 1329 2404 1382 enim
2432 1328 2575 1385 vobis
2611 1330 2666 1383 in
2695 1330 2900 1400 primis.
2930 1327 2987 1384 Id
3024 1336 3131 1392 est,
3158 1344 3224 1383 ev
3258 1343 3367 1397 quo
3392 1322 3544 1383 vobis

1950 1420 2004 1474 in
2042 1419 2341 1490 primordio
2378 1420 2707 1490 praedicavi,
2762 1420 2960 1476 tradidi
3006 1421 3325 1490 mysterium
3368 1415 3542 1474 resur.

1950 1510 2229 1575 rectionis,
2247 1510 2393 1580 quod
2413 1508 2537 1566 ﬁdei
2556 1517 2761 1565 nostra:
2778 1516 2993 1567 constat
3016 1524 3158 1575 esse,
3180 1509 3264 1565 vel
3282 1509 3539 1579 primum.

2022 1600 2176 1668 Quod
2199 1610 2251 1657 ot
2277 1601 2473 1671 accepi.
2500 1600 2763 1671 Accipere
2789 1615 2850 1657 se
2874 1601 3031 1667 dixit,
3060 1601 3175 1657 sive
3203 1617 3233 1656 a
3265 1600 3402 1672 lege,
3430 1601 3546 1656 sive

1950 1707 1982 1747 a
2004 1691 2332 1754 senioribus,
2365 1690 2481 1746 sive
2508 1691 2577 1746 ab
2606 1692 2723 1763 ipso
2750 1691 2980 1748 Domino
3006 1707 3106 1762 per
3134 1692 3543 1749 revelationem.

2023 1781 2288 1848 Quoniam
2324 1778 2565 1837 Christus
2594 1791 2832 1837 mortuus
2861 1790 2937 1836 est
2966 1798 3060 1853 pro
3095 1783 3322 1853 peccatis
3353 1784 3546 1839 nostri:

1949 1871 2237 1927 secundum
2260 1867 2582 1942 Scripturas.
2615 1869 2687 1926 Ut
2728 1870 2933 1940 majore
2959 1872 3135 1940 possit
3176 1854 3367 1927 beatus
3398 1871 3546 1943 Apo—

1947 1962 2119 2018 stolus
2146 1962 2471 2019 auctoritate
2515 1961 2756 2028 ﬁrmare,
2804 1962 2949 2034 quod
2991 1963 3354 2032 praedicabat,
3400 1965 3546 2021 hunc

1949 2069 2069 2111 esse
2120 2053 2397 2111 Christum
2447 2053 2774 2110 salvatorem
2834 2054 3017 2110 munzli
3044 2095 3060 2120 ,
3114 2054 3247 2110 dicit
3298 2070 3314 2110 :
3373 2055 3543 2122 Quem

1954 2144 2159 2215 Moyses
2195 2154 2243 2198 et
2282 2145 2547 2215 prop/aeta:
2582 2144 3053 2211 annuntiaverunt,
3093 2145 3214 2201 ideo
3254 2152 3311 2200 et
3348 2160 3546 2203 secun-

1951 2234 2078 2289 dum
2108 2232 2419 2304 Scripturas
2455 2233 2777 2304 praedictum
2812 2249 2932 2290 esse
2969 2249 3093 2289 eum
3128 2242 3543 2300 commemorat,

1951 2330 2013 2379 ut
2043 2322 2193 2390 illud,
2224 2322 2379 2380 Sicut
2419 2325 2537 2381 ovis
2564 2325 2633 2380 ad
2667 2325 2998 2381 occisionem
3027 2326 3261 2391 ducitur,
3296 2336 3355 2383 et
3389 2328 3547 2399 quasi

1952 2428 2125 2487 again
2147 2428 2331 2469 coram
2362 2415 2618 2471 tondente
2642 2430 2702 2471 se
2731 2416 3081 2483 obmutescit,
3119 2425 3177 2473 et
3204 2416 3335 2473 illud
3362 2437 3375 2474 :
3413 2417 3546 2473 Tra-

1952 2504 2094 2559 ditus
2117 2514 2220 2570 est,
2239 2514 2453 2576 propter
2478 2505 2780 2577 iniquitates
2812 2516 3039 2570 nostras,
3062 2516 3110 2561 et
3141 2506 3300 2562 littore
3319 2508 3435 2578 ejus
3460 2525 3549 2563 sa—

1953 2594 2067 2649 nati
2100 2612 2281 2649 sumus
2324 2594 2459 2667 (Isa.
2506 2596 2651 2668 uti),
2684 2605 2740 2652 et
2780 2597 2951 2653 multa
2999 2597 3107 2653 alia
3143 2598 3198 2653 in
3238 2597 3438 2655 divinis
3478 2601 3547 2654 de

1904 2764 1911 2767 ν
1953 2688 2205 2760 passione
2235 2687 2353 2758 ejus
2382 2688 2627 2745 invenies
2641 2689 2966 2760 Scripturis.

2025 2780 2093 2832 Et
2121 2778 2246 2849 quia
2275 2777 2506 2849 sepultus
2529 2788 2627 2834 est.
2666 2777 2734 2836 Ut
2762 2778 2891 2835 illud
2919 2779 3074 2835 Isaia:
3105 2798 3117 2833 :
3150 2781 3218 2835 Et
3242 2780 3393 2836 dabit
3428 2782 3545 2835 fitn-

1952 2871 2071 2941 pios
2101 2884 2200 2943 pro
2238 2869 2519 2941 sepultura
2558 2878 2615 2925 et
2659 2870 2856 2928 divites
2893 2886 2992 2943 pro
3032 2881 3209 2929 morte
3250 2888 3370 2929 sua.
3409 2872 3545 2929 Item

1955 2962 2070 3033 ipse
2096 2979 2110 3015 :
2148 2958 2437 3032 Sepultum
2469 2960 2586 3029 ejus
2617 2961 2835 3019 sublata
2853 2970 2943 3019 est
2964 2962 3032 3022 de
3057 2963 3237 3020 medio

2025 3053 2095 3108 Et
2128 3070 2253 3127 quta
2291 3056 2572 3110 resurrexit
2611 3056 2768 3127 tertia
2803 3056 2889 3112 die
2920 3059 3208 3114 secundum
3223 3057 3543 3131 Scripturas.

1955 3143 2134 3201 [Iabes
2168 3146 2223 3201 in
2253 3145 2412 3211 Osca,
2452 3145 2745 3218 Viviﬁcabit
2783 3164 2877 3204 nos
2902 3158 3017 3219 post
3044 3148 3177 3204 duos
3204 3149 3336 3216 dies,
3372 3151 3429 3207 in
3460 3152 3549 3206 die

1954 3239 2110 3293 tertia
2155 3239 2432 3295 suscitabit
2483 3255 2600 3306 nos,
2642 3248 2691 3295 et
2738 3240 2963 3296 vivemus
3005 3241 3064 3296 in
3110 3250 3386 3312 conspectu
3430 3241 3548 3311 ejus

1955 3329 2148 3402 (oua,
2179 3332 2278 3404 vt).
3052 3380 3055 3381 ,

2026 3420 2096 3476 Et
2119 3422 2243 3494 quia
2269 3423 2409 3478 visus
2434 3417 2510 3478 est
2532 3423 2741 3495 (Iephte.
2768 3422 2829 3480 1d
2854 3431 2940 3480 est
2963 3422 3145 3489 Petro,
3166 3424 3381 3494 Cephas
3400 3424 3547 3480 enim

1956 3509 2156 3581 Syrum
2180 3525 2376 3567 nomen
2404 3521 2524 3579 est;
2554 3513 2808 3583 apparuit
2832 3512 3017 3578 Petro,
3046 3512 3189 3569 sicut
3221 3513 3274 3567 iu
3304 3513 3547 3583 Evange-

1955 3603 2029 3659 lio
2055 3603 2314 3675 scriptum
2345 3611 2451 3669 est,
2481 3604 2610 3676 quia
2640 3606 2882 3677 apparuit
2911 3604 3136 3662 Simoni.

2026 3714 2097 3770 Et
2119 3723 2236 3786 post
2259 3715 2372 3770 hac
2394 3715 2659 3770 undecim.
2678 3713 2908 3782 Quando
2931 3714 3001 3771 ad
3024 3730 3119 3771 eos
3138 3715 3325 3787 januis
3340 3716 3548 3774 clausis

1956 3806 2213 3874 intravit,
2240 3806 2345 3862 boc
2382 3805 2820 3878 intelligendum,
2852 3812 2984 3878 quia
3021 3807 3076 3862 in
3114 3807 3407 3879 Evangelio
3435 3823 3543 3865 non

1954 3897 2148 3955 omnes
2183 3898 2398 3969 scripta:
2433 3908 2562 3954 sunt
2600 3898 2874 3964 visiones,
2917 3899 3013 3955 sed
3056 3907 3265 3954 tantum
3311 3915 3434 3970 qua:
3477 3901 3547 3956 ad

1957 3988 2293 4045 audientium
2322 3987 2635 4044 sufficerent
2664 3987 2846 4044 ﬁdem.

2026 4078 2232 4135 Deinde
2258 4081 2400 4136 uisus
2426 4088 2504 4134 est
2538 4078 2818 4150 plusquam
2848 4078 3142 4150 quingentis
3181 4079 3436 4149 fratribus
3474 4082 3548 4136 si-

1957 4170 2086 4236 mul,
2119 4186 2186 4225 ea:
2210 4170 2420 4242 quibus,
2449 4179 2553 4226 etc.
2589 4168 2660 4227 Ut
2697 4170 2843 4224 enim
2869 4168 3044 4239 major
3070 4169 3204 4226 ﬁdes
3252 4172 3546 4228 haberetur

1959 4261 2362 4317 multitudinem
2401 4261 2622 4317 testium
2665 4260 3020 4331 interposuit,
3050 4277 3117 4317 ex
3154 4263 3352 4332 quibus
3390 4265 3546 4320 multi

1959 4352 2142 4407 vivere
2180 4351 2435 4407 dicuntur
2472 4351 2568 4422 qui
2602 4353 2812 4421 possiut
2851 4351 3177 4423 interrogati
3202 4353 3385 4410 dicere
3423 4369 3552 4424 quae

1961 4442 2235 4508 viderunt,
2256 4442 2414 4498 multi
2436 4457 2564 4498 vero
2582 4442 2697 4513 jam
2721 4442 2962 4499 dormire
2985 4444 3243 4500 dicuntur
3264 4446 3319 4500 in
3346 4457 3542 4503 morte.

2032 4533 2232 4593 Deinde
2269 4535 2410 4590 risus
2437 4545 2514 4589 est
2552 4534 2774 4589 Iacobo.
2817 4534 3253 4608 Jacobo-Alphaei
3295 4553 3544 4595 seorsum

1955 4626 2240 4698 apparuit;
2271 4624 2453 4681 ferunt
2475 4627 2619 4682 enim
2641 4627 2787 4696 quod
2817 4627 3120 4697 ipse-Jacob
3145 4628 3352 4700 Alphei
3379 4639 3546 4687 testa-

1952 4724 2045 4774 tus
2070 4724 2157 4773 est
2184 4717 2239 4773 in
2278 4730 2435 4773 omna
2464 4716 2709 4783 Domini,
2751 4717 2938 4773 dicens
2992 4737 3005 4772 :
3040 4719 3177 4774 Non.
3193 4738 3249 4775 se
3282 4737 3546 4778 comaru-

1914 4850 1917 4851 ν
1958 4824 2078 4863 runt
2097 4824 2309 4880 panem,
2328 4824 2497 4881 usque
2522 4809 2648 4864 dum
2676 4810 2870 4865 videret
2898 4809 3172 4866 Christum
3190 4820 3542 4886 resurgentem

1956 4916 1990 4953 a
2016 4898 2254 4952 mortuis.

2032 4989 2233 5045 Deinde
2255 4991 2505 5062 apostolis
2533 4992 2805 5046 omnibus.
2821 4992 2981 5048 Multi
3000 4994 3088 5049 bic
3122 4996 3544 5064 apostolos-illos

1962 5093 2156 5135 omnes
2192 5082 2554 5153 septuaginta,
2601 5097 2737 5151 quos
2781 5081 3042 5140 Dominus
3087 5085 3236 5141 misit
3276 5088 3433 5144 binos
3475 5091 3543 5143 ad

1961 5171 2381 5242 prmdieaudum,
2411 5173 2638 5244 intelligi
2667 5173 2869 5228 volunt.

2034 5262 2327 5319 Novissime
2346 5273 2521 5319 autem
2543 5265 2798 5331 omnium,
2824 5274 2935 5322 etc.
2958 5267 3120 5324 Visus
3142 5277 3229 5325 est
3249 5270 3324 5324 illi
3346 5270 3401 5324 in
3428 5269 3537 5333 vis,

1926 5434 1929 5437 Α
1962 5353 2180 5424 quando
2220 5353 2315 5408 lux
2361 5353 2719 5413 circumfulsit
2751 5370 2895 5423 eum,
2943 5358 3060 5415 sive
3092 5361 3146 5415 in
3177 5359 3376 5429 templo
3421 5360 3538 5415 bare

1963 5441 2084 5498 ideo
2105 5441 2266 5510 dicit,
2282 5458 2352 5498 ne
2371 5450 2628 5514 putarent
2655 5442 2780 5501 eum
2808 5445 2992 5503 auditu
3016 5450 3208 5519 potius
3237 5461 3399 5523 quam
3422 5447 3535 5515 visa

1962 5546 2216 5598 narrare;
2246 5542 2495 5602 tanquam
2518 5534 2749 5590 ubertim
2779 5536 2933 5602 dicit,
2959 5538 3086 5606 quia
3119 5545 3204 5593 est
3239 5536 3535 5607 Synagogm

1963 5630 2208 5677 mortuus
2247 5630 2304 5678 et
2349 5630 2506 5678 natus
2551 5625 2808 5681 Ecclesia:
2854 5635 3109 5695 tauquam
3157 5623 3424 5689 abortivo,
3462 5627 3538 5703 tle

1962 5709 2116 5779 cujus
2144 5712 2254 5767 vita
2284 5712 2460 5769 fuerat
2486 5714 2853 5784 desperatum,
2887 5714 2990 5769 nisi
3030 5729 3125 5783 per
3162 5714 3395 5786 gratiam
3435 5716 3541 5773 Do-

1960 5801 2094 5857 mini
2132 5802 2394 5858 violenter
2434 5803 2622 5861 fuisset
2660 5811 2921 5858 attractus
2954 5802 3004 5874 (Ι
3045 5802 3165 5861 Cor.
3203 5804 3312 5880 xv).
3355 5806 3538 5871 Attra-
