3932 6204
341 366 447 421 635

1642 345 1918 442 SMAilAG
1929 345 1991 399 D1
2027 345 2319 432 ADBATIS

3482 349 3587 404 456

340 491 464 538 ctus
486 487 665 534 autem
696 472 1163 549 prmdicationibus
1188 486 1294 526 non
1318 469 1544 525 catenis.
1581 467 1648 521 Et
1674 480 1771 536 pro
1803 470 1915 518 stu-
1944 460 1991 519 Α
2018 468 2125 527 tur,
2141 462 2263 531 quia
2286 470 2594 517 sanctorum
2615 462 2755 519 actio
2774 461 2842 515 ab
2860 460 3002 516 omni
3025 467 3181 530 parte
3201 462 3589 533 circumspecta

322 584 472 642 ,pore
499 562 755 634 novitatis
793 562 847 617 in
888 561 1033 617 vitiis
1073 561 1163 630 qui
1191 568 1329 624 erat,
1366 558 1420 612 in
1456 555 1590 627 legis
1618 552 1943 609 eruditione-

339 657 631 728 perfectus.
664 650 794 710 Sive
823 649 943 707 ideo
965 647 1263 714 abortivus,
1292 647 1417 717 quia
1443 654 1618 701 mater
1650 656 1917 715 synagoga

297 730 305 736 ’
339 764 463 804 eum
495 744 636 801 male
656 750 974 812 conceptum
1001 738 1480 810 imperfectumque
1505 735 1733 807 peperit.

413 834 526 906 Ego
552 833 689 888 enim
715 849 832 887 sum
858 831 1103 885 minimus
1128 826 1500 900 apostolorum.
1531 823 1658 879 Haec
1682 821 1825 877 enim
1851 819 1919 875 de

341 940 402 979 se
426 930 648 995 propter
672 919 1031 976 humilitatem
1057 917 1205 995 dicit,
1235 923 1491 971 cieterum
1517 921 1635 969 erat
1663 911 1919 966 minimus

345 994 585 1084 tempore
619 1026 726 1067 non
766 1009 968 1066 labore.
1009 994 1148 1062 Nam
1186 1005 1312 1061 alibi
1351 1004 1466 1059 ait:
1510 1000 1639 1056 Plus
1681 1000 1918 1055 omnibus

343 1104 597 1161 laboraui.

415 1194 555 1263 Quia
579 1212 682 1250 non
704 1210 821 1249 sum
847 1192 1036 1265 dignus
1065 1190 1242 1246 vocari
1278 1183 1568 1259 apostolus,
1602 1190 1708 1239 etc.
1741 1180 1922 1248 Quare

339 1297 452 1337 non
478 1282 551 1336 sit
573 1281 772 1350 dignus
796 1281 908 1349 ipse
928 1289 1209 1348 exponens
1241 1273 1317 1328 ait
1346 1289 1363 1327 :
1395 1269 1656 1336 Quoniam
1672 1272 1920 1336 persecu-

341 1385 427 1429 tus
449 1390 565 1428 sum
582 1371 882 1427 Ecclesium
908 1370 1023 1425 Dei.
1046 1369 1214 1424 Docet
1234 1382 1333 1423 nos
1345 1364 1596 1437 exemplo
1612 1376 1734 1427 suo,
1758 1360 1923 1415 etiam

345 1458 391 1514 si
417 1458 485 1513 ad
511 1468 752 1528 praesens
790 1456 1136 1528 proﬁciamus
1172 1453 1368 1510 deﬂere
1402 1453 1699 1523 praeterita,
1730 1448 1922 1503 melius

345 1555 430 1602 est
464 1527 609 1602 enim
643 1527 865 1601 dimissa
893 1544 1168 1600 recordari
1199 1549 1447 1612 peccata,
1481 1554 1642 1610 quam
1679 1535 1921 1592 oblivisci

345 1639 656 1693 commissa.
683 1637 953 1706 Scriptum
967 1643 1051 1691 est
1062 1635 1207 1692 enim
1231 1652 1244 1687 :
1270 1630 1402 1698 Fili,
1430 1630 1672 1703 peccasti,
1697 1645 1761 1682 ne
1783 1628 1923 1697 adji-

345 1729 456 1781 cias
478 1728 686 1789 iterum,
710 1727 801 1781 sed
823 1735 871 1781 et
891 1726 956 1780 de
976 1724 1254 1798 praeteritis
1277 1723 1553 1794 deprecare
1574 1717 1763 1791 (Eccli.
1778 1716 1917 1788 xxi).

2018 556 2101 605 est
2132 551 2271 606 bona
2293 551 2718 607 desiderabiliter
2747 550 3056 622 providens,
3080 550 3221 605 mala
3245 551 3477 607 solerter
3504 568 3595 608 ca-

2018 657 2168 697 vens.
2194 640 2299 697 Sed
2322 657 2422 697 nos
2443 657 2586 711 smpe
2607 642 2730 696 dum
2751 641 2872 696 aliis
2895 642 3054 696 rebus
3076 642 3421 709 intendimus,
3446 643 3508 698 lit
3535 654 3599 699 ut

2017 729 2122 786 alia
2146 731 2497 803 negligamus,
2529 738 2586 786 ct
2623 729 2709 784 ubi
2751 730 3091 801 negligimus,
3115 730 3186 786 ibi
3227 730 3597 801 proculdubio

2018 820 2234 876 oculum
2258 836 2365 875 non
2388 821 2671 876 habemus.
2696 818 2833 874 Nam
2856 834 2984 874 ecce
3004 818 3312 874 Pharisiuus
3344 821 3413 875 ad
3440 821 3599 876 exhi-

2018 916 2248 971 bendam
2286 915 2701 980 abstinentiam,
2737 914 2805 969 ad
2848 904 3259 983 impendéndam
3291 914 3599 970 miscricor-

1994 1007 2162 1062 diam
2184 1048 2200 1073 ,
2237 1015 2292 1062 et
2330 1004 2640 1062 referendas
2675 1006 2787 1062 Deo
2823 1005 3025 1075 gratias
3057 1004 3272 1060 oculum
3310 1004 3597 1071 habuerat,

2020 1097 2115 1153 sed
2149 1098 2216 1153 ad
2254 1096 2574 1153 humilitatis
2609 1095 2909 1152 custodiam
2951 1111 3054 1151 non
3091 1095 3433 1174 babebat,'ct
3467 1099 3599 1168 quid

2018 1191 2259 1259 prodest,
2288 1189 2434 1260 quod
2463 1175 2651 1244 contra
2685 1188 2921 1247 hostium
2962 1188 3183 1243 insidias
3217 1205 3356 1261 pene
3385 1200 3493 1245 tota
3523 1191 3605 1246 ci-

2019 1280 2157 1334 vitas
2183 1286 2338 1333 caute
2360 1278 2679 1343 custoditur,
2704 1277 2750 1334 si
2778 1293 2943 1332 unum
2968 1274 3209 1332 foramen
3239 1287 3482 1348 apertum
3515 1295 3603 1334 re-

2020 1368 2283 1438 linquitur
2310 1367 2452 1425 unde
2480 1367 2548 1423 ab
2574 1367 2821 1432 hostibus
2850 1366 3102 1421 intretur.

2091 1458 2160 1513 Et
2202 1457 2509 1529 publicanus
2555 1474 2588 1510 a
2634 1455 2785 1526 longe
2822 1463 2988 1520 stans,
3034 1454 3241 1508 nolebat
3285 1471 3375 1508 nec
3420 1455 3602 1510 oculos

2020 1551 2117 1615 ad,
2146 1558 2256 1607 etc.
2294 1547 2560 1615 Quantam
2590 1545 2761 1602 veniae
2800 1545 3052 1601 ﬁduciam
3097 1544 3258 1613 digne
3283 1544 3602 1615 paenitenti-

2019 1641 2121 1697 bus
2154 1640 2387 1712 prabet,
2425 1638 2566 1710 quod
2600 1637 2941 1708 publicanus,
2979 1635 3072 1706 qui
3110 1643 3319 1690 reatum
3354 1651 3462 1691 suae
3500 1651 3601 1690 ne-

2023 1730 2206 1801 quitia:
2232 1726 2471 1799 perfecte
2508 1725 2790 1796 cognovit,
2820 1723 2991 1790 ﬂevit,
3021 1723 3301 1779 confessus
3327 1731 3439 1787 est,
3471 1734 3526 1779 et
3552 1725 3603 1779 si

416 1814 601 1871 Gratia
648 1826 819 1871 autem
849 1816 946 1871 Dei
973 1797 1089 1871 sum
1115 1815 1171 1869 id
1197 1814 1334 1886 quod
1367 1829 1506 1877 sum,
1536 1820 1584 1866 et
1609 1809 1780 1881 gratia
1808 1808 1923 1878 ejus
1950 1797 1998 1856 Β
2026 1797 2254 1886 ῖξιῙιιειιιέ
2280 1815 2348 1871 ad
2373 1814 2630 1884 templum
2666 1814 2850 1880 venit,
2872 1811 3201 1882 justilicatus
3227 1824 3258 1865 a
3286 1811 3483 1882 templo
3511 1828 3605 1866 re-

343 1907 399 1960 in
425 1922 507 1960 me
543 1921 709 1960 vacua
748 1920 851 1960 non
878 1905 997 1974 fuit.
1031 1904 1166 1972 Quia
1202 1904 1374 1975 gratia
1404 1917 1509 1972 qua
1539 1898 1801 1969 redempti
1826 1913 1919 1953 su-

344 2011 496 2062 mus,
536 1995 1141 2060 laborem,‘conatum,
1191 1993 1449 2049 meritum
1493 2006 1603 2045 non
1644 1976 1918 2061 quasivit.

342 2082 664 2153 Quotidiana
682 2096 862 2157 autem
881 2087 1051 2156 gratia
1070 2094 1194 2155 post
1212 2084 1538 2155 baptismum
1549 2080 1921 2152 quotidianum

343 2176 623 2233 servitium
649 2176 852 2233 laboris
873 2184 1167 2246 exspectat.

684 2276 1020 2325 evneum:
1056 2281 1238 2332 ωσι,
1275 2278 1394 2322 cxp.
1431 2279 1588 2319 xvm.

421 2376 443 2411 ‹
478 2358 595 2414 Duo
623 2359 870 2415 homines
901 2359 1258 2414 ascenderunt
1293 2358 1349 2410 in
1388 2354 1674 2423 templum,
1717 2360 1777 2406 ut
1801 2366 1923 2405 ora-

350 2468 371 2503 s
405 2454 547 2517 rent,
589 2464 731 2506 unus
763 2450 1068 2505 Phariszeus
1103 2458 1159 2504 et
1192 2448 1327 2503 alter
1360 2446 1697 2517 publicanus.
1734 2441 1924 2497 Phari-

348 2560 371 2594 ι
404 2554 545 2598 stetis
573 2548 722 2597 stans
745 2541 861 2597 haec
888 2539 1029 2612 apud
1058 2555 1117 2596 se
1143 2540 1334 2594 orabat
1362 2556 1375 2592 :
1410 2536 1575 2600 Deus,
1596 2535 1800 2606 gratias
1824 2546 1924 2604 ago

348 2649 371 2686 ι
406 2630 534 2699 tibi,
559 2633 685 2702 quia
713 2646 818 2687 non
849 2646 967 2687 sum
985 2671 1001 2696 ,
1029 2631 1168 2686 sicut
1197 2630 1377 2686 cmteri
1404 2628 1715 2690 hominum,
1742 2633 1925 2693 rapto-

348 2742 372 2778 x
405 2737 514 2790 res,
554 2723 771 2793 iniusti,
807 2722 1036 2779 adulteri
1056 2764 1069 2789 ,
1097 2721 1242 2779 velut
1267 2722 1431 2777 etiam
1466 2721 1555 2776 hic
1581 2716 1922 2789 publicanus,

351 2829 371 2864 ο
398 2811 585 2884 jejuno
630 2813 717 2870 bis
758 2815 813 2869 in
860 2814 1105 2881 sabbato,
1144 2812 1384 2871 decimas
1420 2812 1491 2868 do
1525 2810 1767 2866 omnium
1803 2823 1926 2880 quia

350 2920 372 2955 s
400 2902 671 2973 possideo.
702 2901 769 2958 Et
794 2903 1111 2972 publicanus
1134 2920 1164 2959 a
1190 2904 1348 2972 longe
1369 2910 1540 2967 stans,
1576 2898 1795 2955 nolebat
1824 2912 1926 2953 nec

352 3012 370 3044 ι
405 2994 594 3051 oculos
636 2996 704 3051 ad
744 2996 942 3050 coelum
978 2996 1182 3059 levare,
1229 2994 1323 3049 sed
1360 2992 1698 3064 pereutiebat
1736 2998 1925 3060 pectus

352 3101 372 3134 ι
405 3084 786 3149 suum,dicens
813 3103 828 3137 :
858 3084 1304 3155 Deus,propitius
1329 3093 1446 3161 esto
1471 3082 1605 3136 mihi
1626 3080 1919 3152 peccaturi.

2022 1910 2150 1966 diit!
2172 1907 2372 1979 Typice
2386 1914 2565 1960 autem
2587 1904 2893 1960 Pharisaius
2917 1901 3225 1958 Judteorum
3246 1910 3329 1958 est
3349 1904 3606 1974 populus.

2023 2001 2112 2072 qui
2163 2014 2229 2055 ex
2277 1996 2756 2070 iustiﬁcationibus
2801 1995 2937 2067 legis
2981 1994 3190 2050 extollit
3232 1996 3423 2050 merita
3472 2011 3604 2059 sua;

2021 2093 2338 2165 publicanus
2373 2105 2503 2146 vero
2526 2083 2757 2161 gentilis
2782 2096 2896 2152 est,
2936 2087 3027 2158 qui
3070 2086 3228 2159 longe
3257 2102 3287 2142 a
3315 2087 3426 2142 Deo
3457 2089 3609 2158 νοεῖς

2023 2193 2130 2247 tus,
2176 2181 2467 2238 confitetur
2508 2187 2729 2251 peccata
2777 2192 2896 2242 sua,
2945 2192 3175 2247 quorum
3223 2192 3363 2232 unus
3413 2192 3608 2248 super-

2019 2272 2218 2328 biendo
2239 2269 2463 2328 recessit
2488 2267 2824 2333 humiliatus,
2856 2260 2995 2324 alter
3032 2266 3378 2322 lamentando
3411 2280 3609 2335 appro—

2021 2365 2286 2434 pinquare
2311 2360 2513 2416 meruit
2542 2359 2831 2415 exaltatus.
3476 2370 3479 2373 λ

2095 2453 2233 2520 Quia
2270 2453 2443 2507 omnis
2466 2451 2556 2521 qui
2581 2466 2636 2505 se
2683 2447 2880 2504 exultat
2917 2447 3296 2512 humiliabitur,
3326 2459 3375 2502 et
3431 2451 3608 2520 quise

2022 2542 2265 2599 humiliat
2311 2540 2649 2596 eaaltabitur.
2688 2539 2758 2595 Et
2782 2539 2850 2594 de
2869 2547 3102 2609 utroque
3148 2537 3345 2609 populo
3370 2537 3606 2609 praefato

1994 2646 1995 2649 ‘
2023 2643 2080 2692 et
2108 2635 2175 2691 de
2199 2633 2345 2690 omni
2370 2632 2623 2704 superbo,
2654 2630 2741 2685 vel
2769 2629 2959 2685 humili
2995 2636 3141 2685 recte
3158 2636 3335 2700 potest
3354 2629 3605 2699 intelligi,

2024 2730 2167 2785 sicut
2194 2736 2247 2781 et
2268 2726 2420 2791 illud,
2452 2724 2594 2795 quod
2617 2723 2743 2778 alibi
2764 2722 2997 2794 legimus
3021 2712 3036 2775 Ξ
3066 2722 3199 2777 Ante
3226 2721 3429 2774 ruinam
3452 2719 3609 2774 exal-

2024 2828 2170 2873 tatur
2197 2833 2311 2881 cor,
2338 2824 2386 2870 et
2415 2825 2538 2871 ante
2580 2813 2802 2886 gloriam
2844 2811 3156 2868 humiliatur
3209 2806 3390 2883 (Prov.
3438 2810 3552 2882 xvr)
3584 2853 3605 2876 ,

2024 2914 2355 2979 quapropter
2400 2912 2457 2960 et
2503 2902 2571 2959 de
2598 2902 2780 2958 verbis
2805 2901 2934 2957 elati
2963 2900 3244 2965 Pharisaei,
3278 2901 3471 2971 quibus
3498 2901 3606 2955 hn-

2024 2984 2225 3053 miliari
2281 2995 2501 3061 meruit,
2549 3008 2840 3066 possumus
2880 3008 2946 3049 ex
2985 2993 3199 3049 diverso
3244 2992 3470 3048 formam
3498 2991 3612 3046 hu—

2028 3088 2297 3153 miitatis,
2346 3103 2450 3158 qua
2478 3086 2852 3152 sublimemur,
2888 3099 3180 3151 assumere,
3211 3092 3271 3139 ut
3320 3083 3455 3139 sicut
3511 3082 3611 3137 illc

352 3192 372 3226 ι
406 3174 577 3229 Amen
606 3174 727 3229 dico
762 3175 936 3241 vobis,
958 3151 1246 3232 uescendi:
1269 3175 1360 3230 hic
1380 3151 1715 3245 .justilieatus
1741 3173 1793 3227 in
1828 3173 1922 3228 do—
1949 3151 1995 3213 C
2027 3151 2404 3243 consideratis,
2434 3175 2751 3246 ctpeforum
2780 3151 2956 3240 vitiis,
2984 3182 3039 3231 et
3071 3173 3185 3230 suis
3212 3173 3496 3229 virtutibus
3519 3182 3612 3228 est.

352 3283 372 3315 ι
406 3278 554 3318 mum
587 3278 739 3323 suam
771 3264 839 3319 ab
866 3263 974 3319 illo.
999 3264 1137 3333 Quia
1158 3264 1335 3320 omnis
1361 3263 1453 3334 qui
1484 3278 1543 3319 se
1569 3262 1796 3330 cxaltat,
1824 3262 1924 3319 hu-

354 3372 372 3404 c
409 3353 726 3420 miliabitur,
752 3362 807 3410 ct
835 3355 926 3424 qui
957 3369 1014 3410 se
1041 3355 1310 3421 humiliat,
1340 3354 1684 3409 exaltabitur.
1721 3373 1740 3406 ι

306 3502 316 3513 _
417 3446 538 3502 Duo
567 3447 800 3503 homines
825 3448 1168 3504 ascenderunt
1202 3448 1258 3504 in
1292 3447 1568 3519 templum,
1609 3456 1666 3500 ut
1690 3456 1920 3511 orarent,

347 3554 486 3592 unus
515 3534 820 3593 Pharisa’us
852 3546 901 3593 et
927 3537 1060 3594 alter
1084 3537 1427 3594 Publicanus.
1463 3537 1562 3611 (Ex
1588 3534 1778 3609 Beda.)
1820 3536 1924 3593 Pu-

346 3625 593 3681 blicanus
616 3626 894 3682 humiliter
915 3622 1098 3694 orans,
1124 3629 1190 3684 ad
1216 3628 1304 3684 illa
1329 3627 1566 3699 praefata:
1589 3628 1784 3693 vidum,
1821 3627 1924 3684 hoc

346 3724 454 3782 est,
491 3716 746 3772 Ecclesia:
775 3718 1015 3772 membra
1038 3719 1295 3789 pertinet,
1326 3719 1392 3773 de
1415 3720 1612 3788 quibus
1648 3733 1814 3788 supra
1837 3717 1921 3772 di-

348 3806 533 3861 citur:
572 3800 714 3861 Deus
751 3814 931 3861 autem
964 3823 1074 3864 non
1105 3807 1270 3863 faciet
1303 3808 1594 3864 vindictam
1631 3810 1923 3866 electorum

347 3910 569 3951 suorum
594 3895 940 3951 clamantium
972 3898 1040 3953 ad
1065 3912 1144 3952 se.
1184 3898 1492 3954 Pharismus
1520 3908 1700 3955 autem
1728 3901 1923 3956 merita

340 3987 557 4056 iactans
580 3988 647 4042 ad
673 4003 736 4043 ea
760 3987 827 4043 de
854 3988 1048 4057 quibus
1076 3990 1335 4045 terribilis
1360 3991 1414 4045 in
1437 3992 1783 4048 conclusione
1803 4006 1924 4047 sen-

349 4078 517 4136 tentia
544 4078 812 4136 subditur.
846 4078 1394 4138 V’erumtameaFilius
1421 4081 1653 4139 hominis
1679 4082 1923 4151 veniens,

344 4181 508 4242 putas
533 4172 772 4229 inveniet
800 4171 959 4227 iidem
986 4172 1039 4227 in
1069 4173 1255 4229 terra?

419 4262 724 4320 Pharisteus
750 4273 895 4319 stans
921 4265 1034 4318 lure
1056 4265 1198 4336 apud
1220 4282 1277 4320 se
1302 4266 1518 4322 orabat:
1537 4267 1701 4333 Deus,
1726 4270 1924 4338 gratias

348 4371 447 4426 ago
471 4354 565 4409 tibi
592 4356 738 4427 quia,
769 4363 877 4411 etc.
906 4354 1151 4422 Quatuor
1178 4364 1308 4412 sunt
1334 4358 1563 4427 species,
1593 4360 1788 4428 quibus
1809 4372 1927 4414 om-

350 4448 436 4504 nis
471 4456 651 4503 tumor
681 4448 1049 4518 arrogantium
1086 4448 1505 4505 demonstratur.
1553 4450 1689 4505 Cum
1724 4452 1922 4507 bonum

338 4545 444 4592 aut
467 4554 499 4593 a
527 4539 832 4609 semetipsis
866 4537 1066 4594 habere
1087 4542 1375 4603 aestimant,
1402 4550 1496 4596 aut
1528 4542 1576 4597 si
1604 4542 1703 4597 sibi
1738 4545 1923 4597 datum

349 4629 582 4695 desuper
617 4627 865 4692 credunt,
899 4640 1000 4695 pro
1034 4629 1149 4682 suis
1180 4644 1241 4683 se
1269 4630 1372 4684 hoc
1406 4631 1680 4701 accepisse
1716 4634 1924 4688 meritis

349 4723 564 4786 putant,
590 4724 686 4772 aut
710 4724 859 4771 certe
892 4730 1016 4772 cum
1045 4715 1259 4785 iactant
1281 4734 1341 4774 se
1376 4719 1595 4787 habere,
1635 4723 1779 4791 quod
1815 4737 1921 4779 non

351 4807 573 4875 habent,
608 4817 703 4864 aut
724 4808 990 4879 despectis
1015 4810 1224 4866 caeteris
1256 4811 1601 4880 singulariter
1622 4815 1792 4871 videri
1824 4831 1921 4886 ap-

351 4908 541 4971 petunt
583 4901 782 4957 habere
827 4902 969 4971 quod
1012 4901 1249 4966 habent,
1303 4918 1408 4973 qua
1456 4904 1758 4962 Pharisaeus
1804 4908 1919 4965 ista:

342 4993 619 5062 iactantia)
645 5002 797 5064 peste
824 4994 1098 5050 laborasse
1119 4995 1554 5065 deprehenditur,
1585 5002 1676 5071 qui
1714 5001 1920 5057 idcirco

350 5085 419 5140 de
454 5085 655 5156 templo
680 5086 882 5157 absque
910 5087 1294 5159 justiﬁeatione
1330 5090 1626 5156 descendit,
1666 5093 1792 5162 quia
1827 5094 1916 5149 bo-

354 5189 546 5230 norum
585 5191 808 5246 operum
867 5179 1060 5233 merita
1095 5179 1197 5234 sibi
1252 5181 1407 5250 quasi
1444 5180 1791 5252 singulariter
1826 5187 1924 5241 tri-

351 5267 543 5328 buens,
570 5267 745 5321 oranti
774 5267 1057 5336 publicano
1084 5284 1143 5324 se
1168 5271 1423 5341 pmtulit.

417 5355 616 5426 Jejuno
639 5355 718 5411 bis
738 5356 792 5410 in
816 5357 1051 5422 sabbato,
1077 5359 1305 5415 decimas
1326 5361 1394 5415 do
1418 5364 1645 5417 omnium
1667 5381 1783 5436 qua!
1808 5384 1926 5435 pos-

349 5448 515 5503 sideo.
538 5446 787 5503 Ezechiel
808 5448 1069 5518 propheta
1094 5450 1162 5505 dc
1186 5454 1417 5509 ostensis
1442 5456 1543 5511 sibi
1569 5457 1689 5512 ςαξιί
1720 5459 1926 5513 anima-

351 5538 493 5595 libus
536 5538 727 5595 scribit
772 5553 789 5593 ι
840 5537 914 5593 Et
963 5547 1128 5593 totum
1174 5557 1359 5613 corpus
1405 5545 1612 5615 plenum
1659 5548 1823 5603 oculis
1870 5550 1927 5603 in

350 5629 574 5684 circuitu
610 5629 846 5700 ipsarum
877 5628 1092 5701 (Ezech.
1124 5630 1187 5702 ι),
1217 5641 1451 5700 quatuor
1475 5651 1699 5705 corpora
1730 5640 1928 5709 quippe

353 5718 662 5775 animalium
693 5728 947 5792 quatuor,
979 5721 1181 5778 idcirco
1213 5722 1367 5794 plena
1403 5726 1570 5780 oculis
1609 5726 1924 5784 describun-

1951 4496 2002 4554 D

2025 3270 2265 3327 elevatus
2293 3270 2361 3326 ad
2388 3271 2624 3334 ruinam,
2656 3269 2731 3324 ita
2764 3284 2866 3324 nos
2894 3283 3000 3324 non
3030 3274 3216 3324 nostra
3242 3266 3411 3321 solum
3437 3265 3614 3337 pigri-

2024 3363 2122 3429 tia,
2156 3361 2251 3417 sed
2283 3369 2339 3416 et
2385 3359 2669 3415 meliorum
2697 3357 2994 3414 virtutibus
3027 3356 3306 3429 inspectis,
3353 3354 3616 3410 humilic-

2024 3471 2146 3513 mur
2200 3453 2267 3509 ad
2313 3452 2580 3524 gloriam,
2626 3457 2894 3521 quatenus
2943 3448 3315 3518 unusquisque
3357 3455 3614 3501 nostrum

2023 3547 2139 3601 hinc
2164 3542 2303 3614 apud
2335 3557 2394 3598 se
2428 3539 2650 3613 supplex
2694 3550 2763 3594 ac
2784 3539 3084 3594 submissus
3136 3538 3388 3593 obsecret
3415 3550 3430 3589 :
3460 3535 3618 3591 Dens

2022 3637 2382 3708 omnipotens,
2399 3634 2659 3689 miserere
2680 3630 2905 3702 supplici
2936 3629 3192 3699 tuo,quia
3223 3643 3330 3682 non
3354 3643 3466 3683 sum
3496 3627 3617 3680 sic-

2022 3735 2083 3783 ut
2132 3727 2401 3783 innumeri
2454 3723 2595 3779 servi
2636 3723 2715 3777 tui
2755 3730 3065 3790 contemptu
3115 3719 3294 3774 saeculi
3324 3717 3613 3784 sullimcs,

2017 3818 2242 3889 iustitiae
2275 3817 2471 3873 merito
2516 3814 2777 3887 gloriosi,
2827 3812 3098 3868 castitatis
3148 3812 3305 3867 laude
3350 3808 3614 3878 angelici,

2022 3907 2169 3964 velut
2194 3906 2356 3963 etiam
2378 3905 2532 3960 multi
2559 3905 2771 3960 illorum
2791 3904 2880 3973 qui
2902 3911 3023 3972 post
3044 3902 3242 3973 flagitia
3257 3900 3465 3971 publica
3491 3913 3617 3970 pa:-

2025 3999 2246 4057 nitendo
2274 3997 2372 4052 tibi
2393 4004 2708 4051 meruerunt
2728 4010 2849 4051 esse
2879 3994 3078 4059 devoti,
3107 3994 3378 4064 quietiam
3403 3992 3447 4046 si
3472 3991 3617 4061 quid

2025 4091 2150 4147 boni
2173 4098 2263 4146 tua
2291 4088 2463 4161 gratia
2490 4088 2757 4159 largiente
2785 4084 2982 4149 fecero,
3008 4101 3116 4156 quo
3136 4084 3370 4139 linehmc
3383 4081 3615 4149 faciam,

2025 4196 2197 4252 quave
2225 4195 2255 4235 a
2293 4188 2344 4235 te
2382 4177 2720 4233 districtione
2758 4187 3016 4247 pensetur
3045 4176 3253 4247 ignoro.

2277 4310 2345 4367 IN
2384 4308 2636 4365 NATALI
2674 4308 2917 4365 SANCTI
2955 4307 3345 4365 LACRENTII.

2166 4439 2361 4482 ιεοτιο
2393 4438 2565 4481 Εριετ.
2607 4438 2760 4479 PAULI
2805 4437 3055 4479 Αῐνοετοιι
3096 4438 3163 4477 ΑΙ)
3200 4438 3451 4478 οοιιιδιτιι.

2530 4531 2799 4574 SECUNDE.
2841 4531 2960 4571 CAP.
3001 4531 3054 4570 lx
3064 4555 3077 4568 .

2103 4675 2122 4707 ι
2166 4656 2267 4723 Qui
2296 4671 2457 4726 parce
2485 4655 2715 4710 seminat
2744 4668 2907 4725 parce
2928 4664 2982 4709 et
3004 4660 3190 4708 metet.
3220 4652 3288 4706 Et
3316 4651 3406 4723 qui
3436 4653 3617 4706 senii-

2032 4766 2050 4797 ‹
2096 4756 2187 4802 nat
2213 4748 2267 4802 in
2282 4745 2746 4802 benedictionibus
2773 4746 2839 4800 de
2863 4743 3323 4799 benedictionibus
3344 4750 3611 4797 etmetct.

2032 4857 2050 4889 t
2098 4838 2480 4909 Unusquisque
2518 4844 2679 4907 prout
2719 4833 3008 4891 destinavit
3044 4835 3097 4889 in
3125 4833 3288 4889 corde
3314 4846 3413 4888 suo
3436 4872 3452 4896 ,
3487 4847 3611 4887 non

2034 4947 2051 4979 ι
2100 4944 2163 4983 ex
2188 4928 2408 4983 tristitia
2436 4935 2527 4981 aut
2554 4941 2618 4982 ex
2637 4926 2978 4981 necessitate.
3014 4924 3250 4979 Hilarem
3276 4922 3418 4977 enim
3445 4922 3614 4976 dato-

2033 5039 2049 5067 ε
2099 5034 2211 5072 rem
2238 5016 2412 5089 diligit
2446 5016 2620 5081 Deus,
2652 5023 2842 5087 potens
2875 5024 3053 5070 autem
3083 5024 3167 5070 est
3202 5013 3344 5068 Deus
3381 5027 3612 5067 omnem

2032 5126 2048 5158 ι
2097 5107 2325 5178 gratiam
2355 5105 2628 5161 abundare
2657 5105 2834 5160 facere
2862 5104 2915 5159 in
2947 5105 3099 5159 vobis
3120 5145 3135 5171 ,
3171 5113 3230 5158 ut
3267 5103 3319 5157 in
3346 5101 3612 5156 omnibus

2033 5214 2051 5245 ι
2099 5208 2310 5266 semper
2339 5206 2554 5248 omnem
2584 5191 2960 5248 sufﬁcientiam
2986 5192 3278 5258 habentes,
3310 5189 3610 5245 abundctis

2039 5305 2052 5337 ι
2101 5287 2151 5339 in
2179 5296 2338 5339 omne
2360 5276 2494 5355 opus
2531 5284 2754 5347 bonum,
2781 5283 2921 5339 sicut
2945 5283 3203 5352 scriptum
3229 5290 3314 5336 est
3343 5299 3356 5331 :
3382 5279 3611 5348 Disper-

2033 5396 2050 5427 ι
2099 5377 2189 5439 sit,
2222 5374 2370 5430 dedit
2396 5374 2742 5445 pauperibus,
2767 5373 2975 5444 iustitia
3006 5372 3120 5441 ejus
3139 5380 3319 5427 manet
3352 5370 3404 5425 in
3428 5384 3613 5424 Siccu-

2035 5485 2051 5516 ι
2098 5466 2207 5519 tum
2254 5463 2455 5519 saeculi.
2492 5462 2594 5530 Qui
2620 5470 2799 5517 autem
2840 5461 3180 5517 administrat
3217 5475 3400 5516 semen
3429 5459 3611 5514 semi-

2034 5573 2050 5605 ι
2099 5553 2285 5619 nanti,
2327 5562 2382 5609 et
2404 5568 2598 5624 panem
2628 5555 2696 5607 ad
2732 5544 3163 5608 manducandum
3193 5547 3487 5622 praestabit.
3532 5547 3611 5603 Et

2032 5660 2050 5692 s
2098 5641 2474 5711 multiplicabit
2489 5656 2671 5697 semen
2685 5649 2943 5708 vestrum,
2964 5651 3017 5699 et
3033 5639 3611 5713 augebitincrementa

2033 5749 2050 5781 ι
2095 5730 2307 5801 frugum
2330 5732 2553 5803 jstslitiie
2578 5740 2789 5787 vestrae.
2831 5751 2851 5786 ι
