3932 6204
356 340 463 399 437

1207 337 1727 397 COLLECTIONES
1765 338 1834 394 ΙΝ
1871 338 2252 400 EPISTOLAS
2290 344 2380 400 ET
2417 345 2832 405 EVANGELIA.

3513 354 3619 412 458

427 454 533 525 Qui
548 472 708 523 parce
726 455 949 511 seminat
969 472 1125 527 parce
1147 465 1196 512 et
1218 465 1392 513 metet.
1441 454 1542 525 (Ex
1563 454 1825 528 Primas.)
1873 453 1931 511 ld
1958 456 2008 515 A
2041 473 2060 506 ι
2105 448 2307 514 cadens
2344 459 2401 515 in
2428 468 2631 517 terram
2668 471 2940 519 mortuum
2994 460 3183 529 fuerit,
3232 463 3409 536 ipsum
3445 468 3617 525 solum

351 560 462 617 est,
492 550 584 621 qui
613 565 807 621 parum
853 548 1044 605 tribuit
1070 551 1253 623 egenti
1274 591 1291 619 ,
1315 566 1511 622 parum
1540 552 1768 624 accipiet
1791 568 1938 609 mer-

2047 570 2068 603 σ
2113 542 2315 610 manet.
2341 553 2399 611 Si
2420 565 2603 613 autem
2626 566 2899 615 mortuum
2922 555 3108 625 fuerit,
3128 558 3357 616 multum
3382 560 3619 633 fructum

348 642 536 706 cedis,
563 643 863 697 secundum
892 642 1282 698 misericordia
1307 657 1470 714 opera
1491 643 1864 715 unusquisque
1883 651 1942 701 et
2045 661 2066 695 ι
2109 642 2287 699 affert.
2342 644 2445 714 Qui
2475 657 2622 704 amat
2648 649 2885 705 animam
2939 664 3093 707 suam
3120 652 3312 722 perdet
3364 667 3486 711 eam
3504 694 3519 720 ,
3565 663 3622 711 et

343 735 575 805 praemia
599 734 826 806 recipiet
843 742 1073 791 aeterna.

425 826 493 880 Et
527 828 619 897 qui
654 828 877 882 seminat
902 829 958 882 in
981 827 1422 900 benedictionibus
1463 828 1529 884 de
1553 828 1931 907 benedictioni-

348 917 445 972 bus
471 927 518 971 et
545 924 716 973 metet.
733 915 921 986 Qualis
941 917 1110 974 fuerit
1127 919 1366 986 devotio,
1398 919 1520 977 talis
1547 920 1659 977 erit
1674 927 1732 976 et
1749 934 1932 976 remu-

347 1009 589 1074 neratio,
633 1009 726 1079 qui
756 1016 911 1081 grato
940 1009 1123 1065 animo
1152 1018 1208 1065 et
1226 1010 1584 1076 sufﬁcienter,
1614 1019 1704 1067 aut
1750 1026 1932 1069 rerum
1969 995 1998 1015 ’

345 1101 729 1173 temporalium
758 1102 1182 1175 eleemosyuam,
1209 1110 1305 1158 aut
1355 1103 1754 1173 praedicationis
1786 1102 1929 1160 iudi-

344 1194 495 1264 genti
518 1194 910 1251 ministraverit
935 1194 1123 1255 verba,
1149 1192 1481 1250 suliicienter
1509 1202 1565 1250 et
1592 1193 1743 1266 large
1770 1209 1803 1249 a
1823 1193 1929 1250 De-

353 1285 509 1340 miuo
542 1283 773 1355 accipiet
807 1285 1051 1354 praemia.
1078 1284 1293 1341 Avarus
1334 1285 1480 1340 enim
1509 1284 1816 1341 mercedem
1860 1300 1928 1341 ex

343 1390 414 1431 eo
442 1375 592 1446 quod
616 1375 819 1431 invitus
858 1375 1104 1442 dederit,
1167 1391 1274 1430 non
1331 1375 1573 1441 habebit,
1622 1375 1930 1432 benedictio

341 1465 493 1520 enim
523 1474 579 1521 et
617 1465 795 1522 dantis
834 1470 1063 1531 :eterua,
1093 1464 1411 1535 accipientis
1433 1479 1674 1536 praesens
1699 1464 1929 1522 eilicitur

341 1556 708 1626 elcemosyna.

417 1645 785 1718 Unusquisque
815 1656 971 1717 prout
995 1647 1273 1703 destinavit
1297 1648 1532 1714 ineorde
1562 1664 1687 1713 suo,
1726 1664 1830 1702 non
1861 1663 1928 1701 ea;

2043 751 2065 786 ι
2103 734 2345 804 (ιιιίοίιὶῑ
2369 738 2603 794 animam
2634 755 2789 796 suam
2842 742 2895 796 in
2924 743 3045 798 hoc‘
3080 744 3300 807 mundo,
3356 743 3411 799 in
3444 744 3616 800 vitam

2040 844 2061 879 ι
2105 836 2365 885 aeternam
2393 832 2630 887 custodit
2652 847 2794 889 eam.
2831 831 2888 891 Si
2912 833 3037 906 quis
3056 833 3188 891 mihi
3217 835 3495 893 ministrat
3525 853 3615 893 me

2040 934 2061 968 ε
2106 928 2384 990 sequatur,
2410 928 2465 976 et
2479 921 2569 976 ubi
2587 937 2707 979 sum
2734 937 2854 994 ego,
2879 923 2952 979 ibi
2967 931 3022 980 et
3048 924 3296 982 minister
3315 939 3467 983 meus
3480 926 3607 982 erit.

2038 1025 2058 1058 ε
2095 1006 2153 1063 Si
2176 1009 2300 1079 quis
2319 1010 2449 1066 mihi
2478 1012 2890 1081 ministraverit,
2916 1014 3295 1073 honoriﬁcabit
3309 1032 3433 1074 eum
3446 1016 3613 1075 Pater

2038 1116 2057 1148 ι
2104 1114 2277 1168 meus,
2307 1101 2399 1172 qui
2427 1101 2481 1157 in
2507 1102 2661 1158 caelis
2687 1111 2790 1159 est.
2838 1124 2860 1158 ι

2101 1189 2448 1255 Amen,amen
2501 1192 2619 1247 dico
2671 1193 2812 1249 vobis
2851 1207 2872 1247 ε
2924 1193 3046 1250 Nisi
3087 1212 3313 1267 granum
3361 1197 3613 1267 frumenti

2029 1279 2219 1335 cadens
2241 1282 2295 1336 in
2318 1291 2515 1338 terram
2550 1295 2814 1339 mortuum
2851 1284 3049 1355 fuerit,
3086 1287 3256 1358 ipsum
3287 1286 3457 1343 solum
3495 1306 3611 1344 ικα-
3648 1302 3665 1309 ‘

2029 1379 2132 1424 net.
2160 1368 2220 1426 Si
2246 1382 2418 1427 autem
2444 1386 2707 1430 mortuum
2750 1375 2941 1446 fuerit,
2984 1376 3210 1431 multum
3237 1376 3472 1449 fructum
3519 1379 3607 1449 af-

2028 1462 2148 1533 fert.
2196 1461 2268 1519 Se
2293 1473 2473 1520 autem
2504 1467 2720 1523 dicebat
2770 1468 2944 1536 ipsum
2989 1482 3114 1524 esse
3169 1468 3605 1525 mortiﬁcandum

2026 1558 2080 1604 et
2138 1551 2624 1623 multiplicandum.
2693 1554 3126 1612 Mortiﬁcandum
3181 1558 3238 1612 in
3290 1559 3609 1615 inﬁdelitate

2024 1640 2335 1698 indecorum
2359 1685 2377 1711 ,
2431 1645 2899 1719 multiplicandum
2970 1647 3076 1706 (ide
3136 1650 3384 1707 omnium
3438 1666 3609 1723 popu-

337 1740 561 1793 tristitia
580 1708 782 1793 'aut'ea:
815 1708 1150 1794 necessitate.
1198 1739 1254 1794 ιιι
1290 1747 1392 1806 est,
1421 1748 1684 1811 quantum
1734 1738 1926 1794 statuit
1953 1798 1998 1811 ﬁ
2026 1728 2224 1787 10mm.

340 1828 427 1884 vel
455 1829 621 1901 elegit
646 1829 973 1898 pauperibus
1007 1829 1138 1885 dare
1160 1870 1177 1896 ,
1219 1845 1325 1885 non
1348 1798 1572 1886 coactus
1614 1829 1709 1885 sed
1733 1832 1925 1885 volun-
1953 1798 2001 1859 Β
2101 1823 2207 1890 Qui
2232 1837 2376 1883 amat
2401 1829 2634 1885 animam
2670 1849 2823 1888 suam
2856 1834 3036 1906 perdet
3062 1852 3200 1892 eam.
3224 1834 3377 1904 Quod
3396 1838 3609 1895 duobus

338 1920 537 1974 larius.
571 1918 772 1974 Tobias
796 1918 941 1975 enim
972 1918 1085 1973 lilio
1129 1934 1228 1975 suo
1257 1920 1335 1974 ait
1365 1937 1377 1973 :
1431 1917 1489 1974 Si
1514 1918 1799 1990 plurimum
1828 1920 1923 1974 tibi

336 2020 417 2065 est
450 2051 465 2076 ,
512 2009 800 2082 plurimum
843 2009 1043 2074 tribue,
1074 2009 1122 2065 si
1148 2011 1427 2081 exiguum,
1453 2009 1644 2081 exigua
1687 2009 1926 2082 indignt-

333 2100 480 2155 tibus
504 2088 837 2155 communica
868 2097 1026 2171 (Tob.
1052 2098 1154 2170 tv).

412 2189 657 2244 Hilarem
678 2191 819 2244 enim
852 2189 1087 2244 datorem
1109 2189 1282 2260 diligit
1304 2189 1471 2244 Deus.
1500 2186 1755 2244 Salomon
1774 2188 1923 2244 enim

333 2282 474 2337 dicit
497 2300 509 2334 :
539 2280 605 2334 In
634 2281 775 2335 omni
797 2280 921 2334 dato
950 2279 1173 2335 hilarem
1193 2281 1281 2350 [ac
1303 2278 1501 2334 vultum
1530 2289 1700 2333 tuum.
1728 2277 1919 2351 (Ecdi.

336 2371 529 2442 xxxv).
558 2371 690 2426 Nam
713 2379 768 2426 et
798 2371 852 2426 in
884 2371 1189 2427 divinarum
1215 2370 1622 2441 Scripturarum
1649 2384 1920 2437 sermone,

335 2461 600 2516 Dominus
626 2460 741 2515 vult
766 2459 995 2515 hilarem
1021 2475 1177 2515 suum
1208 2460 1473 2516 datorem.

410 2550 589 2606 Potest
611 2560 786 2605 autem
809 2551 953 2606 Deus
975 2568 1179 2607 omnem
1200 2552 1427 2623 gratiam
1455 2551 1724 2607 abundare
1746 2551 1921 2622 facere

334 2643 392 2696 in
425 2642 587 2696 vobis.
629 2641 707 2698 Ne
740 2643 967 2698 timeant
994 2642 1223 2714 inopiam
1256 2642 1688 2715 eleemosynarii,
1713 2644 1835 2701 ideo
1865 2645 1921 2702 iu

334 2749 503 2804 opere
526 2734 913 2789 misericordia:
936 2732 1053 2798 Dei,
1079 2732 1670 2804 pra‘ponitpotentiam.
1689 2728 1918 2789 Omnem

334 2826 571 2897 gratiam
603 2825 730 2881 dicit
756 2825 870 2881 sive
894 2825 1106 2899 capiam
1138 2823 1374 2896 frugum,
1431 2823 1748 2895 fructusque
1791 2840 1919 2897 pro-

334 2928 588 2985 ventum,
647 2918 764 2974 sive
821 2933 1013 2974 sensus
1049 2918 1476 2984 abundantiam,
1531 2915 1919 2988 sapientiaeque

336 3010 692 3066 intellectum.

409 3099 477 3155 Ut
501 3102 557 3156 in
579 3101 818 3157 omnibus
847 3117 1050 3173 semper
1072 3100 1431 3172 sufﬁcientiam
1458 3100 1723 3155 habentes.
1749 3100 1830 3158 Ac
1868 3101 1913 3157 si

332 3194 561 3259 diceret,
582 3207 798 3249 omnem
823 3190 1200 3247 sull‘tcientiam
1230 3200 1339 3247 tam
1365 3191 1722 3263 spiritualium
1752 3207 1918 3262 quam

2028 1916 2200 1972 modis
2228 1917 2453 1992 intelligi
2479 1930 2676 1992 potest,
2724 1925 2818 1996 qui
2857 1932 3009 1981 amat
3051 1930 3272 1997 perdet,
3307 1928 3361 1984 id
3389 1937 3507 1996 est,
3559 1931 3605 1987 si

2025 2019 2178 2060 amas
2207 2006 2436 2077 perdes,
2463 2009 2509 2065 si
2538 2011 2691 2081 cupis
2737 2013 2906 2068 vitam
2935 2022 3119 2072 tenere
3141 2016 3195 2070 in
3219 2015 3458 2087 Christo,
3494 2019 3605 2075 noli

2025 2094 2219 2151 timere
2238 2097 2377 2152 mori
2402 2114 2505 2170 pro
2530 2098 2769 2157 Christo.
2796 2101 2931 2159 Item
2961 2103 3069 2161 alio
3115 2107 3299 2172 modo,
3325 2107 3419 2179 qui
3459 2118 3605 2163 amat

2024 2184 2257 2240 animam
2290 2204 2442 2243 suam
2464 2190 2644 2261 perdet
2670 2208 2785 2247 eam
2817 2208 2835 2246 .'
2869 2194 3196 2270 noliqamare
3239 2197 3295 2253 in
3330 2199 3438 2256 hac
3470 2200 3603 2265 vita,

2023 2290 2092 2330 ne
2116 2277 2313 2345 perdas
2335 2278 2388 2334 in
2411 2288 2612 2337 aeterna
2636 2282 2767 2338 vita.

2094 2366 2163 2423 Et
2192 2371 2284 2442 qui
2330 2372 2439 2429 odit
2478 2375 2714 2429 animam
2744 2393 2897 2432 suam
2927 2377 2983 2434 in
3024 2378 3124 2436 hoc
3170 2379 3390 2446 arundo,
3420 2380 3477 2438 in
3499 2383 3604 2439 vita

2020 2470 2217 2516 eterna
2240 2463 2467 2518 custodit
2488 2482 2626 2520 eam.
2658 2466 2800 2539 Ergo
2833 2469 2979 2539 quod
3024 2485 3188 2541 supra
3231 2471 3436 2528 dictum
3479 2481 3564 2530 est
3583 2515 3599 2541 ,

2019 2552 2111 2620 qui
2138 2562 2285 2608 amat
2327 2554 2753 2633 subinteliigitnr
2775 2558 2833 2613 in
2860 2560 2966 2617 hoc
2989 2561 3211 2629 mundo,
3255 2559 3372 2631 ipse
3420 2563 3607 2634 itaque

2019 2643 2229 2713 perdet.
2261 2641 2365 2712 Qui
2390 2655 2573 2701 autem
2603 2647 2720 2703 odit
2754 2649 2943 2720 utique
2967 2649 3022 2707 in
3049 2651 3155 2708 hoc
3183 2652 3403 2719 mundo,
3432 2653 3491 2709 in
3523 2654 3604 2709 vi-

2020 2740 2075 2788 ta
2102 2742 2305 2789 aeterna
2335 2737 2573 2792 custodit
2600 2751 2742 2795 eam.
2772 2736 2969 2811 Magna
3013 2750 3070 2797 et
3097 2742 3240 2797 mira
3285 2743 3554 2800 sententia
3581 2744 3597 2797 ε

2017 2822 2472 2894 quemadmodum
2509 2825 2746 2882 hominis
2791 2828 2847 2883 in
2877 2829 3114 2886 animam
3163 2846 3324 2888 suam
3364 2848 3520 2888 amor
3544 2842 3605 2888 ut

2016 2925 2227 2985 pereat,
2255 2916 2440 2975 odium
2457 2933 2524 2974 ne
2548 2919 2842 2989 pcreat?Si
2863 2921 3006 2979 male
3023 2922 3313 2989 amaveris,
3332 2931 3461 2979 tunc
3483 2924 3602 2980 odi-

2018 3010 2122 3075 sti,
2160 3008 2207 3065 si
2260 3010 2400 3065 bene
2441 3010 2656 3077 oderis,
2684 3018 2817 3067 tunc
2868 3012 3085 3068 amasti.
3115 3011 3326 3069 Felices
3349 3013 3440 3083 qui
3468 3013 3602 3069 ode-

2018 3104 2148 3152 runt
2183 3098 2539 3155 custodiendo
2558 3140 2574 3166 ,
2604 3115 2673 3155 ne
2704 3100 2935 3171 perdant
2959 3101 3045 3156 hic
3070 3101 3323 3157 amando.
3351 3100 3452 3159 llic
3482 3088 3599 3159 ani-

2020 3205 2122 3245 mae
2144 3190 2361 3247 nomine
2384 3191 2492 3246 vita
2514 3205 2754 3262 praesens
2784 3190 3103 3263 designatur
3122 3233 3139 3259 ,
3178 3188 3263 3247 vel
3293 3191 3459 3248 etiam
3487 3192 3589 3249 hu-

334 3287 502 3339 ctiam
528 3284 827 3341 carnalium
850 3283 999 3340 dabit
1020 3284 1174 3340 vobis
1199 3283 1480 3352 Dominus,
1510 3296 1570 3341 ut
1598 3302 1760 3342 omne
1781 3302 1919 3358 opus
2011 3282 2104 3354 jus
2127 3283 2253 3341 vita:
2284 3283 2571 3341 delectatio
2596 3324 2612 3350 ,
2651 3298 2771 3353 qum
2807 3283 3082 3363 perdenda
3110 3292 3216 3350 est,
3256 3291 3318 3341 ut
3369 3282 3603 3342 feliciter

334 3376 536 3430 bonum
562 3416 576 3440 ,
616 3374 730 3430 sive
765 3375 1069 3431 devotionis
1119 3375 1174 3430 in
1211 3375 1581 3431 misericordia
1609 3418 1624 3441 ,
1662 3375 1775 3431 sive
1799 3390 1920 3432 eru-

333 3465 556 3521 ditionis
583 3465 636 3519 in
662 3464 932 3532 doctrina,
971 3465 1199 3539 implere
1236 3466 1455 3536 possitis
1500 3470 1678 3522 mente
1723 3467 1913 3521 libera.

408 3558 663 3630 Dispersit
692 3559 837 3613 dedit
881 3557 1233 3631 pauperibus,
1267 3556 1478 3630 justitia
1507 3560 1621 3630 ejus
1652 3570 1826 3614 manet
1861 3561 1918 3616 in

330 3652 585 3707 sweulum
650 3653 851 3708 δωρειιὶ.
919 3652 976 3708 ld
1031 3662 1154 3720 est,
1199 3653 1416 3720 divisit,
1454 3654 1603 3710 dedit
1637 3654 1914 3726 pluribus,

333 3742 459 3799 ideo
482 3761 587 3800 non
620 3746 743 3812 uni,
796 3745 891 3801 sed
936 3745 1213 3816 pluribus,
1246 3745 1372 3816 quia
1418 3743 1591 3815 majus
1634 3753 1718 3801 est
1744 3746 1918 3813 oratio

332 3836 627 3892 multorum
680 3854 844 3909 quam
879 3837 1057 3893 unius.
1110 3836 1187 3892 De
1216 3838 1379 3894 rebus
1410 3836 1555 3892 enim
1608 3839 1917 3910 temporali-

331 3926 455 3991 bus,
474 3926 517 3981 si
536 3928 671 3982 bene
689 3925 1086 3997 dispensentur,
1107 3935 1309 3983 aeterna
1321 3925 1533 3997 justitia
1547 3937 1915 3997 comparatur.

407 4016 511 4082 Qui
546 4029 721 4072 autem
747 4018 1082 4073 administrat
1104 4036 1279 4074 semen
1302 4019 1607 4086 seminanti,
1645 4030 1692 4075 et
1728 4037 1917 4091 panem

329 4109 404 4162 ad
431 4108 857 4163 manducandum
880 4150 894 4176 ,
940 4118 1046 4165 etc.
1108 4108 1223 4165 Hoc
1247 4102 1395 4164 enim
1447 4110 1512 4165 de
1537 4111 1687 4166 verbi
1713 4112 1915 4166 semine

331 4199 539 4255 dictum
585 4199 637 4253 in
675 4209 863 4255 sancto
904 4200 1255 4272 intelligimus
1298 4201 1632 4272 Evangelia,
1674 4202 1765 4257 ubi
1810 4202 1916 4258 Do-

330 4290 513 4345 minus
540 4305 815 4361 exponens
869 4291 1145 4361 discipulis
1177 4290 1494 4362 parabolam
1541 4294 1765 4348 seminis
1795 4294 1911 4348 ait:

326 4377 519 4434 Semen
547 4391 623 4434 est
668 4381 875 4436 verbum
907 4381 1003 4437 Dei
1047 4449 1053 4454 ν
1106 4384 1238 4452 (Luc
1255 4382 1394 4455 vui).
1419 4382 1499 4440 Ac
1523 4385 1569 4440 si
1595 4386 1916 4456 prmdicato—

324 4470 485 4573 ribus
520 4471 811 4573 apostolus
840 4472 1044 4529 diceret
1080 4492 1093 4527 :
1128 4474 1273 4530 Deus
1300 4476 1393 4545 qui
1422 4470 1578 4532 vobis
1609 4477 1751 4533 dedit
1795 4477 1912 4532 oili-
1937 4512 1988 4573 D

323 4562 477 4617 cium
507 4562 753 4630 docendi,
802 4579 984 4619 eseam
1031 4580 1138 4619 non
1168 4565 1441 4620 subtrahit
1464 4568 1731 4637 corporis.
1783 4566 1910 4624 Sive

323 4653 427 4724 qui
447 4654 600 4710 vobis
618 4655 977 4725 dispensando
1003 4657 1192 4712 tribuit
1215 4658 1548 4724 facultatem,
1573 4675 1669 4716 vos
1690 4659 1910 4716 minime

324 4744 571 4815 patietur
598 4746 832 4801 esurire.

409 4833 473 4887 Et
498 4834 860 4906 multiplicauit
885 4854 1060 4893 semen
1087 4847 1332 4894 vestrum.
1387 4839 1444 4893 id
1467 4847 1575 4904 est,
1615 4851 1796 4894 rerum
1819 4855 1913 4895 vo-

325 4925 417 4981 bis
438 4937 787 4998 augmentum
823 4928 1004 4996 faciet,
1033 4930 1117 4985 vel
1144 4942 1455 4985 sermonum
1485 4948 1498 4984 :
1535 4929 1667 4986 Date
1693 4940 1740 4985 et
1763 4931 1913 4986 dabi-

329 5026 422 5069 tur
446 5017 606 5081 eobis,
633 5018 765 5073 dicit
789 5019 1071 5086 Dominus,
1088 5020 1178 5090 qui
1205 5021 1353 5073 enim
1385 5036 1482 5092 pro
1508 5021 1620 5077 Deo
1642 5021 1755 5078 sive
1773 5037 1915 5092 prm-

329 5110 617 5166 dicationis
634 5112 880 5176 verbum,
898 5113 1011 5168 sive
1037 5111 1428 5168 misericordiae
1448 5113 1661 5167 dederit
1688 5112 1917 5167 alimen-

330 5209 468 5264 tum,
492 5209 548 5255 et
576 5200 665 5256 hic
691 5209 746 5256 et
776 5201 831 5257 iu
862 5201 1042 5258 futuro
1071 5203 1302 5274 accipiet
1329 5202 1457 5256 illud
1481 5202 1912 5274 multiplicatum.

407 5289 474 5344 Et
522 5291 728 5364 augebit
756 5293 1078 5349 incrementa
1109 5295 1320 5365 frugum
1348 5294 1574 5365 justitite
1600 5305 1799 5350 vestrm.
1832 5296 1919 5352 ln-

329 5393 671 5439 crcmcntum
703 5383 918 5456 frugum
938 5384 1164 5454 justitize
1195 5385 1341 5450 dicit,
1378 5387 1493 5442 sive
1521 5382 1801 5442 {nouitates
1830 5402 1903 5443 re-

330 5487 480 5539 rum,
509 5473 625 5529 sive
671 5475 976 5531 doctrinam
1031 5492 1375 5545 sermonum,
1439 5476 1504 5533 de
1555 5477 1732 5548 fructu
1777 5480 1915 5534 enim

330 5559 595 5619 (abiaram
623 5582 862 5633 suorum,
909 5566 985 5621 ait
1024 5566 1303 5635 Salomon,
1344 5569 1629 5625 satiabitur
1685 5570 1913 5641 sapiens.

386 5648 393 5653 ’
589 5730 597 5737 _
673 5675 1009 5716 uvasceuuu
1045 5677 1283 5726 JOANNIS,
1323 5677 1440 5716 car.
1474 5677 1571 5716 xu.

429 5773 445 5806 ι
468 5757 835 5824 Atucnpmcn
865 5753 983 5810 dico
1010 5754 1166 5811 vobis
1204 5772 1215 5807 :
1243 5751 1355 5809 Nisi
1394 5748 1618 5827 gran‘dtn
1662 5752 1916 5810 frumenti

2019 3375 2262 3431 invenias
2286 3374 2620 3432 voluntatem
2645 3386 2793 3432 tuam
2841 3377 2895 3432 in
2940 3392 3108 3450 regno
3132 3377 3255 3443 Dei,
3288 3393 3452 3449 quam
3497 3377 3605 3435 for-

2020 3466 2150 3520 titer
2188 3466 2367 3521 vicisti
2416 3465 2471 3520 in
2514 3467 2619 3521 hoc
2661 3465 2881 3535 εξεωίοι
2928 3464 3063 3520 Nam
3109 3466 3284 3521 sancti
3334 3475 3607 3539 martyres

2017 3555 2142 3611 odio
2154 3553 2615 3613 habuerunthauc
2635 3565 2957 3626 praesentem
2978 3557 3143 3613 vitam
3164 3572 3264 3628 pro
3279 3554 3483 3613 Christi
3505 3576 3602 3615 uo-

2018 3648 2182 3714 mine,
2226 3647 2356 3703 dum
2404 3649 2576 3720 magis
2598 3647 2882 3704 voluerunt
2918 3649 3056 3704 hanc
3078 3656 3401 3719 praesentem
3431 3649 3601 3706 vitam

2017 3738 2265 3809 perdere,
2296 3754 2459 3809 quam
2487 3739 2768 3795 Christum
2800 3754 3022 3812 negare.
3560 3797 3571 3801 -

2089 3830 2150 3887 Si
2177 3832 2295 3904 quis
2327 3833 2456 3887 mihi
2484 3833 2748 3888 ministrat
2766 3874 2782 3899 ,
2806 3849 2887 3889 me
2917 3842 3186 3905 sequatur.
3216 3832 3354 3902 Quid
3385 3842 3467 3890 est
3509 3824 3598 3891 me

2018 3933 2320 3996 sequatur,
2358 3926 2464 3984 nisi
2504 3941 2592 3999 me
2630 3926 2906 3983 imitetur?
2951 3925 3260 3982 Minislrant
3302 3941 3435 3998 ergo
3470 3924 3596 3983 Iesu

2016 4016 2266 4085 Christo,
2304 4017 2399 4088 qui
2433 4032 2541 4073 non
2567 4032 2665 4073 sua
2691 4025 2962 4090 quaerunt,
3010 4017 3105 4073 sed
3129 4032 3253 4086 quae
3288 4012 3414 4073 Jesu
3441 4015 3601 4073 Chri-

2015 4108 2115 4171 sti,
2154 4108 2257 4163 hoe
2292 4109 2438 4163 enim
2476 4116 2579 4174 est,
2606 4122 2692 4164 me
2725 4116 3003 4177 sequatur.
3028 4107 3158 4163 Vias
3189 4107 3429 4167 ambulet
3450 4122 3601 4161 meas

2014 4211 2121 4251 ron
2158 4211 2286 4252 suas
2310 4236 2326 4262 ,
2366 4196 2508 4252 sicut
2543 4195 2671 4250 alibi
2701 4195 2972 4266 scriptum
3005 4202 3126 4250 est:
3163 4192 3267 4261 Qui
3303 4211 3362 4261 se
3386 4194 3510 4250 dicit
3538 4195 3594 4249 iu

2014 4282 2222 4340 Christo
2274 4302 2518 4352 manere,
2556 4283 2704 4339 debet
2741 4284 2875 4339 sicut
2923 4282 3013 4338 ille
3056 4281 3343 4340 ambulavit
3392 4294 3440 4338 et
3488 4284 3597 4357 ipse

2014 4375 2285 4432 ambulare
2313 4376 2365 4446 (1
2403 4376 2568 4431 Joan.
2599 4375 2685 4448 ιι).
2735 4375 2915 4430 Etiam
2968 4375 3015 4430 si
3049 4375 3280 4447 porrigit
3329 4375 3611 4432 esuriequ

2014 4482 2242 4539 panem,
2268 4469 2334 4524 de
2362 4466 2734 4524 misericordia
2783 4465 2963 4523 facere
3012 4467 3188 4529 debet,
3246 4482 3352 4523 non
3397 4466 3464 4523 de
3504 4465 3593 4538 ja-

2017 4558 2259 4626 ctantia,
2307 4574 2413 4614 non
2463 4557 2609 4615 aliud
2647 4573 2891 4631 qumrere
2950 4574 3112 4629 quam
3166 4574 3302 4630 opus
3351 4558 3593 4626 bonum,

2017 4652 2291 4708 nesciente
2330 4650 2547 4707 sinistra
2592 4651 2721 4722 quid
2764 4648 2931 4705 faciat
2975 4649 3195 4705 dextera
3246 4647 3594 4722 (Mantum),

2018 4745 2072 4800 id
2115 4751 2221 4809 est,
2266 4750 2328 4799 ut
2364 4742 2692 4799 alienaretur
2743 4742 2971 4797 intentio
2998 4741 3310 4813 cupiditatis
3339 4742 3406 4799 ad
3427 4757 3594 4813 opera

2016 4837 2322 4894 charitatis.

2092 4925 2160 4982 Et
2198 4927 2289 4981 ubi
2312 4943 2404 4998 ego
2429 4943 2547 4981 sum
2564 4966 2578 4992 ,
2612 4924 2723 4980 illic
2744 4934 2794 4981 et
2818 4926 3057 4981 minister
3075 4943 3220 4981 meus
3243 4924 3360 4981 erit.
3392 4923 3603 4981 Merccs

2019 5024 2105 5072 est
2149 5016 2355 5072 amoris
2398 5023 2455 5070 et
2486 5014 2724 5085 pretium
2780 5014 2960 5084 operis
2990 5054 3005 5081 ,
3071 5014 3122 5070 ci
3178 5015 3271 5086 qui
3322 5015 3598 5069 ministrat

2018 5106 2277 5172 Christo,
2317 5120 2437 5162 esse
2478 5119 2602 5160 cum
2662 5100 2921 5168 Christo,
2978 5110 3033 5158 et
3091 5115 3254 5174 quem
3315 5102 3594 5171 fructum,

2018 5216 2179 5271 quam
2216 5198 2563 5264 mercedem,
2625 5193 2769 5265 quod
2819 5194 3097 5266 praemium
3155 5194 3231 5250 illi
3290 5196 3586 5265 promittat,

2019 5290 2325 5346 audiamus.

2094 5381 2156 5438 Si
2178 5381 2294 5452 quis
2320 5380 2450 5434 mihi
2481 5379 2856 5434 ministraverit
2884 5419 2899 5444 ,
2943 5376 3313 5447 honori/icabit
3350 5390 3466 5429 eum
3491 5372 3599 5429 Pa-

2021 5483 2102 5529 ter
2127 5490 2294 5539 meus,
2325 5475 2417 5545 qui
2454 5482 2530 5527 est
2561 5471 2620 5527 in
2662 5472 2824 5526 cozfis.
2868 5470 2986 5540 Quo
3013 5472 3238 5534 honore,
3272 5468 3373 5521 nisi
3419 5474 3479 5520 ut
3523 5465 3595 5521 sit

2023 5562 2283 5620 cumFilio
2307 5563 2458 5634 ejus?
2485 5563 2629 5634 quod
2654 5563 2797 5619 enim
2827 5563 3076 5633 superius
3097 5561 3199 5614 ait:
3226 5556 3326 5612 Ubi
3347 5572 3438 5627 ego
3454 5574 3595 5624 sum,

2023 5659 2133 5713 illic
2154 5667 2203 5712 et
2230 5659 2469 5713 minister
2488 5673 2632 5711 meus
2667 5657 2784 5720 erit,
2815 5655 2917 5709 hoc
2948 5652 3262 5724 intelligitur
3281 5651 3596 5721 exposuisse

2024 5765 2145 5806 cum
2171 5749 2323 5817 dicit,
2348 5745 2736 5804 ilonorilicabit
2759 5758 2880 5799 cum
2905 5743 3063 5799 Pater
3108 5755 3280 5797 meus.
3309 5740 3601 5811 Nunquam
