3932 6204
265 313 370 367 459

1580 293 1932 351 SMARAGDI
1969 291 2263 347 ABBATIS

3420 279 3529 335 ΗΟ

264 422 525 492 majorem
566 421 826 474 honorem
850 416 1094 486 accipere
1120 413 1316 484 poterit
1344 412 1650 481 adoptatus,
1674 423 1833 478 quam
1865 411 1911 468 Α
1939 414 2058 462 ctus
2106 402 2239 475 legis
2285 411 2544 457 atteruam
2582 399 2808 455 confcrt’
2841 396 3087 452 salutem.
3150 395 3256 448 Sed
3288 410 3394 449 non
3452 411 3517 448 es

265 523 325 570 ut
356 513 427 570 sit
449 511 539 566 ubi
569 518 655 565 est
682 509 902 573 unicus,
933 522 1038 560 non
1063 504 1286 576 mqualis
1321 501 1495 558 factus
1541 499 1838 563 divinitati,

265 605 363 662 sed
386 602 672 662 consocius
699 597 1007 653 aeternitati.

387 708 807 769 HEBDOMADA
841 707 958 762 XIII
993 691 1178 764 rosr‘
1206 703 1726 763 PENTECOSTEN.

263 799 272 806 ’
347 821 542 862 ιεετιο
578 818 735 860 nam
777 817 931 857 psum
971 817 1227 856 srosrou
1269 818 1335 855 sn
1372 813 1630 856 COBINTH.
1685 812 1747 863 ιι,

935 887 1052 928 CAP.
1095 887 1176 926 111.

341 985 360 1019 ι
405 966 685 1022 Fiduciam
704 965 860 1019 talem
884 965 1144 1020 habemus
1169 979 1263 1032 per
1279 962 1550 1018 Christum
1570 961 1635 1016 ad
1652 960 1843 1024 Deum,

271 1078 288 1109 ι
335 1073 444 1113 non
474 1057 616 1128 quod
639 1057 966 1111 suﬂicientes
992 1056 1161 1110 simus
1189 1055 1425 1126 cogitare
1455 1052 1655 1121 aliquid
1682 1067 1712 1105 a
1752 1065 1850 1105 no-

273 1170 290 1202 ι
334 1149 441 1215 bis,
468 1149 620 1218 quasi
647 1164 714 1204 ex
741 1147 920 1212 nobis,
947 1141 1040 1202 Sed
1065 1145 1383 1202 sufﬁcientia
1413 1152 1596 1198 nostra
1627 1156 1694 1196 ex
1738 1141 1848 1197 Deo

273 1259 291 1291 ι
336 1249 442 1296 est.
496 1241 597 1308 Qui
628 1249 681 1295 et
711 1241 936 1295 idoneos
975 1255 1074 1294 nos
1105 1237 1234 1294 fecit
1283 1237 1564 1292 ministros
1589 1235 1725 1289 Novi
1749 1235 1850 1290 Te-

272 1357 289 1384 ι
333 1334 610 1399 stamenti,
640 1349 745 1386 non
782 1333 962 1388 littera
991 1331 1084 1386 sed
1115 1331 1327 1402 spiritu.
1361 1329 1570 1384 Littera
1594 1327 1738 1382 enim
1763 1343 1852 1383 oc-

270 1445 288 1477 ‹
331 1425 483 1488 cidit,
509 1424 734 1495 spiritus
765 1432 944 1478 autem
969 1423 1226 1478 vivificat.
1265 1421 1420 1487 Quod
1446 1421 1489 1474 si
1519 1418 1849 1474 ministratio

271 1535 288 1565 ι
334 1513 525 1568 mortis
546 1513 740 1568 litteris
767 1513 1064 1567 deformata
1083 1513 1136 1566 in
1163 1511 1430 1580 lapidibus
1457 1508 1559 1564 fuit
1583 1509 1635 1564 in
1654 1508 1847 1580 gloria,

270 1629 288 1656 ς
336 1606 411 1660 ita
437 1615 497 1660 ut
527 1620 632 1660 non
663 1613 884 1677 possent
933 1604 1026 1658 lilii
1062 1603 1225 1658 Israel
1267 1602 1547 1657 intendere
1573 1601 1627 1655 in
1657 1599 1850 1655 faciem

270 1715 288 1746 ι
336 1694 490 1761 Mosi,
521 1703 741 1766 propter
769 1695 993 1766 gloriam
1019 1693 1200 1747 vultus
1242 1693 1359 1762 ejus
1384 1706 1505 1761 qua:
1532 1701 1845 1752 evacuatur,

1946 501 2058 548 toto
2071 494 2476 563 Scripturarum
2499 499 2647 545 textu
2671 486 2993 560 generaliter
3022 484 3395 554 accipiendum
3417 495 3518 550 est,

1927 598 2069 638 .nam
2109 589 2233 636 sunt
2288 581 2465 650 aliqua
2509 595 2628 649 qua:
2657 593 2801 631 nunc
2827 574 3120 629 secundum
3169 573 3408 626 historiae
3431 587 3519 624 or-

1946 672 2126 728 dinem
2157 671 2351 727 debent
2379 670 2664 734 custodiri,
2708 676 2770 722 ut
2797 674 2878 721 est
2927 665 3055 720 illud
3085 681 3098 716 :
3141 663 3298 726 Audi,
3331 662 3523 726 Israel,

1946 763 2202 817 Dominus
2229 761 2369 816 Deus
2398 771 2518 814 tuus
2553 758 2694 812 Deus
2727 771 2862 810 unus
2911 765 2985 809 est
3020 751 3197 810 (Deut.
3227 754 3325 825 vi),
3356 761 3411 806 et
3455 753 3514 807 εἰ·
3566 804 3585 814 ,

1943 853 2095 908 milia
2124 852 2270 906 talia.

2018 945 2172 1012 Quod
2192 947 2238 1000 si
2268 943 2582 998 ministratio
2625 937 2806 994 mortis
2834 935 3018 990 litteris
3045 935 3343 1006 deformata
3368 937 3420 989 in
3448 934 3525 987 la-

1946 1038 2153 1109 pidibus
2176 1037 2346 1106 fuitin
2367 1035 2556 1106 gloria.
2572 1034 2630 1087 ιιι
2649 1042 2754 1095 est,
2769 1030 2911 1085 silex
2931 1031 3069 1099 apud
3090 1022 3343 1100 antiquos
3364 1030 3527 1084 dabat

1947 1136 2268 1199 praesentem
2298 1127 2543 1198 gloriam,
2571 1126 2639 1180 iis
2661 1125 2752 1194 qui
2797 1139 2917 1177 eam
2949 1123 3243 1177 secundum
3288 1121 3522 1176 litteram

1949 1220 2331 1289 sequebantur,
2357 1225 2560 1288 quanto
2598 1215 2771 1286 magis
2813 1229 2908 1269 eos
2949 1227 3091 1267 nunc
3125 1210 3411 1283 gloriﬁcat,
3433 1213 3524 1282 qui

1949 1327 2069 1367 eam
2099 1305 2455 1383 spiritualiter
2499 1316 2889 1379 exsequuntur.
3195 1307 3202 1313 '
3355 1291 3358 1294 ’

2021 1401 2109 1456 Ita
2143 1410 2325 1454 utnon
2348 1399 2545 1470 possint
2573 1397 2691 1466 ﬁlii,
2726 1404 2830 1452 etc.
2913 1391 3050 1461 Quia
3079 1393 3306 1448 visibilis
3333 1407 3494 1448 Carna

1950 1493 2080 1548 lium
2097 1508 2322 1563 operum
2346 1490 2518 1561 gloria
2543 1495 2854 1549 evacuatur,
2878 1501 2976 1556 per
2998 1483 3328 1555 spiritualem
3353 1482 3530 1537 Evan-

1950 1585 2074 1656 gelii
2114 1583 2362 1654 gloriam,
2394 1581 2488 1636 sed
2529 1581 2602 1635 ita
2623 1585 2937 1642 evacuatur,
2978 1584 3037 1631 ut
3059 1577 3113 1630 in
3144 1574 3335 1629 melius
3364 1590 3528 1649 sensu

1950 1675 2208 1730 interiore
2267 1673 2559 1744 proficiat,
2610 1671 2751 1726 sicut
2804 1669 3028 1724 infantia
3082 1682 3180 1737 per
3219 1667 3530 1722 adolescen-

270 1807 288 1837 ι
331 1788 602 1856 quomodo
653 1801 759 1841 non
800 1787 970 1856 magis
999 1785 1330 1840 ministratio
1376 1785 1601 1856 spiritus
1641 1783 1746 1838 erit
1793 1783 1851 1837 in

1970 1768 2088 1821 iam
2143 1773 2422 1820 senectute
2473 1771 2787 1826 evacuatur,
2832 1761 2973 1816 sicut
3018 1769 3072 1813 et
3099 1775 3281 1814 semen
3323 1759 3375 1812 in
3419 1758 3531 1812 fru-

271 1895 286 1925 ι
335 1876 502 1947 gloria
526 1876 550 1929 ?
595 1874 726 1928 Nam
755 1875 801 1928 si
833 1875 1157 1929 ministratio
1173 1874 1538 1929 damnationis
1563 1872 1730 1944 gloria
1745 1880 1847 1936 est,

267 1987 285 2016 ε
333 1965 503 2021 multo
557 1967 729 2037 magis
797 1965 1040 2020 abundat
1092 1963 1453 2019 ministerium
1510 1962 1739 2034 justitize
1793 1963 1846 2016 in

271 2077 289 2114 ς
336 2056 528 2128 gloria.
578 2076 598 2109 ο
1599 2118 1610 2124 _
1679 2101 1681 2104 ι

335 2145 616 2201 Fiduciam
651 2146 807 2200 talem
837 2145 1085 2200 habemus
1114 2160 1206 2215 per
1243 2141 1509 2198 Christum
1547 2142 1617 2196 ad
1659 2141 1846 2196 Deum.

263 2237 341 2292 Ac
377 2237 424 2292 si
469 2237 676 2292 diceret
721 2237 808 2291 illa
854 2236 1050 2290 ﬁducia
1086 2233 1515 2305 inexpugnabilis
1565 2239 1688 2296 cst,
1734 2247 1853 2300 qua:

263 2343 368 2382 non
396 2343 463 2382 ex
490 2307 682 2393 nobis:
705 2328 796 2382 sed
836 2343 901 2382 ex
927 2327 1145 2382 Christo
1171 2335 1274 2388 est,
1312 2341 1415 2393 qua
1452 2339 1548 2377 nos
1569 2338 1666 2392 per
1695 2322 1853 2376 fidem

266 2425 507 2471 nostram
533 2405 702 2488 gratia
729 2417 903 2486 magis
932 2431 1093 2486 quam
1126 2413 1364 2486 Epistula
1416 2413 1656 2466 humana
1701 2425 1852 2464 com-

269 2508 509 2562 mendat.
1329 2567 1336 2572 η

341 2597 464 2653 Non
490 2599 630 2670 quod
651 2599 958 2669 sufﬁcientes
983 2597 1145 2650 simus
1168 2594 1396 2666 cogitare
1412 2593 1618 2665 aliquid
1629 2612 1659 2648 a
1685 2595 1852 2648 nobis.

264 2683 323 2746 Id
347 2698 452 2756 est,
503 2689 635 2745 nihil
688 2699 871 2744 nostra
916 2687 1180 2757 sapientia
1234 2685 1320 2741 vel
1361 2684 1562 2738 virtute
1599 2685 1652 2738 in
1691 2699 1854 2738 causa

265 2795 462 2840 vestrm
483 2783 676 2840 salutis
703 2797 1011 2854 operamur.
1061 2779 1188 2835 Vult
1217 2778 1363 2834 enim
1407 2775 1694 2832 ostendere
1723 2775 1855 2830 nihil

263 2891 323 2931 se
360 2891 462 2931 suo
485 2888 650 2930 sensu
671 2888 733 2927 ae
759 2870 1117 2942 possibilitate
1147 2868 1200 2922 in
1226 2866 1497 2921 salvandis
1511 2865 1760 2935 gentibus
1774 2864 1858 2918 vel

264 2968 507 3039 cogitare
551 2963 638 3020 vel
679 2961 876 3025 facere,
925 2976 1048 3016 cum
1077 2960 1262 3029 utique
1282 2957 1440 3029 pauci
1467 2957 1858 3021 homines,hu-

266 3059 445 3125 miles,
477 3056 738 3127 imperiti,
767 3063 821 3110 et
857 3067 995 3124 pene
1021 3051 1227 3111 rustici,
1247 3050 1364 3104 sine
1387 3048 1484 3103 Dei
1509 3049 1681 3120 gratia
1718 3063 1858 3102 nun-

266 3167 430 3221 quam
459 3151 769 3205 universum
821 3146 1078 3200 mundum
1109 3143 1318 3198 salvare
1361 3141 1682 3210 potuissent.
1732 3139 1857 3196 ldeo

269 3250 454 3295 autem
476 3240 580 3293 hoc
612 3234 894 3307 praemisit,
932 3234 1057 3303 quia
1079 3231 1323 3287 dicturus
1347 3237 1487 3294 erat,
1515 3236 1666 3283 tanto
1687 3229 1860 3298 majus

269 3347 330 3386 se
359 3329 721 3386 ministerium
749 3325 1072 3396 suscepisse,
1104 3337 1266 3394 quam
1294 3320 1498 3386 Mosen,
1525 3326 1727 3391 quanto
1753 3335 1860 3374 ma-

271 3425 359 3494 jus
378 3431 460 3479 est
481 3421 688 3478 Novum
721 3420 1125 3476 Testamentum
1164 3432 1192 3470 a
1220 3416 1357 3489 lege,
1405 3431 1524 3485 qum
1570 3413 1858 3470 abscondi-

267 3527 382 3572 tum
411 3515 465 3570 in
494 3530 553 3570 se
579 3512 854 3568 Christum
884 3506 1153 3580 mysteriis
1187 3506 1510 3560 adumbrata
1560 3503 1856 3559 retinebat.

268 3606 386 3663 Non
417 3605 558 3676 quod
579 3602 782 3673 aliquid
812 3599 913 3660 sibi
942 3606 1183 3668 arroget,
1231 3596 1325 3651 sed
1355 3602 1412 3648 ut
1440 3609 1538 3664 per
1558 3594 1861 3649 doctrinam

268 3713 444 3764 suam,
472 3711 591 3766 quae
617 3696 669 3750 in
693 3693 911 3748 Christo
928 3694 1031 3755 est,
1069 3677 1282 3743 facinus
1295 3701 1389 3742 eos
1416 3701 1447 3740 a
1467 3683 1616 3740 falsis
1651 3694 1863 3756 aposto-

269 3789 338 3843 lis
363 3793 600 3841 revocet.
1622 3791 1626 3794 -

343 3877 448 3944 Qui
486 3874 702 3930 idoneos
740 3889 835 3927 nos
881 3871 1004 3942 fecit
1030 3870 1297 3925 ministros
1349 3865 1494 3920 Novi
1523 3865 1858 3920 Tcstamcnti.

271 3970 332 4026 ιιι
367 3979 474 4036 est,
497 3967 563 4024 ad
587 3965 919 4038 implendum
947 3961 1282 4035 apostolatus
1323 3959 1577 4015 olllcium.

344 4059 468 4116 Non
495 4059 694 4126 littera,
721 4058 816 4112 sed
838 4057 1048 4128 spiritu.
1093 4054 1149 4110 ld
1173 4060 1278 4118 est,
1305 4067 1413 4107 non
1440 4051 1675 4107 carnalis
1705 4051 1859 4122 legis,

271 4153 366 4208 sed
389 4151 753 4224 spiritualium
783 4157 1196 4222 prteceptorum.

347 4242 546 4298 Littera
577 4243 715 4298 enim
745 4240 954 4295 occidit.
985 4236 1084 4312 (Eri
1129 4235 1384 4312 August.)
1425 4237 1528 4294 Ubi
1556 4247 1660 4302 est,
1692 4252 1860 4303 mors,

271 4333 550 4390 contentio
573 4341 686 4400 tua,
740 4331 832 4387 ubi
878 4337 963 4386 est
989 4329 1208 4386 aculeus
1238 4328 1408 4385 tuus?
1456 4328 1694 4399 Exponit
1739 4343 1864 4383 acu-

1953 1866 2119 1912 etum.
2157 1855 2348 1910 Melior
2392 1855 2610 1924 quidem
2650 1851 2855 1906 fructus
2875 1851 3102 1915 semine,
3135 1850 3228 1905 sed
3256 1864 3529 1918 nunquam

1953 1947 2070 2002 sine
2092 1946 2300 2000 semine
2324 1943 2529 1999 fruetus
2555 1943 2818 2015 exsurgit,
2866 1950 2923 1997 ct
2948 1956 3051 1995 non
3085 1941 3246 2009 perit,
3280 1940 3372 1995 sed
3400 1940 3536 1992 mul-

1953 2038 2232 2108 tiplicatur
2286 2052 2471 2092 semen
2521 2037 2577 2091 in
2633 2034 2829 2090 fructu.
2917 2031 3008 2088 Sic
3059 2046 3186 2102 ergo
3239 2039 3535 2086 evacuatur

1954 2137 2014 2184 ut
2034 2129 2306 2190 dilatetur,
2355 2128 2496 2183 sicut
2543 2127 2656 2195 ipse
2704 2125 2863 2179 dicit:
2922 2123 3052 2177 Cum
3098 2133 3273 2175 autem
3312 2123 3532 2182 venerit,

1952 2221 2091 2290 quod
2113 2219 2395 2290 perfectum
2427 2228 2525 2283 est,
2562 2217 2897 2271 evacuabitur
2921 2214 3062 2285 quod
3106 2229 3169 2267 ex
3207 2222 3355 2282 parte
3381 2223 3454 2266 est
3480 2211 3532 2281 (Ι

1955 2311 2078 2367 Cor.
2103 2310 2245 2380 xm).

2027 2403 2302 2471 Quomodo
2329 2420 2430 2458 non
2478 2403 2665 2473 magis,
2692 2409 2794 2456 etc.
2845 2399 2902 2454 ld
2929 2405 3011 2452 est
3041 2401 3246 2461 nostra,
3283 2413 3401 2467 quze
3424 2413 3532 2450 non

1955 2507 2266 2564 evacuatur,
2298 2499 2424 2568 quia
2454 2495 2690 2568 perfecta
2715 2504 2816 2552 est.

2029 2591 2171 2646 Nam
2191 2593 2237 2646 si
2257 2591 2572 2645 ministratio
2593 2588 2945 2642 damnationis
2973 2585 3140 2657 gloria
3151 2596 3247 2642 est.
3273 2584 3536 2654 Superius

1957 2683 2092 2754 legis
2117 2681 2595 2746 ministrationem,
2635 2693 2778 2734 nunc
2827 2677 3282 2733 ministrationem
3311 2675 3538 2728 damna-

1961 2778 2121 2832 tionis
2143 2775 2373 2832 vocavit.
2422 2773 2546 2829 lleo
2572 2771 2900 2827 ministratio
2927 2761 3136 2835 mortis,
3159 2769 3284 2839 quia
3310 2765 3418 2820 sola
3437 2781 3538 2834 per

1958 2882 2018 2922 se
2047 2882 2153 2922 non
2206 2865 2477 2920 liberabat
2517 2880 2547 2918 a
2598 2871 2794 2920 morte.
2846 2860 2971 2916 Ideo
3008 2861 3173 2915 etiam
3213 2859 3539 2912 ministratio

1959 2958 2338 3023 damnationis,
2371 2957 2495 3026 quia
2525 2971 2646 3010 reos
2679 2955 2796 3010 sine
2819 2953 2926 3008 ullo
2954 2952 3281 3023 pmnitentia‘
3301 2950 3542 3004 remedio

1960 3051 2214 3124 prmsenti
2252 3048 2536 3105 addicebat
2556 3047 2740 3103 exitio.

2036 3141 2203 3196 Multo
2229 3140 2396 3212 magis
2428 3138 2651 3193 abundet
2687 3137 3028 3192 ministerium
3063 3133 3291 3206 justitia:
3320 3132 3375 3186 in
3423 3130 3543 3202 glo-

1962 3238 2062 3289 ria.
2109 3234 2356 3288 Abundat
2385 3247 2512 3287 vere
2541 3232 2592 3286 in
2616 3230 2864 3302 gloriam,
2894 3229 2946 3283 id
2976 3236 3061 3283 est
3085 3235 3374 3286 teternam,
3411 3221 3544 3290 quia

1954 3325 2165 3396 justitia
2216 3324 2387 3395 gratis
2435 3322 2551 3377 sine
2577 3320 2830 3392 legalium
2856 3325 3247 3390 pratceptorum
3286 3315 3546 3369 observa-

1965 3417 2110 3472 tione
2130 3415 2415 3485 justifieat.

1971 3493 1976 3499 Ι
2335 3519 2674 3560 ενΑκοειμιυιι
2714 3513 2895 3566 HAEC],
2921 3513 3039 3554 CAP.
3068 3513 3164 3551 VII.

2037 3617 2055 3650 ι
2101 3597 2299 3652 Exiens
2326 3593 2484 3651 Jesus
2513 3595 2579 3650 de
2608 3593 2804 3648 finibus
2829 3588 3141 3661 Tyri,venit
3162 3601 3258 3657 per
3284 3584 3545 3639 Sidonem

1968 3711 1984 3740 ι
2033 3690 2098 3744 ad
2129 3703 2280 3743 mare
2307 3686 2541 3743 Galilaeze
2564 3685 2708 3740 inter
2722 3682 2928 3738 medios
2959 3680 3096 3735 fines
3111 3675 3550 3747 Decapoleos.Et

1969 3800 1986 3831 ι
2033 3779 2305 3834 adducunt
2332 3778 2383 3834 ei
2414 3776 2635 3833 surdum
2665 3782 2721 3830 et
2760 3781 2990 3838 mutum,
3019 3779 3075 3826 et
3114 3767 3550 3840 deprecabantur

1969 3892 1986 3922 ι
2031 3886 2175 3935 eum,
2209 3879 2270 3926 ut
2307 3869 2548 3938 imponat
2584 3865 2659 3920 illi
2710 3881 2948 3919 manum.
3017 3863 3084 3917 Et
3135 3859 3554 3932 apprehendens

1969 3981 1985 4014 ι
2031 3977 2154 4017 eum
2186 3962 2253 4016 de
2279 3960 2436 4015 turba
2469 3972 2712 4014 seorsum
2739 3957 2886 4012 misit
2914 3956 3110 4027 digitos
3161 3969 3286 4010 suos
3314 3953 3367 4007 in
3399 3952 3552 4005 auri-

1969 4073 1986 4106 ‹
2035 4053 2185 4109 cuias
2213 4051 2421 4121 ejus,et
2439 4065 2710 4121 exspuens
2741 4049 2917 4118 tetigit
2942 4048 3181 4117 linguam
3201 4043 3336 4113 ejus.
3365 4045 3433 4098 Et
3455 4060 3552 4098 su~

1970 4167 1987 4196 ‹
2036 4143 2272 4215 Spiciens
2300 4143 2352 4198 in
2382 4141 2580 4199 ccelum
2608 4140 2890 4211 ingemuit,
2913 4148 2968 4195 et
2991 4139 3069 4193 ait
3098 4137 3172 4192 illi
3204 4155 3215 4190 :
3242 4136 3547 4207 Ephpheta,

1971 4255 1990 4286 ι
2032 4234 2178 4304 quod
2212 4241 2296 4290 cst
2330 4233 2633 4302 adaperire.
2675 4231 2742 4286 Et
2779 4229 2958 4285 statim
2992 4235 3194 4299 aperta:
3221 4234 3347 4281 sunt
3385 4241 3552 4279 aures

1971 4345 1988 4377 ι
2036 4323 2175 4394 ejus,
2202 4333 2258 4381 et
2291 4325 2526 4381 solutum
2553 4331 2636 4379 est
2667 4322 2938 4377 vinculum
2968 4321 3162 4390 lingua:
3191 4317 3328 4386 ejus,
3364 4326 3419 4372 et
3469 4317 3551 4371 lo-

273 4427 415 4484 leum
443 4446 455 4481 :
499 4426 756 4492 Aculeus,
807 4424 1004 4495 inquit,
1042 4424 1232 4478 mortis
1254 4431 1561 4498 peccatum,
1589 4433 1645 4478 et
1670 4421 1862 4492 adjun—
1889 4457 1942 4517 Β
1975 4435 1992 4468 ‹
2038 4417 2306 4487 quebatur
2335 4425 2501 4472 recte.
2556 4415 2624 4469 Et
2652 4413 2908 4484 prtecepit
2939 4411 3044 4466 illis
3073 4427 3140 4466 ne
3164 4410 3249 4464 cui
3276 4410 3547 4464 dicerent.

272 4521 349 4591 git
371 4536 486 4576 rem
518 4512 845 4583 miiabilem,
873 4517 1267 4586 virtuspeccati
1288 4517 1392 4581 lex,
1413 4524 1694 4586 peccatum
1716 4514 1861 4568 enim

273 4611 556 4667 ardentius
583 4612 877 4676 excitatur,
900 4611 1118 4680 quando
1141 4612 1480 4680 prohibetur,
1502 4610 1596 4664 sed
1613 4610 1656 4664 si
1680 4609 1862 4662 littera

273 4703 435 4770 adsit,
489 4704 662 4775 gratia
691 4701 853 4758 desit.
877 4701 989 4756 Lex
1016 4701 1196 4756 littera
1233 4711 1336 4766 est,
1355 4716 1485 4756 ecce
1505 4699 1713 4771 legem:
1747 4698 1860 4754 Non

274 4797 648 4866 concupisces,
697 4811 798 4866 ego
832 4795 975 4859 dico,
1021 4793 1148 4864 quia
1202 4793 1306 4848 nisi
1336 4802 1387 4848 te
1423 4791 1638 4863 adjuvet
1691 4793 1862 4863 gratia

276 4887 558 4943 ardentius
607 4886 986 4958 concupisces,
1039 4886 1143 4941 hoc
1177 4893 1284 4950 est,
1325 4883 1468 4956 quod
1514 4883 1716 4940 dictum
1755 4893 1861 4948 est,

275 4979 456 5033 iittera
481 4978 700 5033 occidit.
756 4975 863 5051 (Ea:
885 4975 1141 5046 Primus.)
1193 4975 1249 5032 Si
1282 4976 1347 5030 ad
1375 4974 1708 5046 praeteritum
1733 4974 1866 5045 legis

278 5085 492 5144 tempus
524 5072 782 5145 aspicias,
816 5081 925 5127 tum
953 5072 1134 5126 littera
1159 5070 1443 5130 occidebat
1477 5068 1854 5140 prmvaricato-

279 5168 390 5232 res,
422 5165 467 5231 si
499 5174 593 5220 aut
643 5165 879 5221 Sabbata
911 5179 1020 5220 non
1045 5165 1451 5227 observassent,
1499 5171 1594 5216 aut
1619 5158 1866 5216 carnales

279 5257 528 5316 victimas
585 5273 694 5316 non
745 5257 1084 5314 obtulissent.
1161 5255 1315 5312 Nunc
1362 5270 1494 5310 vero
1531 5254 1604 5308 ita
1642 5253 1864 5317 occidit,

279 5349 327 5408 si
375 5351 626 5407 carnales
664 5348 1003 5406 caeremoniae
1034 5348 1091 5402 in
1132 5346 1421 5403 otl‘erendis
1471 5345 1640 5400 tauris
1693 5351 1750 5398 et
1789 5341 1868 5395 vi-

278 5443 409 5499 tulis
467 5440 887 5505 custodiantur,
944 5453 1078 5509 quas
1152 5435 1460 5492 observatio
1525 5434 1712 5506 gratia:
1752 5429 1869 5499 jam

285 5537 564 5601 removit,
618 5549 740 5605 qua:
787 5531 974 5601 utique
1035 5542 1179 5582 nunc
1228 5526 1273 5581 si
1314 5526 1669 5579 observentur
1719 5522 1867 5578 occi-

238 5683 243 5690 ,
284 5631 435 5684 dunt.

348 5715 587 5788 ‘Spiritus
609 5729 782 5772 autem
812 5713 1051 5784 ririﬁcat.
1092 5709 1150 5765 1d
1181 5693 1280 5774 est,
1333 5706 1630 5778 spit'itualis
1665 5705 1871 5762 iutcllc~

1974 4527 1994 4560 ι
2036 4508 2248 4576 Quanto
2299 4515 2479 4562 autem
2523 4506 2603 4561 eis
2641 4504 3009 4577 prmcipiebat,
3046 4511 3194 4557 tanto
3223 4501 3395 4572 magis
3426 4500 3553 4570 plus

1974 4616 1991 4649 ι
2039 4598 2427 4670 praedicabant,
2467 4604 2523 4650 et
2549 4610 2614 4650 eo
2645 4594 2873 4665 amplius
2927 4592 3335 4648 admirabantur
3362 4591 3555 4644 dicen-

1975 4709 1991 4740 ‹
2041 4698 2121 4745 tes
2155 4708 2166 4743 :
2229 4687 2374 4744 Bene
2402 4687 2584 4744 omnia
2614 4687 2762 4753 fecit,
2814 4694 2869 4742 et
2897 4684 3090 4740 surdos
3119 4683 3246 4738 fecit
3268 4682 3454 4738 audire
3490 4692 3556 4737 et

1974 4799 1992 4832 ι
2041 4789 2218 4835 mutos
2245 4779 2411 4850 loqui.
2453 4799 2471 4831 ι

2041 4874 2236 4928 Eliens
2263 4873 2352 4928 Jes
2393 4891 2418 4927 s
2437 4873 2501 4926 de
2527 4871 2719 4941 ﬁnibus
2747 4869 2892 4941 Tyri,
2921 4869 3052 4924 venit
3084 4885 3176 4940 per
3206 4866 3454 4923 Sidonem
3476 4866 3554 4920 ad

1966 4984 2111 5020 mare
2126 4964 2362 5021 Calilwa:
2385 4966 2521 5019 inter
2533 4963 2726 5018 medios
2739 4962 2869 5031 lines
2888 4959 3201 5032 Decapoleos
3241 4959 3342 5030 (Ex
3360 4957 3551 5027 Beda.)

1967 5056 2250 5126 Deeapolis
2274 5064 2376 5120 est,
2432 5063 2493 5109 ut
2519 5054 2634 5123 ipso
2669 5054 2885 5108 nomine
2914 5053 3128 5123 probat,
3164 5051 3312 5119 regio
3359 5048 3554 5103 decem

1965 5149 2178 5203 urbium
2219 5156 2368 5201 trans
2405 5144 2692 5201 Jordanem
2735 5143 2803 5198 ad
2839 5143 3111 5200 Orientem
3150 5185 3165 5209 ,
3225 5143 3369 5197 circa
3417 5140 3558 5210 Hip—

1968 5254 2118 5308 pum,
2151 5246 2208 5292 et
2231 5237 2452 5300 Pellam,
2469 5244 2522 5292 et
2547 5235 2836 5299 Gadaram,
2855 5242 3042 5289 contra
3070 5232 3558 5300 GallmamsQuod

1968 5345 2099 5400 ergo
2131 5329 2346 5395 dicitur,
2379 5328 2504 5397 quia
2531 5327 2789 5381 Dominus
2817 5326 2962 5381 venit
3012 5325 3077 5379 ad
3113 5342 3260 5380 mare
3293 5325 3558 5391 Galilzue,

1971 5420 2114 5476 inter
2143 5420 2348 5476 medios
2379 5419 2515 5474 fines
2544 5418 2894 5488 Decapoleos,
2934 5433 3040 5471 non
3092 5418 3238 5487 ipsos
3276 5419 3410 5473 lines
3447 5418 3556 5472 De-

1972 5512 2174 5583 capolis
2226 5527 2346 5568 eum
2375 5510 2609 5565 intrasse
2649 5509 2937 5581 significat,
2992 5523 3167 5578 neque
3201 5510 3347 5562 enim
3403 5525 3563 5563 mare

1975 5612 2125 5658 trans
2157 5603 2440 5672 navigasse
2470 5602 2686 5665 dicitur,
2744 5599 2840 5656 sed
2879 5602 3056 5672 potius
3094 5601 3160 5655 ad
3204 5616 3354 5656 mare
3379 5617 3560 5670 usque

1976 5698 2207 5766 venisse,
2268 5704 2427 5767 atque
2455 5696 2520 5751 ad
2555 5695 2727 5767 ipsum
2760 5694 3070 5766 pervenisse
3107 5693 3284 5750 locum
3323 5694 3412 5766 qui
3442 5707 3564 5748 mc-
