3932 6204
256 325 346 379 Ml

1097 356 1624 415 COLLECTIONES
1659 359 1726 415 IN
1768 360 2145 421 EPISTOLAS
2179 365 2266 420 ΕΤ
2305 365 2713 425 EVANGELIA.

3416 381 3516 438 “'2

249 465 365 520 dios
395 463 532 519 ﬁnes
556 463 840 537 Decapolis
867 465 1022 538 longe
1053 475 1204 524 trans
1232 485 1382 525 mare
1432 473 1636 542 positos
1664 475 1832 543 respi-
1858 480 1905 536 A
1936 489 2162 545 reserat,
2211 484 2364 553 cujus
2413 485 2648 556 linguam
2700 486 2957 544 Dominus
3007 501 3149 546 tactu
3209 495 3509 563 sapientiae.

245 554 443 609 ciebat.

218 671 223 680 -
315 644 385 698 Et
407 645 680 700 adducunt
714 648 761 701 ei
789 646 1010 702 surdum
1035 659 1083 701 et
1114 659 1335 716 mutum,
1359 658 1406 704 et
1420 653 1835 722 deprecabantur

243 754 391 801 eum,
454 748 512 790 ut
568 740 801 808 imponat
836 738 916 792 illi
965 757 1200 794 manum.
1289 740 1497 797 Surdus
1541 753 1596 798 et
1651 755 1832 801 nmtus

241 836 347 890 est,
387 827 481 896 qui
540 842 640 883 nec
680 843 842 882 aures
892 829 1176 885 audiendis
1225 831 1320 886 Dei
1375 834 1577 900 verbis,
1625 851 1724 890 nec
1769 851 1832 891 os

243 917 417 986 aperit
448 916 850 986 proloquendis.
909 919 1108 985 Quales
1139 935 1362 978 necesse
1396 933 1503 991 est,
1564 935 1624 980 ut
1651 927 1704 980 hi
1737 929 1830 998 qui

243 1007 389 1077 loqui
437 1005 554 1074 jam
609 1016 664 1062 et
691 1009 877 1063 audire
926 1010 1109 1065 divina
1151 1012 1366 1084 eloquia
1405 1016 1569 1086 longo
1610 1033 1710 1072 usu
1751 1019 1831 1072 di-

242 1098 516 1161 dicerunt,
547 1097 776 1152 Domino
807 1101 1048 1155 sanando
1086 1100 1341 1170 offerant,
1371 1116 1642 1176 quatenus
1691 1123 1829 1178 quos

241 1191 479 1244 humana
525 1189 795 1262 fragilitas
828 1193 1035 1262 nequit,
1068 1193 1180 1261 ipse
1211 1198 1401 1265 gratia:
1449 1215 1561 1254 sua:
1607 1200 1828 1256 dextera

241 1285 436 1340 salvet.

311 1375 382 1429 Et
418 1377 808 1447 apprehendens
831 1395 947 1433 eum
975 1382 1040 1434 de
1069 1381 1221 1436 turba
1242 1398 1496 1436 seorsum.
1513 1382 1832 1455 Apprehen-.

238 1467 375 1522 deus
390 1484 622 1538 namque
651 1469 703 1524 in
713 1469 924 1524 ﬁrmum
945 1472 1012 1526 de
1029 1472 1184 1527 turba
1213 1489 1457 1528 seorsum
1481 1476 1681 1540 educit,
1701 1491 1824 1530 cum

239 1569 478 1613 mentem
509 1562 743 1628 peccatis
759 1561 1068 1631 languidam
1098 1563 1424 1618 visitationis
1453 1581 1565 1619 suae
1609 1567 1825 1634 pietatis

237 1647 539 1712 illustrans,
561 1664 592 1702 a
621 1660 894 1706 consuetis
917 1667 1165 1707 numana:
1196 1654 1626 1708 conversationis
1657 1656 1822 1708 mori-

236 1740 338 1794 bus
360 1749 572 1804 avocat,
594 1741 662 1796 ad
687 1742 957 1811 sequenda
972 1753 1366 1813 praeceptorum
1385 1759 1609 1799 suorum
1629 1745 1822 1799 itinera

236 1848 369 1887 voca
377 1824 415 1886 ι’.

306 1923 457 1979 Misit
477 1925 668 1995 digitos
688 1941 814 1979 suos
837 1926 893 1980 in
936 1927 1226 1981 auriculas.
1283 1927 1498 1984 Mittere
1532 1929 1728 2000 digitos
1766 1930 1820 1984 in

233 2016 509 2070 auriculas
539 2023 640 2079 est,
695 2031 818 2070 cum
869 2032 966 2087 per
1004 2017 1141 2072 dona
1169 2019 1342 2073 sancti
1376 2018 1613 2088 Spiritus
1662 2033 1822 2074 aures

230 2105 418 2160 cordis
451 2106 520 2159 ad
567 2105 911 2176 intelligenda
956 2122 1021 2162 ac
1057 2109 1400 2178 suscipienda
1429 2110 1594 2164 verba
1631 2109 1822 2163 salutis

232 2199 431 2269 aperit.
489 2196 622 2252 Nam
681 2199 906 2268 digitum
948 2198 1044 2254 Dei
1083 2200 1342 2270 appellari
1397 2200 1657 2270 Spiritum
1699 2215 1810 2254 san-

231 2300 386 2345 etum
429 2299 656 2345 testatur
705 2291 818 2359 ipse
850 2291 1113 2345 Deminus
1160 2307 1283 2347 cum
1319 2293 1450 2347 dicit
1475 2291 1676 2347 Jndmis
1705 2307 1733 2377 ἰ
1762 2290 1822 2345 Si

230 2391 328 2444 ego
344 2375 578 2442 indigito
602 2373 694 2427 Dei
710 2373 863 2440 ejicio
878 2374 1167 2438 dwmonia,
1185 2374 1288 2435 lilii
1334 2377 1489 2430 vestri
1527 2378 1580 2430 in
1595 2373 1822 2445 quo'eii-

229 2471 382 2523 riunt
403 2467 756 2536 (Laesum)?
773 2467 925 2533 Quod
942 2484 1222 2537 exponens
1234 2471 1374 2524 alius
1386 2471 1717 2540 evangelista
1735 2470 1788 2525 di
1802 2501 1820 2515 -

230 2557 410 2615 cilz'Si
427 2575 518 2627 ego
537 2559 788 2627 inspiritu
807 2557 903 2612 Dei
917 2560 1068 2628 ejicio
1085 2559 1347 2613 dtenwnia
1365 2560 1582 2627 (Matth.
1601 2577 1695 2627 xu,
1716 2561 1814 2632 28)

229 2662 286 2705 et
305 2651 440 2720 Magi
461 2651 513 2704 in
539 2650 773 2721 :Egypto
791 2652 1032 2720 superati
1052 2652 1332 2716 dixerunt,
1367 2653 1597 2722 Spiriius
1623 2653 1716 2708 Dei
1741 2663 1820 2708 est

228 2743 323 2795 hic
363 2742 560 2805 (Exod.
581 2745 721 2810 vm).
745 2744 808 2798 Et
831 2745 916 2799 lex
962 2746 1015 2799 in
1045 2746 1247 2800 tabulis
1276 2747 1448 2817 digito
1484 2748 1576 2802 Dei
1609 2747 1814 2816 scripta

228 2836 324 2882 est
347 2827 589 2898 lapideis.
623 2831 798 2901 Digito
823 2820 950 2902 ergo
990 2832 1086 2886 Dei
1113 2833 1168 2886 in
1211 2832 1482 2887 auriculzs
1520 2833 1669 2888 missi
1703 2834 1822 2904 ejus

230 2919 330 2985 qui
350 2920 619 2976 sanandus
643 2929 783 2987 erat,
806 2923 947 2977 dona
981 2930 1110 2977 sunt
1139 2929 1311 2978 sancti
1343 2922 1602 2993 Spiritus,
1624 2924 1821 2993 quibus

227 3005 421 3074 corda,
452 3027 570 3081 qua.
591 3028 621 3066 a
647 3013 730 3067 via
753 3013 996 3068 veritatis
1021 3014 1428 3080 aberraverunt,
1443 3014 1507 3068 ad
1538 3015 1821 3070 scientiam

229 3101 425 3156 salutis
458 3103 780 3158 audiendam
821 3105 1245 3175 discendumque
1279 3117 1520 3162 revocat.
1596 3106 1662 3160 Et
1692 3106 1819 3177 quia

227 3194 446 3263 c0gnita
472 3195 718 3250 veritatis
748 3195 866 3252 luce
887 3196 1039 3267 sequi
1060 3169 1334 3253 con-fessio
1349 3197 1526 3264 debet,
1549 3205 1672 3268 apte
1697 3169 1820 3252 sub-
1848 3169 1892 3231 C

225 3281 476 3353 jungitur
501 3299 514 3336 :

304 3371 375 3426 Et
389 3390 642 3444 czspuens
655 3377 820 3447 tetigit
837 3377 1069 3448 linguam
1083 3378 1216 3448 ejus.
1232 3379 1300 3433 Et
1314 3395 1604 3450 exspuens,
1621 3381 1818 3451 quippe

227 3465 515 3533 Dominus,
538 3467 775 3538 linguam
797 3470 991 3540 tangit,
1028 3485 1151 3526 cum
1175 3471 1241 3526 ad
1263 3472 1660 3528 confessionem
1693 3473 1818 3528 ﬁdei

227 3572 331 3612 ora
354 3560 808 3616 catechizatorum
844 3563 1084 3628 instruit,
1125 3579 1248 3618 cum
1283 3580 1381 3620 ora
1431 3565 1524 3619 diu
1561 3567 1718 3621 bruta
1751 3568 1819 3621 ad

230 3651 398 3704 verba
426 3653 704 3723 sapientia:
723 3654 1045 3724 proferenda
1073 3672 1194 3711 cum
1217 3665 1364 3711 tactu
1381 3673 1490 3712 suae
1500 3657 1719 3727 pietatis
1743 3657 1820 3712 in-

229 3741 450 3797 format.
497 3743 727 3815 Sputum
757 3763 990 3819 namque
1022 3748 1235 3803 Domini
1271 3765 1523 3820 saporem
1572 3751 1818 3820 designat

228 3833 532 3903 sapientiae,
558 3852 679 3905 qua:
705 3845 842 3894 teste
865 3839 984 3894 viro
1007 3840 1252 3910 sapiente
1282 3841 1554 3910 loquitur:
1601 3840 1714 3911 Ego
1753 3858 1817 3896 ex

225 3940 322 3978 ore
344 3923 598 3979 ditissimi
621 3927 792 3996 prodii
817 3929 1184 4000 primogenita.

305 4015 371 4068 Et
395 4017 680 4086 suspiciens
703 4018 756 4071 in
781 4017 985 4072 cwlum.
1051 4019 1310 4089 Suspexit
1341 4035 1576 4090 namque
1619 4021 1674 4076 in
1704 4035 1816 4076 coe-

225 4104 366 4168 lum,
399 4113 459 4158 ut
481 4105 606 4159 inde
647 4105 811 4160 mutis
837 4105 1129 4176 loquelam,
1163 4107 1287 4162 inde
1315 4108 1555 4164 auditum
1611 4111 1814 4175 surdis,

229 4197 356 4252 inde
380 4199 587 4252 cunctis
601 4197 1003 4254 inﬁrmitatibus
1023 4199 1285 4273 medelam
1301 4200 1652 4256 doceretesse
1675 4217 1814 4270 qua:-

228 4287 478 4344 rendam.

303 4375 587 4447 Ingemuit.
637 4379 905 4452 Ingemuit
929 4391 1132 4447 autem,
1161 4398 1268 4437 non
1300 4383 1428 4453 quia
1451 4366 1554 4454 ipsi
1575 4399 1712 4455 opus
1730 4399 1815 4440 es-

225 4475 333 4532 set,
364 4485 487 4523 cum
517 4472 718 4540 gemitu
745 4472 949 4542 aliquid
975 4484 1162 4543 petere
1193 4489 1224 4528 a
1247 4475 1408 4531 Patre
1426 4516 1442 4541 ,
1479 4477 1572 4546 qui
1615 4487 1812 4533 cuncta

223 4559 537 4628 petentibus
566 4561 733 4616 donat
757 4577 882 4617 cum
906 4561 1086 4630 Patre,
1141 4567 1235 4620 sed
1273 4574 1333 4620 ut
1377 4567 1533 4622 nobis
1565 4569 1812 4638 gemendi

225 4651 383 4705 daret
413 4652 740 4724 exemplum,
779 4669 903 4710 cum
936 4655 1022 4711 vel
1064 4671 1166 4726 pro
1216 4659 1442 4724 nostris,
1477 4659 1564 4714 vel
1588 4676 1686 4730 pro
1713 4677 1813 4717 no-

224 4752 466 4798 strorum
521 4746 794 4800 erratibus
838 4746 1216 4816 proximorum
1265 4764 1515 4819 superna:
1561 4750 1812 4820 praesidia

225 4832 450 4902 pietatis
468 4833 804 4890 invocamus.

298 4919 368 4974 Et
399 4921 472 4975 ait
501 4921 598 4988 illi,
623 4923 920 4996 Ephpheta,
940 4927 1080 4998 quod
1107 4937 1182 4981 est
1204 4927 1501 4998 adaperire.
1531 4929 1686 4998 Quod
1713 4948 1813 4988 au—

225 5019 335 5066 tem
357 5011 456 5075 ait,
479 5012 768 5082 epbpbeta,
789 5015 958 5082 idest,
984 5018 1289 5088 adaperire,
1317 5020 1384 5074 ad
1411 5036 1572 5078 aures
1593 5024 1810 5093 proprie

222 5101 484 5171 pertinet.
537 5101 710 5158 Aures
755 5107 953 5160 etenim
1005 5107 1072 5162 ad
1121 5108 1445 5164 audiendum
1485 5114 1810 5181 aperienda,

223 5189 411 5261 lingua
438 5206 588 5255 vero,
619 5203 679 5248 ut
705 5193 850 5265 loqui
880 5199 1072 5266 possit,
1106 5213 1138 5252 a
1185 5199 1500 5256 retinaculis
1543 5212 1661 5258 erat
1699 5219 1812 5258 sua:

223 5281 501 5336 tarditatis
526 5283 804 5340 solvenda.

298 5371 370 5424 Et
411 5375 589 5428 statim
639 5387 834 5447 aperta:
877 5388 1000 5433 sunt
1029 5396 1182 5435 aures
1211 5381 1326 5451 ejus
1369 5391 1416 5436 et
1464 5382 1693 5438 solutum
1736 5397 1812 5441 est

217 5463 489 5518 vinculum
517 5464 713 5537 lingula
735 5469 870 5538 ejus,
887 5479 934 5524 et
949 5468 1296 5537 loquebantur
1319 5482 1470 5526 recte.
1499 5472 1592 5528 Ille
1611 5475 1812 5529 etenim

220 5553 375 5608 solus
401 5564 549 5611 recte
569 5555 827 5626 loquitur,
859 5559 975 5614 sive
1000 5560 1168 5615 Deum
1195 5561 1526 5626 confitendo,
1549 5563 1664 5618 sive
1690 5564 1811 5620 aliis

218 5645 604 5714 pnedicando,
652 5649 807 5718 cujus
865 5653 1108 5707 auditum
1159 5663 1215 5707 ut
1258 5656 1570 5711 emlestibus
1642 5660 1811 5728 possit

222 5738 534 5796 auscultare
564 5749 613 5796 et
661 5742 1033 5809 obsecundare
1077 5746 1376 5814 mandatis,
1408 5748 1586 5802 divina
1627 5751 1804 5820 gratia

1929 586 2051 639 qua:
2077 571 2129 642 ip
2160 590 2190 626 e
2231 584 2337 637 est,
2383 577 2450 630 ad
2497 578 2819 646 loquendum
2854 580 3104 636 instituit.
3145 584 3288 639 Talis
3335 596 3516 641 autem

1932 663 2125 718 merito
2154 674 2331 733 potest
2364 667 2545 722 dicere
2572 685 2694 723 cum
2730 671 3017 726 Psahuista
3044 691 3056 727 :
3100 674 3341 742 Domine,
3373 676 3514 730 labia

1931 771 2045 808 mea
2074 759 2293 825 aperies,
2323 770 2369 813 ct
2415 778 2471 814 os
2518 779 2689 830 meum
2733 767 3067 820 annuntiabit
3112 767 3319 822 laudent
3366 781 3514 824 tuam

1931 845 2105 916 (Psal.
2133 849 2206 921 ι).
2231 851 2298 904 Εῑ
2321 867 2442 905 cum
2471 852 2610 907 Isaia
2630 871 2642 907 :
2666 854 2924 910 Dominus
2952 857 3094 912 dedit
3125 861 3252 913 mihi
3279 860 3514 931 linguam

1929 939 2209 1005 eruditam,
2242 951 2298 994 ut
2343 944 2507 997 sciam
2547 956 2839 1001 sustentare
2892 965 3010 1001 eum
3059 951 3150 1020 qui
3181 949 3370 1028 lapsus
3413 962 3511 1005 est.

1937 1023 2103 1082 Verbo
2129 1031 2278 1102 erigit
2305 1049 2477 1097 mane,
2501 1051 2653 1090 mane
2678 1038 2829 1108 erigit
2856 1040 2982 1093 mihi
3011 1057 3192 1095 aurem
3218 1052 3271 1094 ut
3294 1043 3512 1096 audiant

1926 1120 2078 1187 quasi
2107 1122 2414 1191 magistrum
2457 1125 2613 1195 (Isai.
2648 1128 2723 1194 ι).

1999 1206 2067 1260 Et
2091 1214 2336 1282 prmeepit
2375 1212 2478 1267 illis
2515 1231 2577 1268 ne
2621 1216 2706 1269 cui
2749 1215 2962 1282 diceret,
2995 1231 3193 1289 quanto
3235 1231 3409 1276 autem
3437 1224 3511 1276 eis

1926 1300 2278 1371 prwcipiebat,
2306 1312 2450 1357 tanto
2477 1306 2643 1376 magis
2671 1306 2789 1379 plus
2821 1309 3200 1379 praedicabant,
3235 1324 3284 1366 ct
3311 1330 3370 1366 eo
3400 1331 3516 1366 am-

1925 1388 2062 1458 plius
2085 1391 2484 1446 admirabantur
2521 1396 2749 1452 dicentes
2784 1398 2970 1453 :Bene
2990 1403 3166 1455 omnia
3206 1403 3348 1471 fecit,
3393 1421 3514 1457 sur-

1926 1479 2020 1533 dos
2041 1481 2162 1549 fecit
2186 1484 2372 1537 audire
2399 1494 2447 1537 et
2493 1497 2664 1540 mutos
2711 1487 2871 1558 loqui.
2905 1489 2960 1543 Si
2988 1493 3194 1545 sciebat
3224 1509 3337 1557 eos,
3366 1496 3509 1549 sicut

1925 1567 2012 1622 ille
2037 1569 2128 1638 qui
2159 1579 2313 1625 notas
2341 1573 2574 1627 habebat
2597 1584 2652 1628 et
2682 1585 2978 1644 prabsentes
3006 1587 3059 1632 et
3107 1579 3317 1635 futuras
3345 1583 3515 1638 humi.

1925 1673 2054 1711 num
2101 1659 2424 1726 voluntates,
2469 1671 2620 1716 tanto
2668 1667 2841 1736 magis
2867 1669 3273 1736 prmdieatnros,
3311 1682 3513 1742 quanto

1925 1749 2096 1818 magis
2138 1764 2207 1804 ne
2246 1751 2605 1818 praedicarent
2652 1755 2732 1809 eis
2767 1757 3137 1826 praecipiebat,
3166 1769 3226 1814 ut
3250 1762 3378 1830 quid
3409 1764 3513 1819 hoc

1851 1825 2314 1909 Bprmcipiebat.
2369 1843 2471 1897 nisi
2531 1846 2657 1914 quia
2713 1847 2880 1918 pigris
2931 1825 3147 1905 volebat
3199 1825 3507 1920 osienderc,

1921 1937 2123 1998 quanto
2147 1931 2440 1987 studiosius
2459 1974 2473 1998 ,
2522 1945 2836 2006 quantoque
2871 1938 3168 1997 ferventius
3196 1958 3316 1996 eum
3366 1961 3508 2014 prte-

1922 2023 2102 2078 dicare
2128 2024 2378 2091 debeant,
2412 2028 2608 2096 quibus
2648 2027 2806 2096 jubet
2833 2040 2892 2086 ut
2931 2034 3258 2102 praedicent,
3296 2039 3508 2107 quanﬁc

1923 2113 1996 2168 illi
2024 2116 2114 2184 qui
2137 2117 2560 2184 prohibebantur
2590 2127 2771 2176 tacere
2799 2138 2904 2176 non
2926 2132 3232 2194 potuerant.

2043 2245 2462 2304 HEBDOMADA
2497 2252 2616 2308 XIV
2649 2252 2824 2309 POST
2868 2254 3381 2315 PENTECOSTEN.

1920 2374 2176 2414 EPISTOI.A
2204 2377 2363 2416 BEATI
2394 2379 2546 2418 PAULI
2580 2382 2835 2422 APOSTOLI
2865 2385 2931 2422 AD
2953 2363 3196 2427 διιιιτλὲ
3219 2415 3233 2437 ,
3261 2389 3381 2428 CAP.
3419 2391 3500 2430 111.

2009 2493 2027 2525 ι
2066 2475 2298 2532 Abrahae
2345 2480 2502 2534 dictm
2545 2489 2672 2535 sunt
2728 2487 3179 2553 repromissioncs
3215 2497 3269 2542 ct
3311 2491 3506 2544 semini

1928 2585 1944 2616 ι
1986 2567 2120 2636 ejus.
2147 2568 2262 2623 Non
2292 2570 2421 2625 dicit
2445 2563 2504 2627 et
2528 2573 2845 2640 seminibus,
2878 2578 3031 2646 quasi
3066 2580 3117 2632 in
3145 2580 3351 2644 multis,
3403 2581 3498 2635 sed

1926 2677 1943 2707 ι
1982 2660 2134 2728 quasi
2157 2661 2208 2713 in
2235 2677 2361 2727 uno,
2392 2672 2448 2718 et
2469 2665 2660 2719 semini
2690 2677 2780 2721 tuo
2809 2669 2952 2736 quo]
2973 2679 3058 2724 est
3087 2671 3357 2727 Christus.
3388 2673 3503 2726 Hoc

1927 2768 1944 2800 ι
1983 2759 2159 2806 autem
2188 2753 2308 2807 dico
2341 2763 2721 2811 testamentum
2749 2759 3126 2816 confirmatum
3161 2778 3190 2814 a
3218 2762 3326 2818 Deo
3347 2805 3361 2828 ,
3389 2779 3510 2832 qua:

1927 2860 1944 2890 ι
1983 2851 2102 2911 post
2128 2844 2513 2915 quadragintos
2540 2855 2597 2900 et
2623 2848 2843 2917 triginta
2887 2864 3059 2904 annos
3107 2850 3244 2904 facta
3285 2861 3370 2907 est
3399 2853 3507 2916 lex,

1927 2951 1944 2983 ι
1984 2948 2090 2987 non
2136 2934 2350 2989 irritum
2380 2935 2509 2992 facit
2560 2937 2628 2992 ad
2672 2941 3040 2994 evacuandam
3069 2943 3505 3010 promissionem.

1927 3038 1944 3072 ι
1983 3020 2116 3074 Nam
2155 3023 2201 3076 si
2245 3038 2310 3077 ex
2357 3023 2472 3095 lege
2500 3024 2821 3091 baereditas,
2848 3027 2962 3097 jam
3013 3045 3122 3083 non
3167 3045 3234 3084 ex
3285 3033 3508 3101 promis-

1931 3130 1948 3162 t
1987 3113 2158 3167 sione.
2211 3113 2442 3169 Abrahm
2481 3124 2660 3171 autem
2708 3133 2805 3186 per
2847 3119 3262 3187 promissionem
3294 3123 3506 3177 donavit

1930 3222 1946 3252 ι
1987 3202 2146 3257 Deus.
2174 3203 2311 3270 Quid
2349 3205 2511 3275 igitur
2536 3205 2660 3260 lex?
2686 3217 2904 3279 propter
2928 3213 3390 3281 transgressiones
3416 3229 3508 3283 po-

1925 3314 1942 3344 ‹
1980 3295 2082 3349 sita
2111 3303 2214 3361 est,
2242 3297 2412 3352 donec
2446 3299 2655 3353 veniret
2679 3315 2889 3366 semen,
2917 3302 3004 3357 cui
3029 3304 3372 3371 promiserat,
3417 3321 3506 3360 or-

1925 3405 1941 3435 l
1981 3385 2165 3442 dinata
2215 3402 2314 3456 per
2346 3389 2566 3459 angelos
2609 3392 2661 3444 in
2715 3407 2878 3445 manu
2928 3395 3272 3450 mediatoris.
3309 3397 3508 3452 Media-

1925 3495 1941 3524 ι
1981 3483 2067 3528 tor
2103 3483 2285 3529 autem
2319 3477 2480 3530 unius
2511 3493 2617 3532 non
2664 3487 2769 3543 est,
2816 3481 2959 3535 Dens
3009 3490 3187 3535 autem
3215 3499 3356 3538 unus
3401 3494 3504 3540 est.

1923 3584 1940 3615 ι
1981 3564 2087 3618 Lex
2115 3581 2243 3636 ergo
2288 3566 2547 3622 adversus
2587 3569 2853 3638 promissa
2894 3569 3028 3622 Dei?
3057 3569 3216 3624 absit.
3269 3571 3325 3626 Si
3357 3574 3503 3626 enim

1924 3669 1941 3700 s
1980 3653 2102 3707 data
2124 3660 2267 3708 esset
2293 3653 2398 3718 lex,
2427 3671 2548 3724 qum
2575 3665 2757 3726 posset
2783 3656 3081 3724 vivificare,
3114 3674 3241 3712 vere
3285 3676 3350 3714 ex
3385 3661 3502 3733 lege

1922 3761 1940 3796 ‹
1980 3753 2125 3800 esset
2152 3743 2384 3814 justitia.
2417 3745 2526 3802 Sed
2564 3747 2832 3803 conclusit
2857 3749 3141 3820 Scriptura
3179 3752 3359 3806 omnia
3407 3753 3508 3808 sub

1922 3855 1940 3887 ι
1979 3846 2223 3906 peccato,
2244 3848 2306 3892 ut
2328 3839 2616 3908 promissio
2643 3855 2711 3895 ex
2739 3840 2844 3896 ﬁde
2882 3839 3010 3897 Jcsu
3055 3841 3256 3898 Cbris:i
3286 3844 3508 3901 daretur

1923 3949 1940 3980 ι
1977 3929 2354 3985 crcdentibus..
2389 3949 2407 3983 ι

1987 4019 2213 4074 Abrahte
2251 4019 2407 4074 dicta
2436 4029 2559 4074 sunt
2600 4022 3027 4092 repromissiones
3055 4032 3101 4076 et
3140 4025 3327 4078 semini
3367 4024 3501 4094 ejus.

1917 4113 2018 4180 (Ex
2040 4111 2286 4182 Hieron.)
2317 4111 2561 4183 Simplex
2594 4124 2776 4168 autem
2800 4129 3010 4177 sensus,
3051 4119 3142 4182 qui
3177 4116 3228 4168 in
3255 4117 3357 4170 boc
3384 4117 3504 4172 loco

1917 4202 2136 4266 texitur,
2167 4203 2307 4258 hanc
2343 4203 2452 4257 vim
2482 4204 2680 4268 habet,
2729 4213 2791 4258 ut
2827 4206 3021 4269 doceat
3049 4205 3340 4274 Apostolus
3392 4224 3500 4261 non

1915 4308 2073 4362 posse
2111 4308 2209 4362 per
2245 4293 2437 4363 legem,
2463 4310 2585 4364 quae
2611 4303 2800 4364 postea
2835 4295 2958 4348 data
2990 4302 3094 4359 est,
3125 4296 3502 4364 repromissio-

1915 4399 2034 4448 nes,
2056 4399 2177 4454 qua:
2221 4393 2381 4440 antea
2423 4385 2578 4440 factae
2605 4395 2730 4440 sunt
2763 4386 2829 4440 ad
2877 4383 3151 4440 Abraham
3195 4387 3420 4449 destrui,
3447 4397 3504 4443 et

1914 4475 2212 4545 posteriora
2247 4476 2522 4545 prioribus
2564 4475 2940 4548 praeiudicare,
2974 4493 3094 4532 eum
3129 4481 3500 4549 repromissio-

1917 4581 2013 4621 nes
2044 4566 2111 4619 ad
2139 4565 2411 4621 Abraham
2441 4575 2567 4622 ante
2603 4567 3027 4638 quadringentos
3068 4561 3287 4638 triginta
3327 4585 3501 4626 annos

1916 4657 2054 4711 data:
2076 4657 2204 4720 sint,
2235 4657 2379 4726 quod
2415 4657 2869 4714 benedicerentur
2896 4659 2948 4713 in
2979 4659 3068 4715 illo
3111 4661 3376 4717 universzc
3405 4681 3501 4718 na-

1915 4745 2125 4811 tiones',
2174 4745 2308 4817 legis
2365 4755 2543 4802 autem
2590 4750 2930 4814 observatio,
2980 4751 3122 4820 quod
3153 4754 3242 4821 qui
3283 4753 3501 4811 fecisset

1913 4856 2054 4907 eam,
2104 4843 2314 4898 viveret
2339 4843 2392 4897 in
2423 4859 2508 4911 ea,
2547 4852 2672 4914 post
2705 4847 3130 4918 quadringentos
3162 4849 3380 4919 triginta
3406 4868 3500 4906 an-

1912 4951 2011 4990 nos
2041 4935 2170 4991 Mosi
2207 4937 2332 4990 data
2354 4938 2424 4992 sit
2453 4937 2506 4991 in
2536 4946 2718 4993 monte
2747 4936 2919 4992 Sinai.

1989 5025 2111 5080 Non
2131 5025 2278 5092 dicit,
2306 5037 2353 5081 et
2391 5028 2694 5091 seminibus,
2740 5029 2892 5098 quasi
2914 5029 2969 5082 in
2996 5029 3194 5096 multis,
3224 5033 3316 5086 sed
3348 5037 3500 5104 quasi

1914 5111 1969 5166 in
1991 5129 2094 5166 uno
2115 5122 2162 5167 et
2186 5114 2371 5168 semini
2385 5125 2474 5169 tuo
2501 5114 2641 5186 quod
2669 5125 2745 5169 est
2770 5114 3034 5171 Christus.
3055 5117 3251 5174 Semen
3269 5121 3500 5180 Abrahze

1918 5203 2192 5273 apostolus
2219 5204 2495 5261 Christum
2542 5206 2930 5276 interpretatus
2969 5217 3072 5262 est.
3119 5208 3319 5267 Omnes
3356 5211 3500 5267 Scri-

1915 5303 2106 5364 pturas
2140 5311 2302 5351 sensu
2328 5312 2393 5351 ac
2426 5298 2688 5352 memoria
2717 5313 3032 5380 peragrans,
3061 5317 3338 5372 nunquam
3381 5303 3500 5372 plu-

1917 5387 2016 5442 rali
2044 5403 2269 5442 numero
2294 5389 2500 5444 semina
2529 5390 2729 5460 scripta
2753 5393 2946 5461 reperi,
2973 5395 3068 5448 sed
3085 5395 3198 5448 sive
3219 5396 3271 5448 in
3301 5395 3494 5449 bonam

1914 5480 2028 5535 sive
2072 5480 2126 5534 in
2165 5481 2358 5535 malam
2383 5492 2592 5552 partem
2625 5499 2838 5554 semper
2861 5487 3140 5556 singulari.

1985 5568 2101 5624 Hoc
2122 5581 2298 5625 autem
2323 5573 2464 5639 dsco,
2494 5584 2859 5631 testamentum
2891 5577 3256 5644 confirmatum
3296 5593 3328 5628 a
3361 5573 3488 5631 Dco.

1913 5660 2317 5716 Testamentum
2367 5675 2526 5720 vocat
2578 5668 2970 5735 promissiones
3013 5665 3245 5720 Abraha:
3295 5665 3491 5737 factas,

1909 5767 2028 5823 qua:
2067 5769 2174 5809 non
2215 5765 2443 5825 possunt
2471 5755 2539 5812 ab
2587 5757 2805 5819 homine
2853 5755 3126 5825 evacuari,
3171 5772 3294 5812 cum
3327 5758 3491 5819 etiam
