3932 6204
410 331 516 387 L13

1679 312 2031 371 SMARAGDI
2066 291 2357 369 annuis

3544 287 3667 352 ut.

412 439 687 497 hominum
723 438 1050 490 testamenta
1094 431 1185 506 jus
1211 418 1386 485 suum
1411 436 1654 493 teneant,
1682 434 1738 481 et
1785 424 1979 481 resolvi
2011 426 2060 488 Α
2084 439 2255 494 usque
2284 423 2409 479 dum
2437 421 2684 491 Christus
2726 419 2963 485 veniret,
2994 417 3061 472 de
3103 428 3215 485 quo
3249 410 3382 468 dicit
3411 430 3425 467 :
3456 409 3652 469 Semen

410 543 518 584 non
540 525 770 597 possint,
798 521 844 577 si
875 518 1186 576 solemniter
1211 518 1414 574 fuerint
1446 517 1713 572 ordinata.

481 619 581 674 llic
607 624 753 672 certe
795 616 841 670 si
872 626 1178 682 quaeramus
1212 619 1403 666 utrum
1455 609 1557 665 hoc
1601 613 1986 664 testamentum

413 710 556 782 quod
585 708 717 764 dicit
752 705 1127 762 conﬁrmatum
1174 719 1203 758 a
1250 702 1478 775 Domino
1518 716 1625 755 non
1662 699 1924 756 inﬁrmari
1955 713 1988 753 a

415 799 568 869 lege,
606 811 726 865 qua:
756 800 881 864 post
907 790 1328 862 quadringentos
1360 788 1579 859 triginta
1600 866 1605 869 _
1625 802 1796 841 annos
1843 787 1987 840 facta

417 866 522 952 est,
550 894 731 943 utrum
777 896 977 937 novum
1010 896 1079 934 an
1107 888 1262 933 vetus
1306 866 1709 948 intelligendum
1748 876 1835 939 sit,
1868 874 1989 943 quis

421 975 747 1047 respondere
774 972 985 1029 dubitet
1014 970 1250 1025 novum?
1284 969 1377 1025 sed
1405 968 1458 1022 in
1484 967 1813 1038 propheticis
1855 965 1992 1020 late-

422 1067 534 1121 bris
554 1064 898 1127 occultatum,
930 1061 1101 1116 donec
1124 1059 1335 1113 veniret
1370 1066 1602 1126 tempus,
1632 1071 1739 1126 quo
1785 1054 1991 1110 revela-

419 1164 574 1213 retur
606 1153 660 1208 in
693 1151 932 1208 Christo.

494 1245 626 1312 Quae
661 1252 775 1314 post
820 1241 1263 1314 quadringentos,
1300 1247 1405 1295 etc.
1443 1238 1544 1310 (Ex
1574 1233 1823 1306 llieron.)
1851 1234 1990 1304 Sup-

346 1333 361 1337 ’
422 1334 648 1405 putandi
685 1334 738 1388 in
762 1333 866 1387 hoc
890 1332 1011 1385 loco
1038 1330 1164 1386 anni
1203 1330 1271 1384 ab
1295 1343 1361 1384 eo
1386 1336 1635 1405 tempore
1672 1342 1779 1395 quo
1809 1325 1991 1379 Domi-

422 1437 529 1477 nus
553 1425 621 1478 ad
657 1422 931 1477 Abraham
959 1420 1168 1475 locutus
1207 1429 1291 1474 est
1340 1418 1524 1473 dicens
1574 1436 1586 1470 :
1623 1416 1703 1483 Et
1718 1417 1773 1471 in
1802 1415 1994 1469 semine

430 1524 517 1567 tuo
567 1511 933 1566 benedicentur
978 1526 1153 1563 omnes
1200 1519 1371 1579 gentes
1422 1506 1589 1578 (Gen.
1638 1522 1745 1569 xu,
1805 1505 1992 1573 uti),

430 1618 598 1673 usque
624 1603 692 1657 ad
720 1601 1081 1674 legislaturem
1110 1600 1313 1665 Mosen,
1332 1608 1511 1654 utrum
1541 1595 1920 1668 quadringenti
1941 1602 1999 1649 et

2083 517 2171 572 cui
2202 516 2609 587 repromiserat.

2156 609 2465 666 Ordinatam
2482 624 2575 680 per
2598 604 2828 678 angelos.
2869 602 2971 674 (Ex
2992 600 3223 656 Primas.
3239 597 3259 670 )
3276 598 3390 653 lloc
3408 596 3528 651 loco
3556 594 3660 651 Mo-

2085 717 2183 758 sen
2206 699 2475 771 signiﬁcat
2508 698 2680 768 legem
2723 711 2818 765 per
2837 694 3086 771 angelum
3123 688 3334 745 Domini
3363 686 3659 756 accepisse,

2086 793 2229 849 sicut
2258 767 2584 860 'Slephanus
2632 786 2767 841 dicit
2809 802 2830 838 με
2894 767 2995 837 Hic
3041 789 3116 834 est
3169 779 3260 851 qui
3309 778 3409 848 fuit
3466 777 3524 830 in
3572 792 3660 831 ec-

2087 882 2264 945 clesia,
2291 882 2347 935 in
2369 879 2652 934 solitudine
2680 886 2801 932 eum
2836 871 3043 944 angelo,
3065 870 3155 941 qui
3181 868 3492 940 loquebatur
3514 868 3565 921 ei
3607 867 3661 921 in

2087 982 2261 1027 monte
2285 971 2439 1026 Sinai
2474 970 2613 1040 (Act.
2643 967 2761 1039 tu).
2792 964 2900 1038 (Ea:
2929 961 3173 1033 Hieron.)
3199 962 3257 1016 lu
3286 959 3434 1016 omni
3476 958 3663 1013 Veteri

2089 1064 2436 1119 Testamento
2475 1060 2565 1115 ubi
2613 1058 2834 1128 angelus
2861 1055 3096 1126 primum
3124 1052 3275 1108 visus
3318 1048 3581 1112 refertur,
3607 1057 3666 1102 et

2088 1163 2275 1223 postea
2311 1150 2465 1221 quasi
2494 1150 2638 1204 Deus
2683 1147 2940 1217 loquens,
2983 1140 3258 1198 inducitur
3285 1139 3511 1210 angelus
3544 1138 3665 1207 qui-

2090 1250 2212 1304 dem
2246 1238 2372 1303 vere
2408 1261 2475 1301 ex
2503 1243 2764 1300 ministris
2802 1241 3076 1312 pluribus.
3125 1237 3432 1307 quicunque
3475 1234 3547 1289 sit
3585 1233 3666 1286 vi-

2091 1354 2216 1403 sus,
2252 1337 2348 1393 sed
2379 1338 2432 1391 in
2458 1335 2550 1390 illo
2592 1333 2858 1389 mediator
2898 1329 3154 1399 loquitur,
3201 1325 3295 1396 qui
3326 1324 3456 1380 dicit
3497 1338 3513 1377 :
3552 1321 3665 1391 Ego

2091 1443 2207 1481 sum
2245 1425 2385 1479 Deus
2413 1423 2697 1487 Abraham,
2733 1430 2780 1475 et
2819 1420 2958 1474 Deus
2998 1418 3184 1473 Isaac.
3227 1424 3277 1471 et
3325 1413 3466 1468 Deus
3498 1412 3665 1467 Iacob

2095 1517 2291 1589 (Exod.
2319 1502 2413 1588 Ill).
2434 1544 2453 1569 κ

2164 1609 2232 1665 In
2261 1625 2419 1663 manu
2442 1605 2764 1661 mediatoris.
2791 1603 2891 1674 (Ex
2914 1599 3168 1670 Primus.)
3203 1597 3547 1652 hlediatorem
3579 1592 3669 1647 Je—

430 1693 649 1764 triginta
680 1693 807 1755 sint,
846 1690 931 1745 vel
983 1689 1250 1759 quomodo
1294 1690 1347 1743 in
1376 1688 1570 1743 Genesi
1622 1687 1723 1757 ipsi
1766 1684 1996 1765 Abrahae

2121 1715 2217 1752 .nnt
2241 1697 2540 1760 Christum,
2568 1694 2636 1750 de
2653 1708 2763 1763 quo
2792 1700 2852 1752 ct.
2887 1690 2953 1744 ad
2978 1688 3323 1745 Timotheum
3371 1682 3626 1738 scribitur
3651 1700 3665 1733 :

430 1782 687 1837 Dominus
722 1780 1023 1852 pollicetur,
1055 1780 1197 1850 quod
1227 1788 1348 1849 post
1373 1777 1796 1848 quadringentos
1824 1764 1998 1827 annos

2121 1785 2251 1843 Unus
2285 1786 2441 1851 Deus,
2488 1800 2624 1837 unus
2679 1782 2936 1835 mediator
2977 1778 3073 1832 Dei
3120 1786 3167 1830 et
3204 1773 3471 1828 hominum
3516 1771 3671 1823 homo

2084 1878 2340 1933 .Christus
2369 1875 2522 1930 Iesus
2552 1872 2605 1945 (Ι
2636 1871 2862 1927 Timoth.
2909 1869 2993 1941 ιι).
3024 1867 3183 1923 Manu
3234 1862 3546 1920 mediatoris
3570 1876 3671 1930 po-

431 1872 499 1925 de
526 1880 667 1925 terra
706 1870 981 1926 servitutis
1023 1868 1117 1923 ﬁlii
1165 1869 1282 1939 ejus
1324 1867 1524 1922 exituri
1551 1866 1688 1931 sint,
1716 1880 1823 1919 non
1854 1863 1999 1917 enim

433 1978 595 2034 parva
618 1978 707 2018 res
734 1969 839 2028 est,
857 1971 921 2017 .et
959 1976 990 2015 a
1017 1959 1197 2015 multis
1237 1956 1483 2028 quaesita,
1515 1956 1695 2012 nescio
1720 1970 1788 2009 an
1813 1953 1881 2007 ab
1908 1952 2003 2006 ali-

432 2070 540 2126 quo
562 2055 634 2109 sit
668 2055 907 2109 inventa.
1638 2054 1639 2061 “

506 2145 626 2218 (Ea:
652 2143 910 2215 Primus.)
945 2143 1132 2213 Neque
1168 2141 1289 2211 quis
1328 2148 1482 2210 putet
1505 2151 1626 2193 esse
1650 2133 2001 2196 contrarium,

436 2237 689 2306 quoniam
714 2235 767 2288 in
800 2234 937 2289 libro
957 2231 1232 2288 Geneseos
1254 2230 1525 2284 Abraham
1551 2243 1583 2282 a
1619 2226 1728 2281 Deo
1770 2225 2002 2280 dicitur:

439 2327 607 2391 Scito,
636 2340 986 2395 prwnoscens,
1010 2322 1150 2394 quod
1193 2320 1522 2391 peregrinum
1552 2318 1793 2387 futurum
1832 2314 1899 2368 sit
1927 2328 2012 2367 se-

441 2433 556 2472 men
581 2424 729 2469 tuum
757 2414 813 2467 in
854 2422 995 2468 terra
1043 2427 1148 2465 non
1173 2427 1291 2474 sua,
1319 2418 1366 2462 et
1407 2407 1684 2477 subjicient
1725 2420 1812 2459 eos
1849 2403 2009 2457 serri-

439 2511 560 2574 tuti,
605 2517 654 2562 et
706 2508 927 2580 aﬂligent
963 2504 1364 2576 quadringentos
1393 2517 1558 2555 annos
1599 2498 1756 2572 (Gen.
1793 2492 1928 2568 xv),
1955 2503 2013 2551 et

441 2600 528 2656 hic
547 2598 817 2669 apostolus
837 2597 1055 2668 triginta
1071 2610 1241 2650 annos
1262 2592 1491 2665 amplius
1516 2591 1687 2662 ponit.
1704 2589 1854 2658 Quod
1882 2588 2013 2644 dicit

440 2698 620 2744 autem
645 2688 747 2742 hoc
768 2694 851 2742 est
881 2699 896 2738 :
918 2683 1312 2756 septuagesimo
1332 2680 1507 2737 mtatis
1534 2695 1644 2734 sua:
1669 2691 1812 2732 anno
1842 2675 2013 2729 Abra-

441 2790 565 2836 ham
610 2780 817 2850 acccpit
844 2795 874 2833 a
906 2779 1014 2834 Deo
1062 2776 1553 2848 repromissionem.
1587 2774 1665 2827 Ex
1714 2788 1819 2843 quo
1871 2752 2012 2827 tem;

437 2888 570 2943 pare
597 2848 766 2943 usque
793 2872 861 2926 ad
890 2870 1099 2925 initium
1128 2869 1258 2941 legis
1308 2866 1586 2932 Mosaicae,
1632 2848 2014 2938 quadringenti

440 2975 495 3021 et
537 2965 755 3036 triginta
800 2962 927 3017 anni
977 2963 1080 3017 hac
1124 2963 1333 3016 ratione
1369 2959 1727 3029 complentur,
1758 2973 1822 3013 ex
1875 2965 2011 3010 teru—

440 3072 572 3128 pore
623 3054 1054 3125 repromissionis
1097 3068 1266 3122 usque
1315 3052 1382 3106 ad
1422 3050 1772 3106 centesimum
1810 3060 2014 3102 annum

441 3146 705 3211 Abrahrc,
762 3144 978 3214 quando
1026 3142 1175 3196 Isaac
1232 3143 1538 3197 nasciturus
1591 3139 1772 3206 ﬁlius,
1826 3137 2015 3207 viginti

443 3239 679 3308 quinque
720 3236 856 3309 anni
914 3241 1295 3298 numerantur,
1348 3241 1536 3304 postea
1592 3232 1781 3303 quinto
1841 3230 2017 3288 :etatis

443 3341 586 3382 anno
615 3325 763 3380 Isaac
788 3323 1044 3394 parvulus
1072 3325 1141 3378 ab
1188 3322 1450 3378 lsmahele
1475 3322 1639 3391 cmpit
1664 3319 1845 3392 aﬂligi,
1877 3320 2019 3375 sicut

445 3419 587 3474 idem
622 3416 894 3487 apostolus
938 3416 993 3470 in
1026 3416 1130 3470 hac
1163 3416 1277 3486 ipsa
1307 3413 1532 3487 epistola
1580 3419 1863 3468 memorat.
1895 3411 2020 3465 Evi-

444 3511 637 3567 denter
678 3525 806 3581 ergo
847 3515 1197 3575 monstratur,
1228 3505 1522 3564 secundum
1566 3519 1872 3561 sermonem
1921 3503 2018 3558 Dei

445 3599 515 3656 ad
541 3597 815 3655 Abraham
856 3596 1078 3662 factum,
1104 3602 1227 3667 post
1264 3595 1483 3667 triginta
1518 3608 1690 3647 annos
1730 3590 2020 3662 repromis-

445 3688 616 3744 sionis
656 3704 840 3743 semen
869 3687 987 3758 ejus
1013 3683 1452 3757 persecutoribus
1488 3683 1737 3738 laborare
1765 3682 2015 3752 coepisse.

520 3776 663 3831 Nam
687 3778 731 3831 si
758 3793 822 3832 ea:
842 3776 970 3847 lege,
988 3784 1091 3831 etc.
1118 3776 1198 3831 Ac
1222 3776 1267 3830 si
1299 3776 1523 3840 diceret,
1539 3789 1646 3829 non
1675 3789 1742 3829 ex
1763 3772 1879 3843 lege
1900 3788 2020 3843 quze

450 3867 687 3923 nondum
716 3875 834 3921 erat
854 3906 870 3932 ,
912 3867 1005 3921 sed
1033 3882 1097 3921 ex
1128 3865 1549 3935 repromissione
1579 3863 1810 3923 Abrahae
1851 3863 2021 3918 dona-

450 3969 565 4014 tum
592 3967 676 4014 est
721 3974 938 4025 semen,
987 3958 1130 4028 quod
1164 3967 1248 4016 est
1296 3957 1565 4025 Christus,
1596 3956 1652 4012 in
1691 3969 1800 4026 quo
1832 3969 2018 4011 omnes

448 4050 897 4107 benedicereutur
923 4058 1134 4121 gentes.
1797 4035 1815 4057 ’

522 4157 662 4225 Quid
685 4159 846 4229 igitur
885 4156 993 4223 lex,
1016 4166 1121 4214 etc.
1154 4158 1254 4229 (Ex
1294 4156 1538 4229 Hieron.)
1579 4156 1680 4213 llic
1715 4156 1897 4214 dicere
1926 4170 2023 4226 po-

451 4258 591 4308 terat
616 4251 837 4320 aliquis:
860 4248 1001 4316 Quid
1024 4263 1245 4305 necesse
1268 4247 1370 4304 fuit
1395 4248 1566 4320 legem
1582 4254 1705 4318 post
1726 4247 1831 4303 450
1852 4262 2025 4303 annos

447 4340 886 4412 repromissionis
906 4339 1045 4404 dari,
1076 4354 1199 4395 cum
1237 4347 1292 4397 et
1334 4339 1459 4395 data
1487 4338 1606 4409 lege
1651 4337 1885 4408 suspicio
1928 4336 2025 4394 de-

451 4439 672 4486 structas
712 4430 1017 4501 sponsionis
1044 4424 1281 4499 potuerit
1308 4428 1530 4490 oboriri,
1560 4435 1618 4485 et
1661 4436 1911 4483 manente
1940 4442 2027 4482 re-

453 4520 826 4590 promissione,
852 4533 959 4573 non
985 4516 1263 4589 profutura
1298 4518 1384 4572 lex
1423 4517 1551 4572 data
1573 4517 1665 4581 sit,
1694 4532 1860 4586 quam
1886 4530 2025 4585 prae-

454 4611 645 4667 videns
684 4609 958 4680 apostolus
1016 4610 1366 4678 quaestionem
1406 4609 1459 4663 in
1512 4608 1864 4677 sequentibus
1908 4608 2026 4677 ipse

454 4699 833 4771 sibi.proponit
869 4698 1093 4755 dicens:
1120 4696 1260 4763 Quid
1304 4698 1464 4768 igitur
1491 4697 1613 4751 lex?
1637 4697 1767 4752 item
1814 4697 1927 4765 ipse
1954 4697 2028 4751 si-

456 4792 622 4849 bimet
642 4789 939 4860 respondit,
968 4788 1153 4845 dicens
1183 4806 1195 4842 :
1233 4788 1455 4858 Propter
1474 4788 1915 4858 transgressiones
1934 4802 2027 4857 po-

457 4888 560 4940 sita
602 4891 700 4948 est,
720 4882 882 4937 donec
910 4881 1101 4935 veniret
1134 4888 1391 4943 sanctum,
1438 4878 1524 4933 cui
1568 4878 1887 4950 promissum
1927 4885 2023 4932 est.

459 4975 588 5033 Post
612 4972 871 5029 oﬁ'ensam
898 4971 1045 5025 enim
1083 4970 1138 5026 in
1160 4983 1342 5026 eremo
1362 4967 1562 5039 populi,
1593 4975 1716 5039 post
1746 4967 2026 5024 adoratum

459 5058 708 5125 vitulum,
746 5068 803 5114 et
839 5070 1083 5115 murmur
1130 5060 1186 5115 in
1235 5060 1423 5124 Deum,
1452 5058 1538 5114 lex
1568 5056 2030 5128 transgressiones

461 5149 797 5222 prohibitura
841 5152 1121 5208 successit.
1177 5149 1301 5223 (Ea:
1351 5148 1617 5221 August.)
1666 5148 1777 5204 Lex
1812 5156 2033 5219 propter

464 5240 918 5312 transgressiones
944 5241 1118 5311 posita
1145 5250 1260 5306 est,
1298 5248 1361 5295 ut
1392 5241 1665 5311 acciperet
1707 5241 1868 5296 homo
1894 5254 2031 5309 pras-

461 5338 637 5399 cepta,
673 5329 902 5399 superbe
951 5330 1017 5385 de
1046 5330 1160 5385 suis
1206 5330 1414 5385 viribus
1458 5329 1667 5395 ﬁdens,
1723 5329 1778 5383 in
1831 5328 2029 5399 quibus

460 5423 738 5487 deﬁciens,
769 5430 823 5476 et
849 5419 1024 5477 factus
1041 5422 1201 5477 etiam
1234 5421 1633 5491 praevaricator,
1662 5420 2027 5486 liberatorem,

464 5514 905 5583 Salvatoremque
927 5513 1246 5584 requireret.
1286 5512 1364 5567 lta
1399 5513 1560 5568 timor
1604 5513 1738 5584 legis
1772 5511 2029 5567 humilem

464 5604 666 5661 factum
715 5615 967 5677 tanquam
997 5605 1317 5685 paedagogus
1368 5605 1434 5659 ad
1482 5604 1640 5659 ﬁdem
1694 5604 2030 5674 gratiamque

465 5697 803 5765 perduceret,
816 5705 872 5754 ct
892 5712 995 5759 non
1012 5694 1314 5767 transgredi
1332 5695 1413 5751 vel
1426 5703 1661 5768 cogeret,
1682 5694 1763 5750 vel
1787 5694 2027 5758 doceret,

2041 3107 2087 3169 C

2048 4461 2103 4523 D

2102 1969 2324 2024 tentiam
2352 1974 2407 2022 et
2429 1966 2685 2020 virtutem
2709 1962 2827 2032 ejus
2860 1962 3120 2017 debemus
3147 1957 3415 2025 accipere.
3445 1952 3677 2020 Quidam

2104 2060 2455 2115 mediatorem
2493 2054 2674 2111 Mosen
2721 2058 2931 2124 putant.
2986 2048 3121 2103 Nam
3173 2054 3230 2102 et
3265 2045 3471 2109 Moses,
3502 2043 3676 2105 aiunt,

2104 2150 2245 2203 inter
2277 2148 2446 2203 Deum
2468 2153 2523 2200 et
2540 2143 2792 2214 populum
2814 2141 3024 2196 medius
3048 2137 3171 2202 fuit,
3199 2136 3276 2193 sic
3304 2134 3449 2189 enim
3474 2133 3586 2203 ipse
3607 2131 3677 2185 ad

2105 2239 2357 2310 populum
2398 2237 2518 2293 ait:
2550 2232 2711 2290 Facie
2767 2232 2837 2289 ad
2882 2232 3074 2286 faciem
3118 2229 3327 2283 locutus
3380 2234 3467 2282 est
3518 2223 3680 2279 nobis

2106 2330 2369 2385 Dominus
2394 2328 2447 2381 in
2485 2333 2667 2382 nionte
2697 2324 2762 2380 de
2792 2322 2967 2377 medio
3009 2320 3170 2392 ignis,
3201 2333 3302 2388 ego
3320 2323 3600 2386 sequester
3625 2322 3705 2383 et,

2108 2423 2319 2480 medius
2361 2418 2438 2473 fui
2482 2418 2623 2472 inter
2659 2416 2826 2471 Deum
2854 2422 2910 2470 et
2936 2429 3034 2469 vos
3065 2413 3117 2467 in
3150 2420 3391 2480 tempore
3440 2408 3532 2463 illo
3556 2446 3571 2471 ,
3622 2415 3687 2459 ut

2110 2513 2491 2571 aununtiarem
2544 2509 2695 2563 vobis
2732 2508 2895 2561 verba
2940 2503 3075 2574 ejus.
3114 2500 3222 2576 (Er
3258 2497 3499 2569 Hieron.)
3543 2496 3685 2564 Quia

2108 2620 2237 2662 vero
2266 2601 2513 2658 lectionis
2544 2598 2677 2653 ordo
2710 2595 2965 2653 confusus
3010 2602 3115 2659 est,
3158 2599 3216 2648 et
3238 2589 3532 2662 hyperbato
3561 2602 3692 2655 per-

2110 2694 2381 2757 turbatur,
2434 2689 2513 2744 sic
2550 2687 2707 2742 nobis
2746 2684 3052 2740 reddendus
3103 2681 3317 2736 videtur
3366 2696 3378 2733 :
3428 2677 3536 2732 Lex
3586 2691 3691 2746 po-

2110 2784 2215 2840 sita
2263 2787 2347 2837 est
2393 2793 2489 2848 per
2526 2775 2746 2845 angelos
2791 2774 2845 2829 in
2890 2787 3052 2827 manu
3080 2767 3424 2832 mediatoris,
3464 2775 3692 2834 propter

2112 2870 2568 2944 transgressiones
2600 2866 2846 2922 ordinata
2875 2879 2973 2935 per
3009 2860 3250 2933 angelos,
3279 2866 3453 2914 donec
3479 2854 3696 2909 veniret

2112 2981 2318 3031 semen,
2345 2963 2428 3019 cui
2458 2959 2841 3031 repromissum
2867 2963 2968 3021 est,
3000 2968 3185 3013 semen
3212 2959 3411 3013 autem,
3439 2944 3581 3001 haud
3601 2944 3696 2998 du-
3744 2954 3767 2976 ι

2115 3061 2288 3123 bium,
2332 3056 2464 3125 quin
2512 3054 2784 3111 Christum
2821 3047 3108 3119 signiﬁcet,
3140 3044 3212 3103 .de
3255 3056 3363 3112 quo
3409 3037 3698 3093 Matthmus

2116 3153 2195 3209 ait
2230 3168 2246 3206 :
2280 3148 2433 3204 Liber
2460 3141 2809 3216 generation's
2831 3137 2961 3194 Jesu
2987 3134 3200 3198 Christi,
3244 3131 3344 3202 lilii
3373 3128 3563 3192 David,
3595 3126 3699 3195 filii

2118 3243 2382 3300 Abraham
2408 3237 2622 3312 (Matth.
2650 3234 2713 3306 ι).

2190 3310 2454 3389 Mediator
2481 3336 2657 3384 autem
2694 3324 2853 3378 unius
2890 3337 2994 3376 non
3036 3327 3134 3374 est.
3173 3312 3505 3386 Subauditur
3534 3310 3702 3364 unius

2119 3426 2290 3499 partis
2340 3438 2447 3479 non
2494 3427 2577 3476 est
2611 3416 2908 3479 mediator,
2957 3411 3051 3467 sed
3093 3408 3235 3479 inter
3277 3403 3444 3469 duas,
3485 3409 3548 3456 ut
3588 3412 3707 3454 me-

2119 3519 2243 3576 dius
2274 3517 2366 3577 sit.

2193 3609 2331 3664 Deus
2376 3614 2551 3659 autem
2603 3615 2739 3655 unus
2769 3606 2866 3652 est.
2897 3594 3010 3650 Hoc
3043 3600 3224 3648 autem
3276 3590 3396 3645 ideo
3431 3584 3600 3650 addit,
3634 3597 3706 3637 nc

2120 3701 2242 3772 quis
2297 3701 2514 3767 putaret
2563 3689 2838 3751 Christum
2888 3686 2957 3740 ab
3006 3683 3214 3739 unitate
3252 3679 3445 3735 divina:
3490 3681 3706 3728 natura:

2120 3765 2335 3864 penitus
2378 3801 2500 3843 esse
2536 3782 2790 3846 divisum,
2836 3777 2965 3849 quia
3009 3771 3326 3831 mediatoris
3373 3765 3709 3836 suscepisset

2121 3880 2356 3938 cilicium

2132 4018 2137 4021 γ
2195 3970 2301 4024 Lex
2325 3982 2446 4037 ergo
2488 3963 2735 4020 adversus
2780 3956 3038 4031 promissa
3072 3952 3208 4008 Dei?
3233 3950 3388 4005 absit.
3434 3944 3515 4000 Ac
3544 3943 3591 3998 si
3625 3943 3707 3998 di—

2122 4066 2310 4117 ceret:
2344 4056 2453 4111 Lex
2485 4052 2579 4108 Dei
2604 4048 2871 4122 promissa
2916 4060 3022 4101 non
3070 4040 3270 4105 aufert,
3300 4037 3396 4094 sed
3432 4040 3711 4107 prmparat

2124 4151 2192 4206 ad
2236 4147 2519 4222 promissa.
2558 4143 2711 4199 Sicut
2745 4139 3012 4201 mediator
3041 4135 3136 4190 Dei
3164 4141 3218 4190 et
3242 4131 3521 4188 hominum
3561 4126 3709 4182 inter

2124 4215 2342 4296 dantem
2372 4244 2426 4291 et
2475 4232 2827 4302 accipientem
2875 4227 3045 4298 legem
3077 4224 3283 4278 medius
3320 4219 3458 4284 fuit,
3490 4218 3569 4273 sic
3618 4215 3709 4270 lex

2126 4333 2272 4403 ipsa,
2322 4329 2605 4399 qtue'post
2660 4320 3133 4392 repromissionem
3189 4323 3245 4372 et
3290 4310 3708 4383 completionem

2127 4402 2247 4492 ejus
2274 4412 2450 4477 mc‘dia
2495 4414 2789 4484 subrepsit,
2818 4427 2937 4481 quae
2984 4425 3092 4465 non
3136 4406 3340 4464 idcirco
3388 4402 3710 4458 arbitranda

2125 4524 2211 4572 est
2228 4508 2697 4584 repromissionem
2726 4504 3036 4575 excludere,
3062 4516 3167 4572 qua
3190 4508 3381 4570 postea
3410 4497 3712 4561 subsecuta

2126 4618 2245 4660 cam
2296 4617 2416 4674 qum
2452 4599 2604 4670 prius
2647 4595 2779 4661 fuit,
2804 4595 3080 4649 videretur
3122 4590 3363 4653 abolere,
3391 4587 3489 4642 sed
3535 4600 3607 4640 ex
3644 4598 3711 4638 eo

2127 4694 2271 4766 quod
2323 4708 2432 4747 non
2459 4689 2636 4761 potuit
2667 4685 2980 4750 viriﬁcare,
3028 4699 3129 4738 nec
3164 4682 3230 4756 id
3275 4681 3517 4736 tribuere
3562 4675 3712 4748 quod

2128 4782 2476 4855 repromissio
2513 4779 2688 4851 prima
2714 4777 2955 4846 pollicita
2982 4784 3088 4841 est,
3124 4770 3468 4828 manifestum
3523 4777 3613 4824 est
3654 4768 3710 4821 in

2128 4873 2429 4935 custodiam
2452 4886 2572 4926 eam
2600 4866 3034 4939 repromissionis
3068 4880 3178 4923 non
3214 4864 3269 4919 in
3299 4861 3711 4919 subversionem

2132 4964 2332 5019 datam.

2204 5053 2262 5110 Si
2295 5053 2432 5110 enim
2479 5052 2606 5106 data
2632 5059 2764 5106 esset
2792 5049 2895 5114 lex,
2928 5056 3036 5103 etc.
3077 5043 3202 5102 Ideo
3240 5060 3349 5099 non
3379 5042 3715 5104 viviﬁcabat,

2132 5147 2261 5218 quia
2310 5152 2594 5217 peccatum
2631 5140 2892 5211 originale
2940 5137 3160 5218 auferre
3209 5152 3316 5192 non
3348 5142 3583 5205 poterat,
3623 5130 3717 5186 vel

2135 5246 2284 5294 certe
2312 5236 2441 5307 quia
2481 5250 2588 5289 non
2629 5234 2908 5289 hircorum
2949 5214 3057 5285 aut
3089 5227 3512 5289 taurorum,sed
3554 5223 3719 5280 Chri-

2133 5329 2203 5386 sti
2225 5327 2486 5398 sanguine
2506 5333 2627 5380 erat
2651 5325 2763 5379 vita
2791 5323 3058 5379 donanda.

2219 5417 2344 5474 Vere
2375 5433 2440 5472 ex
2485 5416 2593 5487 lege
2636 5424 2765 5470 esset
2785 5414 3021 5485 justitia.
3050 5412 3261 5469 Donum
3288 5410 3569 5480 promissre
3602 5406 3722 5460 hm-

2135 5509 2382 5565 rcditatis
2406 5507 2672 5578 justitiam
2714 5505 3043 5568 nominavit,
3072 5519 3139 5558 ac
3171 5504 3216 5557 si
3263 5503 3489 5579 diceret,
3516 5499 3561 5553 si
3585 5498 3722 5552 data

2136 5608 2282 5655 esset
2320 5599 2426 5663 lex,
2466 5612 2586 5667 qua:
2632 5596 2802 5666 possit
2844 5602 3110 5665 proastare
3146 5594 3333 5655 vitam,
3378 5599 3434 5646 et
3478 5589 3532 5643 id
3569 5586 3725 5656 quod

2140 5690 2484 5761 repromissio
2534 5688 2893 5760 spoponderat
2939 5685 3215 5763 exhibere,
3254 5696 3380 5738 vere
3425 5677 3724 5754 promissio
