3932 6204
1028 249 1053 280 \

289 365 393 421 ΗΞ
1132 365 1648 424 COLLECTIONES
1685 369 1753 425 [Ν
1792 368 2168 430 EPISTOLAS
2209 373 2296 430 ET
2335 376 2743 435 EVANGELIA.
3441 385 3548 441 illi

288 496 389 553 per
431 480 605 551 legem
642 486 924 550 putaretur
945 481 1181 536 exclusa.
1236 481 1390 538 Nune
1431 491 1609 539 autem
1645 494 1866 555 propter
1892 495 1939 555 Α
1973 509 1992 541 ε
2027 492 2265 563 alligavit
2305 496 2525 551 vulnera
2551 498 2687 568 ejus,
2721 498 3008 556 infundens
3044 502 3222 557 oleum
3253 512 3308 558 et
3333 505 3538 562 vinum.

293 570 776 639 transgressiones,
804 582 862 624 ut
896 586 1060 640 supra
1084 572 1340 639 diximus,
1377 576 1551 645 posita
1580 576 1753 646 magis
1772 593 1866 633 eos

291 664 467 734 arguit
502 669 835 733 peccatores,
885 665 1082 733 quibus
1124 676 1245 736 post
1294 670 1767 738 repromissionem
1811 672 1865 726 in

180 819 195 829 ν
290 753 612 819 custodiam,
643 761 699 807 et
730 763 788 807 ut
817 753 890 807 ita
938 754 1135 820 dicam,
1169 758 1223 812 in
1267 772 1545 815 carcerem
1579 761 1703 816 data
1757 771 1862 828 est,

289 851 349 899 ut
392 844 485 914 qui
520 842 824 898 voluntarie
868 844 1159 900 noluerunt
1204 847 1507 905 innocentis
1550 857 1865 919 exspectare

285 936 615 1007 promissum
635 974 650 1000 ,
680 934 946 1005 legalibus
972 936 1202 993 vinculis
1237 938 1538 1009 prmpediti,
1571 948 1629 995 et
1663 941 1720 995 in
1748 954 1867 995 ser-

286 1026 511 1080 vitutem
543 1025 920 1079 mandatorum
959 1027 1203 1094 redacti,
1234 1031 1641 1086 custodirentur
1670 1031 1727 1087 in
1775 1033 1867 1087 ad-

284 1123 450 1171 ventu
491 1114 685 1170 futura:
714 1114 838 1171 ﬁdei
865 1116 916 1171 in
946 1115 1182 1185 Christo,
1224 1133 1344 1190 quae
1379 1120 1538 1176 linem
1568 1123 1862 1191 repromis-

285 1207 456 1262 sionis
480 1205 737 1262 alerret.‘
1359 1261 1363 1265 .

354 1296 464 1352 Sed
491 1295 745 1350 conclusit
765 1298 940 1350 omnia
967 1298 1061 1352 sub
1082 1309 1314 1368 peccato.
1339 1302 1441 1374 (Ex
1469 1300 1725 1375 Primus.)
1753 1303 1861 1359 Ad-

285 1386 536 1441 veniente
560 1385 797 1452 Christo,
829 1386 921 1456 qui
950 1389 1051 1443 sub
1096 1389 1212 1460 lege
1246 1390 1378 1445 Mosi
1398 1401 1596 1455 ‘crant,
1622 1393 1858 1449 conclusi

281 1486 407 1530 sunt
431 1476 536 1531 sub
559 1485 801 1546 peccato,
826 1479 870 1531 si
897 1478 1041 1531 ultra
1080 1479 1132 1533 in
1162 1479 1296 1548 legis
1324 1483 1696 1539 observatione
1738 1499 1860 1554 per-

282 1579 505 1620 manere
531 1565 815 1621 voluerint.
849 1565 985 1633 Quia
1037 1567 1308 1624 maledicti
1358 1572 1450 1640 qui
1491 1575 1698 1629 umbrae
1725 1574 1860 1645 legis

281 1658 660 1723 deservierint,
689 1658 915 1713 veritate
954 1669 1237 1728 praesente.
1267 1661 1401 1717 Nam
1431 1672 1487 1718 et
1529 1666 1632 1720 hoc
1669 1675 1857 1721 osten-

280 1751 382 1814 dit,
406 1748 551 1819 qnod
593 1764 699 1804 non
731 1750 905 1820 potuit
952 1751 1200 1818 inveniri,
1243 1754 1335 1823 qui
1375 1756 1556 1809 omnia
1585 1764 1854 1826 praecepta

281 1839 417 1911 legis
444 1839 710 1909 impleret.
748 1839 885 1894 Sive
931 1841 1186 1896 conclusa
1213 1844 1285 1897 sit
1321 1844 1452 1898 dicit
1481 1846 1584 1899 sub
1606 1855 1850 1914 peccato,
1882 1828 1929 1887 Β

280 1927 333 1984 id
351 1924 469 1993 est,
489 1927 839 1997 deprehendit
872 1930 1051 1984 omnia
1080 1933 1182 1985 sub
1222 1941 1447 2001 peccato
1473 1948 1595 1989 esse
1641 1935 1855 1990 conclu-

277 2033 367 2083 sa,
409 2026 471 2072 ut
512 2026 789 2087 peccatum
833 2019 933 2074 nis'
984 2021 1038 2074 in
1097 2020 1318 2076 Christo
1363 2023 1648 2078 credentes
1689 2024 1854 2079 decli-

276 2123 412 2164 nare
453 2125 560 2163 non
593 2110 822 2180 possint,
851 2106 906 2165 et
951 2111 1031 2166 sic
1067 2126 1291 2167 necesse
1319 2122 1485 2180 esset,
1515 2122 1574 2167 ut
1619 2129 1718 2184 per
1761 2130 1851 2170 so—

277 2202 383 2257 lam
412 2203 571 2258 ﬁdem
599 2205 668 2258 ad
711 2205 1032 2273 promissam
1062 2205 1292 2260 salutem
1338 2208 1690 2276 pervenirent
1734 2223 1853 2263 cre-

274 2292 489 2347 dentes.
519 2293 648 2347 ltem
672 2293 942 2359 conclusi,
976 2295 1030 2350 id
1057 2303 1168 2361 est,
1200 2295 1253 2349 in
1289 2296 1457 2350 multa
1501 2296 1746 2352 distracti
1782 2312 1849 2353 ex

275 2383 507 2438 diversis
530 2384 1017 2447 observationibus,
1050 2386 1296 2454 occupati
1321 2387 1375 2440 in
1408 2386 1594 2441 schola
1623 2387 1755 2458 legis
1782 2389 1851 2444 ad

274 2473 579 2528 doctrinam
609 2473 732 2528 fidei
761 2475 1268 2545 servabamur,qua‘.
1298 2475 1500 2532 Christi
1551 2486 1670 2531 erat
1714 2486 1851 2533 tem-

275 2579 412 2633 pore
444 2564 750 2619 revelanda.

346 2652 416 2707 Ut
436 2656 713 2724 promissio
745 2672 809 2710 ea:
852 2655 958 2724 ﬁde
984 2655 1125 2711 Iesu
1145 2656 1342 2713 Christi
1369 2660 1587 2714 daretur
1629 2662 1848 2715 creden-

276 2744 433 2798 tibus.
468 2744 567 2814 (Ex
598 2745 842 2817 Hieron.)
875 2746 928 2801 ld
957 2755 1060 2807 est.
1104 2763 1324 2804 necesse
1351 2759 1496 2805 esset
1514 2751 1636 2806 sola
1666 2759 1724 2806 ut
1745 2751 1851 2808 ﬁde

274 2836 472 2893 Christi
527 2838 759 2895 salvaret
789 2841 1091 2896 credentes.
1143 2840 1254 2897 Nec
1298 2856 1427 2898 vero
1476 2845 1849 2901 testimandum

273 2931 600 3001 scripturam
644 2940 917 2988 auctorem
949 2948 1071 2989 esse
1098 2934 1326 3004 peccati,
1355 2937 1483 3005 quia
1533 2937 1714 2991 omnia
1748 2937 1848 2991 sub

273 3029 500 3089 peccato
536 3021 870 3077 conclusisse
912 3023 1147 3089 dicatur,
1192 3040 1316 3079 cum
1362 3025 1674 3079 mandatum
1704 3026 1847 3094 quod

272 3129 338 3169 ex
358 3111 482 3180 jure
509 3113 844 3183 przecipitur,
879 3114 1129 3169 ostendat
1160 3115 1340 3185 potius
1373 3124 1672 3187 arguatque
1721 3133 1847 3187 pec-

272 3211 488 3269 catum,
526 3218 688 3274 quam
717 3205 789 3261 sit
837 3219 1000 3261 causa
1042 3207 1268 3276 peccati.
1298 3205 1578 3274 Quomodo
1602 3214 1659 3262 et
1681 3202 1845 3275 iudex

271 3311 378 3350 non
412 3304 498 3351 est
523 3304 708 3351 auctor
745 3297 966 3353 sceleris
1004 3312 1235 3368 nequam
1266 3298 1514 3353 homines
1537 3299 1840 3364 vinciendo,

272 3385 368 3439 sed
393 3385 668 3440 concludit
694 3399 788 3441 eos
824 3394 880 3441 et
910 3394 1166 3441 nocentes
1210 3387 1490 3442 sententia:
1519 3402 1629 3442 sua:
1658 3397 1844 3443 aucto—

274 3474 433 3529 ritate
465 3478 809 3545 pronuntiat;
843 3484 907 3531 ut‘
931 3477 1143 3533 debitos
1176 3493 1350 3548 paena:
1391 3479 1721 3551 indulgentia
1753 3495 1847 3550 po-

274 3578 385 3624 stea
404 3610 421 3636 ,
456 3569 504 3624 si
527 3569 774 3635 voluerit,
800 3570 1116 3641 principalis
1146 3571 1407 3626 absolvat.

655 3675 990 3716 κνλκσειιωι
1030 3674 1211 3725 LUCE,
1251 3675 1369 3717 CAP.
1411 3678 1464 3716 Χ.

348 3767 368 3800 s
410 3748 560 3804 Beati
596 3750 736 3805 oculi
771 3751 862 3822 qui
910 3751 1095 3807 vident
1144 3766 1265 3822 qua:
1301 3766 1402 3807 vos
1451 3752 1666 3807 videtis.
1717 3753 1848 3809 Dico

278 3858 302 3894 ι
336 3842 483 3897 enim
518 3843 692 3909 vobis,
737 3844 878 3913 quod
911 3843 1063 3898 multi
1090 3859 1246 3914 rcges
1269 3852 1326 3898 et
1350 3844 1627 3914 prephetm
1664 3844 1849 3898 voluc-

277 3941 302 3983 r
334 3938 460 3987 runt
489 3933 672 3989 videre
707 3948 828 4003 quae
858 3949 956 3989 vos
984 3934 1199 3999 videtis,
1231 3942 1287 3989 et
1332 3946 1438 3988 non
1470 3934 1740 3998 viderunt,
1795 3943 1850 3989 et

278 4045 297 4074 ι
333 4024 519 4078 audire
537 4040 659 4093 qua:
684 4024 883 4079 auditis
906 4033 961 4079 et
985 4039 1088 4079 non
1116 4023 1422 4078 audierunt.
1471 4024 1539 4078 Et
1563 4040 1693 4081 ecce
1723 4024 1846 4094 qui-

280 4132 297 4162 s
334 4113 457 4166 dam
484 4112 828 4183 legisperitus
847 4114 1104 4179 surrexit,
1136 4122 1354 4169 testans
1372 4115 1521 4169 illum
1544 4125 1601 4170 et
1627 4116 1845 4171 (licens:

283 4222 297 4252 ι
340 4203 612 4274 Magister,
642 4203 770 4274 quid
811 4203 1058 4260 faciendo
1105 4207 1273 4260 vitam
1322 4212 1574 4260 mternam
1610 4206 1849 4276 possideo

279 4311 300 4343 ο
334 4294 434 4347 bo?
456 4292 526 4348 At
557 4292 647 4347 ille
682 4293 821 4348 dixit
849 4294 914 4349 ad
946 4309 1067 4348 eum
1094 4310 1107 4347 :
1136 4294 1194 4349 ln
1248 4294 1364 4365 lege
1413 4295 1541 4365 quid
1586 4295 1847 4364 scriptum

281 4402 297 4431 ι
337 4384 451 4437 est?
494 4382 774 4449 Quomodo
801 4374 969 4453 legis?
998 4382 1090 4438 llle
1129 4386 1460 4454 respondens
1507 4384 1644 4438 dixit
1674 4401 1688 4438 :
1718 4383 1849 4438 Βηί-

279 4494 298 4523 ς
338 4489 430 4542 ges
456 4473 743 4529 Dominum
770 4473 940 4528 Deum
973 4483 1121 4529 tuum
1168 4491 1231 4531 ex
1267 4484 1380 4530 toto
1423 4475 1587 4531 corde
1632 4485 1741 4541 tuo,
1778 4491 1845 4531 ex

1972 602 1988 631 ι
2031 584 2394 655 Etimponens
2414 588 2560 642 illum
2591 590 2643 643 in
2661 588 2964 657 iumentum
2996 609 3153 648 suum
3180 594 3334 649 duxit
3354 596 3407 649 in
3432 603 3544 651 sta-

1971 691 1989 722 σ
2025 673 2229 734 bulum.
2268 683 2322 731 et
2354 693 2540 733 curam
2587 678 2703 747 ejus
2730 682 2860 752 egit.
2891 682 2959 737 Et
2985 684 3155 738 altera
3203 687 3291 741 die
3312 688 3542 757 protulit

1971 781 1988 813 ι
2029 765 2161 819 duos
2189 767 2457 834 denarios,
2488 780 2544 824 et
2577 771 2722 826 dedit
2757 774 3069 839 stabulario,
3096 784 3152 830 et
3183 777 3258 830 ait
3285 794 3299 831 :
3339 777 3538 832 Curam

1970 871 1988 903 ι
2026 852 2167 909 illius
2195 856 2364 920 habe,
2416 868 2470 913 et
2508 861 2863 932 quodcunque
2899 870 3408 937 supererogaveris,
3440 884 3541 939 ego

1969 959 1987 992 ι
2021 958 2142 997 cum
2165 946 2377 1002 rediero
2390 948 2607 1004 reddam
2638 951 2752 1005 tibi.
2771 951 2902 1019 Quis
2918 954 3113 1029 horum
3138 956 3302 1010 trium
3322 958 3539 1013 videtur

1969 1051 1987 1082 ε
2022 1033 2118 1088 tibi
2158 1036 2437 1104 proximus
2479 1038 2645 1095 fuisse
2690 1041 2785 1107 illi,
2815 1044 2908 1113 qui
2941 1045 3129 1101 incidit
3173 1047 3227 1103 in
3261 1048 3497 1104 latrones
3514 1049 3557 1103 τ’.

1968 1145 1985 1175 ι
2021 1128 2090 1181 At
2119 1127 2207 1183 ille
2230 1131 2367 1185 dixit
2396 1150 2409 1185 :
2438 1132 2540 1200 Qui
2576 1134 2706 1190 fecit
2745 1137 3171 1193 misericordiam
3193 1141 3246 1194 in
3270 1140 3442 1198 illum.
3470 1142 3536 1197 Et

1966 1239 1985 1269 ι
2023 1221 2099 1274 ait
2135 1220 2210 1275 illi
2237 1220 2395 1279 Jesus
2427 1244 2440 1278 :
2468 1227 2614 1281 Vade
2659 1235 2713 1283 et
2751 1227 2835 1283 fac
2862 1228 3127 1285 similiter.
3159 1251 3179 1283 ι

2030 1333 2180 1388 Beati
2212 1336 2351 1390 oculi
2380 1340 2470 1409 qui
2497 1340 2667 1394 vident
2691 1359 2810 1413 qua:
2848 1361 2935 1397 vos
2964 1344 3167 1399 videtis.
3208 1346 3309 1417 (Ex
3340 1347 3532 1416 Beda.)

1958 1419 2074 1475 Non
2122 1423 2260 1478 oculi
2289 1425 2599 1483 Scribarum
2639 1440 2693 1485 et
2742 1431 3161 1497 Pharismorum,
3197 1436 3288 1504 qui
3345 1450 3541 1505 corpus

1959 1508 2168 1565 Domini
2214 1521 2421 1568 tantum
2477 1517 2759 1583 viderunt,
2789 1520 2883 1573 sed
2922 1521 2998 1574 illi
3044 1522 3187 1576 beati
3234 1525 3411 1587 oculi,
3442 1525 3535 1592 qui

1955 1600 2071 1667 ejus
2111 1614 2336 1672 possunt
2363 1620 2690 1674 cognoscere
2718 1618 3088 1675 sacramenta,
3120 1612 3187 1665 de
3235 1612 3430 1682 quibus
3456 1613 3539 1668 di-

1957 1691 2101 1745 citur
2130 1711 2148 1746 :
2177 1692 2243 1746 Et
2294 1693 2531 1748 revelasti
2572 1714 2634 1749 ea
2688 1698 2921 1766 parvulis
2973 1699 3203 1771 (Matth.
3239 1703 3358 1773 x1),
3392 1702 3539 1761 beati

1956 1781 2093 1835 oculi
2124 1783 2466 1851 parvulorum
2488 1825 2502 1851 ,
2536 1787 2733 1855 quibus
2761 1796 2817 1843 et
2849 1804 2908 1843 se
2936 1798 2990 1843 et
3010 1788 3224 1845 Patrem
3257 1792 3427 1849 Filius
3450 1808 3539 1850 re-

1955 1871 2132 1925 velare
2153 1872 2422 1945 dignatur.

2041 1963 2172 2017 Dico
2200 1974 2376 2019 autem
2411 1966 2565 2027 vobis,
2598 1968 2737 2036 quod
2782 1966 2934 2021 multi
2975 1982 3119 2036 reges
3167 1978 3215 2019 ct
3269 1969 3535 2034 propheta:

1959 2056 2239 2110 voluerunt
2268 2056 2437 2112 videre
2466 2074 2585 2127 qua:
2614 2075 2704 2113 vos
2753 2058 2963 2120 videtis,
2997 2070 3047 2113 et
3076 2075 3178 2113 non
3205 2057 3468 2121 viderunt,
3487 2069 3535 2111 et

1955 2148 2144 2203 audire
2163 2166 2280 2219 qua:
2302 2151 2520 2212 auditis,
2553 2161 2721 2206 etnon
2743 2152 3046 2206 audierunt.
3077 2152 3340 2207 Abraham
3354 2151 3535 2205 exsul-

1957 2242 2082 2294 tavit
2109 2250 2164 2294 ut
2189 2241 2382 2296 rideret
2412 2243 2546 2296 diem
2586 2243 2788 2299 Christi
2808 2282 2825 2308 ,
2863 2253 2917 2298 et
2945 2246 3074 2300 vidit
3120 2256 3169 2302 et
3215 2248 3426 2317 gavisus
3455 2256 3535 2301 est

1956 2333 2139 2402 (Joau.
2162 2349 2277 2396 vm,
2297 2334 2415 2403 56).
2436 2334 2603 2390 Isaias
2618 2351 2840 2406 quoque
2858 2335 3017 2406 (Isai.
3035 2352 3126 2405 vt),
3147 2347 3201 2392 et
3218 2337 3464 2399 Michaea.
3481 2348 3537 2392 rt

1957 2428 2113 2482 multi
2140 2426 2229 2482 alii
2250 2428 2534 2498 propheta:
2556 2429 3046 2499 videruutgloriam
3070 2431 3309 2496 Domini,
3344 2432 3438 2488 sed
3482 2432 3533 2485 hi

1957 2534 2154 2575 omnes
2183 2534 2211 2573 a
2243 2520 2403 2592 longe
2443 2538 2542 2592 per
2585 2524 2870 2594 speculum
2892 2534 2948 2580 et
2975 2526 3030 2580 in
3063 2524 3352 2596 aenigmate
3377 2524 3537 2578 vide-

1952 2609 2096 2655 runt.
2124 2602 2363 2671 Apostoli
2400 2613 2580 2661 autem
2611 2606 2664 2660 in
2692 2607 3100 2677 praesentiarum
3126 2608 3383 2664 habentes
3422 2607 3531 2663 Do-

1952 2694 2154 2747 minum
2181 2706 2669 2768 convescentesque
2695 2700 2767 2766 ei,
2792 2707 2848 2755 et
2878 2716 3213 2771 quaecunque
3233 2701 3533 2757 voluissent

1951 2785 2333 2856 interrogando
2360 2788 2629 2845 discentes
2656 2789 2795 2862 (Act.
2828 2789 2890 2863 ι).

2020 2876 2089 2930 Et
2120 2895 2233 2931 ecce
2257 2879 2475 2951 quidam
2514 2880 2840 2954 legisperitus
2865 2887 3117 2950 surrexit,
3145 2893 3349 2938 tentans
3380 2883 3529 2939 illum

1948 2976 1996 3020 et
2032 2966 2208 3021 dicens
2238 2981 2257 3019 :
2298 2968 2572 3039 Magister,
2608 2972 2736 3042 quid
2783 2972 3025 3039 faciendo
3074 2975 3232 3027 vitam
3280 2982 3531 3028 (sternant

1948 3057 2262 3129 possidebo?
2300 3058 2792 3132 Legispcritusqui
2830 3063 2897 3118 de
2939 3062 3051 3118 vita
3095 3070 3299 3117 aeterna
3341 3063 3527 3118 Domi-

1950 3164 2079 3203 num
2125 3156 2341 3203 teutans
2369 3148 2691 3222 interrogat,
2736 3152 3105 3227 occasionem,
3136 3160 3197 3206 ut
3248 3167 3392 3221 reor,
3423 3160 3534 3211 tcu-

1949 3238 2093 3294 tandi
2121 3239 2187 3294 de
2217 3239 2346 3310 ipsis
2374 3239 2586 3296 Domini
2624 3243 2966 3299 sermonibus
3005 3243 3257 3313 sumpsit,
3280 3244 3371 3300 ubi
3401 3245 3528 3309 aiL:

1945 3323 2180 3383 Gaudete
2213 3341 2387 3385 autem
2431 3331 2569 3404 quod
2616 3335 2830 3387 nomina
2866 3343 3036 3388 vestra
3081 3335 3275 3403 scripta
3300 3335 3352 3390 in
3391 3334 3532 3389 caelis

1942 3426 2088 3483 sunt,
2117 3418 2213 3474 sed
2265 3420 2377 3489 ipsa
2423 3436 2519 3475 sua
2565 3424 2864 3478 tentatione
2908 3423 3173 3488 declarat,
3207 3441 3370 3494 quam
3400 3441 3527 3480 vera

1944 3508 2016 3564 sit
2047 3508 2136 3563 illa
2163 3508 2378 3564 Domini
2406 3509 2696 3577 confessio,
2724 3528 2831 3581 qua
2857 3511 3010 3567 Patri
3048 3512 3293 3583 loquitur
3319 3532 3332 3567 :
3369 3496 3528 3579 Quod
3614 3522 3635 3535 "

1948 3597 2261 3652 abscondisti
2291 3600 2402 3653 ha’c
2439 3619 2470 3654 a
2497 3601 2816 3671 sapientibus
2838 3612 2886 3656 et
2912 3602 3282 3674 prudentibus,
3305 3612 3353 3658 et
3396 3619 3534 3658 reve-

1940 3686 2067 3744 lasti
2092 3708 2152 3745 ea
2173 3692 2428 3763 parvulis.

2016 3802 2081 3855 At
2112 3802 2200 3858 ille
2239 3803 2374 3859 dixit
2403 3804 2472 3863 ad
2505 3822 2623 3859 eum
2652 3821 2672 3860 :
2705 3805 2773 3860 In
2801 3804 2911 3878 lego
2955 3806 3083 3879 quid
3127 3808 3380 3878 scriptum
3417 3807 3535 3865 est.’

1948 3891 2220 3958 Quomodo
2251 3894 2420 3966 legis?
2466 3894 2568 3950 llic
2598 3897 2916 3966 respondens
2944 3897 3102 3963 dixit,
3143 3906 3249 3952 etc.
3287 3898 3425 3954 Dum
3459 3899 3535 3956 ιθτ

1946 3983 2204 4053 gisperito
2257 3985 2570 4055 respondet,
2611 3984 2912 4055 perfectum
2952 3987 3110 4042 nobis
3148 3986 3397 4042 Salvator
3431 3988 3535 4045 iter

1946 4075 2071 4129 vitae
2093 4074 2331 4129 cmlestis
2353 4076 2611 4138 ostendit,
2636 4076 2721 4128 cui
2750 4078 2924 4144 primo
2948 4078 3002 4131 in
3028 4077 3323 4132 dilectione
3346 4076 3441 4131 Dei
3475 4083 3534 4132 et

1946 4164 2177 4237 proximi
2202 4165 2335 4236 legis
2382 4166 2583 4236 scripta
2612 4166 2935 4236 proponenti
2969 4166 3144 4220 dicit:

2015 4273 2168 4328 Recte
2204 4274 2537 4345 respondisti,
2588 4276 2687 4330 hoc
2724 4277 2825 4347 fac
2873 4286 2920 4330 et
2966 4277 3121 4331 vives.
3176 4276 3534 4348 Apertissime

1948 4364 2232 4421 thalamus
2256 4405 2272 4430 ,
2306 4365 2477 4420 solam
2523 4381 2648 4421 esse
2683 4366 3065 4432 dilectionem,
3097 4377 3156 4423 et
3202 4368 3374 4437 ipsam
3422 4382 3531 4424 non

1948 4456 2113 4512 verbo
2159 4465 2316 4512 tenus
2337 4465 2691 4522 ostentatam,
2720 4459 2817 4514 sed
2843 4464 3025 4529 aperis
3058 4460 3383 4517 executione
3408 4474 3534 4531 pro-

284 4518 298 4523 -
338 4518 430 4542 ,,..
457 4518 743 4529 -ν.........,.
770 4518 940 4528 ηπ...
974 4518 1121 4529 -.......
1169 4518 1231 4531 ν..
1269 4518 1378 4530 -..ν
1423 4518 1587 4531 seu...
1634 4518 1741 4541 ...η
1779 4518 1845 4531 νη

282 4585 301 4616 ς
339 4573 446 4619 tota
473 4566 652 4622 anima
679 4577 789 4634 tua,
819 4575 871 4622 et
918 4582 985 4622 ex
1015 4569 1266 4624 omnibus
1289 4569 1495 4624 viribus
1524 4569 1649 4632 tuis,
1681 4577 1737 4625 et
1775 4580 1845 4624 ex

1963 4557 2150 4615 satam,
2182 4565 2304 4618 quae
2326 4558 2644 4620 perpetuam
2680 4551 2843 4605 ducat
2865 4518 2934 4604 ad
2959 4551 3147 4605 vitam.

283 4674 301 4703 ι
334 4655 477 4709 omni
503 4664 683 4711 mente
709 4664 891 4722 tua,et
916 4658 1222 4727 proximum
1252 4667 1401 4714 tuum
1422 4660 1563 4716 sicut
1590 4661 1842 4730 teipsum.

283 4767 299 4797 ο
337 4748 585 4819 Dixitque
620 4750 694 4805 illi
727 4768 742 4803 :
774 4749 939 4806 Recte
965 4751 1306 4821 respondisti.
1342 4752 1455 4808 Hoc
1480 4750 1567 4808 fac
1588 4761 1645 4807 et
1672 4754 1841 4810 vives.

282 4854 299 4887 ι
336 4837 427 4894 llle
466 4850 646 4895 autem
677 4841 860 4896 volens
880 4842 1183 4912 iustiﬁcare
1214 4845 1582 4914 semetipsum,
1612 4846 1750 4901 dixit
1776 4847 1845 4901 ad

280 4946 299 4980 ι
333 4928 514 4987 Iesum
549 4950 562 4985 :
596 4932 663 4987 Et
706 4934 831 5002 quis
872 4942 957 4989 est
995 4948 1148 4990 meus
1173 4937 1494 5005 proximus?
1529 4937 1843 5007 Suspiciens

278 5041 296 5073 ι
330 5033 506 5079 autem
536 5022 693 5080 Iesus
719 5025 889 5080 dixit:
928 5024 1100 5080 Homo
1127 5026 1343 5095 quidam
1381 5028 1739 5083 descendebat
1778 5028 1846 5082 ab

276 5131 296 5167 t
333 5114 668 5173 Hierusalem
710 5116 764 5171 in
789 5115 1030 5184 Iericho,
1057 5127 1114 5174 et
1137 5119 1325 5173 incidit
1354 5119 1406 5173 in
1452 5121 1708 5175 latrones.
1741 5120 1843 5187 Qui

278 5221 297 5255 ι
333 5205 496 5261 etiam
545 5206 968 5276 diSpoliaverunt
1027 5222 1151 5263 eum
1175 5248 1190 5275 ,
1244 5217 1300 5263 et
1354 5209 1528 5281 plagis
1577 5211 1845 5281 impositis

279 5314 297 5345 s
331 5296 580 5352 abierunt
598 5299 860 5353 semiviro
896 5299 1104 5355 relicto.
1136 5299 1346 5357 Accidit
1373 5311 1553 5358 autem
1576 5310 1637 5357 ut
1662 5319 1843 5360 sacer—

280 5404 297 5437 t
333 5388 427 5443 dos
462 5390 682 5458 quidam
739 5390 1087 5445 descenderet
1128 5392 1318 5447 eadem
1359 5392 1467 5458 via,
1509 5400 1562 5447 et
1586 5394 1706 5448 viso
1753 5393 1842 5450 illo

281 5493 297 5524 ι
335 5478 641 5544 pneterivit.
668 5476 931 5536 Similiter
959 5489 1014 5536 et
1040 5481 1229 5537 Levita
1250 5497 1374 5537 eum
1399 5490 1546 5538 esset
1583 5498 1739 5539 secus
1769 5485 1843 5540 lo-

280 5588 295 5615 ι
331 5585 473 5634 cum,
496 5580 550 5625 et
572 5571 780 5625 videret
798 5585 946 5638 eum,
976 5574 1310 5642 pertransiit.
1348 5572 1725 5631 Samaritanus
1744 5592 1840 5631 au-

281 5675 295 5704 ι
332 5667 435 5713 tem
475 5661 692 5730 quidam
722 5661 826 5716 iter
862 5661 1090 5729 faciens,
1112 5665 1281 5719 venit
1326 5681 1482 5721 secus
1505 5681 1650 5731 cum,
1681 5675 1736 5721 ct
1760 5668 1836 5722 vi-

281 5764 301 5795 t
335 5749 460 5812 .Icus
488 5766 632 5819 eam,
664 5752 1032 5808 misericordia
1060 5762 1236 5810 motus
1257 5764 1359 5824 est,
1386 5742 1464 5811 ὀι
1509 5760 1833 5830 apprnpians

2018 4640 2122 4696 Ille
2146 4650 2321 4695 autem
2364 4639 2538 4695 volens
2557 4641 2857 4712 justiﬁcarc
2877 4643 3101 4713 scipsum
3120 4682 3136 4707 ,
3162 4643 3296 4697 dixit
3326 4643 3415 4696 ad:
3440 4641 3533 4698 Je-

1944 4747 2064 4787 sum
2091 4748 2109 4786 :
2138 4731 2270 4797 Quis
2288 4740 2363 4788 est
2394 4749 2540 4787 meus
2566 4734 2858 4803 proximus.
2888 4732 2987 4787 Cui
3011 4732 3255 4802 profecto
3272 4733 3532 4789 Dominus

1947 4823 2022 4878 ita
2054 4838 2373 4893 responsum
2402 4826 2931 4894 temperavitsuum,
2971 4834 3039 4878 ut
3057 4834 3113 4879 et
3142 4826 3410 4881 hominem
3438 4827 3529 4895 qui

1948 4916 2374 4988 misericordiam
2411 4915 2634 4981 laceret,
2679 4916 2902 4972 cuilibet
2937 4916 3245 4984 proximum
3288 4919 3526 4971 doceret.

1948 5009 2018 5064 Et
2037 5017 2215 5064 tamen
2249 5009 2366 5063 haec
2384 5009 2573 5064 eadem
2598 5007 2856 5078 parabola
2884 5006 3192 5077 specialiter
3228 5007 3401 5077 ipsum
3426 5008 3529 5065 Dei

1949 5098 2164 5163 Filium,
2190 5098 2283 5168 qui
2308 5098 2464 5153 nobis
2507 5114 2606 5168 per
2650 5097 3039 5153 humanitatem
3084 5098 3370 5169 proximus
3407 5097 3527 5155 fieri

1947 5189 2201 5260 dignatus
2222 5197 2311 5245 est
2332 5189 2660 5258 designaret.

2019 5299 2319 5370 Suscipieas
2349 5307 2526 5353 autem
2557 5297 2716 5353 Iesus
2761 5298 2897 5353 dixit
2930 5313 2948 5352 :
2992 5297 3168 5354 Homo
3197 5299 3409 5370 quidam
3436 5297 3528 5351 dc-

1945 5391 2222 5446 scendebat
2242 5392 2309 5445 ab
2342 5389 2674 5445 Hierusalem
2697 5392 2753 5444 in
2772 5391 3005 5445 Iericho.
3041 5392 3211 5446 Homo
3234 5390 3335 5444 iste
3351 5386 3523 5440 Adam

1945 5482 2263 5553 intelligitur
2299 5482 2353 5536 in
2404 5495 2601 5554 genere
2648 5480 2906 5549 humano,
2954 5479 3286 5538 Hierusalem
3332 5476 3525 5533 civitas

1942 5574 2091 5645 pacis
2131 5574 2221 5628 illa
2267 5573 2537 5639 caelestis,
2578 5588 2611 5627 a
2656 5573 2810 5645 cujus
2851 5573 3183 5629 beatitudine
3233 5568 3417 5638 lapsus
3466 5562 3521 5623 in

1944 5667 2083 5720 hanc
2129 5663 2412 5719 mortalem
2460 5665 2825 5734 miseramque
2848 5664 3011 5718 vitam
3063 5658 3314 5723 devenit,
3361 5670 3523 5727 quam

1943 5762 2078 5815 bene
2104 5757 2339 5824 Jericho,
2377 5772 2496 5828 quae
2527 5757 2651 5811 luna
2688 5758 3075 5827 interpretatur
3103 5751 3393 5825 signiﬁcat.
3417 5749 3516 5807 Ya-
3567 5828 3575 5836 ι
