3932 6204
369 349 471 409 447

1667 336 1946 394 SMABAG
1955 337 2020 393 DI
2056 335 2348 392 ABBA'I‘IS

3516 330 3623 388 448

369 461 467 515 riis
487 457 735 514 videlicet
757 451 1059 532 defectuum
1080 453 1377 518 laboribus,
1396 452 1779 521 crroribusquc
1801 466 1941 506 sem-
1968 454 2019 512 Α
2046 457 2131 503 tus
2157 456 2270 515 est,
2302 448 2358 503 in
2381 460 2489 516 quo
2514 446 2756 501 saucium
2787 444 3072 514 imposuit,
3107 442 3239 514 quia
3262 450 3489 513 peccata
3521 460 3622 499 no-

368 567 469 623 per
493 550 776 607 incertam.
1150 625 1159 633 .

440 642 512 697 Et
538 639 718 696 incidit
750 639 804 693 in
846 637 1093 691 latrones.
1124 634 1406 699 Latrones,
1437 633 1709 690 diabolum
1753 641 1808 688 et
1848 647 1946 686 au-

371 732 521 804 gelos
562 730 679 800 ejus
714 727 970 798 intelligo,
1004 727 1058 781 in
1106 741 1246 795 quos
1288 725 1378 796 qui
1409 723 1762 779 descendebat
1813 721 1947 777 inci-

372 822 470 877 dit.
502 818 636 872 Nam
673 818 777 872 nisi
820 818 970 887 prius
1006 817 1149 870 intus
1188 815 1609 878 intumesceret,
1662 811 1795 867 foris
1834 821 1949 866 ten-

373 917 518 967 tatus
551 917 662 963 tam
709 907 867 963 facile
916 923 1022 963 non
1064 907 1297 970 cederet,
1345 920 1473 961 vera
1511 913 1596 959 est
1636 904 1781 958 enim
1818 902 1950 958 satis

371 999 658 1063 sententia,
696 1013 816 1068 qua:
856 998 1029 1052 dicit:
1070 998 1203 1052 Ante
1254 1012 1463 1051 ruinam
1498 996 1638 1051 enim
1682 993 1952 1049 exaltatur

372 1107 465 1143 cor
491 1088 673 1162 (Prov.
702 1087 838 1161 an).
930 1124 936 1129 -

447 1181 554 1249 Qui
583 1183 741 1236 etiam
763 1180 1172 1252 dispoliaverunt
1199 1194 1336 1233 eum.
1364 1176 1545 1233 Gloria
1575 1174 1829 1230 videlicet
1849 1172 1952 1228 im-

375 1274 721 1329 mortalitatis
750 1282 804 1329 et
832 1272 1156 1328 innocentia:
1183 1278 1334 1325 veste
1369 1271 1676 1341 privarunt.
1714 1266 1841 1322 “me
1871 1273 1956 1322 est

375 1366 519 1421 enim
542 1366 716 1437 prima
753 1364 910 1427 stola,
939 1378 1042 1432 qua
1065 1362 1219 1432 juxta
1248 1361 1410 1414 aliaat
1438 1358 1756 1430 parabolam
1794 1356 1953 1411 luxu-

377 1455 555 1509 riosus
579 1453 721 1509 ﬁlius
752 1467 851 1523 per
886 1450 1262 1522 paenitentiam
1307 1449 1523 1505 rediens
1552 1456 1778 1503 ornatur
1800 1444 1951 1520 (Luc.

377 1544 498 1615 xv),
560 1551 615 1598 et
663 1557 769 1612 qua
811 1540 1128 1611 protoplasti
1178 1540 1373 1593 amissa
1425 1543 1797 1607 cognoverunt
1836 1548 1958 1590 esse

378 1652 437 1691 se
464 1633 635 1690 nudos
659 1675 676 1701 ,
723 1634 1038 1702 tunicasque
1070 1630 1313 1702 pellicias
1342 1638 1550 1685 naturae
1584 1626 1828 1683 mortalis
1875 1626 1957 1680 in-

378 1726 494 1781 duti
522 1734 648 1783 sunt
672 1723 824 1796 (Cen.
849 1722 956 1791 Ill).
1477 1728 1483 1733 '

2045 548 2156 595 stra
2186 539 2420 609 portavit
2455 537 2510 591 in
2539 552 2767 607 corpore
2794 551 2894 592 suo
2922 550 3085 605 super
3112 534 3320 605 lignum
3340 573 3355 597 ,
3389 543 3446 588 et
3468 534 3626 605 juxta

2048 632 2208 687 aliam
2244 629 2557 701 parabolam
2596 628 2870 683 inventam
2893 666 2909 690 ,
2947 641 3069 696 quae
3118 631 3432 688 erraverat,
3469 639 3629 681 ovem

2047 722 2289 778 humeris
2314 721 2427 776 suis
2452 719 2756 790 impositam
2778 758 2793 783 ,
2824 718 3119 788 reportavit
3139 716 3209 771 ad
3233 730 3451 787 gregem
3472 714 3630 787 (Luc.

2050 830 2118 867 xv
2139 814 2181 884 ).
2210 812 2393 882 Itaque
2427 811 2630 882 imponi
2652 808 2901 878 iumento
2924 814 3011 864 cst
3030 846 3047 873 ,
3080 807 3137 861 in
3163 807 3339 876 ipsam
3374 806 3629 861 incarna-

2050 905 2253 959 tionem
2284 902 2489 959 Christi
2532 901 2789 965 credere,
2828 897 3051 967 ejusque
3102 896 3379 967 mysteriis
3426 895 3632 951 initiari

2050 993 2241 1057 simul,
2271 1003 2328 1046 ct
2353 993 2422 1047 ab
2450 991 2623 1046 hostis
2643 989 2953 1047 incursione
2978 987 3167 1043 tutari.
3209 985 3498 1043 Stabulum
3529 1002 3632 1040 au-

2052 1097 2163 1141 tem
2203 1090 2288 1139 est
2321 1081 2560 1137 Ecclesia
2595 1096 2869 1151 praesens,
2908 1078 2999 1134 ubi
3040 1077 3359 1133 reﬁciuntur
3393 1077 3636 1133 viatores

2054 1176 2122 1231 de
2162 1176 2599 1246 peregrinatione
2666 1178 2770 1232 hac
2838 1176 2893 1230 in
2942 1182 3204 1229 aeternam
3254 1174 3486 1244 patriam
3540 1188 3635 1229 re-

2055 1269 2314 1335 deuntes,
2353 1273 2407 1323 et
2442 1268 2583 1324 bene
2608 1266 2856 1336 iumento
2892 1267 3207 1336 impositum
3245 1265 3399 1321 duxit
3435 1264 3488 1319 in
3525 1272 3637 1320 sta-

2053 1359 2274 1423 bulum,
2329 1358 2456 1429 quia
2501 1372 2662 1414 nemo
2707 1357 2813 1413 nisi
2867 1358 3206 1427 baptizatus,
3262 1356 3368 1412 nisi
3418 1356 3638 1424 corpori

2056 1448 2257 1504 Christi
2286 1449 2571 1514 adunatus,
2600 1446 2897 1504 Ecclesiam
2929 1446 3167 1501 intrabit.

2128 1539 2199 1594 Et
2224 1539 2391 1595 altera
2415 1539 2500 1593 die
2523 1538 2739 1610 protulit
2763 1538 2895 1592 duos
2917 1537 3184 1602 denarios,
3208 1545 3316 1592 etc.
3338 1536 3523 1591 Altera
3548 1537 3641 1592 die

2058 1640 2182 1703 post
2196 1632 2404 1686 Domini
2428 1631 2878 1686 resurrectionem
2896 1670 2912 1696 ,
2937 1645 3062 1684 nam
3081 1637 3138 1684 et
3156 1636 3283 1683 ante
3301 1628 3517 1698 quidem
3540 1644 3643 1698 per

2062 1722 2333 1792 Evangelii
2357 1721 2438 1777 sui
2464 1720 2695 1790 gratiam
2721 1720 3122 1775 illuminaverat
3154 1718 3243 1773 bis
3278 1719 3373 1789 qui
3398 1719 3454 1772 in
3481 1729 3641 1775 tene-

452 1816 522 1870 Et
565 1816 735 1887 plagis
779 1815 1051 1887 impositis.
1100 1813 1278 1884 Plaga:
1302 1820 1521 1882 peccata
1567 1818 1725 1875 sunt,
1762 1808 1960 1879 quibus
1986 1800 2033 1859 B
2060 1813 2175 1867 bris
2202 1820 2258 1867 et
2284 1812 2336 1866 in
2368 1812 2555 1867 umbra
2581 1812 2774 1867 mortis
2803 1811 3085 1875 sedebant,
3115 1809 3211 1864 sed
3236 1809 3437 1879 potior,
3455 1825 3643 1864 resur—

380 1915 590 1963 naturte
635 1908 884 1961 humanae
915 1906 1277 1975 integritatem
1315 1903 1566 1958 violando
1607 1898 1960 1957 seminarium

379 1998 666 2068 quoddam,
697 2003 757 2050 ut
780 1996 853 2050 ita
883 1995 1076 2059 dicam,
1106 1993 1364 2065 augenda:
1407 1992 1598 2047 mortis
1632 1989 1791 2046 fessis
1818 1988 1964 2043 indi—

379 2088 508 2143 dere
536 2085 854 2142 visceribus.

453 2160 730 2232 Abierant.
769 2175 1036 2232 Abierunt
1063 2184 1245 2230 autem
1276 2191 1384 2231 non
1419 2175 1486 2229 ab
1518 2172 1730 2229 insidiis
1760 2172 1964 2243 aliqua-

386 2278 542 2326 tenus
569 2269 849 2334 ressando,
865 2267 959 2323 sed
981 2266 1049 2322 ad
1062 2266 1373 2322 earumdem
1401 2265 1718 2323 insidiarum
1752 2263 1966 2320 fraudes

381 2359 722 2417 occultando.
1958 2362 1961 2367 ’

458 2448 712 2504 Semiaivo
765 2446 962 2502 relicto.
1025 2445 1358 2501 Semivivum
1420 2443 1789 2514 reliquerunt,
1840 2443 1967 2513 quia

384 2540 773 2597 beatitudinem
810 2539 934 2594 vita:
962 2537 1283 2593 immortalis
1327 2551 1545 2601 exuere,
1573 2535 1668 2592 sed
1710 2552 1816 2591 non
1845 2550 1969 2593 seu.

387 2646 508 2688 sum
553 2629 779 2686 rationis
808 2629 1025 2685 abolere
1049 2629 1352 2685 valuerunt.
1382 2627 1463 2682 Ex
1505 2642 1611 2697 qua
1644 2628 1786 2683 enim
1816 2635 1968 2698 parte

386 2737 579 2793 sapere
624 2729 681 2776 et
728 2736 1051 2793 cognoscere
1103 2721 1268 2776 Deum
1316 2727 1495 2790 potest
1538 2719 1690 2776 vivus
1736 2728 1819 2775 est
1874 2721 1970 2775 ho-

390 2827 521 2876 mo,
559 2827 626 2867 ex
676 2827 781 2882 qua
820 2826 949 2865 vero
991 2810 1226 2880 peccatis
1269 2808 1606 2865 contabescit
1648 2817 1704 2863 et
1749 2808 1969 2863 miseria

387 2902 593 2970 deﬁcit,
622 2909 868 2957 mortuus
892 2900 1058 2966 idem,
1082 2899 1439 2971 lethiferoque
1478 2907 1562 2955 est
1602 2899 1825 2955 vulnere
1871 2897 1971 2954 fte-

389 2991 566 3046 datus.

461 3079 667 3134 Accidit
692 3087 866 3134 autem
892 3118 908 3145 ,
957 3087 1063 3133 etc.
1102 3078 1371 3135 Sacerdos
1402 3086 1457 3132 et
1486 3078 1699 3143 Levita,
1727 3077 1821 3148 qui
1857 3077 1971 3134 viso

392 3169 579 3224 sancio
605 3168 955 3232 transierunt,
988 3168 1350 3223 sacerdotium
1378 3176 1433 3223 et
1472 3166 1834 3222 ministerium
1869 3166 1972 3222 Ve-
1997 3138 2043 3200 θ

394 3257 528 3313 teris
561 3255 894 3313 Testamenti
923 3265 1006 3312 est
1031 3298 1045 3323 ,
1086 3257 1176 3312 ubi
1206 3273 1305 3329 per
1347 3256 1486 3329 legis
1522 3257 1740 3313 decreta
1787 3258 1974 3314 mundi

397 3346 702 3417 languentis
753 3345 976 3402 vulnera
1038 3347 1332 3402 monstrari
1392 3355 1649 3414 tantum,
1700 3362 1808 3402 non
1872 3362 1972 3403 au-

398 3448 507 3494 tem
539 3439 719 3496 curari
757 3446 1035 3509 poterant,
1061 3440 1189 3510 quia
1212 3439 1546 3512 impossibile
1567 3431 1704 3507 erat,
1742 3447 1803 3495 ut
1837 3439 1978 3510 Apo-

395 3531 566 3588 stolus
590 3533 703 3587 ait:
746 3532 1013 3604 Sanguine
1043 3530 1324 3605 vitulorum
1369 3539 1417 3585 et
1460 3521 1728 3585 hircorum
1772 3528 1975 3601 auferri

395 3634 627 3696 peccata.
655 3642 663 3651 ·

468 3712 833 3769 Samaritanus
864 3724 1038 3770 autem
1064 3716 1280 3787 quidam
1308 3717 1407 3772 iter
1431 3718 1693 3772 transiens
1723 3715 1856 3771 venit
1884 3732 1969 3770 se-

402 3822 497 3859 cus
517 3820 659 3871 eum,
690 3814 738 3860 et
762 3806 963 3871 videns,
995 3815 1101 3862 etc.
1135 3804 1511 3862 Samaritanus
1539 3807 1630 3877 qui
1657 3806 1979 3875 interpreta-

397 3901 492 3948 tur
517 3900 702 3950 custos
720 3935 736 3960 ,
763 3895 930 3950 Deum
956 3883 1261 3966 signiﬁcat,
1290 3897 1377 3951 cui
1407 3896 1711 3952 rectissime
1735 3895 1976 3966 Prophe-

399 3995 485 4051 ta,
511 4000 579 4041 ne
604 3985 704 4043 hos
730 3985 968 4042 latrones
994 3987 1166 4057 possit
1196 3986 1502 4051 incurrere,
1536 3985 1802 4056 supplicat
1827 3999 1843 4038 :
1870 3983 1978 4039 Cu-

397 4078 541 4133 stodi
582 4093 693 4144 me,
719 4078 989 4150 inquiens,
1014 4093 1045 4133 a
1071 4077 1263 4149 laqueo
1291 4093 1453 4149 quem
1480 4084 1785 4133 statuerunt
1809 4075 1976 4142 mihi,

399 4178 456 4224 et
484 4185 516 4223 a
544 4169 814 4226 scandalis
841 4171 1193 4242 opqantibus
1222 4170 1565 4242 iniquitatem
1597 4165 1789 4242 (Psal.
1818 4166 1978 4239 CXL).

398 4260 505 4327 Qui
540 4269 762 4331 propter
793 4277 891 4318 nos
915 4260 1196 4329 hmines,
1229 4270 1285 4318 et
1317 4269 1542 4333 propter
1565 4269 1808 4317 nostram
1836 4260 1980 4316 salu-

401 4360 511 4407 tem
552 4353 884 4410 descendens
916 4353 984 4410 de
1018 4354 1187 4419 cmlo,
1218 4355 1343 4410 vita:
1375 4354 1660 4425 praesentis
1698 4354 1806 4410 iter
1839 4352 1982 4409 arri—

2062 1905 2302 1960 rectione
2337 1903 2608 1959 celebrata
2625 1942 2641 1968 ,
2669 1911 2944 1973 perpetua:
2969 1901 3107 1957 lucis
3130 1900 3388 1971 splendor
3415 1899 3642 1956 eﬁulsit.

2064 1995 2182 2050 Duo
2211 1994 2415 2050 denarii
2447 2002 2573 2050 sunt
2600 1994 2705 2050 duo
2732 1993 3077 2049 Testamenta
3098 2032 3114 2057 ,
3143 1992 3200 2046 in
3229 1990 3424 2061 quibus
3451 1991 3645 2046 πίει-ιιί

2065 2086 2227 2157 Regis
2264 2100 2460 2140 nomen
2487 2092 2544 2140 et
2572 2084 2752 2155 imago
2777 2084 3106 2140 continetur.
3146 2081 3299 2138 Finis
3328 2082 3476 2138 enim
3511 2082 3651 2153 legis

2064 2174 2348 2242 Christus,
2388 2178 2479 2246 qui
2517 2176 2688 2232 altera
2725 2175 2813 2231 die
2846 2174 3041 2245 prolati
3076 2174 3276 2229 dantur
3312 2173 3646 2238 stabulario,

2064 2266 2188 2335 quia
2220 2274 2346 2321 tunc
2374 2267 2586 2336 aperuit
2610 2266 2717 2322 illis
2745 2280 2962 2323 sensum
2981 2305 2996 2330 ,
3029 2273 3090 2319 ut
3119 2264 3483 2336 intelligerent
3497 2264 3648 2320 Scri-

2064 2362 2272 2425 pturas.
2327 2355 2512 2411 Altera
2561 2356 2655 2411 die
2702 2354 3031 2412 stabularius
3079 2354 3368 2419 denarios,
3413 2368 3648 2424 quorum

2064 2444 2240 2514 pretio
2284 2444 2626 2501 vulneratum
2677 2454 2938 2510 curaret;
2961 2445 3207 2515 accepit,
3241 2444 3369 2515 quia
3409 2444 3649 2515 Spiritus

2067 2543 2287 2590 sanctus
2319 2535 2613 2591 adveniens
2661 2536 2847 2591 docuit
2891 2536 3165 2606 apostolos
3200 2550 3417 2592 omnem
3452 2536 3654 2594 verita-

2069 2633 2176 2680 tem
2197 2665 2213 2691 ,
2252 2640 2359 2695 quo
2395 2626 2647 2696 gentibus
2692 2626 3002 2682 erudiendis
3033 2626 3239 2682 instare
3272 2633 3434 2697 atque
3463 2625 3652 2682 Evan-

2068 2716 2262 2788 gelium
2292 2718 2590 2788 praedicare
2617 2717 2948 2775 suﬁicerent.

2138 2808 2209 2862 Et
2245 2808 2588 2881 quodcunque
2622 2810 3069 2882 supererogat‘eris
3090 2849 3105 2874 ,
3161 2822 3254 2880 ego
3292 2818 3423 2864 rum‘
3448 2810 3653 2864 rediero

2073 2898 2290 2954 reddam
2345 2900 2461 2954 tibi.
2503 2900 2869 2971 Supererogat
2897 2900 3246 2967 stabularius,
3273 2901 3417 2972 quod
3443 2901 3496 2955 in
3521 2902 3656 2959 duo-

2070 2989 2172 3045 bus
2198 2989 2436 3045 denariis
2472 3006 2579 3046 non
2618 2991 2859 3061 accepit,
2890 3004 3016 3045 cum
3047 2990 3181 3061 dicit
3212 2991 3503 3061 Apostolus
3530 3010 3544 3046 :
3576 2992 3658 3048 De

2072 3081 2373 3152 virginibus
2420 3091 2601 3137 autem
2652 3091 2982 3154 prmeeptum
3032 3083 3246 3138 Domini
3292 3100 3401 3139 non
3449 3084 3655 3149 habeo,

2074 3172 2357 3228 consilium
2390 3180 2572 3229 autem
2610 3174 2697 3230 do.
2746 3174 2985 3244 Itemque
3033 3181 3088 3229 et
3133 3172 3394 3229 Dominus
3431 3174 3660 3229 ordina-

2074 3265 2155 3320 vit
2188 3265 2307 3332 his,
2343 3266 2437 3336 qui
2472 3266 2822 3338 Evangelium
2858 3267 3216 3331 annuntiant,
3255 3266 3323 3321 de
3360 3265 3662 3337 Evangelia

2074 3354 2291 3423 vivere,
2319 3357 2413 3412 sed
2438 3371 2543 3412 non
2574 3357 2656 3412 usi
2696 3373 2884 3413 sumus
2922 3359 3027 3414 bac
3060 3345 3358 3427 potestate,
3388 3374 3459 3414 ne
3494 3373 3662 3428 quem

2074 3455 2316 3503 vestrum
2353 3462 2740 3519 gravaremus,
2775 3449 2862 3504 cui
2899 3450 3113 3505 rediens
3150 3450 3294 3518 quod
3329 3449 3661 3520 promiserat

2077 3538 2288 3594 debitor
2322 3538 2537 3603 reddet,
2578 3538 2706 3607 quia
2742 3539 2965 3594 veniens
2999 3538 3053 3593 in
3080 3537 3344 3606 judicium
3395 3538 3663 3594 Dominus

2076 3629 2212 3685 dicit
2240 3647 2254 3683 :
2285 3627 2422 3696 Quia
2449 3644 2613 3700 super
2647 3643 2821 3698 pauca
2857 3628 3004 3684 fuisti
3046 3628 3253 3693 ﬁdelis,
3290 3643 3453 3698 super
3488 3628 3662 3683 multa

2076 3732 2131 3780 te
2174 3722 2528 3785 constituam,
2579 3722 2724 3777 intra
2772 3737 2825 3777 in
2873 3722 3129 3794 gaudium
3174 3721 3386 3777 Domini
3427 3720 3519 3776 Dei
3577 3723 3662 3775 tui

2079 3814 2253 3887 (Luc.
2289 3830 2364 3869 xu
2394 3813 2434 3886 ).

2150 3906 2281 3973 Quis
2326 3894 2515 3961 horum
2559 3907 2723 3962 trium
2764 3906 2972 3963 videtur
3010 3907 3108 3961 tibi
3137 3907 3413 3978 proximus
3451 3905 3617 3973 fuisse
3640 3908 3668 3959 .’

2077 4006 2184 4056 etc.
2214 3997 2376 4053 Juxta
2404 3997 2642 4053 litteram
2671 3998 2956 4054 manifesta
2989 4008 3075 4055 est
3111 3998 3325 4054 Domini
3361 3998 3664 4062 sententia,

2078 4088 2284 4144 nullum
2330 4088 2487 4145 nobis
2528 4089 2760 4160 amplius
2808 4105 2969 4160 quam
3019 4090 3111 4161 qui
3167 4090 3495 4145 misereatur
3538 4103 3666 4143 esse

2077 4180 2419 4250 proximum,
2461 4180 2558 4237 sed
2611 4181 3017 4254 Hierosolymiti
3065 4183 3171 4238 civi
3219 4198 3327 4239 non
3369 4183 3664 4248 sacerdos,

2079 4284 2187 4327 non
2216 4270 2378 4325 levita
2403 4286 2472 4326 ex
2497 4272 2687 4328 eadem
2714 4281 2909 4344 gente,
2942 4273 3055 4328 imo
3085 4275 3139 4328 in
3167 4276 3357 4330 eadem
3386 4276 3521 4330 urbe
3551 4275 3666 4329 nati

2079 4368 2136 4416 et
2184 4361 2400 4428 nutriti,
2451 4362 2546 4417 sed
2592 4372 2797 4419 exterae
2842 4364 3019 4435 gentis
3064 4364 3283 4430 accola,
3328 4365 3455 4436 quia
3490 4365 3668 4434 magis

662 4447 810 4502 venit
837 4463 996 4504 secus
1034 4463 1158 4504 eum
1201 4449 1294 4520 qui
1321 4449 1638 4506 vulneribus
1661 4449 1982 4506 tabescebat
2005 4488 2058 4548 υ
2082 4453 2338 4510 misertus
2360 4463 2442 4510 est
2460 4495 2477 4520 ,
2503 4452 2680 4510 factus
2705 4461 2790 4510 est
2810 4454 3110 4525 proximus.
3144 4453 3454 4510 Sacratiore
3480 4463 3665 4509 autem

405 4534 643 4602 inflictis,
676 4538 782 4594 hoc
804 4545 919 4603 est,
949 4538 1004 4593 in
1032 4539 1439 4595 similitudinem
1468 4540 1750 4596 hominum
1781 4540 1978 4606 factus,

403 4634 463 4680 ct
503 4625 691 4681 habitu
737 4627 987 4683 inventus
1022 4636 1083 4683 ut
1117 4629 1277 4684 homo
1316 4628 1572 4702 (Philipp.
1612 4629 1699 4701 tt),
1735 4644 1983 4699 compas-

402 4713 576 4770 sionis
611 4724 811 4771 nostra:
836 4718 1178 4787 susceptione
1204 4718 1486 4789 ﬁnitimus,
1508 4728 1565 4777 et
1595 4720 1986 4777 misericordias

405 4803 582 4861 factus
607 4813 693 4861 est
715 4806 1084 4865 consolatione
1107 4809 1338 4867 vicinus.

478 4891 548 4947 Et
577 4896 911 4967 appropians,
940 4896 1175 4970 alligavit
1194 4898 1412 4955 vulnera
1438 4900 1585 4972 ejus,
1613 4907 1722 4956 etc.
1753 4898 1984 4956 Peccata

405 4997 529 5053 qua:
569 4983 625 5039 in
662 4985 971 5044 hominibus
1005 4987 1252 5055 invenit,
1295 4989 1667 5061 redarguendo
1701 4989 1981 5054 cohibuit,

407 5090 561 5147 spem
587 5077 754 5133 veniae
779 5078 1196 5149 penitentibus,
1225 5088 1488 5137 terrorem
1514 5095 1691 5151 ptume
1712 5079 1989 5151 peccanti-

407 5165 512 5221 bus
538 5158 827 5225 incutiens.
862 5169 1063 5241 Alligat
1098 5171 1244 5227 enim
1278 5170 1504 5226 vulnera
1538 5170 1665 5225 dum
1699 5172 1983 5242 praecipit:

405 5260 790 5321 Penitentiam
820 5265 985 5338 agite.
1035 5264 1272 5323 infundit
1300 5266 1477 5322 oleum
1504 5264 1632 5320 dum
1659 5273 1716 5321 et
1736 5265 1943 5321 addidit
1970 5284 1983 5321 :

404 5352 877 5426 Appropinquabit
909 5356 1052 5412 enim
1088 5371 1314 5428 regnum
1347 5354 1630 5412 caelorum.
1658 5354 1893 5410 Infundit
1928 5362 1985 5411 et

406 5443 593 5499 vinum
628 5445 757 5501 dum
785 5446 918 5501 dicit
946 5459 962 5499 :
993 5444 1184 5500 Omnis
1212 5445 1394 5511 arbor,
1427 5459 1548 5515 quae
1574 5459 1681 5499 non
1710 5442 1842 5500 facit
1868 5443 1985 5502 fru-

407 5538 553 5590 ctum
580 5535 781 5591 bonum
808 5534 1089 5591 excidetur
1116 5543 1173 5590 et
1199 5533 1254 5589 in
1287 5533 1467 5606 ignem
1496 5533 1762 5589 mittetur.

481 5627 548 5681 Et
592 5629 862 5699 imponens
898 5626 1048 5682 illum
1091 5626 1147 5681 in
1177 5624 1478 5698 jumentum
1518 5641 1705 5689 suum,
1748 5632 1853 5681 etc.
1891 5623 1984 5681 Ju-

414 5723 651 5771 mentum
686 5717 804 5790 eius
834 5726 917 5775 est
948 5732 1074 5774 caro
1098 5757 1115 5785 ,
1143 5717 1199 5773 in
1228 5731 1332 5787 qua
1362 5716 1430 5772 ad
1457 5731 1557 5774 nos
1586 5716 1770 5775 venire
1800 5716 1986 5787 digna-

2083 4545 2357 4602 intellectu
2378 4586 2394 4612 ,
2421 4545 2681 4616 quoniam
2724 4562 2886 4602 nemo
2928 4548 3102 4619 magis
3146 4547 3460 4618 proximus,
3500 4562 3665 4617 quam

2084 4636 2178 4705 qui
2214 4636 2440 4691 vulnera
2473 4647 2659 4692 nostra
2693 4637 2939 4703 curavit,
2972 4637 3263 4708 diligamus
3320 4652 3449 4692 eum
3505 4640 3664 4707 quasi

2086 4725 2372 4781 Dominum
2417 4726 2585 4782 Deum
2635 4736 2914 4792 nostrum,
2963 4726 3253 4798 diligamus
3285 4727 3441 4796 quasi
3484 4729 3669 4798 proxi-

2086 4834 2234 4874 mum
2258 4858 2275 4884 ,
2332 4817 2468 4873 nihil
2524 4818 2668 4873 enim
2727 4828 2838 4874 tam
2886 4820 3196 4888 proximum
3222 4858 3239 4884 ,
3288 4833 3454 4889 quam
3504 4828 3666 4888 caput

2087 4905 2378 4974 membris,
2436 4906 2726 4985 diligamus
2768 4908 2936 4964 etiam
2982 4922 3109 4963 eum
3155 4908 3248 4978 qui
3295 4907 3538 4962 imitator
3577 4917 3669 4962 est

2086 4996 2311 5053 Christi.

2161 5084 2229 5140 Et
2265 5085 2342 5141 ait
2378 5084 2459 5141 illi
2480 5083 2639 5141 Iesus
2661 5099 2680 5138 :
2717 5084 2863 5140 Vade
2886 5095 2935 5140 et
2965 5095 3055 5153 tu,
3084 5094 3193 5142 etc.
3223 5087 3279 5141 Id
3304 5094 3424 5152 est,
3453 5095 3513 5140 ut
3538 5100 3669 5140 vere

2088 5183 2142 5231 te
2183 5175 2491 5245 proximum
2539 5176 2682 5231 sicut
2719 5183 2774 5231 te
2819 5175 2994 5245 ipsum
3042 5176 3267 5248 diligere
3308 5176 3665 5238 manifestes,

2089 5265 2351 5336 quidquid
2379 5265 2529 5320 vales
2570 5265 2623 5320 in
2665 5265 2783 5336 ejus
2826 5266 2913 5321 vel
2959 5267 3230 5336 corporali
3273 5267 3362 5322 vel
3402 5266 3667 5338 spirituali

2087 5354 2412 5410 necessitate
2439 5353 2768 5419 sublevanda
2798 5355 3021 5412 devotus
3046 5372 3296 5427 operare.
3514 5351 3528 5360 ’

2260 5461 2685 5519 IIEBDOMADA
2721 5464 2814 5519 XV
2851 5463 3027 5519 POS'I‘
3060 5462 3490 5521 I‘ENTECOST.

2088 5568 2283 5610 LECTIO
2313 5569 2588 5610 EPISTOLJE
2628 5570 2786 5610 BEA'l'I
2825 5571 2980 5609 PAULI
3014 5571 3269 5613 Αιιοετοιι
3304 5571 3372 5611 ΔΙ)
3407 5566 3668 5618 ωιλτλε,

2775 5640 2894 5680 CAP.
2930 5640 2983 5678 ν.

2166 5734 2185 5769 ι
2220 5715 2421 5787 Spiritu
2451 5714 2751 5785 ambulate,
2781 5723 2835 5772 ct
2863 5714 3132 5777 desideria
3159 5716 3341 5773 carnis
3368 5731 3476 5773 non
3502 5710 3669 5787 perti-
