3932 6204
233 266 324 322 «669

1053 249 1572 312 COLLECTIONES
1608 248 1675 304 IN
1717 245 2098 302 EPISTOLAS
2138 245 2225 300 ET
2263 243 2674 302 EVANGELIA.

3375 249 3480 304 ιένο

238 398 253 419 σ
287 379 464 432 cietts.
497 373 637 428 Caro
667 370 810 424 enim
839 367 1176 436 concupiscit
1217 365 1474 418 adversus
1515 359 1762 430 spiritum
1787 395 1800 419 ,
1831 359 1882 418 Α
1907 354 2089 408 miniis
2119 354 2436 424 gloriantur,
2467 363 2522 409 et
2550 362 2740 425 putant
2785 353 2832 408 si
2873 352 3208 424 expleverint
3235 357 3485 428 volupta-

233 487 252 519 ι
289 463 513 538 spiritus
548 475 728 516 autem
768 462 1028 514 adversus
1064 474 1308 513 carnem.
1352 457 1476 510 llaec
1511 452 1656 507 enim
1705 451 1808 504 sibi

233 580 251 611 ι
291 558 525 612 invicem
553 554 925 614 adversantur,
955 559 1015 603 ut
1041 565 1146 603 non
1171 561 1505 618 quzecunquc
1530 542 1694 597 vultis
1718 539 1809 593 illa

233 671 250 699 ι
292 635 526 702 faciatis.
559 644 712 711 Quod
743 643 788 697 si
821 641 1013 712 spiritu
1044 639 1337 700 ducimini,
1382 651 1486 689 non
1532 633 1665 687 estis
1709 631 1811 685 sub

235 761 252 789 ι
293 740 429 808 lege.
482 733 762 790 Manifesta
809 740 990 786 autem
1039 738 1168 784 sunt
1215 743 1377 797 opera
1425 726 1638 789 carnis,
1689 737 1810 792 qua:

235 849 252 880 ι
293 838 420 884 sunt
463 825 784 889 fornicatio,
834 822 1204 883 immunditia,
1253 816 1609 887 impudicitia,
1653 814 1809 867 luxu-

234 942 251 973 ι
291 923 392 984 ria,
424 919 688 975 idolorum
714 917 967 979 servitus,
998 913 1284 975 veneﬁcia,
1319 900 1649 974 inimicitite;
1683 923 1811 963 eon-

233 1031 253 1062 s
289 1010 597 1072 tentiones,
629 1008 1036 1071 :emulationes,
1063 1006 1183 1068 ine,
1219 1004 1382 1067 rixae,
1415 1002 1807 1065 dissensiones,

236 1121 255 1153 ι
295 1108 494 1165 sectae,
533 1097 779 1161 invidiae,
817 1095 1140 1159 homicidia,
1179 1094 1504 1156 ebrietates,
1542 1105 1812 1146 comessa-

235 1212 253 1243 ι
296 1193 472 1247 tiones
494 1231 509 1255 ,
545 1200 601 1244 et
637 1190 721 1243 his
757 1188 971 1243 similia.
1009 1187 1137 1253 Quae
1172 1186 1406 1256 predico
1443 1186 1631 1249 vobis,
1669 1185 1812 1238 sicut

236 1303 254 1334 ι
297 1282 556 1352 praedixi,
592 1279 846 1349 quoniam
881 1279 972 1347 qui
1009 1277 1135 1331 talia
1185 1285 1383 1346 agunt,
1441 1289 1663 1345 regnum
1714 1273 1812 1328 Dei

237 1393 256 1424 α
292 1388 404 1427 non
429 1378 846 1440 consequentur.
873 1367 1104 1422 Fructus
1127 1375 1305 1421 autem
1333 1367 1557 1435 spiritus
1579 1375 1664 1420 est
1686 1366 1814 1420 cha-

237 1484 254 1514 ι
297 1465 465 1526 ritas,
513 1461 802 1533 gaudium,
853 1473 990 1528 pax,
1041 1457 1342 1528 patientia,
1396 1455 1809 1526 longanimitas,

237 1575 255 1605 ι
299 1555 542 1617 bonitas,
573 1553 908 1622 benignitas,
940 1549 1314 1614 mansuetudo,
1345 1549 1493 1613 fides,
1526 1548 1811 1612 modestia,

239 1667 256 1696 ι
297 1646 624 1700 continentia
644 1685 658 1710 ,
691 1645 932 1699 castitas.
963 1644 1236 1698 Adversus
1263 1641 1567 1710 huiusmodi
1597 1655 1701 1695 non
1728 1648 1812 1695 est

1908 453 2015 499 tem
2067 447 2388 515 quamdam,
2433 461 2490 500 se
2531 444 2864 514 turpitudine
2935 445 3220 517 victoriam
3287 462 3482 502 conse-

1907 545 2080 591 cutos.
2115 534 2222 591 Sed
2257 545 2313 591 et
2347 537 2474 591 illud
2511 536 2810 606 eleganter,
2847 533 2990 604 quod
3027 537 3080 590 in
3116 552 3280 591 carne
3318 553 3482 608 opera

1907 627 2119 696 posuit,
2150 626 2358 682 fructus
2399 627 2452 681 in
2494 627 2719 696 spiritu,
2765 627 2889 695 quia
2932 627 3060 679 vitia
3101 627 3154 680 in
3197 629 3486 698 semetipsa

1910 714 2192 781 liniuntur,
2236 722 2289 768 et
2329 722 2586 784 pereunt,
2617 716 2846 768 virtutes
2887 712 3152 768 fructibus
3181 715 3482 784 pullulant,

1907 812 1963 857 et
1994 803 2316 858 redundant.

1983 892 2114 959 Quae
2142 905 2261 948 sunt
2291 894 2590 964 fornicatio.
2627 894 2866 950 Primum
2910 898 3092 966 itaque
3131 899 3312 954 carnis
3352 915 3489 969 opus

1909 990 1992 1037 est
2022 982 2344 1048 fornicatio,
2381 999 2542 1052 quam
2585 985 2638 1037 in
2682 986 2906 1041 exordio
2934 990 3151 1056 posuit,
3183 1003 3250 1042 ne
3281 990 3346 1044 de
3379 1005 3490 1043 me—

1914 1074 2017 1127 diis
2046 1071 2400 1144 amhigamus.
2425 1074 2593 1128 Omne
2616 1075 2758 1129 enim
2787 1078 3142 1147 quodcunque
3167 1077 3357 1133 fecerit
3385 1080 3486 1135 ho-

1913 1180 2002 1220 mo
2029 1174 2186 1220 extra
2216 1181 2414 1235 corpus
2443 1175 2555 1230 cst,
2588 1166 2680 1235 qui
2711 1175 2892 1221 autem
2924 1166 3252 1234 fornicatur,
3283 1169 3336 1223 in
3368 1186 3494 1225 eor-

1911 1272 2012 1326 pus
2041 1273 2196 1311 suum
2227 1268 2438 1326 peccat.
2468 1258 2524 1311 In
2555 1274 2620 1312 co
2663 1258 2962 1314 fornicator
3003 1260 3222 1329 majoris
3260 1273 3344 1316 est
3381 1265 3492 1318 cri-

1912 1347 2075 1400 minis
2095 1387 2110 1412 ,
2142 1349 2266 1416 quia
2295 1347 2428 1400 tollit
2460 1350 2689 1402 membra
2728 1348 2958 1415 Christi,
2986 1362 3032 1404 et
3059 1352 3186 1419 facit
3228 1370 3289 1407 ea
3328 1372 3494 1408 mem-

1916 1433 2008 1488 bra
2040 1438 2347 1500 meretricis,
2381 1437 2776 1512 Erunt’quippe
2806 1440 2911 1494 duo
2941 1441 2994 1493 in
3022 1457 3188 1496 carne
3223 1459 3360 1509 una;
3396 1446 3489 1514 qui

1917 1541 2024 1580 nou
2051 1535 2135 1580 est
2160 1526 2354 1593 fidelis,
2383 1545 2482 1583 nec
2509 1530 2685 1583 credit
2711 1529 2766 1583 in
2792 1530 3098 1598 Christum,
3128 1550 3223 1588 sua
3249 1536 3492 1591 membra

1914 1614 2046 1670 facit
2075 1619 2318 1672 membra
2358 1620 2680 1674 meretricis.
2713 1619 2816 1688 Qui
2847 1631 3028 1678 autem
3059 1626 3231 1680 credit
3272 1636 3326 1681 ct
3377 1627 3494 1683 for-

240 1755 257 1785 ,
301 1699 408 1789 μές’
441 1735 542 1802 Qui
573 1699 752 1788 au'wm
781 1741 911 1788 sum
936 1733 1135 1788 Christi
1156 1773 1171 1798 ,
1203 1699 1421 1786 camém
1449 1746 1603 1785 suam
1629 1730 1810 1786 (πυρί,
1841 1699 1886 1756 Β
1914 1707 2149 1802 nicatur,
2176 1705 2376 1762 Christi
2404 1711 2648 1764 membra
2679 1709 2810 1765 facit
2840 1713 3081 1767 membra
3113 1717 3438 1771 meretricis.

239 1843 256 1874 ι
303 1825 535 1878 fixerunt
564 1839 684 1877 eum
714 1822 861 1876 vitiis
889 1830 944 1876 et
973 1819 1443 1890 concupiscentiis.
1484 1838 1502 1870 ι

313 1914 515 1985 Spiritu
545 1912 841 1977 ambulate,
890 1923 936 1966 et
976 1912 1327 1975 desiderium,
1357 1919 1465 1964 etc.
1509 1909 1622 1964 Hoc
1649 1909 1814 1979 tripli-

234 2003 376 2058 citer
399 2002 770 2072 accipiendum
790 2043 805 2068 ,
829 2009 888 2056 ut
911 2003 1153 2057 dicamus
1175 2016 1290 2064 eos,
1314 2001 1407 2069 qui
1433 2000 1624 2070 spiritu
1647 2015 1813 2070 opera

235 2092 424 2146 carnis
454 2091 932 2156 mortiﬁcaverint,
972 2101 1027 2146 et
1060 2091 1446 2146 seminaverint
1482 2091 1536 2144 in
1581 2091 1806 2160 spiritu,

233 2191 300 2236 ut
328 2183 394 2238 de
420 2182 610 2252 spiritu
641 2191 843 2238 metant
874 2184 1036 2237 vitam
1067 2191 1324 2237 aeternam
1343 2223 1359 2249 ,
1384 2183 1816 2252 quotiescunque

234 2273 575 2343 voluptatem
605 2273 786 2328 carnis
811 2273 1078 2328 senserint
1107 2273 1326 2328 titillare
1346 2314 1360 2338 ,
1391 2289 1497 2328 non
1530 2272 1816 2343 perficiant

232 2362 570 2416 desiderium
595 2361 730 2430 eius.
757 2361 877 2416 Alio
899 2363 1058 2417 modo
1081 2377 1177 2416 eos
1200 2362 1476 2417 ambulare
1503 2363 1695 2432 spiritu
1715 2404 1730 2428 ,
1759 2371 1816 2417 et

232 2455 429 2508 carnis
462 2454 786 2509 desiderium
819 2471 926 2510 non
956 2455 1215 2525 perficere
1243 2456 1470 2511 dicimus
1488 2496 1502 2522 ,
1531 2458 1624 2526 qui
1653 2457 1816 2527 spiri-

237 2547 432 2600 taliter
458 2547 807 2617 egrediuntur
831 2547 1120 2618 ASgyptum
1143 2588 1158 2613 ,
1185 2557 1240 2603 et
1267 2548 1605 2618 spiritualem
1629 2562 1815 2602 escam

237 2645 540 2706 potumque
564 2637 630 2691 de
652 2638 915 2706 spirituali
943 2639 1199 2692 hauriunt
1220 2648 1394 2708 petra,
1422 2639 1514 2707 qui
1541 2637 1818 2693 ambulant

237 2728 300 2780 in
346 2727 596 2781 onmibns
639 2727 1010 2797 spiritualiter,
1059 2743 1164 2782 non
1210 2728 1555 2797 perficientes
1604 2741 1818 2782 caruere

235 2819 382 2887 legis
409 2818 639 2873 litteram
659 2859 674 2884 ,
703 2818 786 2873 vel
814 2819 1138 2874 desiderium
1155 2860 1169 2883 ,
1199 2819 1295 2874 sed
1319 2817 1527 2873 fructus
1551 2825 1817 2873 metentes

237 2909 509 2980 spiritalis
542 2909 912 2979 intelligentiae
943 2909 993 2979 (Ι
1013 2908 1138 2964 Cor.
1163 2909 1249 2981 x).
1280 2910 1462 2964 Tertio
1493 2907 1668 2973 modo,
1699 2909 1820 2979 qui-

237 3002 372 3054 dam
405 3001 726 3055 desiderium
757 3003 937 3056 carnis
957 3042 969 3065 ,
1001 3003 1054 3056 in
1083 3003 1168 3056 his
1195 3003 1380 3056 dicunt
1406 3017 1542 3066 esse,
1571 3002 1660 3072 qui
1691 3017 1816 3071 par-

238 3093 356 3146 vuli
387 3101 511 3146 sunt
541 3093 592 3146 in
623 3093 862 3159 Christo,
895 3093 997 3147 iter
1024 3101 1202 3147 autem
1235 3093 1456 3163 spiritus
1483 3093 1536 3147 in
1562 3093 1820 3163 perfectis

238 3186 404 3240 viris.
439 3184 634 3248 Spiritu
661 3185 946 3250 ambulate,
975 3187 1026 3239 id
1057 3194 1138 3241 est
1158 3227 1171 3251 ,
1201 3186 1253 3239 in
1285 3186 1550 3257 gravitate
1577 3187 1819 3256 spiritus,

240 3275 300 3328 id
328 3284 442 3340 est,
471 3276 523 3329 in
553 3275 744 3329 itinere
768 3275 868 3329 viri
895 3275 1149 3344 perfecti,
1177 3283 1232 3330 et
1257 3276 1581 3331 desiderium
1610 3277 1818 3343 carnis,

243 3365 300 3419 id
333 3374 448 3430 est,
480 3365 850 3434 parvulorum,
883 3382 987 3420 non
1013 3367 1323 3436 perficietis.

323 3453 458 3508 Caro
485 3456 621 3508 enim
645 3457 957 3526 concupiscit
983 3457 1232 3512 adversus
1255 3457 1494 3528 spiritum
1511 3499 1526 3523 ,
1549 3467 1654 3514 etc.
1683 3460 1821 3516 Caro

243 3547 602 3616 praesentibus
628 3546 946 3612 delectatur,
976 3557 1031 3602 et
1061 3548 1346 3613 brevibus,
1377 3550 1602 3619 spiritus
1628 3565 1822 3620 perpe-

246 3635 357 3689 tuis
388 3645 443 3690 et
475 3637 867 3704 futurissCaro
899 3639 1043 3693 enim
1081 3639 1251 3710 frigus
1280 3640 1463 3703 timet,
1493 3650 1824 3709 aspernatur

245 3728 476 3794 famem,
513 3737 825 3786 attenuatur
858 3731 1085 3802 vigiliis,
1131 3731 1448 3798 libidinibus
1479 3731 1820 3798 exardescit,

245 3818 428 3871 mollia
456 3820 683 3888 quaerit,
715 3829 770 3873 et
793 3819 1026 3889 jucunda
1057 3821 1346 3875 desiderat.
1377 3819 1575 3875 Contra
1603 3821 1824 3891 spiritus

243 3925 314 3963 ea
343 3925 461 3977 qua:
484 3911 634 3964 carni
661 3911 931 3966 contraria
958 3919 1119 3976 sunt,
1144 3921 1200 3967 et
1223 3927 1344 3982 qua:
1367 3911 1514 3966 illam
1541 3911 1823 3969 debilitare

239 4009 450 4067 queant
480 4002 700 4068 expetit.
727 4001 917 4066 Aliter,
946 4003 1069 4055 caro
1096 4002 1411 4073 concupiscit
1437 4003 1687 4058 adversus
1716 4005 1823 4075 spi-

242 4090 442 4153 ritum,
476 4090 529 4142 id
557 4099 640 4144 est
659 4131 673 4154 ,
709 4091 932 4145 historia
962 4092 1328 4160 eLscripturte
1357 4107 1585 4148 carneus
1614 4094 1826 4150 intelle-

239 4188 400 4242 ctus,
449 4188 640 4234 contra
690 4181 998 4251 allegoriam
1045 4192 1100 4236 et
1143 4182 1477 4252 spiritualem
1521 4183 1822 4239 doctrinam

242 4279 536 4339 repugnat.
575 4270 804 4341 Spiritus
841 4283 1015 4325 autem
1052 4271 1302 4327 adversus
1340 4289 1578 4339 carnem,
1617 4275 1669 4328 id
1706 4283 1818 4342 est,

236 4362 564 4417 sublimiora
594 4363 837 4432 deiectis,
859 4374 1062 4420 aeterna
1087 4367 1362 4431 brevibus,
1388 4367 1594 4421 umbrae
1621 4368 1821 4423 veritas

236 4451 575 4521 refragatur.
599 4465 609 4479 '

325 4544 480 4608 Quod
517 4547 564 4599 si
601 4548 788 4617 spiritu
818 4548 1092 4613 ducimini,
1115 4564 1218 4602 non
1254 4548 1376 4603 estis
1416 4547 1512 4603 sub
1549 4548 1678 4619 lege.
1712 4547 1826 4604 Hoc

232 4644 369 4701 est,
420 4636 466 4690 si
515 4653 612 4693 vos
663 4645 808 4694 totos
851 4639 1224 4708 spiritualibus
1269 4640 1544 4708 occupetis
1581 4639 1823 4706 actibus,

231 4742 360 4781 non
386 4728 540 4783 vobis
566 4730 874 4784 necessaria
900 4738 984 4784 est
1011 4729 1094 4784 lex
1117 4771 1132 4795 ,
1159 4745 1279 4800 quae
1301 4745 1409 4784 non
1433 4729 1822 4799 spiritualibus,

228 4817 349 4872 sed
370 4821 674 4876 carnalibus
695 4823 819 4876 data
837 4831 940 4877 est.
966 4821 1172 4893 Spiritu
1195 4823 1450 4878 ducimini
1475 4824 1632 4890 dicit,
1662 4825 1714 4879 id
1741 4834 1827 4880 est

227 4908 445 4978 spiritu
476 4912 852 4980 gubernaniini
872 4953 886 4978 ,
918 4928 1023 4968 non
1053 4913 1246 4983 spiritu
1275 4914 1511 4969 hominis
1530 4955 1545 4980 ,
1574 4915 1667 4969 sed
1697 4915 1816 4985 Spi-

229 5001 364 5053 ritu
404 5010 592 5056 sancto
632 5003 934 5073 signiﬁcat,
978 5003 1046 5059 de
1083 5021 1192 5075 quo
1229 5005 1520 5074 Apostolus
1563 5007 1667 5062 alio
1704 5007 1824 5062 loco

221 5090 330 5142 ait
361 5103 375 5140 :
403 5089 523 5160 Ipse
547 5094 763 5162 spiritus
789 5095 1141 5149 testimonium
1167 5096 1398 5165 perhibet
1427 5095 1611 5166 (Rom.
1643 5113 1741 5152 vm
1765 5097 1784 5169 )
1806 5137 1820 5162 ,

221 5180 463 5248 spiritui
493 5192 710 5251 nostro,
740 5185 882 5254 quod
911 5185 1080 5240 simus
1109 5185 1202 5240 filii
1231 5184 1362 5250 Dei,
1393 5200 1552 5256 quem
1587 5201 1824 5256 sequen-

218 5281 338 5324 tes
372 5272 617 5339 spiritum
639 5315 653 5341 ,
681 5274 946 5332 efﬁcimur
967 5277 1309 5347 spirituales.
1339 5286 1394 5333 et
1428 5278 1528 5334 sub
1559 5277 1675 5349 lege
1703 5291 1824 5332 esse

219 5357 586 5416 desistimus.

322 5447 610 5521 lanifcua
646 5464 824 5509 autem
854 5465 974 5510 sunt
1003 5473 1160 5526 opera
1193 5457 1386 5513 contis.
1413 5456 1473 5512 id
1501 5466 1617 5523 est,
1644 5458 1824 5512 omni—

215 5541 356 5592 bus
397 5549 559 5608 nota,
601 5544 685 5598 vel
732 5553 881 5600 certe
924 5547 1009 5602 his
1053 5556 1263 5601 tantum
1298 5545 1617 5613 manifesta,
1649 5564 1740 5618 qm
1773 5564 1825 5604 m

212 5629 469 5689 Christo
488 5634 747 5703 credunt,
772 5653 895 5691 nam
922 5637 1137 5709 plurimi
1163 5639 1436 5711 gentilium
1465 5640 1517 5695 in
1543 5641 1654 5696 suis
1680 5640 1829 5712 igno-

1983 1795 2331 1852 Immunditia
2350 1839 2365 1864 ,
2395 1798 2628 1854 luxuria.
2677 1803 2986 1858 Secundum
3014 1820 3150 1875 opus
3177 1809 3357 1863 carnis
3387 1810 3492 1864 im-

1913 1889 2176 1943 munditia
2207 1902 2571 1961 nuncupatur.
2607 1892 2848 1947 Tertium
2877 1910 3006 1950 vero
3033 1896 3244 1952 luxuria
3267 1939 3283 1964 ,
3313 1903 3495 1969 sequi-

1917 1987 2004 2034 tur
2067 1981 2213 2034 enim
2278 1981 2619 2037 immunditia
2685 2001 2869 2039 comes
2916 1985 3162 2042 luxuria).
3216 1989 3498 2056 Quomodo

1914 2069 2060 2124 enim
2091 2070 2145 2123 in
2175 2080 2357 2125 vetere
2384 2071 2500 2142 lege
2541 2072 2558 2144 (
2587 2072 2748 2128 Leuit.
2777 2076 2888 2146 xv)
2921 2077 2985 2131 de
3025 2079 3272 2134 nefandis
3313 2081 3498 2141 crimi-

1915 2159 2109 2226 nibus,
2139 2175 2261 2228 quze
2291 2160 2343 2214 in
2371 2162 2584 2217 occulto
2614 2162 2780 2229 fiunt,
2813 2177 2868 2219 et
2896 2181 2958 2220 ea
2989 2168 3271 2224 nominare
3301 2172 3500 2240 turpis-

1915 2249 2112 2304 simum
2152 2260 2262 2314 est,
2309 2267 2377 2306 ne
2415 2260 2471 2306 et
2507 2253 2734 2308 dicentis
2777 2271 2838 2309 os
2869 2267 2923 2310 et
2953 2273 3114 2312 aures
3154 2260 3492 2315 audientium

1913 2341 2304 2410 polluerentur,
2355 2345 2681 2413 generaliter
2735 2349 3002 2416 scriptura
3047 2351 3328 2421 complexa
3367 2364 3493 2420 est,

1915 2431 2132 2494 dicens,
2162 2435 2495 2488 verecundos
2528 2434 2610 2490 vel
2640 2449 2951 2493 reverentes
2977 2438 3134 2493 facite
3162 2441 3300 2497 filios
3329 2444 3494 2499 Israel

1915 2520 1982 2576 ab
2012 2523 2158 2576 omni
2187 2523 2645 2589 immunditia,sie
2676 2526 2727 2579 in
2759 2528 2860 2582 hoc
2885 2528 3024 2594 loco,
3057 2540 3282 2586 ceteras
3311 2541 3494 2588 extra—

1915 2612 2219 2667 ordinarias
2241 2614 2566 2683 voluptates,
2595 2615 2832 2684 ipsarum
2859 2634 3071 2688 quoque
3091 2635 3255 2689 opera
3279 2623 3492 2691 nuptia-

1917 2717 2038 2755 rum
2059 2742 2074 2767 ,
2105 2703 2150 2756 si
2181 2718 2286 2757 non
2317 2704 2623 2760 verecunde
2650 2715 2706 2758 ct
2733 2722 2852 2760 eum
2885 2708 3186 2776 honestate,
3217 2712 3370 2780 quasi
3398 2715 3502 2769 sub

1916 2791 2090 2848 oculis
2129 2793 2226 2848 Dei
2269 2794 2434 2862 ﬁant,
2483 2803 2542 2848 ut
2586 2804 2791 2850 tantum
2840 2797 3027 2852 liberis
3068 2801 3360 2866 serviatur,
3395 2803 3498 2856 im-

1917 2885 2236 2939 munditiam
2267 2893 2321 2940 et
2349 2885 2620 2940 luxuriam
2652 2886 2973 2942 nominavit.

1991 2996 2268 3052 Idolorum
2311 2999 2554 3052 servitus.
2597 2997 2860 3065 Quartum
2901 3001 2959 3056 in
2999 3002 3246 3073 catalogo
3275 3019 3502 3078 operum

1845 3073 1890 3135 C
1923 3089 2106 3144 carnis
2147 3089 2451 3146 idololatria
2491 3091 2667 3146 locum
2708 3100 2886 3158 tenet,
2915 3095 3008 3163 qui
3049 3096 3192 3150 enim
3235 3073 3417 3153 semel
3443 3115 3506 3155 se

1919 3177 2148 3235 luxuriae
2190 3181 2558 3252 voluptatique
2598 3183 2909 3249 miscuerit,
2949 3200 3057 3240 non
3094 3188 3316 3257 respicit
3346 3205 3504 3245 crea-

1919 3278 2112 3326 torem.
2153 3271 2302 3328 Alias
2352 3282 2535 3328 autem
2581 3288 2772 3329 omnes
2815 3275 3127 3332 idololatriae
3173 3278 3500 3343 festivitate,

1919 3362 2043 3432 gula
2063 3401 2078 3427 ,
2110 3371 2301 3420 ventre
2321 3373 2421 3430 ,et
2447 3365 2532 3420 his
2561 3381 2682 3435 quae
2721 3367 2862 3420 infra
2904 3377 3145 3424 ventrem
3193 3381 3321 3425 sunt
3358 3373 3505 3429 dele-

1919 3461 2042 3508 ctan
2050 3461 2156 3507 tur.

2003 3541 2282 3610 Veneﬁcia.
2317 3542 2384 3597 Et
2410 3558 2478 3598 ne
2505 3543 2732 3599 forsitan
2766 3545 3059 3611 veneficia,
3103 3555 3161 3602 et
3200 3549 3500 3617 maleficia,

1921 3639 2068 3686 artes
2098 3646 2205 3686 non
2232 3631 2544 3688 viderentur
2570 3635 2622 3688 in
2653 3649 2791 3690 novo
2817 3636 3102 3706 prohibita:
3151 3646 3504 3709 testamento,

1919 3723 2050 3793 Ipsae
2076 3738 2289 3793 quoque
2318 3725 2506 3794 quinto
2547 3725 2667 3781 loco
2709 3727 2850 3780 inter
2889 3729 3071 3783 carnis
3111 3745 3275 3798 opera
3320 3735 3495 3789 nomi-

1920 3822 2162 3868 nantur“
2187 3813 2340 3886 Smpc
2368 3817 2510 3871 enim
2553 3817 2778 3886 magicis
2818 3817 3026 3874 artibus
3048 3860 3062 3886 ,
3091 3830 3146 3876 et
3182 3837 3368 3879 amare
3405 3827 3505 3880 mi-

1924 3904 2065 3960 seris
2091 3906 2274 3960 evenit
2301 3913 2355 3960 et
2383 3908 2576 3961 amari.

1996 3993 2317 4049 Inimicitite.
2361 3995 2647 4050 Inimicitia
2690 4012 2906 4068 quoque
2947 4014 3067 4068 qua:
3094 4010 3216 4071 post
3243 4005 3504 4060 veneficia

1925 4094 2083 4142 sexto
2111 4088 2334 4158 ponitur
2358 4087 2478 4144 loco
2500 4130 2514 4152 ,
2543 4103 2701 4158 quem
2742 4091 2941 4145 habeat
2977 4102 3185 4146 reatum
3218 4096 3508 4151 manifesto

1924 4175 2140 4230 crimini
2173 4175 2411 4244 subjecta
2449 4179 2707 4232 declarat.
2749 4179 3020 4244 Quantum
3065 4182 3208 4236 enim
3251 4184 3304 4238 in
3347 4185 3506 4242 nobis

1923 4275 2008 4322 est
2026 4307 2043 4332 ,
2067 4267 2264 4322 nullius
2289 4282 2410 4323 esse
2438 4269 2695 4323 debemus
2719 4269 2956 4338 inimici,
2983 4272 3077 4327 sed
3104 4288 3228 4328 cum
3254 4277 3508 4332 omnibus

1928 4359 2132 4415 habere
2171 4374 2380 4430 pacem.

1845 4419 1900 4479 Β
1999 4449 2387 4506 Contentioues.
2433 4452 2729 4522 Septimum
2759 4455 2936 4511 locum
2969 4454 3112 4511 inter
3135 4458 3316 4513 carnis
3341 4475 3507 4530 opera

1927 4540 2204 4598 contentio
2229 4543 2486 4611 possidet.
2516 4543 2747 4599 Servum
2773 4553 2952 4599 autem
2982 4546 3189 4601 Domini
3219 4563 3324 4602 non
3351 4564 3508 4620 opor-

1927 4643 2006 4689 tet
2037 4634 2235 4700 rixari,
2271 4635 2365 4690 sed
2399 4645 2744 4691 mansuetum
2770 4653 2892 4692 esse
2932 4639 3000 4692 ad
3039 4655 3261 4706 omnes,
3294 4642 3504 4698 docibi-

1926 4726 2063 4790 lem,
2109 4726 2502 4796 longanimem,
2545 4742 2668 4782 eum
2710 4729 3123 4784 mansuetudine
3162 4733 3504 4790 erudientem

1925 4817 2090 4872 etiam
2118 4833 2212 4874 eos
2251 4818 2342 4887 qui
2373 4819 2645 4874 contrario
2674 4819 2951 4890 disputant
2980 4823 2997 4892 (
3022 4820 3086 4874 ΙΙ
3114 4821 3250 4877 Tim.
3302 4841 3341 4880 ιι
3365 4825 3426 4898 )..ν

1998 4909 2408 4965 Emulationes.
2463 4911 2663 4966 Octava
2720 4911 2959 4966 succedit
3011 4914 3324 4981 aemulatio,
3382 4932 3505 4987 qua:

1925 5001 2114 5057 Graeco
2163 5015 2413 5056 sermone
2463 5003 2608 5067 ζὴ).ος
2651 5003 3046 5072 significantius
3091 5015 3146 5060 et
3186 5008 3365 5064 notius
3412 5027 3508 5082 ap-

1923 5091 2172 5163 pellatur.
2202 5090 2321 5158 Quo
2346 5092 2561 5162 quidem
2603 5093 2746 5147 malo
2775 5095 2958 5148 nescio
2986 5096 3109 5165 quis
3137 5109 3379 5156 nostrum
3411 5119 3505 5158 ca--

1927 5191 2060 5238 reat.
2093 5182 2260 5236 Zelati
2289 5191 2416 5236 sunt
2444 5183 2587 5238 enim
2620 5191 2674 5238 et
2702 5183 3027 5252 patriarchae
3047 5184 3246 5259 Ioseph
3277 5189 3502 5247 fratrem

1927 5287 2103 5326 suum.
2135 5271 2202 5326 Et
2249 5271 2416 5325 Maria
2456 5273 2748 5342 prophetes
2792 5282 2847 5328 et
2890 5274 3068 5332 Aaron
3113 5279 3206 5334 Dei
3253 5282 3506 5336 sacerdos

1928 5373 2116 5418 contra
2151 5362 2331 5417 Mosen
2363 5361 2455 5416 tali
2485 5362 2740 5432 passione
2768 5364 2975 5435 decepti
3005 5378 3148 5422 sunt.

2001 5452 2127 5506 Im.
2160 5451 2242 5506 lra
2267 5451 2458 5506 deinde
2488 5467 2630 5506 nono
2657 5456 2899 5510 succedit
2927 5455 3062 5521 loco,
3095 5474 3214 5528 quae
3235 5460 3504 5528 Justitiam

1931 5545 2026 5602 Dei
2059 5561 2163 5600 non
2193 5554 2467 5614 operatur,
2500 5555 2555 5600 et
2584 5548 2792 5618 species
2821 5559 2906 5604 est
2943 5549 3161 5605 furoris.
3203 5550 3348 5605 inter
3390 5552 3504 5607 ira-

1932 5639 2183 5696 cundiam
2211 5646 2390 5695 autcm
2417 5647 2471 5694 et
2499 5639 2636 5695 iram
2657 5682 2675 5709 ,
2701 5641 2802 5696 hoc
2833 5641 3085 5706 interest,
3113 5642 3254 5712 quod
3288 5641 3479 5702 iracun
