3932 6204
413 208 509 263 431
532 236 539 240 θ

1684 193 2032 264 susnscnt
2069 201 2352 260 ABBA'I‘B

417 328 516 380 dus
537 338 749 394 semper
776 322 1049 387 irascitur,
1072 321 1244 376 iratus
1272 333 1371 390 pro
1393 327 1633 389 tempore
1656 319 1979 381 Concitatur,
2010 327 2059 383 Α
2085 315 2139 368 ἰη
2164 330 2270 383 qua
2300 313 2603 383 regnaverit
2626 316 2905 381 peccatum
2924 350 2939 375 ,
2967 323 3074 363 non
3102 314 3280 378 potest
3308 304 3403 362 Dei
3431 320 3660 378 regnare

415 425 473 471 et
517 415 700 470 nescio
741 413 863 482 quis
901 412 1075 482 possit
1119 426 1344 481 regnum
1375 410 1471 464 Dei
1512 409 1816 479 possidere,
1861 420 1983 462 cum

416 511 482 576 is,
504 510 596 579 qui
628 508 903 572 irascitur,
935 513 1219 575 separetur
1247 521 1278 560 a
1307 519 1494 575 regno.

487 616 658 670 Rixte.
702 615 923 671 Decimo
963 614 1082 670 loco
1137 622 1414 685 ponuntur
1455 614 1621 678 rixae,
1656 604 1801 682 quas
1844 611 1989 666 aliud

413 707 585 763 Gnaei
625 705 993 776 signiﬁcantes
1031 708 1241 781 ἐριθείας
1280 714 1506 770 vocant,
1551 705 1597 759 si
1624 705 1841 774 quidem
1872 702 1987 756 rixa

414 796 591 869 μάχη,
640 796 878 860 dicitur;
911 811 942 849 a
986 810 1153 865 regno
1198 795 1293 849 Dei
1336 793 1640 864 prohibent.
1685 792 1778 845 Est
1807 798 1986 845 autem

413 887 634 961 ὶριθιία,
666 898 790 939 cum
818 884 910 952 qui
942 897 1156 952 semper
1197 882 1262 936 ad
1310 880 1788 937 contradicendum
1830 893 1989 949 para-

415 989 502 1033 tus
523 1017 539 1043 ,
569 983 625 1030 et
654 974 904 1029 muliebri
939 974 1121 1046 jurgio
1151 973 1462 1037 contendit,
1490 981 1546 1026 et
1572 977 1828 1039 provocat
1854 983 1986 1023 con-

414 1068 753 1130 tendentem;
800 1065 916 1120 haec
957 1065 1063 1120 alio
1104 1064 1323 1119 nomine
1367 1061 1509 1132 apud
1544 1060 1763 1117 Graecos
1790 1059 1989 1114 dicitur

410 1157 691 1231 φιλονεικία.

480 1250 868 1305 Dissensiones.
903 1249 1200 1306 Undecimo
1230 1246 1349 1303 loco
1386 1254 1658 1319 ponuntur
1697 1245 1989 1302 dissensio-

414 1356 544 1404 nes,
579 1356 700 1409 quze
729 1348 855 1394 sunt
880 1353 1045 1408 opera
1076 1338 1288 1402 carnis,
1320 1352 1442 1391 cum
1484 1337 1606 1406 quis
1640 1347 1986 1406 nequaquam

411 1428 685 1499 perfectus
725 1429 914 1483 eodem
957 1443 1121 1483 sensu
1165 1436 1220 1482 et
1264 1428 1453 1482 eadem
1499 1429 1770 1482 sententia
1812 1426 1982 1481 dicit:

412 1516 527 1587 Ego
567 1531 682 1570 sum
726 1515 915 1580 Pauli,
945 1527 991 1570 et
1022 1533 1114 1587 ego
1142 1516 1327 1586 Apollo
1347 1558 1362 1582 ,
1389 1526 1438 1570 et
1463 1533 1553 1588 ego
1581 1515 1770 1589 Ceplue
1807 1526 1856 1570 et
1891 1531 1984 1587 ego

409 1604 639 1669 Christi,
672 1607 767 1661 sed
796 1614 852 1662 et
879 1606 1141 1661 donorum
1169 1606 1310 1659 inter
1337 1621 1396 1660 se
1420 1606 1533 1660 lucc
1562 1607 1750 1661 cadent
1779 1605 1986 1660 dissen—

408 1697 493 1751 sio
520 1698 821 1767 rcperitur;
856 1697 1038 1752 mariti
1060 1696 1313 1752 videlicet
1336 1698 1404 1753 ad
1434 1713 1655 1753 uxorem
1674 1738 1689 1763 ,
1718 1680 1891 1767 patris
1916 1696 1985 1751 ad

410 1787 620 1852 ﬁlium,
648 1786 832 1842 fratris
858 1789 925 1842 ad
955 1787 1180 1842 fratrem
1198 1828 1214 1855 ,
1243 1788 1493 1843 conservi
1522 1788 1590 1842 ad
1618 1802 1940 1843 conservum
1966 1827 1981 1853 ,

409 1877 596 1931 militis
623 1877 689 1931 ad
716 1875 1159 1931 contubernalem
1183 1917 1201 1941 ,
1228 1876 1462 1931 artiﬁcis
1489 1876 1557 1932 ad
1585 1876 1827 1945 ejusdem
1857 1890 1985 1946 ope-

408 1970 485 2024 ris
513 1966 774 2025 artiﬁcem
795 2009 812 2035 ,
843 1985 1230 2041 nonnunquam
1262 1972 1475 2037 evenit,
1507 1979 1568 2027 ut
1594 1979 1649 2027 et
1686 1972 1743 2025 in
1771 1972 1985 2042 exposi-

402 2060 644 2115 tionibus
671 2057 1074 2130 Scripturarum
1118 2060 1329 2116 oriatur
1372 2061 1675 2127 dissensio,
1718 2078 1749 2117 e
1787 2063 1984 2132 quibus

404 2153 673 2218 iamreses,
721 2167 842 2223 qua:
881 2160 937 2207 et
976 2152 1083 2207 alio
1118 2152 1338 2209 nomine
1377 2162 1540 2209 sectae
1579 2153 1684 2209 dici
1724 2162 1978 2225 possunt,

404 2239 690 2295 cbulliunt.

477 2329 667 2384 Sectis.
714 2329 1042 2385 Duodecimo
1082 2329 1201 2384 loco
1243 2337 1405 2385 secta:
1443 2339 1740 2400 ponuntur,
1781 2350 1906 2404 qua:
1950 2352 1981 2391 a

406 2421 661 2475 sonando
701 2420 786 2476 vel
826 2422 1089 2476 divisione
1134 2430 1296 2476 sect-.e
1333 2423 1699 2477 nominantur.
1746 2425 1804 2479 Si
1836 2426 1980 2481 enim

397 2510 670 2580 sapientia
700 2511 882 2565 carnis
903 2510 1120 2565 inimica
1152 2518 1235 2566 est
1254 2510 1386 2577 Deo,
1408 2520 1569 2567 secta:
1596 2528 1831 2584 quoque,
1861 2532 1981 2587 quae

398 2614 546 2654 nunc
583 2600 637 2654 in
680 2601 859 2657 carnis
902 2616 1068 2671 opere
1107 2609 1400 2672 ponuntur,
1444 2618 1550 2658 non
1594 2614 1721 2660 sunt
1749 2608 1976 2663 amiczn:

399 2683 618 2743 inimica
667 2697 847 2744 autem
893 2696 1020 2744 sunt
1059 2691 1240 2746 omnia
1282 2690 1535 2759 dogmata
1577 2692 1828 2752 falsitatis
1870 2697 1981 2752 Deo

396 2778 783 2849 repugnantia.

471 2867 715 2922 Invidite.
759 2868 943 2924 Tertio
1001 2868 1212 2926 decimo
1269 2869 1389 2926 loco
1448 2873 1687 2929 succedit
1742 2875 1977 2942 invidia,

399 2973 521 3028 quae
549 2971 765 3027 semper
788 2959 968 3014 aliena
999 2968 1283 3029 torquetur
1300 2960 1578 3030 felicitate,
1610 2973 1665 3021 et
1703 2967 1756 3020 in
1798 2968 1976 3037 dupli—

401 3063 520 3104 cem
551 3050 817 3104 scinditur
865 3050 1204 3119 passionem,
1262 3067 1386 3106 cum
1434 3054 1583 3110 in‘se
1637 3065 1721 3110 est
1776 3058 1977 3127 aliquid

401 3138 547 3206 quod
607 3137 662 3190 in
715 3136 822 3193 alio
885 3152 1005 3192 esse
1051 3154 1159 3195 non
1206 3140 1345 3207 vult,
1397 3150 1491 3197 aut
1556 3142 1721 3198 alium
1789 3147 1977 3203 videns

402 3240 525 3281 esse
570 3225 878 3291 meliorem,
925 3226 1070 3283 dolet
1116 3243 1175 3285 se
1222 3229 1273 3285 ei
1311 3245 1417 3285 non
1456 3244 1576 3289 esse
1615 3234 1971 3292 consimilem.

406 3316 637 3373 Pulchre
700 3318 917 3387 quidam
974 3318 1041 3375 de
1091 3319 1391 3378 Neotericis
1445 3323 1695 3381 Gnaeum
1753 3340 1971 3383 versum

400 3404 733 3461 transferens
761 3405 998 3477 elegiaco
1026 3417 1201 3464 metro
1228 3410 1295 3466 de
1324 3411 1524 3467 invidia
1555 3413 1713 3482 lusit,
1736 3417 1927 3474 dicens
1957 3438 1970 3471 :

518 3557 705 3626 lustius
726 3558 900 3607 invidia
926 3558 1048 3626 nihil
1066 3568 1160 3622 est,
1187 3575 1295 3626 qua:
1315 3565 1533 3625 protinus
1556 3567 1712 3626 ipsum

581 3620 849 3668 Auctorem
877 3620 1002 3668 rodit
1025 3620 1375 3686 excruciatique
1398 3620 1630 3676 auitnut'n.

470 3731 780 3786 Ebrietates.
829 3733 1091 3799 Quartum
1117 3736 1382 3793 decimum
1406 3738 1585 3795 locum
1621 3742 1765 3797 inter
1792 3747 1995 3813 carnis,

396 3842 563 3898 opera
612 3826 849 3882 ebrietas
892 3835 1038 3883 tenet
1082 3845 1096 3882 :
1143 3828 1356 3884 Ebriosi
1396 3833 1584 3903 quippe
1623 3849 1837 3905 regisqu
1874 3837 1972 3895 Dei

396 3936 502 3975 non
527 3918 863 3989 possidebunt
891 3934 910 3972 :
948 3916 1034 3973 Va:
1049 3920 1211 3984 enim,
1240 3921 1319 3977 ait
1344 3920 1640 3993 Propheta,
1674 3927 1763 3995 qui
1788 3936 1970 3996 poten-

395 4018 472 4062 tes
494 4009 619 4062 estis
644 4007 713 4063 ad
741 4008 1016 4063 bibendum
1045 4010 1222 4064 vinum
1240 4052 1255 4077 ,
1279 4020 1325 4066 et
1351 4013 1451 4065 viri
1474 4014 1635 4084 fortes
1660 4014 1731 4069 ad
1755 4016 1972 4071 miscen-

395 4098 518 4150 dam
540 4097 868 4163 ebrietatem,
912 4107 967 4153 ct
995 4098 1252 4156 Dominus
1277 4101 1450 4172 inquit
1478 4120 1491 4155 :
1525 4101 1733 4171 Cavete,
1762 4121 1826 4161 ne
1849 4122 1971 4176 grav

395 4200 578 4243 tentur
596 4190 755 4245 corda
776 4200 945 4245 vestra
961 4191 1184 4265 crapula
1204 4202 1253 4248 et
1275 4195 1543 4265 ebrietate,
1580 4207 1627 4253 et
1649 4200 1790 4255 curis
1808 4200 1969 4272 hujus

395 4284 514 4334 vita:
545 4281 709 4353 (Luc.
745 4298 833 4337 nt

2090 409 2315 473 regnum

2159 493 2421 558 Quoniam
2456 493 2548 563 qui
2572 489 2701 546 talia
2729 499 2910 561 agunt.
2953 489 3261 545 Notandum
3288 489 3469 557 itaque
3497 494 3662 558 atque

2087 582 2390 653 deﬁendum
2410 621 2426 646 ,
2475 583 2621 650 quod
2665 579 3089 645 contendentes,
3138 587 3194 634 et
3234 578 3561 634 dissidentes
3607 586 3663 632 et

2088 671 2378 728 iracundos
2418 687 2543 728 cum
2594 670 2925 736 idololatria,
2979 668 3236 725 veneﬁcis
3275 677 3330 723 et
3369 667 3661 724 homicidia

2086 763 2301 830 penitus
2326 761 2559 818 exclusit
2585 776 2618 815 a
2648 775 2836 832 regno.

2157 848 2389 905 Fructus
2413 851 2549 905 enim
2577 851 2790 921 spiritus
2817 858 2891 904 est
2919 849 3170 903 Charitas.
3212 847 3343 917 Quae
3377 847 3484 903 alia
3522 849 3663 904 inter

2087 938 2297 996 fructus
2322 940 2545 1009 spiritus
2573 941 2758 1001 debuit
2787 949 2970 996 tenere
2994 941 3289 1010 primatum
3311 980 3326 1005 ,
3354 941 3456 995 nisi
3486 941 3666 996 chari-

2087 1031 2215 1087 tas?
2241 1031 2361 1086 sine
2388 1048 2495 1100 qua
2525 1031 2754 1087 virtutes
2790 1040 3002 1086 canorae
3040 1045 3146 1086 non
3184 1039 3506 1100 reputantur
3541 1046 3665 1087 esse

2088 1123 2348 1188 virtutes,
2388 1130 2447 1178 et
2482 1137 2550 1178 ex
2592 1136 2696 1191 qua
2738 1132 3033 1178 nascuntur
3072 1122 3323 1180 universa
3361 1138 3483 1193 qua:
3520 1123 3687 1181 bona.

2086 1225 2232 1281 sunt,
2250 1216 2514 1284 siquidem
2533 1225 2588 1272 et
2612 1216 2667 1271 in
2692 1215 2811 1285 iege
2837 1224 2893 1271 et
2921 1216 2975 1277 in
2998 1215 3288 1286 Evangelio
3317 1216 3432 1286 ipsa
3457 1217 3666 1272 obtinet

2086 1308 2487 1377 principatum:
2519 1305 2716 1375 Diliges
2745 1304 3027 1361 Dominum
3065 1304 3233 1365 Deum
3273 1316 3422 1360 tuum
3462 1323 3529 1360 ea:
3554 1316 3666 1360 toto

2087 1398 2242 1452 corde
2266 1406 2356 1452 tuo
2381 1405 2433 1451 et
2460 1411 2527 1451 ea:
2549 1404 2657 1450 tota
2681 1394 2858 1449 anima
2880 1404 2974 1448 tua
2990 1433 3008 1460 ,
3033 1404 3083 1449 et
3103 1411 3168 1448 ea:
3188 1403 3300 1449 tota
3323 1396 3509 1449 virtute
3533 1406 3626 1450 tua
3644 1436 3662 1460 ,

2085 1495 2135 1545 et
2161 1485 2460 1557 proximum
2485 1494 2635 1538 tuum
2662 1493 2914 1554 tanquam
2938 1484 3161 1554 teipsum
3190 1483 3210 1555 (
3234 1482 3427 1537 Matth.
3453 1499 3568 1539 ml
3588 1486 3633 1555 ).

2156 1578 2444 1634 Gaudium.
2477 1577 2759 1633 Secundus
2784 1575 2992 1632 fructus
3014 1576 3237 1647 spiritus
3262 1585 3348 1631 est
3372 1577 3627 1647 gaudium
3644 1618 3662 1641 ,

2014 1658 2060 1719 B
2087 1669 2231 1738 quod
2259 1668 2428 1723 Stoici
2456 1682 2669 1737 quoque
2697 1667 2790 1736 qui
2816 1666 3155 1738 distinguunt
3179 1667 3323 1722 inter
3345 1667 3510 1722 verba
3536 1668 3669 1723 sub-

2086 1761 2271 1825 tilius,
2323 1760 2469 1815 aliud
2517 1759 2648 1829 quid
2690 1774 2815 1814 esse
2856 1759 3127 1817 aestimant
3168 1744 3331 1829 quam
3375 1759 3668 1815 laetitiam!

2083 1849 2352 1907 Gaudium
2381 1849 2580 1919 quippe
2617 1862 2739 1904 esse
2769 1848 2922 1903 aiunt
2961 1848 3255 1909 elationem
3290 1849 3459 1903 animi
3497 1864 3671 1921 super

2083 1943 2170 1998 bis
2214 1958 2335 2013 qua:
2380 1941 2539 2011 digna
2586 1948 2713 1999 sunt
2754 1939 3078 1996 exsultantis
3106 1939 3313 2007 laetitia.
3355 1938 3666 1995 Notandum

2082 2034 2227 2103 quod
2252 2041 2372 2103 post
2398 2031 2738 2088 dilectionem
2766 2031 3019 2100 gaudium
3066 2030 3332 2099 sequitur,
3375 2030 3469 2098 qui
3515 2031 3664 2085 enim

2082 2126 2258 2198 diligit
2283 2125 2588 2196 quempiam
2608 2140 2630 2190 ,λ
2657 2139 2870 2194 semper
2896 2124 2949 2178 in
2976 2122 3094 2192 eius
3118 2116 3374 2179 felicitate
3400 2122 3641 2177 laetatur.

2154 2214 2294 2271 Pax.
2332 2215 2550 2272 Tertius
2588 2213 2799 2271 fructus
2843 2213 3068 2283 spiritus
3095 2222 3179 2270 est
3202 2228 3337 2284 pax,
3368 2228 3400 2268 a
3425 2229 3534 2284 qua
3562 2212 3666 2268 Sa-

2081 2303 2263 2362 lomon
2289 2318 2538 2374 quoque,
2578 2303 2671 2372 qui
2712 2304 2768 2361 in
2808 2310 2934 2374 typo
2971 2301 3177 2363 Christi
3204 2303 3526 2373 praecessit,
3560 2317 3667 2357 no-

2081 2410 2205 2451 men
2234 2395 2478 2471 accepit,
2504 2402 2561 2450 et
2600 2393 2666 2449 de
2707 2393 2949 2448 Ecclesia
2991 2391 3280 2449 Psalmista
3318 2392 3471 2447 canit
3500 2389 3663 2459 ε.ιά-

2081 2499 2196 2546 ctus
2231 2497 2306 2544 est
2349 2488 2405 2543 in
2452 2504 2579 2559 pace
2625 2487 2771 2543 locus
2813 2487 2928 2557 ejus
2966 2484 3159 2558 (Psal.
3188 2501 3326 2542 uxr
3352 2485 3401 2556 ),
3431 2494 3488 2540 et
3517 2485 3664 2540 inter

2079 2590 2204 2637 octo
2243 2579 2521 2652 Evangelii
2562 2580 2969 2637 benedictiones
3013 2577 3310 2634 scribitur:
3360 2576 3508 2630 Beati
3551 2592 3662 2646 pa-

2080 2672 2220 2742 ciﬁci
2236 2712 2250 2738 ,
2278 2673 2529 2743 quoniam
2557 2670 2655 2740 ﬁlii
2686 2669 2781 2725 Dei
2804 2669 3130 2729 uocabantur
3157 2665 3177 2739 (
3200 2667 3391 2722 Matth.
3416 2681 3448 2718 v
3467 2663 3514 2735 ).

2150 2760 2569 2832 Longanintitas.
2612 2758 2849 2825 Quartus
2885 2756 3093 2817 fructus
3118 2757 3338 2826 spiritus
3363 2763 3450 2810 est
3475 2754 3666 2825 longa-

2080 2853 2303 2909 nimitas
2329 2851 2442 2911 sive
2469 2849 2726 2921 patientia
2746 2850 2771 2915 ,‘
2792 2848 2918 2918 quia
2947 2857 3179 2917 utroque
3207 2847 3365 2901 modo
3392 2847 3663 2919 μακροθυ-

2081 2948 2199 3017 μίαν
2223 2930 2515 3014 possumus
2539 2939 2906 3011 interpretari.
2940 2938 3077 2994 lluic
3117 2938 3393 2993 contraria
3434 2944 3520 2994 cst
3559 2953 3665 3007 pu-

2083 3032 2445 3096 sillanimitas,
2471 3031 2564 3101 qui
2588 3044 2718 3086 vero
2738 3029 2950 3099 patiens
2972 3035 3056 3085 est
3082 3036 3137 3083 et
3162 3027 3417 3083 universa
3444 3034 3666 3083 susten—

2080 3130 2192 3188 tat,
2229 3121 2316 3178 vir
2353 3119 2601 3190 sapiens,
2647 3127 2702 3172 et
2742 3134 2869 3177 cum
2909 3118 3141 3175 inuitati
3179 3116 3410 3173 multum
3438 3117 3667 3186 sapiens

2079 3211 2399 3283 appellatur,
2441 3216 2505 3263 ut
2543 3208 2598 3265 in
2638 3207 2949 3263 Proverbiis
2986 3220 3200 3279 quoque
3238 3206 3499 3277 scriptum
3524 3215 3614 3261 est
3642 3224 3661 3261 :

2078 3300 2421 3371 Lonqanimis
2458 3299 2540 3352 vir
2568 3296 2762 3352 multus
2786 3298 2842 3353 in
2861 3297 3141 3368 prudentia
3170 3295 3369 3370 (Prov.
3400 3313 3489 3352 XIV
3503 3296 3544 3370 ).

2149 3389 2388 3449 Bonitas.
2411 3388 2642 3456 Quintus
2670 3388 2877 3444 fructus
2899 3387 3120 3458 spiritus
3144 3395 3228 3441 est
3252 3385 3484 3453 bonitas,
3508 3396 3561 3441 ct
3591 3387 3668 3443 de

2078 3483 2182 3538 hac
2208 3481 2377 3538 Stoici
2418 3482 2491 3536 ita
2535 3480 2837 3536 deﬁniunt:
2879 3478 3100 3535 Bonitas
3140 3486 3225 3534 est
3266 3479 3439 3535 virtus
3464 3488 3667 3548 sponte

2076 3574 2146 3628 ad
2173 3571 2616 3629 benefaciendum
2645 3572 2889 3642 exposita
2913 3588 2930 3638 ;
2960 3578 3259 3626 sectatores
3299 3585 3513 3640 quoque
3552 3570 3666 3625 Ze-

1966 3684 1985 3703 ί
2075 3665 2232 3733 nonis
2256 3665 2335 3720 ita
2365 3663 2630 3721 deﬁniunt
2657 3680 2671 3717 :
2702 3663 2923 3723 Bonitas
2947 3669 3032 3717 est
3059 3661 3232 3716 virtus
3250 3700 3268 3728 ,
3296 3676 3417 3732 qua:
3443 3660 3663 3733 prosit,

2074 3754 2189 3815 sive
2217 3754 2391 3813 virtus
2414 3767 2483 3809 ex
2507 3766 2614 3822 qua
2641 3751 2816 3809 oritur
2845 3750 3071 3811 utilitas.

2146 3843 2473 3914 Benignitas.
2518 3841 2718 3897 Sextus
2747 3840 2955 3897 fructus
2984 3839 3210 3911 spiritus
3235 3850 3319 3895 est
3342 3839 3667 3911 benignitas

2071 3936 2184 3993 sive
2212 3934 2468 3991 suavitas.
2500 3932 2637 4000 Quia
2666 3931 2807 4003 apud
2841 3930 3059 3988 Gnaeos
3085 3932 3393 4007 χρηστότης
3423 3938 3656 3987 utrum—

2071 4039 2179 4093 que
2202 4030 2377 4079 sonat.
2417 4021 2599 4078 Virtus
2638 4030 2722 4078 est
2759 4021 2928 4089 lenis,
2969 4019 3196 4086 blanda,
3245 4020 3570 4090 tranquilla,
3602 4028 3668 4075 et

2070 4115 2313 4171 omnium
2352 4114 2615 4171 bonorum
2640 4122 2767 4184 apta
2795 4112 3099 4177 consortio,
3133 4111 3366 4167 invitatis
3392 4111 3465 4165 ad
3495 4110 3668 4167 fanti-

2072 4207 2363 4263 liaritatem
2395 4205 2515 4271 sui,
2545 4205 2720 4261 dulcis
2748 4203 2985 4274 alloquio
3004 4243 3020 4269 ,
3055 4203 3296 4259 moribus
3327 4210 3666 4273 temperata.

2144 4295 2514 4357 Mansuetudo.
2547 4295 2820 4368 Septimus
2859 4294 3068 4350 fructus
3107 4294 3330 4365 spiritus
3369 4302 3456 4348 est
3490 4309 3666 4349 man-

464 4374 896 4434 Comessationes.
939 4377 1346 4444 Quintadecima
1366 4421 1382 4447 ,
1431 4396 1552 4452 qua:
1596 4390 1841 4441 extrema
1883 4384 1967 4441 iu-
1992 4352 2045 4412 Β
2066 4390 2317 4454 suctudo,
2349 4405 2470 4460 quae
2496 4389 2722 4443 adversa
2751 4395 2834 4442 est
2859 4387 2980 4452 ine,
3012 4385 3165 4449 rixas,
3195 4384 3665 4454 dissensionibus,

398 4478 480 4523 ter
504 4471 689 4525 carnis
715 4485 904 4541 opera,
947 4474 1267 4529 comessatio
1292 4482 1408 4540 est;
1436 4475 1772 4540 manducavit
1795 4491 1966 4548 popu-

393 4560 514 4625 lus,
555 4570 603 4615 et
647 4560 797 4627 bibit,
838 4570 886 4617 et
927 4574 1266 4620 surrexerunt
1305 4565 1487 4628 ludere
1528 4566 1597 4638 (1
1627 4565 1753 4621 Cor.
1783 4566 1880 4640 ι).
1907 4567 1964 4623 In

396 4649 608 4705 Latinis
645 4650 923 4706 codicibus
952 4651 1311 4719 adulterium,
1342 4655 1707 4727 impudicitia,
1737 4656 1963 4714 homici-

391 4739 501 4804 dia,
532 4739 584 4793 in
611 4740 712 4796 hoc
737 4739 981 4811 catalogo
1003 4741 1253 4797 vitiorum
1278 4744 1480 4814 scripta
1507 4744 1839 4811 referuntur,
1864 4747 1963 4807 sed

390 4829 699 4895 sciendum,
748 4844 855 4886 non
899 4830 1183 4900 plusquam
1226 4833 1535 4902 quindecim
1576 4835 1760 4892 carnis
1798 4851 1962 4908 opera

374 4926 673 5003 numerata
699 4917 766 4974 de
792 4919 986 4988 quibus
1011 4929 1066 4975 et
1094 4921 1465 4978 disseruimus.

463 5027 532 5081 Et
557 5028 637 5083 liis
663 5026 877 5083 similia.
902 5026 1144 5100 Longum
1170 5038 1290 5087 erat
1311 5032 1566 5087 universa
1591 5032 1774 5088 carnis
1795 5047 1959 5102 opera

388 5118 687 5187 explicare,
718 5133 826 5173 uno
854 5125 1065 5173 tantum
1091 5122 1272 5176 omnia
1302 5136 1552 5177 sermone
1579 5121 1846 5177 conclusit
1873 5122 1945 5177 di-

387 5224 547 5291 cens,
578 5216 635 5264 ct
660 5209 745 5264 his
768 5208 986 5265 similia.

461 5297 592 5364 Quae
617 5298 845 5369 prtedico
874 5299 1014 5355 vobis
1033 5339 1050 5366 ,
1076 5308 1183 5355 etc.
1232 5298 1331 5356 Ubi
1373 5310 1501 5358 ante
1525 5302 1821 5372 prmdixit?
1847 5303 1956 5358 uti-

386 5404 494 5461 quc
521 5389 612 5444 ubi
638 5390 715 5446 ait
743 5407 757 5442 :
792 5388 914 5443 Non
945 5398 1115 5459 regnet
1141 5400 1409 5460 peccatum
1445 5390 1501 5444 in
1540 5401 1708 5446 uestro
1745 5392 1957 5449 mortali

387 5497 600 5549 corpore
638 5479 707 5533 ad
747 5478 1092 5534 obedientium
1131 5479 1404 5535 desideriis
1441 5482 1557 5552 ejus
1601 5482 1795 5555 (Rom.
1832 5500 1886 5539 vi
1912 5484 1954 5557 ).

392 5568 672 5643 i‘eccatum
697 5584 885 5625 omnes
907 5568 1041 5625 istas
1067 5569 1275 5639 species
1297 5570 1477 5626 habet.
1505 5572 1647 5644 Ergo
1674 5574 1726 5627 in
1751 5574 1954 5642 anima,

2067 4490 2123 4536 et
2151 4497 2422 4552 nunquam
2449 4483 2516 4539 ad
2546 4482 2627 4539 sui
2655 4482 2929 4547 contraria
2965 4489 3317 4551 provocatur,
3359 4495 3460 4549 per
3501 4480 3667 4537 banc

2069 4572 2301 4629 famulus
2346 4572 2442 4627 Dei
2492 4572 2668 4629 Moses
2720 4572 3090 4629 testimonium
3141 4572 3342 4627 meruit
3390 4572 3671 4642 accipere

2068 4665 2362 4735 Scriptum:
2386 4664 2616 4720 dicentis
2640 4681 2654 4719 :
2685 4662 2859 4719 Moses
2880 4672 3183 4721 mansuetus
3204 4671 3340 4729 erat.
3359 4661 3668 4733 plusquam

2068 4771 2245 4809 omnes
2273 4755 2507 4809 homines
2533 4770 2689 4825 super
2714 4763 2930 4811 terram.

2109 4846 2320 4902 .Fides.
2369 4844 2606 4903 Octavus
2649 4845 2860 4903 fructus
2904 4846 3126 4918 spiritus
3170 4854 3256 4901 est
3298 4844 3435 4900 ﬁdes
3457 4885 3472 4909 ,
3520 4859 3671 4915 qua

2063 4938 2228 4994 etiam
2255 4937 2380 5001 alibi
2411 4937 2553 4993 inter
2582 4946 2692 5001 tres
2720 4937 2958 5008 ponitur,
2986 4951 3128 5007 spes,
3165 4936 3323 5000 ﬁdes,
3366 4933 3667 5001 cbaritas,

2064 5029 2189 5084 inde
2208 5028 2357 5082 enim
2374 5037 2462 5084 est
2478 5042 2638 5085 omne
2659 5028 2801 5097 quod
2825 5036 3102 5098 operatur,
3120 5026 3388 5097 siquidem
3416 5024 3472 5081 id
3496 5026 3669 5094 quod

2061 5133 2342 5188 speramus
2380 5132 2503 5175 esse
2540 5128 2861 5186 venturum.
2895 5128 2952 5176 ct
2988 5136 3090 5177 nec
3117 5120 3246 5177 dum
3286 5127 3370 5174 est
3410 5118 3466 5173 in
3495 5132 3670 5187 pra:-

2058 5208 2225 5273 senti,
2258 5208 2363 5264 ﬁde
2388 5209 2762 5280 possidemus,
2805 5218 3091 5279 sperantes
3128 5226 3231 5268 nos
3270 5219 3458 5266 tenere
3491 5211 3672 5279 quod

2057 5300 2347 5356 credimus.

2130 5390 2407 5448 Modestia.
2423 5391 2607 5449 Nonus
2631 5391 2842 5450 fructus
2862 5393 3089 5465 spiritus
3114 5403 3199 5451 est
3222 5394 3498 5459 modestia,
3517 5394 3670 5453 haec

2057 5498 2270 5553 semper
2304 5499 2493 5556 pacem
2531 5485 2795 5553 sequitur,
2832 5500 3045 5557 semper
3071 5501 3258 5556 pacem
3288 5494 3553 5554 sectatur,
3590 5495 3665 5542 et

2058 5589 2157 5630 nec
2186 5574 2309 5631 lmsa
2342 5590 2578 5647 unquam
2605 5575 2877 5633 irascitur.

3552 198 3662 253 452
3744 210 3754 227 ⁰
