3932 6204
264 300 361 358 453

1079 295 1596 355 COLLECTIONES
1632 295 1700 352 ΙΝ
1742 296 2123 356 EPISTOLAS
2158 300 2246 356 ET
2285 300 2692 359 EVANGELIA.

3406 307 3516 364 454

326 389 683 449 Continentia.
727 388 977 444 Decimus
1024 386 1231 443 fruetus
1270 390 1493 460 spiritus
1533 398 1619 443 est
1664 389 1838 444 conti-
1864 392 1913 451 Α
1940 390 2300 460 cognitionem
2339 393 2687 464 prmceptoris
2722 392 2968 459 redeunt,
3013 408 3136 448 mox
3166 395 3234 451 ad
3282 393 3511 452 formam

262 482 473 547 nentia,
502 496 664 549 quam
705 496 812 534 non
839 478 1014 535 solum
1048 479 1101 533 in
1129 480 1378 535 castitate
1406 482 1663 538 debemus
1692 481 1834 536 acci-

260 589 421 647 pere,
446 576 542 629 sed
569 574 735 651 etiam
765 571 820 626 in
846 571 969 626 cibo
1008 579 1062 626 et
1100 581 1259 641 potu,
1289 573 1342 626 in
1380 571 1631 643 eloquio,
1667 572 1722 627 in
1754 571 1832 626 ira

260 683 469 740 quoque
494 675 551 720 et
580 666 868 727 vexatione
896 665 1095 720 mentis
1114 705 1130 730 ,
1160 674 1216 719 et
1242 665 1558 720 detrahendi
1588 664 1830 720 libidine.

326 758 577 813 Castitas.
612 756 944 815 Undecimus
982 755 1194 811 fructus
1229 756 1454 826 spiritus
1477 763 1560 810 est
1585 755 1828 810 castitas.

259 851 488 921 castitas
515 851 663 906 enim
689 858 744 904 ct
773 849 829 903 in
859 849 1162 919 virginibus
1203 857 1317 914 εει,
1356 854 1411 902 ει
1455 847 1509 903 in
1551 848 1832 903 continen-

260 945 419 1010 tibus,
454 942 586 997 etin
616 941 793 997 viduis
814 948 872 995 et
896 940 952 997 in
980 937 1266 1009 coniugiis.

325 1032 584 1086 Aduersus
613 1030 916 1099 hujusmadi
946 1046 1051 1084 non
1078 1039 1154 1084 est
1180 1028 1285 1084 lex.
1327 1028 1387 1087 ltl
1424 1036 1538 1094 est,
1567 1028 1830 1085 adversus

255 1123 499 1191 spiritum
535 1136 645 1175 non
689 1128 775 1174 est
810 1119 946 1186 Lex,
973 1120 1119 1189 justo
1144 1120 1341 1191 quippe
1369 1135 1478 1175 non
1507 1128 1592 1174 est
1628 1120 1824 1190 posita,

136 1242 145 1249 -
248 1214 345 1290 sed
370 1212 571 1282 iniquis
589 1252 606 1277 ,
639 1218 694 1266 et
720 1226 828 1266 non
856 1211 1113 1277 subditis,
1144 1211 1325 1281 impiis
1349 1218 1404 1266 et
1430 1210 1822 1281 peccatoribus.

250 1304 359 1360 Lex
405 1302 539 1356 mihi
581 1302 752 1357 dicit:
787 1300 909 1355 Non
936 1300 1286 1364 adulterabis,
1322 1317 1427 1354 non
1454 1300 1687 1364 occides,
1721 1315 1827 1353 non

248 1390 444 1460 falsum
470 1388 824 1444 testimonium
852 1389 993 1441 dices
1011 1427 1028 1453 ,
1064 1395 1170 1443 etc.
1197 1387 1216 1457 (
1239 1387 1410 1442 Exod.
1440 1404 1507 1447 xx
1532 1388 1551 1457 )
1578 1404 1594 1452 ;
1623 1388 1668 1442 si
1710 1402 1825 1442 nate

246 1483 427 1538 omnia
473 1481 739 1536 ebaritate
780 1480 834 1537 in
876 1496 965 1536 me
1002 1490 1297 1552 regnante,
1339 1496 1461 1551 quae
1494 1491 1578 1537 est
1616 1481 1826 1538 fructus

245 1576 508 1644 spiritus,
551 1590 660 1630 non
703 1572 916 1638 fecero,
945 1572 1216 1643 superﬂua
1240 1583 1367 1628 sunt
1388 1575 1521 1629 mihi
1554 1586 1825 1651 prmcepta

242 1665 401 1736 legis.
447 1666 590 1735 Ergo
614 1666 705 1735 qui
732 1663 942 1720 fructus
965 1664 1189 1734 spiritus
1227 1665 1579 1735 spiritualiter
1603 1667 1821 1741 implet,

240 1754 348 1810 sub
371 1755 555 1810 Veteri
595 1754 939 1810 Testamento
979 1770 1087 1809 non
1120 1762 1320 1811 manet.

315 1843 420 1909 Qui
463 1852 638 1897 autem
677 1851 799 1898 sunt
843 1840 1069 1909 Christi,
1114 1859 1322 1897 carnem
1357 1858 1508 1897 suam
1547 1843 1822 1913 cruciﬁxe-

241 1944 399 1998 runt,
438 1942 547 1988 etc.
588 1932 645 1988 Si
688 1932 871 1987 omnia
904 1932 1063 1987 simul
1103 1933 1233 1987 vitia
1270 1932 1529 1988 crueiﬁxa
1568 1942 1726 2000 sunt,
1766 1942 1823 1989 et

239 2036 405 2090 caro,
442 2022 598 2092 quasi
631 2022 683 2075 in
709 2036 871 2077 cruce
893 2022 1164 2090 pendens,
1197 2021 1329 2077 nihil
1365 2023 1725 2092 concupiscit,
1750 2023 1819 2078 ad

237 2114 372 2184 quid
417 2113 577 2168 nobis
626 2112 749 2178 lex,
790 2127 910 2181 qua:
952 2113 1081 2173 data
1106 2113 1284 2167 estad
1321 2112 1452 2166 vitia
1492 2114 1820 2168 coercenda?

241 2201 414 2257 Simul
440 2201 573 2256 illud
596 2202 887 2256 notandum
908 2241 923 2267 ,
944 2201 1089 2271 quod
1112 2215 1212 2256 eos
1229 2202 1427 2256 dixerit
1448 2201 1646 2257 Christi
1672 2217 1816 2268 esse,

243 2292 332 2361 qui
359 2306 581 2346 carnem
609 2306 731 2345 cum
770 2290 917 2346 vitiis
946 2297 1012 2351 et
1045 2290 1495 2360 concupiscentiis
1532 2290 1816 2347 eruciﬁxe—

246 2385 387 2450 rint,
434 2392 624 2438 contra
673 2381 796 2438 illos
840 2382 933 2453 qui
970 2381 1142 2438 solam
1184 2380 1345 2437 ﬁdem
1386 2380 1634 2439 sullicere
1671 2382 1816 2438 arbi-

246 2479 469 2527 trantur.

600 2622 940 2665 EVANGELIUI
969 2622 1140 2672 ιυω,
1169 2622 1289 2689 ειιξ.
1322 2624 1455 2664 XVII.

1936 477 2125 532 salutis
2156 490 2462 535 recurrunt.

2007 569 2152 636 Quos
2181 581 2237 625 ut
2261 572 2387 626 uidit
2406 613 2421 639 ,
2447 572 2581 627 dixit
2616 590 2635 628 :
2665 566 2767 640 Ite,
2810 575 3063 629 ostendite
3090 592 3176 629 vos
3226 576 3511 631 sacerdoti-

1933 659 2048 715 bus.
2082 660 2298 717 Nullum
2322 662 2582 718 Dominus
2606 678 2816 731 eorum,
2851 665 3046 734 quibus
3067 666 3181 720 haec
3206 665 3509 735 corporalia

1930 751 2193 807 beneﬁcia
2215 755 2489 823 prmstitit,
2518 755 2790 810 invenitur
2831 756 3044 811 misisse
3087 756 3156 810 ad
3191 756 3509 811 sacerdotes

1930 842 2035 897 nisi
2066 843 2327 913 leprosos,
2365 846 2491 915 quia
2527 846 2778 902 videlicet
2805 847 3166 903 sacerdotium
3196 846 3509 903 Judmorum

1928 931 2098 1005 ﬁgura
2138 943 2254 989 erat
2282 934 2446 990 futuri
2473 937 2762 993 sacerdotii
2786 938 3002 1010 regalis,
3025 938 3170 1009 quod
3211 948 3296 994 est
3321 940 3377 993 in
3417 955 3507 993 ec-

1927 1022 2111 1090 clesia,
2142 1040 2249 1096 quo
2270 1035 2658 1082 consecrantur
2677 1043 2866 1084 omnes
2903 1030 3238 1099 pertinentes
3275 1030 3343 1085 ad
3383 1045 3507 1085 cor-

1925 1129 2026 1183 pus
2060 1113 2284 1181 Christi,
2313 1117 2508 1171 snmmi
2550 1128 2604 1171 ει
2627 1119 2743 1173 veri
2769 1119 3028 1188 principis
3054 1120 3414 1174 sacerdotum.
3441 1120 3509 1175 Et

1926 1206 2171 1274 quisquis
2203 1207 2288 1261 vel
2317 1208 2385 1262 ab
2412 1207 2668 1264 bzeretica
2702 1210 2968 1281 pravitate
3006 1210 3091 1265 vel
3117 1211 3509 1281 superstitione

1925 1295 2127 1364 gentili,
2145 1295 2231 1351 vel
2257 1295 2475 1352 Iudaica
2504 1300 2752 1369 perﬁdia,
2772 1299 2854 1354 vel
2878 1299 3041 1354 etiam
3073 1300 3365 1357 schismate
3394 1301 3507 1356 fra-

1924 1395 2096 1452 terno,
2129 1389 2283 1457 quasi
2314 1390 2465 1443 vario
2493 1390 2671 1446 colore
2691 1406 2787 1461 per
2806 1392 3019 1446 Domini
3049 1394 3276 1462 gratiam
3308 1410 3501 1450 carue-

1922 1475 2024 1543 rit,
2062 1493 2283 1561 necesse
2336 1488 2420 1536 est
2470 1482 2537 1536 ad
2584 1482 2868 1536 ecclesiam
2903 1484 3117 1545 veniat.
3159 1486 3506 1556 coloremque

1922 1565 2046 1623 ﬁdei
2087 1584 2273 1624 verum
2305 1586 2465 1640 quem
2500 1573 2801 1642 acceperit,
2846 1574 3116 1628 ostendat.
3168 1573 3374 1630 Cretera
3405 1592 3503 1630 au-

1925 1668 2034 1714 tem
2092 1660 2222 1716 vitia
2294 1670 2552 1734 tanquam
2595 1663 2932 1720 valetudines
2977 1672 3033 1719 et
3074 1667 3226 1735 quasi
3282 1668 3504 1723 morbos

1923 1750 2116 1807 animo:
2160 1762 2323 1823 atque
2379 1770 2660 1837 sensuum,
2698 1770 2798 1826 per
2842 1756 3081 1826 scipsum
3126 1758 3392 1825 interius,
3442 1759 3505 1813 in

1921 1845 2284 1913 conscientia,
2341 1855 2396 1902 et
2451 1848 2728 1903 intellectu
2770 1849 3028 1904 Dominus
3064 1858 3221 1904 sanat
3269 1859 3325 1905 et
3372 1867 3498 1905 cor--

1872 2002 1885 2013 ο
1920 1931 2065 2004 rigit.
2108 1932 2350 2005 Denique
2386 1945 2442 1990 et
2484 1935 2681 1992 Paulus
2709 1952 2841 1992 voce
2869 1936 3078 1993 Domini
3106 1939 3325 1995 audita:
3356 1939 3504 2005 Quid

1917 2037 1998 2074 me
2031 2026 2395 2095 persequeris?
2428 2025 2544 2097 Ego
2596 2044 2711 2081 sum
2743 2027 2899 2082 Jesus
2938 2045 3091 2100 quem
3120 2038 3176 2082 tu
3222 2046 3495 2100 perseque-

1917 2117 1988 2172 ris
2018 2117 2164 2189 (Act.
2190 2136 2242 2174 rx
2261 2118 2280 2190 )
2299 2160 2316 2186 ,
2345 2121 2414 2175 ad
2435 2118 2703 2174 Ananiam
2731 2127 2911 2173 tamen
2955 2119 3150 2173 missus
3195 2127 3295 2185 est,
3325 2127 3385 2173 ut
3407 2135 3494 2174 sa-

1914 2209 2154 2264 cerdotio
2181 2207 2292 2275 illo,
2322 2211 2466 2280 quod
2495 2210 2551 2263 in
2592 2210 2821 2266 ecclesia
2869 2210 3225 2266 constitutum
3269 2221 3374 2276 est,
3408 2227 3495 2266 sa-

1913 2310 2246 2356 cramentum
2285 2302 2547 2358 doctrinm
2576 2301 2700 2358 ﬁdei
2743 2300 3064 2375 perciperet.
3096 2311 3151 2359 et
3180 2319 3344 2358 verus
3370 2302 3501 2375 ejus
3552 2366 3561 2375 ,

1914 2391 2303 2460 approbaretur
2330 2392 2499 2447 color.

1982 2477 2054 2532 Et
2092 2479 2288 2550 facntm
2318 2490 2395 2535 est
2441 2481 2567 2535 dum
2604 2482 2758 2547 irent,
2784 2481 3026 2536 mundati
3062 2491 3204 2537 sunt.
3243 2481 3497 2537 Nondum

1900 2563 2131 2643 “accepta
2172 2573 2516 2642 baptismatis
2562 2585 2925 2641 sacramenta,
2956 2575 3193 2629 nondum
3239 2566 3493 2645 spiritua-

1912 2659 2039 2716 liter
2064 2662 2133 2716 ad
2162 2665 2470 2718 sacerdotes
2498 2672 2891 2733 pervenerant,
2920 2675 2975 2721 et
3012 2672 3192 2720 tamen
3223 2664 3504 2722 infusione

305 2757 326 2792 ι
356 2740 490 2795 Dum
515 2741 748 2796 intraret
768 2738 925 2795 188118
951 2740 1003 2793 ῖη
1026 2738 1362 2796 Hierusalem
1381 2780 1396 2805 ν
1426 2739 1695 2796 "an-$5533
1716 2754 1816 2811 Pe!
1894 2751 2134 2822 Spiritus
2162 2754 2333 2806 saneti
2361 2768 2548 2808 eorum
2574 2753 2851 2808 inundatio
2875 2754 3144 2809 declarata
3172 2763 3274 2809 est.

250 2849 271 2885 ι
304 2833 531 2888 mediam
557 2831 862 2887 Samariam
886 2839 943 2886 et
965 2830 1261 2886 Galilaeam.
1303 2830 1371 2885 Et
1394 2846 1520 2886 cum
1559 2831 1811 2900 ingrede-

1985 2839 2132 2895 Uuus
2162 2851 2335 2896 autem
2366 2859 2431 2909 ea;
2470 2841 2598 2906 illis,
2623 2851 2679 2895 ut
2722 2843 2873 2908 uidit,
2903 2843 3025 2914 quia
3068 2844 3352 2899 mundatus
3392 2857 3497 2912 est,

254 2943 276 2978 ι
308 2931 454 2981 retur
486 2924 758 2994 quoddam
792 2922 1103 2986 castellum,
1147 2927 1501 2977 occurrerunt
1536 2922 1587 2978 ei
1625 2922 1812 2978 decem
1912 2936 2177 3003 regressus
2233 2943 2308 2988 est
2348 2974 2364 2999 ,
2434 2942 2543 2989 etc.
2608 2934 2758 2990 Unus
2830 2935 2930 2990 iste
2983 2936 3076 3006 qui
3139 2937 3497 3007 magniﬁcans

248 3030 267 3065 ι
300 3015 397 3069 viri
423 3014 645 3085 leprosi-
675 3012 777 3081 Olli
803 3020 1076 3069 Steterunt
1109 3027 1139 3067 8
1177 3012 1367 3083 longe.
1405 3020 1460 3067 ει
1496 3013 1813 3070 levaverunt
1911 3022 2102 3092 Deum,
2128 3039 2407 3094 regressus
2421 3034 2524 3091 est,
2551 3026 2711 3081 unius
2734 3025 2977 3081 ecclesia:
3002 3027 3250 3082 devotam
3274 3025 3491 3084 Christo

248 3120 267 3155 ι
302 3119 483 3160 vocem
501 3100 744 3160 dicentes
778 3120 793 3157 :
831 3101 958 3158 Iesu
983 3112 1306 3174 prmeeptor,
1329 3103 1589 3159 miserere
1614 3101 1807 3199 nostri.
1837 3094 1886 3158 Ε
1915 3112 2267 3168 humilitath
2299 3115 2587 3187 signiﬁcat.
2631 3114 2731 3182 Qui
2766 3117 2903 3172 bene
2933 3118 3132 3199 cadens
3174 3126 3300 3173 ante
3325 3120 3493 3190 pedes

244 3212 265 3246 ι
299 3196 443 3262 Quos
467 3203 525 3250 ut
548 3196 683 3250 vidit
707 3195 880 3251 dixit:
921 3194 1028 3260 Ite,
1067 3195 1338 3250 ostendite
1377 3207 1482 3249 vos
1517 3190 1815 3248 sacerdoti-

246 3304 265 3338 ι
300 3288 418 3343 bus.
440 3288 509 3342 Et
533 3286 736 3342 factum
759 3297 846 3344 est
867 3289 993 3344 dum
1021 3287 1194 3353 irent,
1221 3285 1463 3341 mandati
1491 3292 1636 3340 sunt.
1663 3283 1814 3341 Unus

246 3395 267 3431 ι
295 3388 561 3435 autenrex
588 3379 696 3436 illis
721 3388 780 3435 ut
805 3381 942 3436 vidit
963 3421 978 3443 .
1003 3380 1130 3452 quia
1156 3380 1445 3434 mundatus
1467 3387 1579 3443 est,
1600 3391 1815 3449 regres-

246 3488 266 3520 ο
303 3486 392 3525 sus
416 3478 499 3525 est
533 3486 653 3526 cum
693 3487 887 3543 magna
927 3487 1089 3538 voce,
1133 3470 1487 3542 magniﬁcans
1520 3470 1729 3535 Deum,
1758 3477 1815 3523 et

246 3577 265 3612 ι
298 3562 488 3617 cecidit
525 3562 578 3616 in
620 3561 812 3618 faciem
856 3548 982 3618 ante
1017 3565 1185 3634 pedes
1224 3563 1340 3634 eius
1378 3564 1583 3634 gratias
1621 3578 1807 3634 agens.

245 3670 266 3703 ι
302 3653 366 3708 Ει
387 3654 473 3711 hic
499 3663 616 3709 erat
643 3654 1040 3710 Samaritanus.
1064 3654 1420 3724 Respondens
1443 3663 1625 3709 autem
1653 3653 1811 3710 Jesns

250 3760 270 3795 ι
302 3743 434 3799 dixit
458 3763 471 3798 :
503 3744 699 3801 Nonne
727 3746 914 3802 decem
954 3746 1196 3801 mundati
1234 3754 1390 3811 sunt,
1417 3752 1472 3802 et
1499 3760 1690 3824 novem
1718 3746 1807 3800 ubi

244 3852 264 3885 ι
296 3838 454 3891 sunt?
472 3836 589 3892 Non
610 3844 695 3892 est
716 3836 969 3892 inventus
989 3836 1082 3907 qui
1107 3836 1307 3893 rediret
1328 3843 1383 3889 ct
1406 3836 1559 3890 daret
1582 3835 1806 3907 gloriam

243 3940 265 3973 ι
300 3918 427 3991 Deo,
452 3925 558 3980 nisi
584 3923 677 3981 hic
703 3925 1024 3996 alienigena.
1052 3924 1121 3979 Et
1145 3924 1222 3978 ait
1258 3923 1334 3978 illi
1361 3941 1374 3978 :
1406 3923 1578 3994 Surge
1596 3963 1613 3990 ,
1640 3924 1804 3990 vade,

244 4036 263 4063 ⁸
300 4022 423 4089 quia
466 4020 603 4077 ﬁdes
626 4030 715 4076 tua
745 4031 800 4076 te
832 4020 1041 4075 salvum
1068 4019 1215 4075 fecit.
1253 4039 1270 4071 ι

312 4112 441 4166 Dum
470 4113 694 4168 intraret
722 4113 887 4167 Iesus
925 4115 982 4168 in
1021 4112 1391 4178 Hierusalem,
1433 4120 1538 4168 etc.
1583 4112 1803 4182 Leprosi

240 4217 342 4256 non
376 4203 609 4258 absurde
644 4203 866 4274 intelligi
900 4212 1157 4273 possunt,
1207 4202 1299 4272 qui
1338 4202 1620 4257 scientiam
1664 4217 1806 4256 verte

240 4292 359 4347 ﬁdei
395 4308 501 4348 non
543 4292 839 4359 habentes,
878 4294 1057 4347 varias
1097 4293 1374 4347 doctrinas
1408 4290 1689 4362 proferunt
1718 4308 1805 4347 er-

238 4382 397 4436 roris.
430 4381 549 4437 Non
586 4383 730 4438 enim
765 4383 850 4439 vel
888 4383 1224 4438 abscondunt
1260 4382 1585 4452 imperitiam
1615 4396 1797 4445 suam,

1914 3203 2146 3271 Domini,
2179 3207 2383 3277 gratias
2421 3207 2553 3278 agit,
2585 3207 2675 3263 ille
2710 3223 2837 3263 vere
2860 3208 2971 3264 Deo
3001 3208 3206 3279 gratias
3231 3210 3365 3280 agit,
3398 3213 3496 3281 qui

1912 3298 2171 3365 repressis
2200 3300 2635 3370 praesumptionis
2674 3315 2786 3356 sum
2822 3301 3243 3372 cogitationibus
3264 3343 3279 3368 ,
3326 3318 3499 3373 quam

1912 3402 1942 3441 a
1970 3389 2265 3459 semetipso~
2290 3390 2537 3446 inﬁrmus
2559 3393 2661 3455 sit,
2698 3392 2976 3449 humiliter
3021 3394 3187 3458 videt,
3218 3395 3309 3464 qui
3354 3395 3498 3450 nihil

1910 3478 2015 3533 sibi
2039 3480 2257 3535 virtutis
2293 3482 2503 3547 tribuit,
2543 3482 2635 3553 qui
2664 3484 2802 3539 bona
2829 3498 2950 3553 qua:
2977 3484 3090 3554 agit
3134 3497 3255 3539 esse
3283 3485 3349 3538 de
3381 3484 3487 3539 mi-

1910 3571 2203 3627 sericordia
2238 3573 2535 3629 conditoris
2583 3575 2849 3644 agnoscit.
2895 3574 3055 3630 Cadit
3107 3581 3287 3631 autem
3320 3573 3375 3629 in
3412 3574 3490 3632 fa-

1909 3661 2045 3715 ciem
2065 3701 2084 3725 ,
2111 3661 2236 3731 quia
2267 3676 2334 3717 ex
2381 3662 2540 3719 malis
2585 3678 2708 3733 qua:
2735 3678 2794 3719 se
2825 3673 3169 3735 perpetrasse
3212 3663 3492 3732 meminit,

1906 3751 2197 3806 erubescit.
3246 3748 3251 3753 ’

1978 3839 2047 3897 Et
2067 3841 2151 3897 hic
2179 3853 2292 3897 erat
2319 3842 2712 3900 Samaritanus.
2758 3843 3134 3902 Samaritanus
3160 3848 3358 3920 quippe
3403 3850 3490 3905 in-

1907 3938 2236 3999 terpretatur
2280 3944 2487 3999 custos,
2515 3951 2622 4006 quo
2653 3936 2868 3991 nomine
2912 3936 3000 3993 ille
3036 3939 3266 4009 populus
3310 3941 3483 4009 aptis-

1906 4018 2041 4076 sime
2067 4022 2419 4093 signiﬁcatur,
2434 4024 2523 4095 qui
2541 4025 2745 4095 gratias
2769 4027 2978 4093 agendo
2992 4028 3038 4082 ei
3061 4045 3091 4082 a
3113 4044 3220 4097 quo
3248 4032 3481 4101 accepit,

1906 4111 2095 4166 tribuit
2116 4126 2276 4167 omne
2301 4113 2443 4183 quod
2463 4115 2694 4183 accepit,
2729 4117 3126 4184 quodammodo
3166 4127 3396 4176 cantans
3420 4121 3483 4175 il-

1905 4199 1994 4254 lud
2020 4199 2087 4255 de
2110 4202 2318 4269 psalmo
2346 4219 2359 4255 :
2388 4199 2774 4258 Fortitudinem
2802 4221 2969 4258 meam
2997 4205 3066 4260 ad
3090 4216 3138 4260 te
3164 4188 3481 4278 custodiam,

1902 4291 2026 4360 quia
2055 4299 2112 4343 tu
2145 4290 2283 4345 Deus
2311 4302 2578 4363 susceptor
2612 4310 2763 4347 meus
2785 4311 2859 4359 es,
2908 4294 3045 4349 Deus
3073 4312 3223 4351 meus
3269 4299 3480 4355 miseri-

1905 4381 2084 4435 cordia
2108 4382 2221 4452 ejus
2249 4385 2524 4453 prwueuiet
2545 4401 2626 4438 me
2650 4382 2822 4458 (Psal.
2857 4388 3028 4459 tvm).

237 4473 330 4525 sed
365 4490 462 4544 pro
497 4490 706 4530 summa
742 4476 937 4546 peritia
974 4473 1260 4544 proferunt
1293 4440 1352 4528 in
1383 4474 1592 4539 lucem,
1629 4483 1684 4530 et
1713 4475 1801 4546 ja-
1825 4440 1884 4502 Β
1973 4440 2305 4539 Respondeas
2334 4483 2508 4527 autem
2527 4440 2685 4529 Iesus
2711 4475 2843 4528 dixit
2874 4491 2893 4529 :
2917 4440 3113 4532 Nonne
3127 4477 3302 4533 decem
3322 4496 3479 4536 mun-

237 4566 491 4619 etantiam
530 4566 800 4621 sermonis
834 4566 1146 4620 ostendunt.
1185 4563 1341 4619 Nulla
1363 4579 1526 4635 porro
1552 4562 1683 4620 falsa
1709 4566 1806 4620 do-
1902 4561 2016 4616 dati
2057 4571 2197 4627 sunt,
2230 4572 2281 4617 et
2318 4579 2497 4617 norem
2526 4563 2616 4618 ubi
2645 4566 2815 4619 sunt?
2852 4565 3030 4622 Unum
3059 4562 3105 4622 si
3151 4569 3383 4626 addatur
3410 4573 3483 4627 ad

237 4653 404 4709 ctrina
439 4662 555 4720 est,
583 4668 704 4725 quae
737 4670 847 4711 non
876 4655 1058 4724 aliqua
1085 4669 1211 4710 vera
1248 4655 1635 4711 intermisceat.
1664 4650 1800 4711 Vera
1902 4669 2126 4727 novem,
2164 4655 2406 4725 quadam
2443 4655 2644 4727 effigies
2672 4658 2896 4715 unitatis
2943 4659 3217 4731 impletur,
3246 4664 3388 4732 quod
3417 4663 3485 4718 ﬁt

239 4756 363 4814 ergo
386 4744 536 4800 falsis
556 4745 863 4802 inordinate
894 4746 1187 4816 permista,
1217 4745 1272 4803 in
1307 4760 1417 4799 una
1440 4745 1802 4814 disputatione
1902 4753 2050 4800 tanta
2068 4746 2388 4823 complexio,
2414 4759 2475 4803 ut
2505 4750 2645 4804 ultra
2672 4765 2776 4805 non
2796 4753 3176 4823 prOgrediatur
3198 4770 3481 4822 numerus,

242 4835 640 4893 velnarratione
659 4839 893 4894 hominis
919 4847 1173 4908 tanquam
1196 4838 1251 4893 in
1270 4837 1431 4910 unius
1447 4837 1689 4907 corporis
1707 4832 1802 4893 εό-
1901 4835 2004 4891 nisi
2041 4852 2230 4892 rursus
2258 4838 2325 4893 ad
2362 4854 2527 4894 unum
2573 4842 2843 4907 redeatur,
2881 4849 2937 4896 et
2962 4843 3077 4899 lucc
3107 4859 3206 4916 per
3243 4844 3482 4902 inﬁnita-

240 4923 349 4982 lore
379 4932 722 5001 apparentia,
759 4930 1069 4999 signiﬁcant
1103 4930 1344 5001 lepram,
1373 4938 1629 5000 tanquam
1662 4931 1807 4986 veris

242 5016 488 5090 falsisque
522 5022 762 5077 colorum
804 5023 941 5078 locis
964 5025 1197 5077 humana
1237 5037 1466 5092 corpora
1506 5023 1801 5078 variantem

240 5121 392 5183 atque
412 5113 793 5172 maeulantem.
816 5114 881 5170 lli
902 5124 1082 5171 autem
1106 5124 1215 5170 tam
1240 5114 1445 5169 vitandi
1469 5123 1594 5169 sunt
1616 5115 1805 5170 Eccle-

238 5202 348 5272 siaz,
364 5214 423 5259 ut
444 5207 489 5261 si
513 5205 630 5262 ﬁeri
652 5215 849 5276 potest,
872 5206 1087 5278 longius
1108 5206 1321 5269 remoti,
1345 5220 1541 5276 magno
1565 5205 1803 5260 clamore

238 5293 504 5354 Christum
533 5299 907 5371 interpellent,
935 5300 1079 5355 unde
1103 5308 1159 5354 et
1182 5306 1305 5370 apte
1329 5297 1674 5369 subjungitur
1708 5316 1721 5351 :

304 5388 405 5455 Qui
434 5399 688 5446 steterunt
716 5409 750 5445 a
775 5389 945 5462 longe,
983 5399 1031 5445 et
1058 5389 1353 5446 (citaverunt
1373 5404 1543 5444 vocem
1563 5429 1577 5454 ,
1603 5396 1710 5443 etc.
1737 5387 1804 5442 Et

235 5466 366 5535 bene
405 5489 468 5536 ut
501 5482 796 5548 salvantur,
827 5480 1011 5537 Iesum
1061 5487 1448 5552 prmeeptorem
1476 5480 1801 5561 nominant,

233 5573 353 5640 Quia
378 5575 522 5630 enim
557 5576 610 5631 in
640 5573 761 5649 ejus
781 5575 947 5629 verba
976 5588 1035 5630 se
1067 5588 1281 5629 errasse
1306 5570 1631 5644 s'lgniﬁcant,
1660 5571 1815 5627 hunc

233 5664 463 5721 salvandi
490 5666 768 5720 humiliter
794 5672 1180 5736 prmceptorcm
1207 5671 1434 5729 vocant,
1482 5676 1712 5731 eumque
1738 5662 1803 5718 ad

1907 4933 2016 4980 tem
2054 4925 2265 4981 numeri
2289 4927 2470 4998 regula
2499 4930 2853 4988 custodiatur.
2883 4929 3084 4986 Novem
3123 4933 3302 5003 itaque
3334 4933 3480 4988 indi-

1906 5023 2032 5085 gent
2057 5031 2183 5081 uno,
2222 5026 2283 5072 ut
2311 5019 2539 5087 quadam
2563 5019 2787 5075 unitatis
2815 5019 2985 5075 forma
3014 5021 3385 5093 coagulentur,
3420 5035 3478 5082 et

1906 5108 2090 5163 decem
2112 5109 2239 5163 sint.
2263 5107 2441 5164 Unum
2470 5117 2645 5164 autem
2686 5125 2793 5164 non
2821 5110 2901 5165 eis
2930 5111 3156 5182 indiget,
3186 5121 3247 5168 ut
3288 5125 3482 5170 custo-

1905 5201 2017 5256 diat
2041 5201 2325 5256 unitatem.
2354 5201 2715 5268 Quamobrem
2740 5210 2801 5256 ut
2824 5217 2962 5257 unus
2991 5201 3099 5269 ille,
3142 5205 3233 5275 qui
3273 5205 3480 5277 gratias

1903 5292 2031 5364 egit,
2055 5292 2215 5346 unice
2230 5291 2490 5347 Ecclesiae
2517 5291 2908 5362 signiﬁcatione
2943 5295 3271 5365 approbatus
3314 5304 3478 5365 atque

1905 5385 2151 5440 laudatus
2196 5390 2301 5447 est,
2336 5382 2412 5438 ita
2445 5381 2522 5437 illi
2566 5397 2782 5450 novem,
2813 5386 2904 5454 qui
2950 5386 3150 5457 gratias
3198 5386 3303 5441 non
3352 5401 3478 5454 ege-

1904 5482 2061 5539 runt,
2118 5473 2333 5544 reprobi
2374 5473 2566 5530 effecti
2606 5490 2637 5529 a
2685 5477 2962 5532 consortio
2999 5477 3223 5533 unitatis
3271 5477 3478 5533 exclusi

1904 5576 2045 5633 sunt,
2078 5568 2306 5638 ideoque
2334 5566 2469 5623 tales
2496 5568 2551 5622 in
2590 5569 2883 5625 novenario
2929 5584 3182 5634 numero,
3217 5577 3477 5639 tanquam

1906 5654 2205 5731 imperfecti
2260 5658 2651 5727 remanebunt,
2707 5669 2762 5715 et
2806 5658 3001 5715 merito
3050 5674 3142 5714 eos
3202 5656 3479 5726 Salvator.
