3932 6204
410 309 515 367 455

1709 294 2061 359 εΜΑΒΑὒΒΙ
2098 293 2392 356 ABBATIS

3579 299 3693 356 £56

413 424 570 497 quasi
603 424 815 496 ignotos
852 420 943 476 ubi
979 420 1110 485 sint,
1138 417 1391 489 inquirit,
1422 418 1562 473 scire
1604 416 1750 471 enim
1777 394 1874 470 Dei
1908 411 2006 465 eli—
2034 411 2082 470 A
2110 416 2217 464 tem
2246 411 2339 480 qui
2382 408 2514 465 vivit
2560 409 2796 480 spiritu?
2840 408 2946 465 nisi
2983 406 3335 464 absconditus
3368 407 3547 497 homo
3594 426 3698 466 no-

417 535 570 591 gere,
599 517 813 573 nescire
841 512 1132 584 reprobare
1157 519 1258 566 est.

418 631 425 635 '
502 608 621 665 Non
647 618 723 663 est
744 609 979 661 inventus
1007 603 1098 676 qui
1123 604 1313 657 rediret
1343 612 1389 657 et
1424 603 1572 657 daret
1615 602 1837 672 gloriam
1867 599 1998 664 Deo,

2105 508 2236 564 ster,
2279 499 2371 570 qui
2423 509 2479 555 et
2503 497 2673 569 juxta
2725 514 2945 554 carnem
2988 498 3259 553 interdum
3298 496 3441 553 solet
3470 497 3694 568 vivere,

2104 588 2200 644 sed
2228 603 2352 644 cum
2394 589 2589 660 spiritu
2640 588 2863 655 vixerit,
2894 589 3087 660 spiritu
3135 587 3412 654 ambulat,
3463 603 3592 645 cum
3639 589 3699 647 in

418 700 521 754 nisi
552 700 637 752 hic
670 697 984 766 alienigena.
1011 693 1319 750 Secundum
1362 709 1559 763 corpus
1601 692 1817 763 quidem
1846 691 2008 783 facile.

2125 696 2272 737 :arne
2297 682 2534 737 voluerit
2561 681 2861 746 ambulare,
2910 680 3103 735 vivens
3155 689 3404 736 mortuus
3447 687 3566 749 est,
3613 682 3702 737 vir

420 799 506 844 est
531 772 712 844 videre
752 802 912 856 posse
956 785 1231 842 hominem
1276 800 1380 840 non
1432 785 1633 840 habere
1681 784 1918 859 lepram,
1950 776 2008 837 et

2125 772 2378 829 rerfeetus
2413 773 2466 828 in
2489 771 2741 839 Christo,
2768 784 2985 843 semper
3016 771 3150 826 vivit
3174 771 3227 826 in
3259 771 3477 842 spiritu.

422 888 605 933 tamen
634 876 803 932 animi
835 891 955 933 esse
988 892 1096 932 non
1117 876 1265 932 boni.
1319 875 1628 931 Secundum
1656 874 2006 944 signiﬁcatio-

422 988 545 1029 nem
576 980 755 1026 autcm
776 969 937 1039 hujus
958 969 1205 1025 miraculi
1228 969 1518 1024 conturbat
1545 967 2002 1047 consideranlem,

417 1062 691 1133 quomodo
728 1061 959 1116 mundus
988 1061 1094 1116 dici
1147 1069 1327 1131 potest
1379 1060 1646 1130 ingratus.
1695 1056 1802 1113 Sed
1840 1058 2006 1113 etiam

424 1152 582 1208 facile
610 1160 694 1207 est
745 1151 909 1206 etiam
942 1151 1073 1206 illud
1103 1151 1289 1205 videre
1318 1150 1433 1205 ﬁeri
1466 1166 1648 1220 pose,
1677 1158 1740 1203 ut
1780 1148 2010 1218 quisque

423 1258 479 1297 In
515 1241 765 1300 Ecclesiae
786 1241 1048 1297 societate
1077 1241 1379 1297 doctrinam
1421 1242 1688 1310 integram
1711 1253 2015 1308 veramque

424 1314 765 1403 assequatur,
794 1339 849 1387 et
876 1332 1058 1387 omnia
1101 1332 1397 1387 secundum
1439 1331 1723 1387 catholica:
1768 1329 2011 1401 regulam

362 1452 375 1461 α
424 1424 675 1488 disserat,
726 1423 1022 1493 distinguat
1076 1440 1105 1477 a
1161 1431 1409 1479 creatore
1465 1429 1804 1487 creaturam,
1840 1436 2013 1491 eoque

426 1512 804 1569 manifestetur
828 1514 1090 1568 varietate
1114 1512 1546 1579 mendaciorum,
1576 1520 1836 1582 tanquam
1864 1511 2015 1581 lepra

426 1605 706 1669 caruisse,
757 1611 814 1658 et
852 1612 1031 1658 tamen
1086 1603 1333 1674 ingratus
1378 1605 1451 1660 sit
1491 1605 1635 1670 Deo,
1687 1611 1742 1658 et
1784 1600 2016 1660 Ι)οωίηο

428 1695 735 1756 mandatori
791 1709 909 1749 suo.
974 1694 1111 1761 Quia
1166 1694 1341 1750 elatus
1405 1694 1659 1764 superbia
1716 1694 2012 1765 gratiarum

2181 863 2291 936 (Ea:
2312 860 2572 936 Primus.)
2601 862 2663 919 Si
2691 864 2882 933 spiritu
2908 861 3145 925 vivimus,
3171 862 3363 932 spiritu
3385 871 3436 916 et
3460 863 3702 918 ambule-

2108 970 2226 1008 mus
2250 972 2268 1008 :
2299 968 2365 1009 ac
2390 954 2437 1009 si
2464 954 2692 1021 diceret,
2725 951 2784 1008 Si
2807 967 2909 1024 per
2934 952 3188 1022 spiritum
3220 951 3390 1007 vitam
3414 952 3701 1017 habemus,

2111 1045 2468 1117 spiritualiter
2487 1060 2897 1112 conversemur,
2925 1053 2980 1100 et
3000 1058 3109 1099 non
3135 1044 3240 1116 le‘gi
3272 1044 3568 1101 carnaliter
3590 1061 3707 1101 scr-

2109 1137 2341 1195 viamus.

2190 1226 2309 1282 Non
2339 1228 2625 1300 efﬁciamur
2656 1229 2829 1285 inanis
2863 1228 3047 1300 gloria:
3074 1227 3272 1297 cupidi.
3321 1227 3492 1283 Plane
3516 1228 3708 1299 gloriae

2114 1319 2339 1389 cupidos
2385 1319 2657 1384 dicimus,
2706 1320 2799 1389 qui
2853 1319 3081 1390 gloriam
3130 1318 3227 1375 Dei
3273 1318 3604 1383 desiderant,
3650 1329 3706 1376 et

2118 1410 2336 1465 laudem
2378 1411 2578 1465 virtute
2627 1410 2976 1481 condignam,
3006 1416 3061 1463 et
3090 1418 3344 1481 aspectus
3394 1409 3562 1464 divini
3604 1409 3706 1464 ali-

2116 1501 2246 1571 quid
2281 1499 2676 1556 ostendentem.
2726 1498 2770 1553 E
2798 1498 3075 1555 contrario
3115 1498 3210 1569 qui
3261 1498 3662 1570 eleemosynam
3688 1540 3704 1565 ,

2117 1591 2329 1661 longam
2360 1589 2681 1653 orationem,
2709 1590 3049 1653 castitatem,
3089 1587 3207 1643 sive
3234 1587 3291 1643 in
3328 1588 3705 1654 matrimonio,

2119 1684 2234 1740 sive
2264 1684 2318 1738 in
2346 1682 2636 1750 viduitate,
2669 1682 2785 1737 sive
2819 1682 2873 1736 in
2919 1682 3258 1752 virginitate,
3285 1698 3387 1754 pro
3412 1682 3574 1739 laude
3600 1683 3706 1739 bo-

428 1784 757 1854 agendamm
779 1784 869 1853 pia
898 1784 1206 1839 humilitate
1245 1799 1355 1839 ηοη
1401 1786 1684 1852 sternitur,
1714 1784 2017 1855 similisque
2046 1789 2093 1850 Β
2120 1776 2327 1829 minum
2353 1772 2503 1839 facit,
2522 1773 2700 1829 inanis
2716 1772 2888 1843 gloria
2913 1782 3016 1829 est.
3041 1772 3229 1829 Gloria
3257 1775 3403 1830 enim
3429 1790 3576 1830 nunc
3595 1774 3708 1829 vir—

427 1874 657 1930 ellicitur
689 1876 789 1941 eis,
825 1875 892 1930 de
917 1875 1114 1946 quibus
1142 1876 1274 1931 dicit
1292 1876 1581 1945 Apostolus
1606 1895 1619 1931 :
1656 1876 1760 1943 Qui
1781 1894 1899 1931 eum
1928 1893 2015 1931 co-

427 1966 719 2035 gnovissent
776 1965 988 2032 Deum,
1043 1983 1149 2021 non
1206 1977 1262 2020 ut
1322 1966 1489 2021 Deum
1547 1968 2016 2039 magniﬁcaverunt

427 2065 518 2109 aut
552 2055 751 2125 gratias
789 2068 1005 2127 egerunt
1060 2057 1247 2130 (Rom.
1280 2057 1356 2131 ι).
1389 2058 1543 2126 Quod
1575 2061 1721 2115 enim
1749 2061 1880 2116 dicit
1922 2076 2018 2117 eos

428 2145 595 2200 Deum
639 2148 981 2218 cognovisse,
1013 2150 1251 2205 ostendit
1298 2151 1515 2221 quidem
1544 2166 1574 2205 a
1618 2150 1766 2221 lepra
1793 2152 2017 2207 munda-

430 2244 546 2300 tos,
593 2236 687 2291 sed
725 2244 902 2291 tamen
936 2238 1121 2293 statim
1167 2226 1393 2295 accusat
1430 2240 1696 2311 ingratos.

504 2324 568 2378 Et
609 2327 685 2379 ait
732 2325 851 2380 illi:
877 2326 1063 2399 Surge,
1095 2329 1240 2393 vade,
1270 2330 1396 2401 quia
1433 2330 1564 2399 ﬁdes
1593 2340 1684 2386 tua
1729 2341 1778 2388 te
1816 2331 2016 2387 saluum

430 2415 573 2483 fecit.
599 2415 700 2482 Qui
722 2416 948 2473 devosus
980 2428 1109 2475 ante
1144 2420 1314 2475 Deum
1355 2422 1572 2487 cecidit,
1601 2437 1826 2494 surgere
1856 2433 1913 2481 et
1939 2425 2019 2481 ire

428 2506 779 2575 przecipitur,
839 2508 965 2577 quia
1016 2510 1107 2578 qui
1165 2511 1546 2568 inﬁrmitatem
1602 2514 1879 2569 subtiliter
1928 2531 2019 2569 co-

427 2612 716 2676 grwcens,
750 2599 1029 2653 humiliter
1062 2602 1229 2671 jacet,
1263 2618 1361 2672 per
1390 2602 1557 2657 divini
1594 2603 1740 2658 verbi
1770 2603 2015 2659 consola-

427 2685 631 2742 tionem
696 2704 920 2761 surgere
977 2692 1045 2748 ad
1103 2693 1264 2748 fortia
1305 2709 1503 2765 opera,
1537 2703 1592 2751 et
1647 2697 2020 2752 crescentibus

428 2780 667 2847 quotidie
704 2782 929 2849 meritis,
962 2783 1029 2836 ad
1064 2783 1394 2853 perfectiora
1423 2785 1625 2855 passim
1650 2786 1913 2857 proﬁcere
1931 2784 2021 2856 jn-

426 2871 606 2926 bctur.
644 2871 703 2928 Si
751 2881 932 2930 autem
967 2875 1101 2932 ﬁdes
1148 2877 1355 2933 salvum
1400 2878 1537 2933 fecit
1587 2895 1711 2933 eum
1753 2894 1913 2949 quem
1949 2879 2020 2933 ad

426 2963 664 3034 agendas
703 2962 974 3021 Salvatori
1019 2974 1075 3021 et
1111 2969 1455 3023 emundatori
1489 2984 1587 3024 suo
1618 2969 1825 3039 gratias
1864 2967 2020 3023 incli-

428 3054 600 3119 navit,
647 3051 803 3125 ergo
831 3054 1059 3124 perﬁdia
1108 3058 1343 3125 perdidit
1377 3073 1472 3114 eos
1523 3058 1617 3129 qui
1670 3059 1737 3113 de
1780 3058 2018 3129 acceptis

425 3145 706 3201 beneﬁciis
728 3145 841 3200 Deo
865 3148 1093 3216 gloriam
1132 3148 1263 3204 dare
1290 3150 1647 3221 neglexerint.

599 3276 1017 3335 llEBDOMADA
1060 3281 1178 3337 XVI
1217 3280 1394 3337 POST
1445 3282 1871 3341 PENTECOST.

428 3401 621 3443 LECTIO
645 3401 918 3446 EPISTOLB
953 3407 1114 3447 ΒΕΑΤΙ
1137 3408 1393 3450 Λνοετοιι
1418 3411 1486 3450 ΑΙ)
1517 3412 1777 3462 θέλωσι-λε,
1798 3414 1919 3454 ων.
1940 3415 2013 3454 ιν.

503 3519 525 3553 s
557 3501 616 3558 Si
661 3503 892 3561 vivimus
921 3507 1115 3577 spiritu
1136 3550 1151 3575 ,
1198 3511 1389 3580 spiritu
1413 3519 1469 3566 et
1497 3513 1857 3569 ambulemus.
1898 3514 2015 3570 Non

432 3611 449 3642 ‹
486 3594 787 3652 elliciamur
836 3599 1011 3654 inanis
1059 3600 1245 3672 gloria:
1290 3605 1494 3674 cupidi,
1532 3605 1765 3661 invicem
1816 3622 2017 3677 provo-

431 3703 449 3734 (
492 3693 708 3753 cantes,
764 3688 994 3746 invicem
1048 3692 1371 3750 invidentes.
1410 3693 1656 3762 Fratres,
1686 3706 1741 3754 et
1788 3699 1833 3754 si
1879 3714 2017 3770 pra:-

433 3792 451 3822 ι
491 3785 784 3846 occupatus
830 3778 997 3835 fuerit
1057 3783 1220 3839 homo
1280 3785 1333 3839 in
1391 3785 1573 3857 aliquo
1638 3789 1871 3857 delicto,
1919 3806 2016 3848 vos

431 3886 449 3915 ς
489 3867 579 3936 qui
631 3869 940 3939 spirituales
977 3874 1110 3931 estis
1156 3876 1466 3948 hujusmodi
1498 3879 1754 3938 instruite
1805 3882 1859 3939 in
1898 3883 2014 3956 spi-

431 3975 449 4005 ο
486 3957 593 4011 ritu
625 3957 885 4027 lenitatis,
910 3965 1263 4023 considerans
1304 3978 1357 4026 te
1389 3970 1587 4041 ipsum,
1621 3989 1688 4030 ne
1722 3983 1778 4029 et
1813 3982 1868 4030 tu
1900 3984 2015 4031 ten-

431 4046 661 4102 rteris.
690 4048 842 4105 Alter
885 4052 1111 4109 alterius
1147 4070 1315 4112 onera
1355 4067 1591 4128 portate,
1622 4071 1676 4117 et
1723 4062 1801 4119 sic
1845 4064 2016 4120 adim—

433 4154 451 4185 s
487 4136 701 4205 plebitis
736 4140 908 4212 legem
962 4144 1187 4201 Christi.
1223 4147 1359 4204 Nam
1399 4150 1443 4206 si
1483 4153 1606 4222 quis
1643 4154 1917 4212 existimat
1956 4172 2015 4213 se

428 4246 452 4278 ι
490 4229 692 4301 aliquid
721 4248 841 4290 esse
886 4251 1008 4292 cum
1057 4240 1190 4294 nihil
1230 4241 1320 4308 sit,
1362 4244 1478 4315 ipse
1508 4262 1567 4303 se
1612 4248 1839 4305 seducit.
1867 4250 2016 4322 Opus

431 4337 450 4369 ι
488 4329 667 4376 autem
707 4340 862 4381 suum
890 4331 1495 4407 prohetunusquisquc,
1536 4349 1592 4395 et
1620 4341 1700 4397 sic
1744 4342 1799 4398 in
1823 4352 2017 4400 semet-

432 4430 452 4461 s
493 4412 607 4483 ipso
659 4424 866 4472 tantum
917 4420 1146 4491 gloriam
1190 4424 1431 4493 habebit,
1471 4437 1666 4487 etnon
1718 4432 1771 4488 in
1819 4434 2009 4491 altero.

431 4522 451 4552 ι
488 4503 865 4578 Unusquisque
894 4511 1037 4567 enim
1078 4529 1217 4571 onus
1247 4531 1404 4573 suum
1446 4523 1704 4592 portabit.
1758 4524 2011 4582 Commu-
2038 4518 2094 4579 D

430 4610 449 4642 ι
488 4595 632 4650 nicet
671 4606 851 4653 autem
898 4600 945 4655 is
991 4603 1083 4672 qui
1112 4608 1486 4665 cateehizatur
1519 4613 1704 4680 verbo,
1746 4614 1797 4670 ei
1830 4624 1887 4670 et
1921 4617 2013 4687 qui

430 4702 449 4733 ι
488 4688 793 4746 catechizat
842 4692 895 4746 in
927 4694 1181 4753 omnibus
1216 4699 1394 4757 bonis.
1430 4702 1607 4763 Nolite
1634 4723 1844 4777 errare,
1871 4711 2015 4772 Deus

430 4794 449 4827 s
485 4793 593 4833 non
620 4778 899 4839 irridetur.
936 4786 1066 4854 Quae
1112 4790 1255 4846 enim
1289 4794 1641 4854 seminaverit
1681 4800 1845 4858 homo
1895 4804 2013 4863 haec

428 4885 450 4921 ε
484 4877 540 4925 et
570 4880 753 4927 metet.
785 4874 1051 4944 Quoniam
1084 4882 1178 4953 qui
1212 4885 1446 4942 seminat
1474 4888 1530 4944 in
1578 4905 1745 4949 carne
1773 4908 1892 4963 sua,
1942 4898 2011 4955 de

428 4977 449 5009 ι
482 4975 647 5018 carne
678 4971 733 5019 et
772 4976 942 5024 metet
974 4973 1399 5044 corruptionem.
1427 4979 1531 5047 Qui
1563 4993 1745 5041 autem
1777 4988 2012 5046 seminat

429 5068 450 5100 ι
485 5050 540 5107 in
574 5054 789 5124 spiritu,
840 5060 907 5114 de
938 5062 1136 5132 spiritu
1172 5075 1341 5123 metet
1373 5070 1540 5127 vitam
1588 5083 1870 5133 mternam.
1910 5079 2012 5136 Bo-

428 5163 449 5196 ι
485 5160 614 5200 num
662 5155 841 5205 autem
888 5150 1149 5213 facientes
1199 5174 1309 5215 non
1357 5162 1692 5221 deﬁciamus.
1745 5168 2010 5242 Tempore

428 5253 451 5288 ι
486 5237 633 5294 enim
667 5254 786 5327 .suo
828 5252 1124 5314 metemus,
1175 5264 1282 5304 non
1320 5251 1653 5312 deﬁcientes.
1692 5258 1834 5331 Ergo
1880 5237 2006 5321 dum

431 5350 450 5380 α
483 5339 696 5401 tempus
751 5332 1032 5404 habemus,
1058 5353 1349 5410 operemur
1395 5345 1596 5402 bonum
1649 5350 1718 5406 ad
1772 5367 1963 5411 omnes
1987 5392 2006 5423 ,

428 5440 449 5475 ι
476 5424 722 5480 maxime
754 5435 935 5481 autem
975 5430 1043 5484 ad
1077 5431 1402 5505 domesticos
1432 5436 1577 5495 ﬁdei.
1610 5460 1630 5494 ι

470 5508 473 5513 “
497 5511 561 5607 Si
589 5516 806 5607 vivimus
830 5517 1039 5587 spiritu,
1080 5521 1209 5592 spiri
1234 5540 1266 5577 u
1304 5535 1351 5580 ct
1377 5528 1722 5589 ambulemus.
1749 5533 1852 5607 (Ex
1881 5538 2007 5597 llic-

336 5598 345 5610 '
390 5604 568 5699 iron.)
594 5606 821 5665 Utamur
855 5612 956 5667 hoc
1006 5615 1314 5674 testimonio
1347 5621 1610 5681 adversus
1642 5598 1873 5699 eos‘qoi
1909 5648 2006 5687 no-

390 5690 396 5696 ’
423 5692 544 5750 lunt
573 5698 884 5772 Scripturas
912 5706 1267 5775 spiritualiter
1286 5712 1604 5789 intelligere.
1638 5719 1771 5788 Quis
1793 5690 1875 5779 est
1904 5740 2002 5778 au-

2123 1871 2473 1930 tutem,nunc
2497 1863 2690 1918 vitium
2707 1863 2997 1934 signiﬁcat.
3016 1861 3074 1919 Si
3089 1865 3159 1920 ab
3184 1863 3495 1919 hominibus
3517 1879 3705 1934 quaero

2118 1956 2365 2029 gloriam,
2395 1956 2588 2010 vitium
2613 1963 2721 2022 est,
2756 1948 2812 2011 cf
2844 1955 3021 2011 inanis
3051 1955 3252 2011 dicitur
3276 1955 3471 2027 gloria,
3508 1955 3577 2011 de
3607 1953 3708 2010 tali
3745 1955 3752 1961 ’

2119 2048 2265 2101 enim
2290 2047 2460 2117 gloria
2492 2048 2754 2117 scriptum
2786 2055 2871 2102 est
2899 2065 2911 2100 :
2944 2044 3138 2101 Omnia
3176 2045 3402 2116 faciunt,
3445 2055 3502 2100 ut
3546 2046 3708 2117 glori-

2117 2136 2342 2206 ﬁcentur
2368 2137 2432 2194 ab
2474 2139 2771 2193 hominibus
2809 2137 3040 2210 (Matth.
3073 2137 3170 2211 vr).
3211 2138 3271 2193 Si
3303 2153 3333 2192 a
3365 2140 3478 2194 Deo
3516 2153 3709 2210 quacro

2119 2229 2363 2301 gloriam,
2396 2231 2568 2287 virtus
2591 2240 2694 2288 est.
2724 2232 2801 2287 De
2824 2232 2918 2286 tali
2943 2233 3091 2287 enim
3115 2231 3311 2303 gloria,
3336 2232 3426 2303 qui
3463 2249 3544 2287 me
3590 2230 3709 2302 glo-

2121 2320 2348 2390 riﬁcent,
2376 2322 2705 2394 glori/icabo,
2736 2323 2863 2378 dicit
2887 2323 3142 2378 Dominus
3175 2323 3227 2395 (I
3250 2322 3376 2395 Reg.
3408 2321 3494 2396 ιι).

2190 2433 2421 2490 Invicem
2448 2448 2805 2508 provocantes,
2845 2439 3065 2494 inuicem
3093 2439 3398 2495 invidentes.
3430 2440 3545 2513 (Ex
3582 2439 3711 2499 Hie-

2122 2525 2267 2599 ron.)
2287 2526 2365 2581 Ita
2396 2528 2539 2584 hunc
2560 2529 2738 2584 locum
2764 2545 2888 2584 cum
2918 2531 3294 2601 superioribus
3312 2532 3705 2604 copulavimus.

2123 2615 2181 2670 Si
2218 2617 2413 2687 spiritu
2452 2618 2707 2684 vivimus,
2741 2619 2958 2690 spiritui
3010 2621 3467 2692 obtemperantes,
3499 2638 3711 2693 nequa-

2120 2722 2282 2777 quam
2309 2723 2408 2779 per
2438 2708 2634 2780 legem,
2658 2710 2754 2766 sed
2782 2726 2883 2780 per
2900 2711 3249 2776 charitatem,
3292 2713 3450 2770 nobis
3474 2712 3707 2771 invicem

2120 2800 2441 2866 servientes,
2488 2816 2598 2856 non
2633 2801 2897 2858 debemus
2921 2803 2988 2861 de
3009 2800 3415 2875 Scripturarum
3441 2804 3709 2875 interpre-

2123 2891 2327 2947 tatione
2386 2893 2751 2960 contendere,
2791 2903 2847 2949 ct
2874 2895 3079 2963 dicere,
3114 2895 3471 2952 Circumcisio
3517 2896 3710 2952 melior

2120 2990 2237 3048 est,
2274 2999 2413 3049 non,
2443 2986 2540 3043 sed
2561 2988 2910 3059 pneputium.
2941 2987 3351 3044 Contemnenda
3382 2989 3629 3055 historia,
3652 2998 3708 3045 et

2123 3074 2379 3146 allegoria
2407 3079 2706 3148 sequenda.
2736 3078 2851 3135 Imo
2874 3079 3132 3151 allegoria
3157 3095 3302 3135 vana
3333 3088 3417 3137 est
3434 3120 3451 3148 ,
3499 3089 3558 3135 et
3586 3096 3707 3139 um-

2047 3152 2092 3216 C
2123 3167 2370 3236 bratica,
2392 3179 2450 3225 et
2490 3170 2692 3227 nullius
2715 3173 2966 3228 veritatis
3007 3172 3141 3228 fulta
3186 3174 3479 3241 radicibus,
3509 3190 3577 3231 ex
3622 3174 3709 3231 his

2120 3258 2266 3313 enim
2307 3260 2749 3318 contentionibus
2794 3263 2938 3318 inter
2962 3261 3178 3319 Judmos
3215 3271 3272 3319 ct
3310 3262 3553 3322 Gentiles
3581 3272 3707 3320 tunc

2120 3350 2383 3418 temporis
2426 3353 2845 3422 provocationes
2886 3356 3093 3425 pariter
3139 3356 3503 3413 nascebantur
3530 3367 3588 3413 et
3628 3360 3710 3414 in-

2120 3438 2296 3494 vidiw.
2338 3430 2350 3439 ’

2191 3534 2432 3601 Fratres,
2462 3549 2511 3593 et
2545 3540 2593 3593 si
2623 3526 3021 3612 pra'occupatus
3051 3541 3214 3612 fuerit
3249 3544 3403 3599 homo
3442 3545 3497 3599 in
3530 3544 3708 3616 aliqua

2118 3626 2326 3681 delicto.
2360 3630 2462 3701 (Ex
2516 3631 2783 3703 Primas.)
2811 3632 3235 3704 Prmoccupatur
3264 3637 3503 3692 humana
3545 3637 3708 3707 fragi-

2119 3718 2245 3775 litas
2284 3720 2338 3774 in
2386 3720 2683 3779 levioribus
2724 3726 2987 3795 peccatis,
3019 3742 3141 3797 qua:
3177 3727 3453 3799 insperato
3494 3738 3553 3785 et
3594 3731 3709 3787 sine

2118 3810 2467 3869 meditatione
2495 3816 2839 3887 contingunt.
2878 3816 3147 3875 Caeterum
3184 3835 3291 3877 non
3326 3830 3413 3878 est
3435 3837 3706 3892 praeoccu-

2118 3905 2292 3974 patio,
2322 3907 2542 3975 quando
2571 3907 2790 3979 aliquod
2819 3918 3107 3980 peccatum
3143 3911 3374 3970 consilio
3417 3914 3509 3970 diu
3540 3914 3709 3970 medi-

2119 4002 2232 4049 tato
2259 3997 2644 4053 committitur.

2202 4083 2304 4141 Vos
2333 4087 2425 4157 qui
2456 4083 2761 4159 spiritualcs
2786 4092 2912 4148 estis
2950 4092 3262 4165 lmjusmadi
3305 4094 3571 4150 instruite.
3601 4096 3700 4166 (Bx

2118 4174 2367 4250 Hieron.)
2405 4178 2544 4234 Eum
2581 4196 2800 4253 quoque
2831 4183 2924 4253 qui
2953 4183 3254 4254 spiritualis
3283 4192 3371 4240 est
3420 4185 3692 4252 hortatur,

2118 4285 2186 4325 ne
2222 4279 2403 4328 cesset
2451 4288 2672 4329 manum
2712 4276 2993 4348 porrigere
3040 4278 3338 4335 corruenti.
3377 4278 3447 4334 Et
3476 4279 3703 4350 pulchre

2117 4374 2556 4434 preeoccupatum
2606 4366 2662 4421 in
2710 4367 2908 4425 delicto
2953 4370 3230 4427 hominem
3264 4380 3445 4439 vocat,
3472 4386 3541 4429 ex
3589 4372 3703 4442 ipso

2118 4453 2337 4510 nomine
2382 4454 2734 4528 fragilitatem
2778 4461 3110 4518 conditionis
3154 4466 3467 4531 ostendens,
3515 4473 3576 4520 ut
3622 4463 3703 4518 di-

2118 4558 2256 4615 gnus
2279 4545 2356 4601 sit
2374 4547 2555 4612 venia,
2582 4549 2676 4618 qui
2708 4549 2855 4606 velut
2879 4552 3043 4607 homo
3079 4554 3309 4620 erravit,
3336 4554 3568 4627 denique
3593 4571 3705 4612 non

2117 4638 2355 4706 peccatis
2403 4638 2673 4708 pluribus,
2726 4641 2824 4697 sed
2877 4642 3013 4700 vitio
3058 4644 3244 4716 aliquo
3294 4653 3697 4717 praeoccupatus

2116 4728 2343 4795 erravit,
2371 4728 2617 4786 lenitatis
2650 4732 2905 4802 spiritum
2930 4742 2988 4790 et
3009 4737 3467 4805 mansuetudinis,
3499 4739 3553 4793 in
3581 4753 3699 4793 cor-

2114 4818 2354 4872 rectionc
2393 4818 2699 4889 peccantis,
2727 4822 3056 4891 pradicator
3093 4825 3395 4896 spiritualis
3426 4827 3692 4893 adhibeat,

2114 4921 2216 4962 nec
2244 4907 2476 4979 rigidus,
2501 4926 2604 4967 nec
2645 4912 2838 4978 iratus,
2875 4922 2931 4970 et
2972 4917 3145 4973 tristis
3193 4919 3472 4990 corrigere
3520 4912 3729 4990 cupiat

2115 5008 2414 5065 errantem,
2460 5001 2556 5057 sed
2600 5013 2859 5073 provocet
2890 5021 3015 5062 eum
3036 5047 3054 5073 ,
3106 5011 3380 5080 spondens
3426 5012 3687 5077 salutem,

2114 5089 2332 5146 veniam
2392 5094 2801 5162 repromittens.
2844 5096 3041 5167 Aliter,
3086 5101 3133 5156 si
3179 5103 3305 5174 quis
3357 5104 3602 5160 inﬁrmus
3637 5103 3693 5158 in

2115 5176 2221 5234 fide
2249 5186 2354 5245 est,
2381 5189 2438 5235 et
2462 5181 2641 5238 adhuc
2690 5184 2828 5241 lacte
2874 5190 3118 5245 nutritur
3151 5191 3421 5259 infantiae,
3467 5210 3565 5251 nec
3599 5208 3692 5264 po—

2115 5276 2224 5325 test
2246 5279 2356 5325 tam
2380 5272 2489 5328 cito
2519 5288 2551 5328 a
2577 5274 2739 5347 legali
2777 5280 3160 5340 observatione
3196 5285 3265 5341 ad
3310 5287 3571 5357 spiritalia
3599 5301 3685 5342 sa-

2112 5372 2392 5419 cramenta
2428 5368 2682 5434 transire,
2716 5386 2814 5427 vos
2832 5374 2927 5443 qui
2961 5376 3307 5434 robustiores
3320 5381 3455 5437 estis
3484 5381 3536 5436 in
3565 5378 3684 5444 ﬁde,

2110 5457 2166 5505 et
2208 5453 2519 5523 spirituales
2568 5457 2767 5525 eli'ecti,
2807 5461 2927 5533 ejus
2973 5479 3114 5522 onus
3165 5476 3416 5538 portate,
3466 5486 3561 5526 nec
3593 5482 3690 5541 per

2111 5545 2391 5604 scientiam
2431 5560 2689 5622 vestram,
2720 5553 2891 5613 frater
2939 5570 3129 5630 pereat
3165 5578 3266 5634 pro
3313 5579 3425 5634 quo
3450 5564 3684 5620 Christus

2114 5648 2362 5697 mortuus
2385 5652 2491 5699 εει.

2183 5731 2249 5785 lu
2295 5735 2485 5804 spiritu
2525 5736 2773 5797 lenitatis.
2825 5743 2905 5798 Ad
2945 5745 3254 5805 Corinthios
3307 5765 3517 5822 quoque
3567 5748 3678 5804 ait:
