3932 6204
416 322 520 380 ΑΞ]

1257 325 1776 382 CCLLl-ZCTlONl-LS
1817 327 1882 381 IN
1923 327 2300 390 EPiSTOLAS
2338 335 2426 390 ΕΤ
2464 335 2875 392 EVANGEUA.

3579 345 3682 402 i533

407 443 480 499 In
499 443 648 514 virga
676 443 880 498 veniam
906 443 975 495 ad
1000 459 1085 496 vos
1112 443 1163 513 (l
1189 442 1312 497 Cor.
1342 446 1452 515 tv)?
1483 444 1579 499 llic
1612 453 1791 524 autem
1832 446 1990 514 spiri-
2022 454 2070 513 Α
2097 461 2202 502 non
2230 463 2297 503 ex
2322 447 2545 504 alterius
2580 462 2804 520 peccato
2844 459 2896 504 et
2931 443 3337 522 comparatione
3369 455 3678 520 deterioris,

409 533 645 589 tualibus
678 532 846 586 dicit:
873 530 1127 588 Instruite
1169 535 1222 588 in
1269 536 1456 603 spiritu
1492 535 1743 588 lenitatis.
1793 537 1990 591 Verum

408 625 484 681 ibi
523 626 593 680 ad
623 639 723 680 eos
753 625 886 679 dicit
931 641 944 678 :
977 625 1078 691 Qui
1118 634 1239 694 post
1278 636 1564 695 peccatum
1612 643 1720 682 non
1755 629 1990 682 scientes

403 733 648 772 errorem
694 733 874 781 suum,
911 717 1168 771 nolebant
1197 717 1490 786 majoribus
1530 720 1684 774 subdi
1735 727 1787 774 et
1817 719 1988 787 paeni-

405 807 572 860 tentia
624 807 844 870 corrigi.
899 807 1000 863 Ubi
1036 821 1166 862 vero
1210 817 1464 876 peccator
1517 809 1822 877 intelligens
1873 808 1987 860 vul-

405 911 506 950 nus
552 911 732 959 suum,
768 896 990 952 tradidit
1034 897 1245 952 medico
1290 912 1350 952 se
1393 899 1716 964 curandum,
1749 899 1837 953 ubi
1877 916 1984 954 non

402 996 484 1043 est
515 987 666 1056 virga
695 987 1020 1050 necessaria,
1059 988 1154 1042 sed
1197 989 1422 1058 Spiritus
1468 989 1730 1048 lenitatis.

470 1075 826 1132 Considerans
851 1078 1072 1149 teipsum
1099 1095 1162 1132 ne
1187 1089 1234 1133 et
1253 1089 1309 1132 tu
1330 1083 1566 1134 tenteris.
1592 1081 1692 1153 (Ex
1727 1081 1982 1152 Primos.)

403 1169 479 1226 Ac
508 1169 555 1224 si
585 1169 814 1233 diceret,
845 1169 972 1239 quia
1001 1177 1055 1224 et
1090 1177 1145 1223 tu
1171 1171 1333 1226 homo
1355 1187 1436 1236 es,
1460 1179 1515 1226 et
1536 1183 1690 1244 potes
1715 1175 1771 1229 in
1802 1175 1983 1246 aliquo

401 1258 615 1320 tentari,
633 1250 688 1310 e't
718 1255 987 1326 adiutorio
1005 1258 1271 1328 indigere,
1295 1268 1350 1315 et
1379 1259 1500 1316 ideo
1525 1262 1688 1317 debes
1715 1264 1981 1320 sustinere

400 1353 690 1411 tentatum,
730 1347 822 1418 qui
855 1347 1000 1403 enim
1041 1348 1143 1402 sub
1183 1349 1492 1405 conditione
1525 1351 1858 1410 inﬁrmitatis
1883 1372 1980 1426 po-

397 1439 488 1493 siti
512 1447 640 1494 sunt
665 1440 862 1495 merito
891 1439 1136 1496 infirmos
1168 1443 1453 1496 sustinent.

467 1527 617 1584 Alter
663 1529 884 1585 alterius
908 1547 1068 1586 onera
1088 1542 1316 1602 portate.
1357 1533 1458 1603 (Ex
1503 1533 1748 1608 Hieron.)
1794 1538 1977 1594 Portat

397 1633 612 1690 quoque
631 1618 818 1674 fratris
838 1621 1237 1687 necessitatem,
1263 1624 1354 1694 qui
1375 1634 1660 1694 gravatum
1687 1643 1974 1700 pauperem

395 1723 562 1766 onere
589 1713 848 1782 egestatis
893 1713 1130 1782 adjuvat.
1173 1715 1239 1770 Et
1272 1715 1401 1770 facit
1423 1716 1524 1772 sibi
1553 1719 1759 1776 amicos
1781 1721 1846 1776 de
1873 1722 1976 1776 ini-

2093 539 2184 592 sed
2213 539 2360 607 juxta
2387 551 2628 595 nostrum
2659 557 2793 610 Opus
2823 548 2913 594 aut
2950 554 3264 610 peccatores
3287 542 3355 598 ab
3387 559 3453 598 co
3473 543 3676 612 judice-

2092 644 2216 684 mur
2245 640 2340 683 aut
2367 632 2560 687 sancti.

2161 718 2738 784 Communicctautem,
2791 732 2893 777 etc.
2925 717 3372 778 imbecillioribus
3403 733 3452 779 et
3479 741 3674 780 carum-

2088 807 2229 863 libus
2256 809 2536 880 discipulis
2567 813 2817 883 imperat,
2843 823 2898 866 ut
2927 815 3195 886 quomodo
3222 815 3321 884 ipsi
3351 832 3378 867 a
3400 817 3674 887 magistris

2087 901 2385 969 spiritualia
2422 912 2646 967 metunt,
2697 905 2774 958 sic
2803 906 3076 974 magistris
3110 907 3349 961 carnalia
3395 909 3675 976 praebcant

2087 988 2140 1043 in
2172 989 2423 1045 omnibus
2450 991 2626 1054 bonis,
2663 993 2713 1047 id
2737 1002 2839 1056 est,
2891 995 2942 1048 in
2987 996 3129 1050 victu
3159 1005 3215 1048 et
3244 997 3588 1057 vestimento,
3617 1005 3672 1048 ct

2085 1082 2297 1136 caeteris
2347 1083 2620 1148 omnibus,
2658 1101 2778 1156 qua:
2824 1087 3070 1142 homines
3099 1088 3242 1142 inter
3292 1089 3430 1144 bona
3481 1106 3669 1143 nume-

2085 1180 2226 1226 rant.
2263 1173 2414 1230 Unde
2443 1183 2497 1229 et
2527 1174 2627 1230 Job
2656 1193 2668 1228 :
2712 1176 2772 1229 Si
2800 1177 2934 1229 bona
2989 1179 3272 1248 accipimus
3295 1219 3311 1240 ,
3347 1177 3562 1249 inquit,
3606 1180 3670 1233 rte

2082 1277 2244 1314 manu
2281 1261 2492 1317 Domini
2540 1265 2681 1337 (Job.
2715 1266 2796 1338 ιι).
2829 1266 2895 1320 Et
2941 1267 3199 1322 Dominus
3243 1269 3294 1322 in
3325 1269 3616 1340 Evangelio
3649 1288 3662 1322 :

2083 1348 2140 1404 Si
2170 1369 2257 1406 vos
2282 1370 2398 1406 cum
2423 1354 2534 1407 sitis
2579 1356 2728 1419 mili,
2761 1359 2920 1410 nostis
2963 1358 3097 1411 bona
3138 1359 3268 1413 dare
3308 1361 3434 1428 ﬁliis
3480 1362 3666 1414 vestris

2081 1438 2296 1508 (.llatth.
2341 1444 2472 1514 vn)?
2495 1443 2667 1498 Aliter
2693 1446 2783 1499 dat
2811 1446 3088 1515 discipulis
3117 1449 3453 1513 mandatum,
3481 1459 3537 1504 ut
3582 1452 3665 1506 eis

2077 1528 2170 1596 qui
2193 1543 2251 1582 se
2280 1530 2553 1585 instruunt
2582 1532 2774 1594 verbo,
2808 1534 3231 1597 communicent,
3261 1539 3659 1607 obsequantur,

2077 1619 2302 1685 dociles,
2342 1620 2634 1693 facilesque
2661 1639 2719 1679 se
2759 1624 3054 1692 praebeant,
3094 1627 3146 1680 in
3185 1628 3269 1682 his
3312 1637 3490 1684 tamen
3541 1648 3662 1701 qua:

2076 1707 2216 1763 bona
2246 1719 2371 1764 sunt
2399 1722 2454 1768 et
2498 1714 2821 1784 spiritualia,
2871 1732 2976 1770 non
3013 1718 3267 1772 limrctica
3317 1721 3395 1773 vel
3435 1720 3656 1778 Iudaica

395 1817 500 1872 qua
529 1817 857 1868 mammona,
890 1815 950 1860 ιη
975 1806 1162 1861 audiat
1197 1823 1229 1862 a
1261 1807 1488 1864 Domino
1531 1827 1546 1864 ε
1586 1808 1780 1876 γεηίεεν
1825 1813 1973 1870 bene,
2001 1813 2049 1872 Β
2077 1800 2342 1867 pravitate
2365 1817 2643 1872 perversa,
2673 1806 3042 1861 catechizatur
3081 1817 3281 1874 autem,
3321 1812 3568 1866 eruditur
3604 1825 3658 1867 et

387 1893 520 1946 dicti
551 1891 730 1950 Patris
772 1898 904 1961 mei,
948 1899 1198 1966 percipite
1231 1916 1444 1970 regnum
1467 1902 1606 1970 quod
1639 1903 1777 1958 vobis
1811 1922 1969 1974 para-

391 1991 500 2035 tum
528 1993 606 2039 est
635 1985 697 2038 ab
729 1987 929 2057 origine
973 1989 1176 2055 mundi,
1212 1991 1336 2060 quia
1389 1992 1578 2046 esurivi
1603 2032 1618 2057 ,
1662 2002 1709 2046 et
1749 1994 1966 2050 dedistis

387 2073 518 2126 mihi
551 2075 892 2143 manducare,
921 2079 1079 2144 sitivi,
1119 2089 1165 2132 et
1195 2079 1409 2134 dedistis
1445 2081 1573 2134 mihi
1613 2081 1782 2137 bibere
1833 2093 1962 2151 etc.,

386 2161 607 2232 (Matth.
637 2165 786 2236 xxv).

459 2253 528 2306 Et
554 2255 630 2308 sic
654 2255 1000 2328 adimplebitis
1021 2260 1182 2329 legem
1198 2260 1409 2317 Christi.
1445 2264 1543 2335 (Ex
1570 2265 1826 2338 Primas.)
1855 2268 1962 2324 Lex

387 2336 589 2397 Christi
611 2345 850 2402 Charitas
869 2355 974 2413 est,
999 2349 1067 2403 de
1085 2365 1190 2420 qua
1219 2351 1360 2406 idem
1394 2352 1654 2410 Dominus
1682 2357 1786 2411 ait;
1808 2336 1963 2414 Man-

385 2430 568 2486 datum
594 2451 785 2492 novum
824 2437 891 2492 do
928 2439 1086 2504 vobis,
1120 2451 1175 2494 ut
1200 2442 1433 2513 diligatis
1465 2462 1550 2500 vos
1581 2446 1798 2503 invicem
1826 2451 1959 2504 sicut

384 2531 432 2574 et
455 2538 548 2592 ego
578 2523 739 2578 dilexi
770 2543 856 2581 vos
882 2526 1064 2599 (Joan.
1094 2529 1236 2601 xm).
1263 2529 1318 2586 Si
1346 2547 1476 2604 ergo
1499 2534 1769 2606 diligimus
1791 2536 1958 2594 Deum

386 2619 440 2664 et
459 2614 786 2682 proximum,
817 2617 1172 2674 misereamtir
1187 2623 1434 2692 pauperi,
1458 2623 1599 2680 sicut
1621 2634 1676 2680 et
1698 2625 1958 2683 Dominus

384 2701 640 2757 misertus
661 2713 744 2759 est
774 2706 950 2763 nobis.

454 2789 596 2844 Nam
627 2793 674 2846 si
698 2795 814 2865 quis
841 2798 1104 2853 existimat
1132 2817 1186 2856 se
1206 2801 1410 2874 aliquid
1425 2820 1555 2870 esse,
1571 2821 1688 2860 cum
1709 2807 1842 2862 nihil
1864 2809 1953 2876 sit,

381 2880 488 2950 ipse
516 2899 572 2936 se
596 2884 816 2942 seducit.
861 2887 961 2960 (Ex
985 2889 1229 2964 Hieron.)
1270 2892 1324 2948 Si
1351 2894 1474 2964 quis
1505 2911 1612 2951 non
1639 2897 1752 2952 vult
1788 2913 1953 2954 onera

381 2971 551 3028 aliena
591 2986 832 3045 portare,
870 2990 924 3036 et
965 2981 1352 3042 immisericors
1391 3002 1491 3044 suo
1533 2996 1743 3044 tantum
1789 3007 1954 3063 Opere

379 3073 431 3118 et
463 3067 663 3123 virtute
705 3080 995 3130 contentus
1019 3085 1122 3141 est,
1161 3095 1267 3134 non
1314 3097 1566 3153 qtiterens
1608 3099 1730 3154 qua:
1771 3083 1948 3141 aliena

2071 1889 2382 1959 castigatur,
2421 1891 2760 1963 intelligitur.

2139 1979 2247 2049 (Ea:
2275 1978 2529 2054 Primos.)
2564 1983 2961 2054 Requirendum
2999 1989 3266 2056 quomodo
3302 1991 3466 2045 verbo
3496 1993 3653 2048 disci—

2065 2068 2221 2136 pulus
2249 2070 2510 2141 magistro
2543 2074 2944 2128 communicare
2965 2076 3198 2141 dicatur,
3226 2092 3347 2132 cum
3371 2096 3494 2136 eum
3539 2099 3651 2136 ma-

2064 2159 2146 2230 gis
2186 2161 2352 2216 verbo
2397 2163 2655 2234 magister
2696 2164 2983 2229 instituat,
3029 2168 3127 2222 sed
3160 2171 3384 2225 verbum
3424 2169 3649 2244 intelligi

2062 2251 2230 2305 voluit
2254 2251 2552 2308 devotionis
2575 2253 2831 2321 fructum,
2861 2265 2912 2313 et
2938 2258 3061 2312 boni
3098 2259 3280 2329 operis
3310 2261 3640 2333 largitatem.

2061 2343 2194 2397 Nam
2221 2353 2274 2398 et
2312 2346 2534 2400 verbum
2563 2361 2661 2416 pro
2681 2362 2843 2416 opere
2871 2348 3007 2403 solet
3038 2351 3220 2406 dicere
3251 2349 3556 2422 Scriptura,
3590 2367 3649 2412 ut

2060 2431 2192 2487 illud
2218 2433 2284 2489 de
2310 2433 2478 2488 David
2508 2453 2519 2488 :
2553 2435 2692 2502 Quia
2717 2437 2888 2506 ['ecisti
2916 2439 3124 2495 verbum
3153 2441 3249 2495 hoc
3274 2441 3357 2515 (11
3390 2443 3641 2516 Βαφιιι).

2059 2524 2127 2578 Et
2155 2524 2331 2582 Moses
2379 2527 2455 2580 ait
2491 2545 2502 2580 :
2543 2526 2817 2592 Quomodo
2845 2529 3025 2598 palum
3065 2531 3263 2599 factum
3311 2543 3386 2589 est
3433 2538 3644 2590 verbum

2059 2617 2201 2671 istud
2221 2619 2250 2671 .’

2129 2708 2308 2763 Nolite
2331 2726 2530 2774 errare,
2556 2710 2696 2765 Deus
2735 2730 2838 2767 non
2872 2713 3139 2770 irridetur.
3165 2717 3221 2772 lii
3247 2727 3348 2781 est,
3395 2721 3484 2791 qui
3526 2721 3638 2778 Deo

2054 2801 2170 2854 vult
2207 2802 2444 2867 mentiri,
2471 2810 2563 2856 aut
2592 2806 2846 2880 praecepti
2877 2809 3262 2876 przevaricator
3285 2826 3424 2880 esse,
3456 2830 3515 2870 se
3547 2818 3644 2873 de-

2058 2893 2214 2962 cipit.
2718 2878 2726 2890 ’

2125 2982 2232 3054 (Ea:
2266 2982 2510 3056 Hieron.)
2536 2983 2840 3041 Praevidens
2865 2987 3076 3058 spiritu,
3110 3005 3204 3046 eos
3228 2991 3318 3060 qui
3349 2992 3635 3063 docentur,

2053 3083 2107 3128 et
2135 3074 2330 3131 debent
2351 3076 2624 3145 magistris
2645 3087 2892 3147 sumptus
2916 3079 3243 3174 ministrare,
3263 3099 3419 3153 posse
3446 3084 3636 3141 obten-

379 3165 520 3221 sunt,
549 3159 648 3212 sed
671 3175 790 3228 qua:
817 3177 936 3226 sua,
968 3166 1049 3220 sui
1093 3177 1298 3224 tantum
1337 3181 1569 3239 amator,
1600 3183 1671 3228 et.
1697 3191 1803 3230 non
1831 3175 1946 3242 Dei,
1981 3161 2024 3222 C
2056 3156 2182 3219 dere
2207 3173 2602 3236 Ρθιιρθίυιθιη»
2643 3175 2700 3221 εί
2719 3167 2899 3223 dicere
2932 3183 2946 3222 ³
2984 3168 3127 3241 Ager
3151 3156 3304 3228 ῐίιῗευδ
3349 3175 3452 3231 hoc
3485 3193 3636 3233 3""0

376 3244 490 3314 ipse
529 3262 588 3300 se
617 3248 844 3306 seducit.
877 3253 1170 3324 Dupliciter
1207 3272 1387 3318 autem
1436 3264 1696 3334 distingui
1743 3277 1946 3337 potest.

377 3334 470 3390 γει
498 3337 543 3391 si
575 3339 695 3408 quis
713 3341 986 3398 existimat
1017 3362 1074 3402 se
1103 3349 1305 3420 aliquid
1346 3369 1497 3421 esse,
1530 3372 1658 3412 cum
1692 3334 1762 3414 sit
1791 3359 1946 3425 nihil,

374 3428 456 3482 vel
483 3429 579 3493 ita,
606 3430 652 3486 si
689 3433 812 3503 quis
835 3436 1110 3494 existimat
1141 3457 1199 3497 se
1225 3443 1426 3515 aliquid
1463 3464 1606 3514 esse,
1637 3461 1828 3521 postea
1860 3455 1945 3511 in-

373 3517 671 3588 ferendum,
702 3539 825 3579 cum
847 3526 919 3582 sit
945 3529 1103 3595 nihil,
1127 3532 1243 3602 ipse
1282 3551 1341 3592 se
1369 3539 1598 3606 seducit,
1630 3517 1686 3597 et
1715 3552 1798 3599 est
1825 3562 1946 3602 seu-

373 3623 485 3676 sus,
518 3611 575 3665 in
627 3627 694 3667 eo
743 3617 887 3686 quod
935 3635 992 3675 se
1027 3631 1182 3691 putat
1211 3639 1331 3680 esse
1359 3627 1582 3698 aliquid,
1614 3641 1669 3686 et
1713 3649 1820 3689 non
1877 3651 1940 3690 ex

373 3699 653 3758 clementia
683 3705 739 3760 in
757 3708 1084 3776 proximum,
1114 3713 1210 3767 sed
1250 3730 1348 3771 suo
1387 3732 1550 3788 opere
1581 3730 1635 3776 et
1659 3721 1844 3779 labore
1887 3741 1946 3782 se

367 3789 588 3858 iudicat,
617 3811 712 3851 sua
756 3805 961 3854 tantum
1013 3803 1209 3860 virtute
1253 3816 1561 3876 contentus,
1592 3812 1696 3868 iste
1738 3831 1806 3870 ex
1839 3818 1944 3874 hac

373 3880 483 3974 ipsa
514 3891 827 3957 arrogantia
855 3893 991 3947 nihil
1022 3894 1082 3950 iit
1106 3904 1159 3951 et
1181 3898 1296 3969 ipse
1322 3915 1382 3956 se
1419 3901 1636 3974 decipit.

436 3973 589 4045 Opus
617 3991 789 4034 autem
825 4000 979 4037 suum
1006 3987 1185 4057 probet
1211 3973 1566 4065 unusquisque
1585 4005 1633 4050 et
1664 3998 1738 4052 sic
1768 4000 1822 4054 in
1863 4019 1944 4055 se-

367 4067 581 4136 metipso
601 4077 806 4126 tantum
822 4073 1042 4143 gloriam
1068 4076 1291 4144 habebit,
1320 4091 1368 4136 et
1387 4099 1489 4138 non
1512 4085 1566 4139 iu
1592 4085 1778 4141 altera.
1808 4089 1943 4145 Sen-

368 4171 458 4210 sas
495 4157 598 4214 iste
617 4169 725 4227 est,
751 4169 806 4216 tu
841 4165 932 4234 qui
963 4175 1013 4221 te
1037 4169 1274 4224 testimas
1296 4173 1595 4241 spiritalem
1630 4187 1685 4232 et
1715 4179 1940 4236 alterius

365 4245 680 4306 inﬁrmitate
728 4253 1000 4310 robustior
1035 4273 1123 4324 es,
1163 4275 1269 4315 non
1311 4262 1478 4319 debes
1513 4266 1938 4325 imbecillitatem

359 4336 611 4407 jacentis.
637 4342 726 4398 sed
752 4352 902 4400 tuam
945 4346 1317 4406 fortitudinem
1349 4356 1716 4414 considerare.
1752 4359 1940 4430 Neque

363 4430 504 4484 enim
543 4432 589 4486 si
643 4433 781 4490 alius
826 4435 1068 4505 perfecte
1106 4455 1212 4496 non
1250 4451 1427 4512 potest
1473 4445 1540 4499 ad
1589 4447 1938 4504 Christianis-

364 4534 508 4574 mum
541 4536 570 4575 a
619 4519 896 4582 Judaismo
941 4529 1204 4596 transire,
1253 4534 1454 4589 idcirco
1483 4543 1537 4589 tu
1578 4537 1852 4605 perfectus
1877 4557 1937 4596 es

362 4607 718 4679 Christianas,
757 4617 851 4672 sed
875 4619 923 4673 si
961 4628 1014 4674 te
1056 4623 1271 4691 prepria
1317 4627 1647 4682 conscientia
1691 4645 1797 4684 non
1845 4647 1935 4686 re-

360 4705 588 4770 mordet,
614 4707 779 4763 habes
797 4710 848 4764 in
874 4713 1158 4783 temetipso
1184 4715 1505 4784 gloriam,et
1524 4734 1630 4772 non
1647 4720 1703 4774 in
1735 4722 1928 4777 altero.

360 4792 585 4864 intelligi
626 4806 805 4867 potest
851 4808 909 4854 et
951 4801 1139 4867 aliter,
1185 4805 1280 4874 qui
1331 4808 1720 4875 conscientiam
1771 4813 1936 4868 habet

358 4887 535 4954 aperis
559 4887 703 4953 boni,
728 4898 784 4945 et
807 4892 1043 4962 seipsum
1066 4897 1438 4963 considerans,
1466 4915 1604 4969 opus
1628 4917 1785 4957 suum
1823 4921 1930 4960 non

358 4977 721 5045 reprehendit,
752 4996 858 5035 non
888 4982 1046 5038 debet
1075 4985 1141 5040 de
1184 4985 1286 5042 hoc
1315 4990 1456 5058 apud
1485 4991 1649 5046 alium
1681 4994 1923 5063 gloriari.

358 5065 451 5117 sed
503 5065 557 5120 in
609 5070 898 5140 semetipso
940 5073 1136 5129 habeat
1157 5075 1420 5146 gloriam,
1470 5088 1526 5134 et
1567 5083 1753 5140 dicat:
1795 5085 1932 5141 Mihi

357 5167 527 5210 autent
558 5159 691 5214 absit
715 5161 956 5232 gloriari,
991 5168 1092 5222 nisi
1113 5168 1167 5223 in
1194 5187 1345 5225 cruce
1372 5172 1585 5230 Domini
1609 5181 1771 5233 nostri
1799 5180 1938 5258 tam,

357 5244 572 5303 Christi.

427 5336 791 5413 Unusquisque
817 5346 954 5400 enim
974 5365 1105 5402 onus
1120 5367 1280 5405 suum
1303 5354 1551 5418 portabit.
1577 5358 1801 5414 Videtur
1837 5378 1927 5417 su-

355 5433 657 5500 perioribus
699 5438 989 5501 contraire,
1020 5440 1109 5493 ubi
1141 5441 1216 5494 ait
1255 5461 1267 5496 :
1310 5443 1456 5498 Alter
1504 5446 1722 5503 alterius
1767 5469 1926 5507 onera

349 5535 574 5592 portate,
605 5527 798 5582 sedili
840 5531 1114 5600 prmeepit,
1142 5541 1201 5584 ut
1237 5545 1530 5601 peccantes
1568 5539 1621 5592 in
1667 5540 1769 5596 hac
1817 5545 1924 5600 vita

353 5632 450 5671 nos
482 5617 710 5672 invicem
745 5629 1126 5688 sustentemus,
1161 5632 1215 5678 et
1250 5625 1570 5682 alterutrum
1615 5632 1816 5688 auxilio
1848 5636 1924 5690 si-

351 5724 490 5775 mus,
525 5708 610 5763 hic
635 5719 815 5764 autem
845 5710 908 5765 de
939 5716 1349 5771 resurrectionis
1373 5717 1740 5788 dicitjudicio,
1784 5726 1925 5794 quod

635 5804 907 5863 ΡΔΤΒΟΙ..
947 5804 1078 5863 (Ill.

2054 3257 2298 3313 siccitate
2339 3258 2504 3325 aruit,
2546 3259 2759 3315 vineam
2793 3261 2996 3333 grando
3019 3265 3293 3333 contrivit,
3322 3281 3429 3322 non
3463 3268 3636 3324 habeo

2052 3347 2194 3402 unde
2232 3347 2464 3402 tribuam
2498 3347 2897 3420 quodjubetur,
2931 3350 3165 3421 adjecit:
3195 3352 3376 3411 Nolite
3415 3373 3592 3412 errare
3615 3399 3632 3424 ,

2051 3433 2191 3489 Deus
2225 3451 2329 3490 non
2367 3436 2640 3507 irridetur,
2669 3439 2774 3494 scit
2806 3442 2968 3496 corda
3000 3451 3215 3508 vestra,
3254 3459 3359 3499 non
3411 3445 3628 3517 ignorat

2050 3523 2354 3591 facultates,
2371 3529 2715 3584 etexcusatio
2735 3531 2882 3587 verbi
2906 3531 3178 3590 hominem
3202 3543 3384 3603 potest
3413 3535 3624 3607 fallere,

2050 3612 2217 3669 Deum
2250 3630 2356 3670 non
2382 3625 2578 3688 potest.

2121 3705 2251 3772 Qua:
2272 3708 2412 3762 enim
2436 3711 2768 3766 seminaverit
2789 3711 2942 3767 homo
2966 3712 3076 3768 lucc
3105 3725 3152 3769 et
3173 3724 3343 3774 metet.
3370 3717 3468 3790 (Ex
3503 3718 3624 3776 Pri-

2047 3799 2208 3869 mas.)
2247 3799 2303 3855 ld
2331 3808 2434 3868 est,
2467 3801 2595 3856 talia
2625 3803 2867 3874 recipiet,
2901 3806 3080 3877 qualia
3115 3808 3321 3878 egerit,
3346 3810 3392 3866 si
3435 3827 3628 3884 pecca—

2047 3897 2158 3944 tum
2185 3893 2503 3960 paenitentia
2527 3911 2634 3950 non
2659 3905 2936 3967 sequatur.
3001 3949 3004 3952 .

2115 3981 2231 4053 (Ex
2275 3983 2545 4059 Primus.)
2578 3986 2836 4043 llortatur
2875 3991 2942 4045 ad
2991 3992 3044 4046 id
3101 3993 3242 4063 quod
3292 4007 3620 4067 praeceptum

2041 4083 2160 4138 est,
2199 4075 2561 4130 exhibendum
2610 4091 2795 4132 semen
2826 4081 3113 4135 nominans
3138 4121 3152 4146 ,
3192 4097 3260 4137 ne
3313 4095 3461 4152 putet
3496 4102 3619 4156 per-

2042 4163 2252 4229 ditum,
2296 4165 2440 4234 quod
2506 4165 2861 4236 multiplicato
2909 4167 3096 4224 fenore
3148 4181 3462 4241 recepturus
3511 4186 3615 4232 est.

2113 4261 2374 4327 Quoniam
2397 4265 2489 4334 qui
2504 4264 2725 4318 seminat
2751 4267 2805 4319 in
2822 4283 2984 4321 carne
3005 4285 3123 4332 sua,
3139 4270 3202 4323 de
3222 4287 3380 4338 carne
3396 4284 3444 4327 et
3469 4284 3622 4330 metet

2039 4356 2445 4426 corruptionem,
2475 4357 2565 4427 qui
2586 4365 2759 4410 autent
2778 4358 3001 4412 seminat
3026 4360 3079 4414 in
3101 4362 3308 4432 spiritu,
3346 4364 3410 4418 de
3429 4365 3620 4436 spiritu

2039 4456 2188 4500 metet
2216 4447 2372 4500 vitam
2394 4457 2663 4502 cateruam.
2694 4448 2866 4504 Omne
2896 4451 3040 4520 quod
3059 4452 3346 4522 loquimur,
3385 4457 3613 4529 agimus,

1962 4515 2014 4573 Ῑ)
2041 4537 2360 4607 cogitamus,
2386 4539 2440 4593 in
2464 4539 2674 4594 duobus
2707 4515 3006 4595 seminatur
3026 4515 3194 4614 agris,
3239 4560 3402 4612 carne
3419 4515 3480 4601 et
3509 4551 3624 4618 spi-
3715 4547 3722 4558 “

2038 4627 2164 4689 ritu.
2198 4627 2241 4681 si
2275 4627 2412 4682 bona
2441 4637 2570 4683 sunt
2593 4645 2714 4699 qua:
2741 4629 2809 4684 de
2839 4645 3033 4695 manu,
3064 4648 3159 4687 ore
3185 4641 3240 4689 et
3281 4636 3447 4692 corde
3489 4652 3616 4708 pro-

2039 4728 2275 4783 lllltllllll',
2302 4721 2562 4775 seminata
2597 4721 2652 4776 in
2704 4721 2895 4793 spiritu
2925 4723 3050 4778 vitae
3081 4733 3299 4780 aeterna:
3347 4726 3615 4784 fructibus

2037 4812 2430 4868 redundabant.
2463 4811 2521 4866 Si
2552 4812 2694 4867 mala
2715 4814 2787 4867 ab
2831 4829 2964 4884 agro
3007 4815 3190 4870 carnis
3219 4826 3466 4890 excepta,
3488 4834 3615 4874 cor-

2037 4902 2301 4972 ruptionis
2347 4901 2502 4956 nobis
2533 4910 2768 4973 segetem
2797 4902 3156 4972 pullulabunt.
3193 4905 3384 4973 Aliter,
3411 4909 3502 4978 qui
3531 4909 3612 4964 le-

2038 5007 2159 5061 gem
2190 4991 2480 5046 carnaliter
2502 4991 2769 5063 intelligit,
2798 4993 3246 5061 repromissiones
3266 5011 3480 5067 quoque
3499 5015 3616 5054 car-

2035 5084 2183 5139 nales
2205 5123 2220 5148 ,
2258 5093 2314 5139 et
2348 5100 2469 5155 qua:
2501 5085 2557 5139 in
2611 5086 2866 5155 prmsenti
2910 5087 3112 5145 saeculo
3163 5101 3611 5162 corrumpuntur,

2034 5183 2330 5243 exspectat.
2374 5175 2476 5242 Qui
2505 5183 2687 5230 autem
2721 5176 3016 5245 spiritualis
3059 5177 3275 5247 adiutor
3313 5191 3418 5250 est,
3445 5185 3612 5242 sciui.

2033 5275 2128 5321 nat
2152 5268 2207 5322 in
2237 5268 2458 5338 spiritu,
2485 5277 2542 5322 et
2583 5266 2648 5323 de
2678 5269 2870 5336 spiritu
2908 5278 3075 5328 metet
3108 5273 3273 5329 vitam
3331 5277 3612 5347 sempiter-

2036 5375 2181 5413 nam.
2238 5358 2372 5413 lllud
2402 5359 2567 5414 etiam
2619 5359 2827 5429 pariter
2874 5353 3271 5419 observandum
3326 5365 3469 5436 quod
3519 5380 3612 5420 se-

2036 5451 2208 5504 minat
2268 5450 2322 5504 in
2377 5465 2572 5514 carne,
2631 5465 2754 5506 cum
2817 5451 3187 5509 additamento
3249 5470 3362 5510 sua:
3421 5457 3611 5513 carnis

2032 5542 2270 5611 ponitur.
2326 5539 2424 5608 Qui
2467 5549 2646 5596 autem
2691 5543 2924 5598 seminat
2973 5544 3025 5599 in
3074 5545 3296 5614 spiritu,
3343 5560 3450 5599 non
3522 5547 3612 5606 di-

2033 5633 2110 5688 cit
2161 5631 2212 5686 iu
2269 5632 2458 5701 spiritu
2492 5649 2608 5699 suo,
2647 5636 2740 5688 sed
2795 5635 3110 5704 simpliciter
3149 5635 3203 5688 in
3237 5635 3462 5707 spiritu;
3513 5643 3608 5712 qui

2030 5723 2173 5777 enim
2215 5725 2348 5778 bona
2387 5724 2616 5778 seminat
2709 5741 2813 5778 non
2847 5725 2898 5777 in
2946 5739 3043 5777 suo
3093 5724 3384 5795 quippiam,
3413 5734 3510 5788 sed
3543 5730 3600 5782 in

3018 5817 3088 5874 15
