3932 6204
339 350 441 407 459

1612 326 1887 383 SMARAC
1898 325 1959 378 ω
2000 320 2297 395 ΑΒΒᾹΤΙῧ(

3492 305 3592 356 ιω

342 465 435 520 Dei
463 463 658 535 spiritu
691 458 941 521 sentiret,
1070 466 1177 524 quo
1218 458 1270 505 et
1297 449 1461 502 vitam
1502 452 1586 499 est
1630 453 1912 498 messui-us
2077 434 2161 504 gis
2188 446 2316 496 vos,
2362 430 2600 485 minimae
2634 430 2778 484 tldei.
2819 426 2995 481 Nolite
3035 435 3172 493 ergo
3211 417 3426 475 adﬁciti
3480 431 3601 473 esss

339 566 616 610 aeternam.

414 649 615 703 Bonum
663 651 834 697 autem
864 638 1116 710 facientes
1159 650 1262 689 non
1313 632 1638 701 deﬁciamus,
1685 634 1915 695 tempore

340 734 478 793 cunt
518 744 617 791 suo
668 741 924 786 metemus
956 743 1059 780 non
1087 725 1404 794 deficientes.
1449 720 1782 775 Cohortatur
1822 724 1918 768 eos

340 832 408 897 ad
435 827 670 883 studium
688 816 1235 894 persevcrantiamqui
1261 816 1314 868 in
1343 813 1447 868 hac
1473 813 1581 866 vita
1609 804 1916 871 mercedem

338 894 466 989 boni
496 915 678 987 Oper-is
701 917 1039 982 exspectant,
1074 907 1396 969 nescientes,
1426 894 1553 972 quia
1582 900 1724 983 sicut
1754 896 1810 951 in
1835 908 1919 949 se-

342 984 486 1065 mine
518 980 662 1065 aliud
688 980 936 1064 sationis,
971 997 1113 1059 aliud
1141 995 1330 1051 messis
1357 1001 1440 1049 est
1470 980 1682 1059 tempus
1702 1030 1716 1054 ,
1757 986 1840 1043 sic
1864 990 1920 1041 et

342 1103 397 1156 in
417 1094 667 1169 prazsenti
694 1094 808 1148 vita
832 1089 1088 1145 sementis
1115 1095 1197 1140 est
1217 1095 1446 1153 tempus,
1482 1090 1537 1137 et
1562 1082 1614 1135 in
1656 1087 1919 1134 internum

342 1191 449 1245 erit
484 1185 747 1249 metendi,
797 1194 958 1251 quam
1001 1186 1236 1249 segetem
1284 1188 1444 1229 nemo
1489 1177 1667 1242 potest
1716 1176 1921 1224 metere

343 1281 616 1345 deﬁciens,
640 1279 730 1351 qui
751 1275 895 1329 enim
938 1268 1335 1343 perseuerauerit
1371 1279 1535 1336 usque
1558 1263 1613 1317 in
1640 1262 1802 1331 ﬁnem
1837 1260 1921 1313 hic

343 1372 519 1429 salvus
544 1370 642 1426 erit
676 1365 894 1439 (Matth.
922 1364 998 1436 ι).

417 1462 540 1535 (Ea:
589 1455 853 1529 Primos.)
887 1452 1040 1509 Nunc
1076 1462 1290 1521 tempus
1339 1444 1639 1504 seminandi
1684 1451 1770 1500 est
1814 1456 1921 1497 non

350 1552 622 1616 metendi,
654 1564 761 1604 non
792 1561 922 1617 ergo
966 1545 1055 1598 hic
1100 1552 1339 1596 nostram
1371 1535 1675 1593 mercedem
1723 1546 1926 1603 quaera-

350 1639 780 1707 mus'accipere,
812 1649 881 1689 ne
922 1642 1108 1688 tenera
1143 1630 1313 1686 herba
1366 1626 1558 1682 hiemis
1602 1624 1780 1693 rigore
1833 1624 1927 1677 de-

304 1730 313 1740 ’
351 1748 552 1794 mcssa.
595 1745 702 1784 non
735 1726 941 1798 prosit,
968 1733 1021 1777 et
1048 1736 1154 1776 non
1199 1721 1271 1774 sit
1292 1733 1411 1788 qua:
1443 1717 1495 1771 in
1541 1714 1723 1769 futuro
1757 1714 1927 1766 meta-

2019 544 2040 577 s
2078 526 2370 579 dicentes:
2422 521 2563 588 Quid
2611 518 3078 579 mandueabimus,
3129 521 3228 567 aut
3275 510 3411 581 quid
3457 510 3603 566 bibe.

2020 635 2039 667 ι
2081 631 2223 679 mus,
2252 621 2345 669 aut
2384 628 2494 683 quo
2525 610 2853 682 operiemur.
2907 607 3033 663 llaec
3059 604 3208 659 enim
3257 602 3440 657 omnia
3474 616 3611 674 gen-

2022 724 2040 756 ι
2083 714 2166 759 tes
2195 702 2496 773 inquirunt.
2538 698 2656 754 Scit
2696 698 2844 753 enim
2885 695 3052 750 Pater
3076 700 3281 756 vester,
3337 690 3467 760 quia
3519 690 3607 747 bis

2022 815 2040 846 ι
2086 794 2340 850 omnibus
2390 790 2667 862 indigetis.
2718 779 2957 856 Qumrite
3007 792 3190 838 autem
3243 782 3482 852 primum
3524 796 3608 835 nev

2028 909 2049 942 ς
2084 903 2250 961 gnum
2290 886 2409 953 Dei,
2452 893 2510 940 et
2528 883 2798 964 justitiam
2827 880 2970 951 eius,
3016 886 3074 934 et
3102 876 3229 931 hac
3262 874 3448 931 omnia
3475 875 3613 945 adii—-

2026 1003 2045 1038 ι
2081 983 2301 1039 cientur
2324 980 2500 1035 vobis.
2540 997 2558 1031 ι

2093 1094 2260 1150 Nemo
2287 1100 2450 1163 potest
2475 1088 2677 1144 duobus
2707 1085 2933 1141 dominis
2962 1081 3173 1137 servire.
3225 1076 3327 1151 (Es
3357 1074 3611 1150 August.)

2021 1182 2122 1252 Qui
2173 1189 2302 1237 sunt
2326 1181 2433 1235 duo
2457 1178 2658 1234 domini
2686 1174 2944 1244 deinceps
2973 1169 3244 1234 ostendit,
3289 1182 3414 1224 cum
3441 1167 3610 1223 dicit:

2020 1272 2140 1329 Non
2172 1271 2399 1344 petestis
2441 1269 2553 1326 Deo
2581 1266 2787 1322 servire
2817 1270 2873 1317 et
2914 1273 3257 1317 mammonae.
3307 1257 3615 1312 Hammona

2022 1362 2164 1434 apud
2217 1361 2475 1417 Hebraeos
2524 1352 2644 1412 ‘sive
2695 1348 2901 1426 Syros,
2958 1348 3161 1406 divitia:
3210 1356 3614 1417 nuncupantur.

2024 1453 2285 1524 Congrutt
2315 1461 2370 1506 et
2399 1448 2661 1503 Punicum
2706 1458 2937 1509 nomen,
2981 1454 3109 1495 nam
3147 1438 3358 1493 lucrum
3396 1436 3620 1492 Punica:

2025 1556 2299 1601 mammon
2333 1541 2531 1597 dicitur
2580 1536 2689 1616 (Ex
2716 1532 2967 1605 Hieron.)
3007 1530 3207 1586 Audiat
3251 1529 3356 1584 hoc
3395 1542 3616 1592 avarus,

2028 1635 2210 1691 audiat
2233 1631 2600 1695 Christianus,
2624 1640 2733 1684 non
2758 1639 2917 1697 posse
2945 1639 3004 1679 se
3031 1621 3195 1678 simul
3217 1619 3422 1675 divitiis
3462 1617 3622 1673 Chri-

2029 1735 2221 1793 stoque
2249 1719 2476 1785 servire,
2508 1727 2564 1773 et
2595 1727 2776 1772 tamen
2806 1729 2913 1768 non
2943 1711 3115 1769 dixit:
3157 1710 3261 1779 Qui
3290 1708 3452 1765 habet
3481 1708 3623 1764 divi-

350 1835 461 1880 tur.
495 1818 711 1876 Dicetur
737 1796 888 1870 enim
937 1812 1093 1867 nobis
1130 1828 1142 1863 :
1187 1805 1491 1879 Reccpistis
1532 1807 1670 1859 bona
1714 1809 1894 1856 vestra
1913 1840 1927 1864 ,
1959 1796 2006 1857 Β
2035 1815 2156 1879 uas,
2190 1810 2286 1868 sed
2315 1809 2407 1880 qui
2435 1806 2604 1862 senm
2625 1803 2846 1860 divitiis,
2866 1801 2971 1870 Qui
2995 1801 3138 1856 enim
3165 1797 3479 1854 diviﬁmm
3504 1810 3625 1851 κιρ.

348 1926 407 1976 et
433 1917 629 1972 iterum
653 1930 666 1966 :
699 1909 1013 1980 Receperunt
1042 1902 1327 1957 mercedem
1353 1914 1523 1953 suam.

421 2003 567 2083 Ergo
608 2002 734 2058 dum
776 2009 976 2069 tempus
1003 1993 1273 2056 habemus,
1314 2001 1587 2061 operemur
1626 1984 1813 2038 bonum
1859 1980 1928 2033 ad

351 2069 550 2155 omnes.
594 2092 695 2164 (Ex
728 2088 970 2159 Hieron.)
1020 2084 1255 2154 Tempus
1299 2077 1659 2139 seminantis,
1700 2080 1762 2126 ut
1794 2069 1935 2124 disi-

355 2205 518 2255 tuus,
561 2158 802 2257 prtusens
830 2158 1090 2239 estvita,
1135 2172 1188 2225 in
1240 2183 1346 2238 qua
1391 2167 1518 2221 licet
1562 2162 1716 2218 nobis
1771 2158 1935 2214 semi-

353 2294 522 2346 nare,
564 2255 689 2332 eum
730 2280 914 2325 autent
950 2264 1254 2327 transierit,
1293 2255 1552 2329 operandi
1585 2263 1797 2322 tempus
1835 2265 1931 2304 au-

355 2372 549 2424 fertur.

431 2456 552 2532 (Ex
607 2447 874 2523 Primus.)
915 2444 1172 2503 Ultimum
1218 2436 1612 2496 scminantibus
1645 2433 1751 2488 hoc
1802 2438 1938 2507 tem—

358 2564 463 2622 pus
511 2554 595 2602 cst
619 2585 635 2610 ,
686 2541 1002 2597 festinemus
1034 2547 1162 2604 ergo
1209 2542 1431 2599 campos
1477 2539 1667 2582 omnes
1710 2533 1894 2576 serere
1919 2558 1935 2583 ,

344 2611 596 2698 'inaxime
624 2651 753 2699 eos,
782 2630 873 2702 qui
903 2638 1028 2685 sunt
1072 2622 1334 2680 uberrimi
1381 2618 1682 2689 repleamus
1702 2655 1718 2679 ,
1755 2627 1824 2668 ne
1857 2611 1940 2666 in-

360 2732 627 2806 cipiamus
667 2736 908 2794 tempore
951 2716 1144 2775 messis
1174 2714 1294 2770 aliis
1337 2707 1691 2783 epulantibus
1707 2703 1935 2760 esurire.

434 2822 670 2881 Masone
705 2791 876 2872 ualent
914 2812 982 2868 ad
1009 2806 1319 2865 domesticos
1365 2799 1510 2874 ﬁdei.
1546 2798 1647 2871 (Ex
1693 2791 1941 2867 Hieron.)

360 2917 641 2989 imitemur
680 2909 895 2966 Patrem
926 2912 1193 2965 nostrum,
1231 2897 1323 2969 qui
1367 2902 1453 2951 est
1496 2893 1617 2948 l‘ons
1645 2885 1939 2949 bonitatis,

366 2986 422 3064 et
458 3005 628 3063 solem
655 3014 809 3057 suum
830 2994 964 3053 oriri
1005 2991 1136 3048 facit
1175 3003 1336 3059 super
1366 2989 1536 3042 bonos
1556 2990 1613 3039 et
1662 2979 1857 3042 malos,
1887 2982 1944 3030 et

2029 1919 2129 1959 vus
2180 1908 2303 1968 est,
2361 1896 2580 1955 divitias
2634 1892 2871 1950 custodit
2916 1898 2978 1947 ut
3025 1904 3235 1946 servus.
3282 1888 3385 1955 Qui
3438 1896 3624 1943 autem

2036 1991 2316 2049 servitutis
2373 1986 2613 2044 excussit
2663 1984 2852 2056 iugum
2879 2024 2894 2050 ,
2952 1981 3240 2038 distribuet
3277 1992 3373 2035 eas
3421 1985 3483 2033 ut
3529 1978 3629 2032 do-

2034 2085 2233 2139 minus.

2105 2178 2210 2230 Aut
2241 2175 2380 2230 enim
2396 2188 2557 2226 unum
2585 2170 2706 2224 odio
2728 2167 2957 2232 habebit,
2985 2174 3032 2221 et
3060 2164 3283 2219 alterum
3308 2160 3510 2231 diliget,
3533 2170 3631 2215 aut

2035 2282 2200 2322 unum
2227 2260 2537 2326 sustinebit,
2570 2268 2618 2314 et
2648 2258 2873 2312 alterum
2903 2263 3215 2310 contemnet.
3263 2251 3509 2306 Patietur
3526 2252 3632 2307 du-

2037 2372 2158 2413 rum
2188 2363 2243 2411 et
2270 2352 2638 2426 perniciosum
2659 2348 2960 2411 dominum,
2989 2344 3237 2418 quisquis
3265 2345 3434 2399 servit
3458 2357 3636 2397 mam-

2010 2454 2231 2511 monae,
2263 2458 2361 2498 sua
2390 2440 2545 2497 enim
2561 2438 2857 2509 cupiditate
2886 2434 3217 2505 implicatus,
3245 2432 3493 2488 subditur
3518 2433 3635 2488 dia-

2039 2534 2183 2601 bolo,
2214 2531 2310 2588 sed
2356 2539 2537 2585 tamen
2565 2528 2790 2599 patitur,
2827 2524 3055 2579 alterum
3090 2530 3272 2577 autem
3309 2519 3632 2577 contemnit.

2040 2626 2158 2683 Non
2183 2625 2319 2681 dixit
2349 2642 2361 2677 :
2399 2621 2535 2678 Odio
2563 2618 2761 2685 habet,
2801 2616 3000 2673 nullius
3027 2615 3171 2670 enim
3202 2613 3319 2668 fere
3345 2613 3633 2667 conscien-

2042 2718 2115 2773 tia
2159 2717 2329 2771 Deum
2375 2714 2557 2770 odisse
2598 2717 2811 2784 potest,
2842 2715 3157 2765 contemnet
3181 2717 3398 2773 autem,
3439 2704 3635 2773 idest,

2043 2823 2154 2863 non
2184 2806 2355 2860 timet.

2114 2896 2245 2953 Ideo
2270 2895 2388 2949 dico
2415 2893 2580 2958 vobis,
2612 2907 2676 2946 ne
2700 2889 2915 2946 solliciti
2940 2887 3057 2943 sitis
3078 2888 3269 2941 animce
3297 2894 3480 2941 vestra.-
3502 2885 3634 2956 quid

2043 2984 2401 3049 manducetis,
2452 2998 2616 3054 neque
2656 2979 2863 3052 corpori
2908 2987 3074 3033 vestro
3131 2975 3258 3048 quid
3311 2973 3632 3028 induamini.

364 3097 502 3173 pluit
529 3088 886 3163 superjustos
905 3094 959 3140 et
994 3080 1242 3151 iniustos,
1270 3086 1325 3132 et
1355 3073 1607 3131 omnibus
1636 3066 1943 3130 benefaeia-

2053 3077 2121 3135 Ut
2144 3074 2415 3147 intelligas
2453 3087 2578 3128 eum
2606 3071 2700 3142 qui
2731 3070 2879 3126 dedit
2902 3069 3172 3132 animam,
3223 3065 3394 3120 multo
3419 3063 3637 3120 facilius

369 3151 513 3253 inus,
535 3151 772 3240 maxime
808 3173 1135 3234 domesticis
1162 3169 1307 3235 ﬁdei,
1338 3168 1443 3222 hoc
1474 3170 1559 3220 est
1599 3156 1943 3222 Christianis,

2053 3181 2235 3223 escam
2263 3179 2385 3221 esse
2411 3164 2662 3219 daturum
2679 3201 2693 3227 ,
2729 3167 2786 3215 et
2807 3160 2900 3229 qui
2931 3173 3130 3231 corpus
3153 3156 3321 3221 dedit,
3356 3155 3523 3210 multo
3549 3154 3635 3209 fa-

369 3280 463 3350 qui
499 3249 753 3333 eumdem
794 3268 997 3328 habent
1048 3264 1286 3321 Patrem.
1335 3255 1567 3314 Videtur
1614 3252 1748 3309 mihi
1793 3249 1949 3306 locus

262 3419 273 3427 .
500 3378 661 3441 posse
684 3368 740 3419 et
775 3356 1145 3431 superioribus
1172 3353 1446 3408 cohaerere
1468 3384 1483 3414 ,
1531 3352 1590 3401 ut
1621 3340 1946 3398 domesticos

370 3432 520 3516 ﬁdei-
546 3446 834 3527 magistros
862 3447 1133 3511 nominet,
1162 3440 1358 3514 quibus
1405 3450 1569 3507 supra
1617 3432 1796 3490 omnia
1827 3441 1948 3500 quae

370 3520 665 3622 putaner
684 3543 825 3599 bona
884 3538 954 3594 ab
1009 3531 1346 3592 auditoribus
1398 3528 1511 3585 suis
1552 3527 1793 3598 iusserat
1840 3520 1945 3575 mi-

371 3611 631 3704 nistrare,
667 3635 720 3690 id
765 3640 873 3698 est,
915 3625 1140 3701 paganis
1181 3632 1345 3693 atque
1377 3614 1736 3680 Christianis,
1766 3621 1822 3668 et
1852 3611 1949 3667 bo-

374 3732 461 3787 nis
505 3737 561 3784 et
595 3702 755 3782 malis
801 3715 1230 3777 misericordiam
1273 3711 1553 3773 faciamus,
1608 3721 1678 3761 ne
1702 3706 1783 3760 eis
1804 3702 1949 3773 quod

374 3821 520 3876 Deus
542 3832 650 3873 non
678 3820 838 3885 negat
869 3812 1216 3880 denegemus.
1254 3798 1487 3857 Maxime
1528 3807 1709 3853 tamen
1750 3794 1835 3885 bis
1857 3790 1950 3861 qui

375 3907 701 3981 peculiarem
743 3881 867 3957 lidei
897 3896 1065 3955 cultui
1096 3910 1162 3949 ac
1204 3888 1453 3963 religioni
1491 3886 1750 3943 exhibent
1776 3881 1951 3937 lamus

378 4000 570 4056 latum.

709 4096 1043 4141 εγειςαειιωι
1078 4090 1370 4140 ιιιιττηεει,
1405 4088 1524 4128 CAP.
1561 4085 1634 4125 Vl.

455 4202 474 4236 ι
507 4179 678 4239 Nemo
700 4184 879 4250 potest
901 4172 1111 4230 duobus
1146 4166 1382 4224 dominis
1414 4163 1638 4219 servire.
1670 4158 1779 4246 aut
1804 4155 1951 4211 enim

386 4293 405 4326 ι
443 4238 607 4329 unum
621 4238 745 4327 alio
759 4264 978 4323 habebit
990 4271 1045 4318 et
1061 4260 1292 4315 alterum
1313 4255 1523 4326 diliget,
1538 4258 1633 4306 aut
1652 4238 1821 4305 unum
1834 4260 1952 4301 suo-

384 4370 405 4418 ἱ
446 4364 655 4430 tinebit,
695 4369 752 4417 et
783 4359 1013 4415 alterum
1052 4358 1383 4411 contemnet.
1421 4347 1539 4404 Non
1585 4342 1815 4417 potestis
1843 4339 1956 4395 Deo

388 4476 408 4508 ι
450 4454 657 4511 servire
682 4460 1103 4509 etmammonzn.
1132 4442 1259 4498 ideo
1302 4441 1426 4496 dico
1464 4437 1658 4502 vobis,
1706 4449 1775 4491 nc
1812 4431 1958 4488 solii-

2047 3257 2205 3314 cilius
2240 3256 2494 3311 daturum
2534 3265 2658 3308 esse
2703 3250 3104 3305 vestimentum.
3153 3246 3272 3314 Quo
3305 3245 3425 3301 loco
3462 3242 3641 3316 quaeri

2049 3350 2187 3405 solet
2234 3355 2416 3402 utrum
2461 3345 2531 3400 ad
2575 3344 2813 3399 animam
2848 3342 3004 3398 cibus
3033 3342 3136 3397 iste
3160 3339 3470 3412 pertineat,
3511 3351 3643 3394 cum

2048 3442 2227 3497 annua
2253 3441 2570 3508 incorporea
2612 3436 2722 3502 sit,
2768 3437 2875 3492 iste
2920 3443 3101 3490 autem
3140 3434 3298 3489 cibus
3343 3446 3645 3504 corporeus

2049 3539 2152 3588 est.
2195 3529 2303 3587 Sed
2329 3529 2566 3584 animam
2596 3541 2696 3598 pro
2743 3528 2848 3584 ista
2880 3527 2989 3581 vita
3021 3524 3333 3581 noverimus
3378 3522 3644 3594 positam,

2050 3623 2204 3694 cujus
2239 3622 2595 3680 retinaculum
2637 3629 2724 3678 est
2750 3622 3066 3677 alimentum
3132 3618 3442 3674 Secundum
3475 3618 3642 3672 istam

2051 3718 2499 3792 signiﬁcationem
2526 3714 2729 3771 dictum
2756 3722 2876 3770 est:
2911 3710 3014 3779 Qui
3035 3721 3176 3766 amat
3205 3708 3434 3765 animam
3464 3723 3644 3773 suam,

2051 3809 2227 3882 perdet
2263 3807 2450 3872 illaut;
2498 3814 2554 3861 et
2590 3804 2987 3882 Pastorbonus
3025 3802 3257 3882 animam
3306 3815 3457 3854 suam
3495 3800 3647 3869 ponit

2058 3892 2238 3963 (Joun.
2274 3907 2326 3954 ς,
2364 3891 2481 3958 tl).
2521 3881 2812 3953 Quodnisi
2858 3881 2929 3935 de
2954 3883 3055 3935 hac
3101 3880 3209 3934 vita
3239 3880 3649 3947 acceperimus,

2055 3981 2393 4040 contrarium
2442 3979 2548 4033 erit
2603 3975 2681 4031 illi
2739 3973 3067 4036 contentio,
3127 3986 3235 4040 qua
3260 3969 3468 4024 dictum
3511 3978 3642 4021 est:

2057 4077 2201 4144 Quid
2232 4074 2493 4147 proderit,
2551 4072 2600 4124 si
2636 4079 2804 4122 totum
2854 4065 3107 4121 mundum
3154 4064 3408 4125 lucretur,
3445 4062 3651 4114 animi:

2056 4187 2176 4228 vero
2196 4187 2307 4226 sua:
2336 4167 2710 4223 detrimentum
2745 4166 2985 4227 patiatur
3014 4158 3231 4225 (Matth.
3262 4157 3397 4223 sn)?
3494 4180 3499 4183 τ

2135 4255 2326 4310 Nonne
2365 4253 2543 4307 anima
2577 4249 2696 4322 plus
2724 4259 2798 4303 est
2828 4263 2987 4320 quam
3017 4260 3136 4301 esea
3155 4285 3169 4309 ,
3220 4250 3269 4297 et
3313 4257 3502 4312 corpus
3527 4241 3650 4312 plus

2060 4363 2218 4420 quam
2233 4345 2594 4400 vestimentum
2607 4341 2637 4395 .’
2648 4340 2745 4412 (Ex
2763 4334 3006 4410 Hieron.)
3023 4334 3175 4403 Quod
3190 4328 3653 4416 dicitistiusmodi

2062 4404 2168 4503 est,
2197 4415 2293 4505 qui
2320 4431 2523 4501 majora
2546 4404 2798 4502 praestitit
2821 4404 3009 4498 utique
3032 4434 3087 4481 et
3111 4404 3648 4491 minora'prtestabit.

388 4564 409 4597 ι
452 4542 547 4599 citi
591 4543 714 4598 sitis
761 4539 955 4595 anima:
984 4540 1180 4590 vestrm
1207 4531 1337 4603 quid
1368 4526 1728 4590 manducetiS,
1781 4535 1956 4591 neque
1982 4496 2035 4556 Β
2061 4496 2319 4596 Respicite
2331 4496 2565 4578 volatilia
2586 4520 2722 4586 caeli,
2743 4496 2989 4591 quoniam
3019 4531 3122 4570 non
3150 4519 3329 4568 serunt
3360 4527 3526 4582 neque
3546 4525 3655 4565 me-

386 4640 411 4686 ὀ
456 4631 671 4703 corpori
715 4636 938 4691 vestro,
987 4624 1118 4694 quid
1168 4618 1488 4677 induamini.
1543 4614 1733 4670 Nonne
1780 4610 1959 4664 anima

391 4743 412 4776 s
449 4718 569 4794 plus
587 4731 672 4777 est
695 4732 857 4793 quam
881 4731 1029 4781 esca,
1058 4722 1113 4770 et
1139 4726 1337 4782 corpus
1361 4710 1642 4779 plusquam
1665 4704 1965 4759 vestimen-

390 4835 410 4865 ο
452 4811 601 4868 tum?
627 4809 902 4881 Respicite
947 4802 1189 4861 volatilia
1237 4799 1385 4866 cali,
1413 4796 1671 4868 quoniam
1723 4807 1831 4847 non
1879 4805 1962 4845 se-

391 4910 414 4955 's
451 4908 595 4968 runt,
617 4913 794 4971 neque
819 4903 1049 4961 metunt,
1092 4904 1268 4962 neque
1306 4894 1630 4959 congregant
1663 4885 1719 4940 in
1744 4884 1958 4945 horrea,

395 5013 418 5045 ο
455 5001 510 5048 et
536 4990 696 5048 Pater
717 4998 893 5046 vester
921 4983 1160 5043 cmlestis
1182 4981 1351 5054 pascit
1376 4979 1488 5034 illa.
1511 4977 1701 5035 Nonne
1724 4988 1821 5031 vos
1844 4988 1959 5029 ma-

395 5103 416 5134 ο
457 5081 541 5157 gis
573 5080 746 5155 pluris
766 5078 902 5135 estis
918 5076 1062 5133 illis?
1082 5074 1216 5143 Quis
1237 5080 1418 5127 autem
1444 5062 1689 5125 vestrum
1720 5064 1964 5135 cogitans

397 5191 423 5230 c
453 5154 633 5248 potest
658 5168 895 5241 adiicere
914 5168 983 5223 ad
1008 5174 1273 5223 staturam
1301 5174 1456 5219 suam
1482 5158 1726 5248 cubitum
1755 5154 1965 5211 unum?

397 5289 417 5321 ι
458 5247 531 5323 in
557 5261 967 5324 devestituento
991 5257 1121 5328 quid
1154 5254 1370 5314 solliciti
1406 5251 1580 5309 estis?
1611 5247 1968 5305 Considerate

388 5370 420 5409 ἰ
462 5355 577 5414 lilia
619 5350 740 5426 agri
766 5346 1036 5422 quomodo
1060 5351 1331 5409 crescunt,
1361 5357 1471 5399 non
1516 5339 1766 5396 laborant
1790 5348 1968 5407 neque

400 5473 420 5505 ο
463 5456 615 5509 nent.
660 5444 796 5503 Dico
842 5449 1025 5498 autem
1050 5437 1241 5503 vobis,
1278 5434 1672 5506 quoniamnec
1712 5428 1972 5485 Salomon

284 5535 306 5553 ‘
404 5562 423 5593 ι
459 5545 517 5598 in
558 5536 709 5598 omni
735 5533 906 5609 gloria
932 5545 1031 5587 sna
1075 5535 1363 5598 coopertus
1409 5534 1494 5582 est
1520 5526 1661 5582 sicut
1690 5537 1859 5578 unum
1905 5535 1973 5575 es

407 5655 425 5685 ι
464 5633 600 5688 istis.
625 5630 685 5686 Si
712 5637 893 5684 antem
922 5622 1104 5680 fenum
1131 5620 1245 5692 agri
1269 5620 1411 5689 quod
1437 5619 1737 5681 boiie'est,
1768 5624 1825 5670 ot
1851 5628 1972 5668 cras

417 5742 438 5776 ο
471 5727 526 5778 in
553 5723 827 5779 clibanum
863 5717 1098 5775 mittitur
1129 5716 1269 5771 Deus
1299 5713 1377 5769 sic
1404 5711 1584 5776 vestit,
1620 5719 1827 5781 quanto
1861 5721 1976 5761 tua-

2058 4627 2174 4671 tunt
2214 4632 2377 4689 neque
2403 4623 2716 4684 congregarat
2745 4612 2801 4664 in
2843 4611 3033 4665 horrea
3055 4649 3070 4674 ,
3103 4610 3157 4661 et
3190 4604 3332 4659 Deus
3360 4605 3528 4674 pascit
3556 4601 3654 4657 illa

2061 4707 2277 4781 (Matth.
2309 4705 2406 4780 vr).
2441 4704 2772 4776 Simpliciter
2798 4716 2930 4774 ergo
2967 4701 3362 4771 accipiendum,
3413 4693 3560 4766 quod
3605 4692 3657 4748 si

2057 4799 2298 4856 volatilia
2334 4799 2539 4867 absque
2587 4810 2719 4850 cura
2763 4802 2820 4850 et
2846 4793 3102 4848 :erumnis
3135 4791 3231 4846 Dei
3272 4788 3493 4844 aluntur
3525 4797 3659 4856 pro-

2061 4891 2323 4957 videntia,
2342 4904 2464 4960 qum
2490 4886 2653 4944 hodie
2673 4895 2804 4941 sunt
2827 4892 2882 4939 et
2905 4898 3028 4939 cras
3064 4894 3172 4936 non
3201 4886 3390 4944 erunt,
3415 4886 3659 4947 quonam

2066 4981 2247 5039 anima
2273 4981 2517 5038 mortalis
2556 4987 2677 5043 est,
2709 4985 2765 5034 et
2790 4991 2914 5033 cum
2958 4989 3082 5031 esse
3109 4972 3446 5030 cessaverint
3467 5010 3484 5036 ,
3516 4982 3663 5023 sem-

2064 5086 2164 5144 per
2192 5087 2303 5128 non
2325 5078 2506 5137 erunt,
2541 5074 2746 5140 quanto
2770 5066 2942 5137 magis
2968 5063 3238 5129 homines,
3269 5061 3466 5133 quibus
3491 5065 3660 5115 teter-
3738 5124 3741 5127 _

2069 5163 2215 5218 nitas
2244 5160 2658 5233 repromittitur,
2685 5158 2783 5214 Dei
2808 5162 3068 5229 regantur
3092 5152 3348 5209 arbitrio!

2144 5250 2333 5307 Nonne
2357 5267 2444 5305 vos
2470 5248 2636 5320 magis
2662 5247 2828 5319 pluris
2856 5246 2979 5301 estis
3003 5244 3109 5300 illis
3126 5245 3153 5299 2
3175 5243 3277 5316 (Ex
3302 5237 3557 5314 August.)
3601 5237 3665 5296 id

2075 5353 2182 5411 est,
2217 5344 2495 5399 cbariores
2534 5341 2666 5397 estis
2702 5355 2825 5408 vos,
2861 5346 2918 5397 et
2943 5338 3066 5412 plus
3087 5337 3300 5404 valetis,
3331 5335 3460 5407 quia
3485 5332 3661 5389 ratio-

2074 5437 2227 5494 nales
2247 5436 2400 5493 estis.
2694 5486 2709 5497 ,
2730 5462 2733 5465 -

2151 5528 2283 5596 Quis
2326 5536 2500 5583 autem
2554 5537 2777 5585 restrum
2828 5526 3065 5597 cogitans
3106 5532 3274 5595 potest
3320 5519 3545 5593 adjicere
3585 5517 3664 5568 ad

2075 5627 2335 5689 staturam
2358 5633 2509 5672 suam
2540 5618 2768 5671 cubitum
2792 5631 2953 5670 unum
2977 5614 3003 5667 .’
3029 5610 3096 5668 Et
3119 5613 3183 5667 de
3204 5611 3502 5667 uestiman
3527 5605 3664 5677 quid

2078 5705 2291 5761 solliciti
2327 5706 2489 5762 estis?
2517 5705 2572 5762 ια
2603 5715 2705 5771 est,
2732 5705 2787 5760 in
2817 5705 2970 5775 ciuilis
2997 5708 3264 5773 potestate
3301 5708 3359 5756 et
3384 5696 3674 5756 dentium
