3932 6204
350 360 447 419 ιω
466 320 477 323 -

1166 352 1685 413 COLLECTIONES
1722 351 1791 407 ΙΝ
1828 348 2203 406 EPISTOLYS
2240 352 2325 406 ΕΤ
2363 350 2774 406 EVA‘NGELIA.

3512 351 3613 403 1:63

351 474 552 530 factum
583 479 690 536 est,
739 477 799 525 ut
833 467 904 525 ad
938 469 1079 523 hanc
1126 474 1391 523 staturam
1440 458 1645 534 corpus"
1681 466 1922 517 vestrum
1952 470 2001 527 Α
2033 477 2050 509 t
2088 461 2410 516 eharitatem
2433 461 2655 526 Christi,
2690 470 2747 515 ut
2773 460 3099 529 impleamlni
3126 460 3182 513 in
3207 472 3426 514 omnem
3450 460 3615 529 pleni-

350 563 750 635 perduceretur,
779 556 895 628 ejus
922 556 1261 630 providentia
1285 555 1469 610 vestiri
1499 561 1696 625 potest.

416 649 759 709 Considerate
788 648 901 703 lilia
929 649 1044 721 agri
1068 645 1327 721 quomodo
1368 653 1624 709 crescunt,
1657 660 1758 698 non
1786 643 1932 697 labo-

348 752 465 803 rant
489 758 654 816 neque
678 749 817 797 neut.
868 730 1115 795 Dandum
1156 750 1273 795 erat
1302 738 1467 793 etiam
1494 736 1559 793 de
1589 734 1931 791 vestimentis

347 833 750 897 documentum,
777 831 919 887 sicut
947 830 1131 886 datum
1158 837 1244 886 est
1265 842 1364 899 pro
1394 827 1673 894 alimento,
1703 826 1798 883 sed
1827 826 1929 880 ista

346 922 671 979 documenta
702 936 810 977 non
840 922 919 991 sic
958 919 1243 991 allegorice
1283 914 1621 974 discutienda
1654 926 1781 973 sunt
1802 958 1815 981 ,
1870 925 1931 970 ut

345 1027 656 1084 quaramus
699 1010 829 1081 quid
868 1007 1255 1081 signiﬁcaverit
1284 1007 1400 1062 avis
1439 1014 1533 1060 aut
1563 1006 1703 1070 lilia,
1754 1005 1929 1076 posita

343 1110 474 1160 sunt
500 1102 648 1159 enim
679 1110 741 1157 ut
768 1101 836 1157 de
872 1100 1033 1156 rebus
1074 1096 1372 1155 minoribus
1400 1095 1603 1165 majora
1634 1095 1927 1166 persuade—

345 1201 554 1250 rentur.

415 1281 549 1339 Dico
572 1291 749 1338 autem
790 1272 965 1346 vobis,
995 1280 1245 1353 quoniam
1275 1295 1365 1333 nec
1415 1276 1666 1332 Salomon
1708 1277 1762 1329 iu
1789 1274 1931 1328 auaui

340 1374 513 1444 μανία
531 1389 629 1427 sua
649 1381 919 1442 coopertus
944 1381 1018 1425 est
1038 1370 1171 1425 sicut
1192 1385 1354 1422 unum
1374 1385 1439 1422 ea:
1463 1367 1595 1421 istis.
1626 1366 1725 1438 (Ex
1752 1365 1929 1435 Fulg.)

340 1460 401 1519 In
424 1462 571 1517 omni
598 1461 786 1531 gloria,
810 1459 863 1515 id
882 1469 987 1525 εει,
1014 1458 1067 1514 in
1091 1459 1237 1513 omni
1261 1459 1524 1514 varietate
1549 1457 1803 1519 vestium,
1831 1456 1927 1509 de-

341 1550 610 1616 liciarum,
649 1551 764 1605 sive
791 1550 845 1605 in
874 1547 1243 1621 magnitudine
1273 1548 1423 1620 regni
1446 1589 1461 1613 ,
1490 1547 1628 1602 sicut
1655 1562 1820 1601 ultum
1861 1560 1929 1600 ex

338 1634 465 1696 istis
494 1638 813 1695 subauditur
846 1637 994 1694 liliis.

415 1726 526 1800 (Ea:
563 1726 764 1797 Hilar.)
801 1727 869 1781 Et
908 1743 1094 1783 revera
1126 1728 1267 1799 quod
1296 1742 1399 1782 nec
1426 1727 1659 1782 sericum
1686 1714 1815 1796 quas
1838 1740 1926 1781 re-

2035 570 2054 602 ι
2092 552 2330 607 tudinem
2359 552 2474 605 Dei.
2524 552 2584 605 Ei
2634 559 2815 606 autem
2843 551 2935 619 qui
2975 557 3171 617 potens
3203 555 3285 602 est
3313 549 3494 602 omnia
3534 548 3612 601 l‘a-

2035 660 2055 692 ς
2091 656 2216 698 cere
2248 641 2777 710 superabundanlcr,
2822 654 2983 708 quam
3020 639 3255 707 petimus
3296 645 3391 691 aut
3417 637 3615 695 intelli-

2036 751 2054 783 ι
2090 732 2266 803 gimus
2304 732 2596 786 secundum
2635 733 2888 785 virtutem
2915 744 3035 799 quae
3066 737 3324 801 operatur
3351 730 3406 785 in
3432 730 3614 797 nobis,

2036 841 2055 875 ‹
2096 823 2195 893 ipsi
2230 822 2398 895 gloria
2428 825 2480 879 in
2511 823 2740 879 ecclesia
2771 830 2825 878 et
2852 824 2903 877 in
2926 822 3146 877 Christo
3175 820 3302 878 Jesu
3328 823 3383 878 in
3424 837 3614 879 omnes

2035 932 2056 965 ι
2091 914 2468 985 generationes
2498 914 2677 970 saeculi
2709 913 3050 969 szeculorum.
3078 912 3271 969 Amen.
3307 934 3327 967 ι

2101 1005 2327 1062 Obsecro
2372 1024 2493 1072 vos,
2537 1025 2603 1061 ue
2630 1007 2887 1078 deﬁciatis
2934 1007 2989 1061 iis
3027 1006 3453 1062 (ﬁbulationibus
3483 1009 3611 1062 meis

2025 1114 2123 1167 pro
2150 1096 2326 1163 vobis,
2374 1114 2492 1169 quia
2516 1106 2592 1152 est
2630 1097 2797 1167 gloria
2824 1105 3017 1150 vestra.
3065 1096 3165 1167 (Ex
3204 1096 3452 1170 Hieron.)
3496 1097 3613 1155 ilco

2031 1198 2114 1243 est
2140 1204 2271 1261 ergo
2309 1189 2451 1258 quod
2492 1187 2780 1259 Apostolus
2830 1195 3013 1258 rogat,
3065 1196 3121 1241 et
3166 1202 3197 1241 a
3232 1187 3459 1244 Domino
3499 1203 3613 1243 ma-

2029 1293 2266 1350 gnOpere
2290 1278 2643 1351 deprecatur,
2692 1294 2763 1334 ne
2805 1277 3061 1333 deﬁciant
3103 1277 3158 1333 in
3183 1279 3451 1347 pressuris
3477 1279 3608 1334 suis.

2032 1369 2261 1425 Videbat
2288 1369 2486 1441 quippe
2515 1384 2574 1424 se
2601 1370 2668 1423 de
2700 1368 3036 1423 Hierusalem
3068 1384 3239 1437 usque
3266 1364 3612 1442 adlllyricum

2032 1458 2380 1530 Evangelium
2428 1459 2751 1529 prmdicasse
2775 1498 2789 1519 ,
2838 1457 2947 1512 isse
2982 1457 3211 1511 Romam
3232 1498 3252 1520 ,
3289 1455 3611 1529 Hispaniam

2029 1550 2353 1618 porrexisse,
2395 1549 2479 1603 vel
2521 1549 2599 1602 ire
2641 1548 2957 1618 disponere,
2995 1554 3139 1601 totus
3168 1548 3399 1602 mundus
3426 1549 3496 1602 ad
3522 1536 3615 1604 do-

2027 1637 2261 1692 etrinam
2310 1637 2514 1707 ipsius,
2572 1638 2638 1691 de
2680 1644 2950 1707 potestate
2996 1637 3254 1709 principis
3296 1637 3608 1695 timebatur.

2030 1727 2363 1786 Deserebaut
2403 1730 2543 1785 idola
2573 1738 2627 1784 et
2656 1730 2955 1785 cultoribus
2987 1730 3183 1802 templa
3209 1733 3422 1788 deserta
3451 1749 3611 1803 squa-

332 1834 468 1890 gum
502 1833 738 1889 purpura
779 1825 896 1881 est,
945 1835 1045 1874 nec
1071 1820 1276 1890 pictura
1310 1820 1597 1875 textricum
1627 1827 1808 1889 potest
1831 1816 1926 1872 tio-
1953 1814 2000 1874 B
2030 1819 2142 1876 lore
2166 1828 2225 1874 et
2254 1820 2503 1875 sordibus
2539 1819 2907 1890 replebantur.
2949 1819 3028 1874 Ob
3056 1836 3215 1890 quam
3256 1837 3475 1877 causam
3500 1840 3613 1877 om~

332 1910 494 1964 ribus
536 1910 868 1980 comparari,
915 1910 1042 1980 quid
1069 1910 1144 1965 ita
1187 1912 1345 1966 rubet
1388 1918 1445 1967 ut
1474 1911 1642 1966 rosa?
1685 1911 1813 1980 quid
1851 1911 1925 1965 ita

332 1998 538 2055 candet
561 2006 622 2054 ut
647 1996 861 2054 lilium?
908 2001 1062 2055 violae
1090 2017 1220 2056 vero
1247 2014 1539 2072 purpuram
1584 2000 1730 2055 nullo
1768 2015 1926 2071 supe-

331 2089 448 2145 rari
486 2092 693 2147 murice
730 2091 1009 2147 oculorum
1058 2094 1228 2165 magis
1269 2107 1433 2163 quam
1477 2093 1744 2147 sermonis
1785 2092 1925 2146 indi-

326 2180 483 2237 cium
518 2186 621 2235 est.
1313 2204 1319 2209 ι
1398 2250 1401 2259 Ι

406 2269 469 2326 Si
493 2278 666 2324 autem
703 2269 879 2339 fenum
905 2271 1021 2343 agri
1049 2270 1190 2342 quod
1213 2271 1368 2326 hodie
1392 2278 1487 2336 est,
1536 2278 1585 2324 et
1611 2270 1810 2325 erasin
1833 2269 1925 2324 cli-

325 2362 532 2416 bauum
556 2361 807 2427 mittetur,
860 2361 915 2417 id
952 2368 1036 2417 est
1064 2363 1119 2417 in
1162 2363 1339 2435 ignem
1366 2402 1382 2427 ,
1426 2362 1569 2417 Deus
1612 2362 1692 2417 sic
1734 2362 1916 2417 vestit.

328 2452 436 2509 Hic
472 2451 981 2524 intelligitur'quod
1031 2454 1280 2527 superius
1327 2453 1437 2507 lilia
1480 2469 1586 2508 non
1617 2454 1921 2525 specialiter

324 2562 434 2618 pro
481 2561 628 2613 una,
677 2545 773 2602 sed
820 2547 1143 2614 generaliter
1178 2562 1277 2618 pro
1325 2545 1506 2602 multis
1552 2539 1750 2602 dixerit
1789 2548 1918 2602 her-

329 2636 443 2693 bis.

306 2716 311 2721 ’
405 2726 617 2794 Quanto
645 2728 809 2800 magis
842 2745 951 2795 ros,
976 2728 1204 2782 minima:
1241 2727 1364 2797 ﬁdei
1385 2726 1406 2779 !
1450 2726 1543 2782 llle
1585 2727 1728 2782 enim
1758 2726 1918 2782 mini-

324 2835 455 2876 mus
478 2826 566 2875 est
593 2819 648 2875 in
677 2816 801 2885 ﬁde,
838 2820 929 2890 qui
974 2835 1080 2874 non
1110 2826 1196 2873 est
1238 2817 1510 2888 perfectus
1539 2817 1594 2872 in
1625 2818 1912 2873 charitate.

325 2909 583 2965 Charitas
607 2909 753 2964 enim
781 2910 965 2966 omnia
991 2908 1186 2974 credit,
1217 2904 1349 2962 ﬁdes
1375 2904 1520 2962 enim
1548 2923 1578 2961 a
1604 2908 1818 2963 modico
1840 2908 1918 2963 in-

320 3000 493 3072 cipit,
525 3000 619 3056 sed
652 3001 851 3056 crescit
878 3015 1050 3070 usque
1092 2999 1219 3054 dum
1246 2997 1315 3054 ad
1347 2997 1401 3053 id
1429 2998 1573 3068 quod
1611 2997 1912 3068 perfectum

2028 1910 2115 1965 nis
2160 1912 2433 1965 exercitus
2472 1912 2798 1976 daamouum,
2844 1912 3021 1967 omnis
3066 1914 3226 1968 turba
3268 1914 3610 1969 inimicarun

2026 1996 2400 2054 fortitudinum
2422 2009 2612 2055 contra
2645 2001 2818 2069 ipsum
2845 2001 2989 2056 facto
3012 2016 3185 2057 cuneo
3209 2003 3522 2070 dimicabat,
3552 2016 3614 2060 ut

2020 2103 2122 2158 per
2168 2088 2547 2145 tribulationes
2599 2102 2653 2145 et
2699 2092 2972 2160 angustias
3017 2091 3364 2164 Evaugelium
3403 2093 3611 2151 Christi

2027 2178 2297 2236 desineret
2314 2181 2636 2252 prasdicare,
2659 2189 2715 2236 et
2730 2180 2903 2237 lassus
2917 2181 3207 2253 aliquando
3222 2186 3607 2255 requiesceret.

2022 2266 2136 2323 Hoc
2163 2278 2250 2325 est
2278 2270 2460 2341 itaque
2488 2273 2630 2340 quod
2657 2271 2772 2326 ait:
2812 2270 2943 2326 Peto
2982 2288 3046 2327 ne
3064 2274 3328 2344 deﬁciatis
3363 2275 3418 2330 in
3444 2276 3612 2330 tribu-

2017 2356 2302 2414 lationibus
2342 2362 2469 2415 meis
2515 2377 2613 2431 pro
2655 2361 2815 2428 vobis,
2856 2370 3027 2418 totum
3064 2365 3209 2419 enim
3244 2366 3385 2436 quod
3407 2376 3608 2437 partior,

2020 2450 2163 2520 quod
2212 2450 2478 2517 tribulor,
2521 2452 2665 2522 quod
2717 2460 2977 2508 coarctor
3026 2463 3224 2510 vestra:
3286 2456 3477 2514 salutis
3519 2470 3613 2515 est

2017 2560 2205 2612 causa,
2246 2545 2373 2602 dum
2406 2547 2557 2603 vobis
2600 2546 2947 2619 Evangelium
2981 2549 3313 2605 annuntiare
3343 2550 3608 2617 desidero,

2018 2651 2137 2705 qua:
2192 2636 2572 2692 tribulationes
2620 2652 2757 2692 mem
2803 2643 2984 2692 vestra
3035 2646 3123 2693 est
3169 2638 3363 2712 gloria.
3420 2641 3613 2698 Potest

2016 2734 2199 2781 autem
2224 2726 2520 2780 secundum
2556 2727 2635 2792 id,
2678 2727 2821 2796 quod
2848 2726 3013 2781 latius
3043 2731 3348 2799 expressit,
3389 2742 3611 2804 propter

2016 2817 2158 2887 quod
2188 2825 2347 2888 peto,
2382 2834 2452 2874 ne
2474 2817 2740 2874 deﬁciatis
2783 2821 2838 2875 in
2877 2819 3315 2880 tribulationibus
3345 2825 3483 2880 meis
3505 2843 3610 2896 pro

2015 2907 2188 2975 vobis,
2222 2923 2343 2979 qiue
2366 2917 2456 2965 est
2490 2910 2659 2981 gloria
2692 2919 2895 2965 vestra.
2936 2910 3075 2967 illud
3096 2922 3278 2968 autem
3304 2923 3485 2985 potest
3519 2934 3616 2973 ex-

2012 2999 2166 3067 poni,
2204 3000 2348 3069 quod
2368 3015 2471 3071 pro
2504 3000 2757 3073 Ephesiis
2782 3010 2952 3072 petat,
2990 3018 3057 3058 ne
3098 3003 3151 3058 in
3172 3005 3445 3076 pressaris
3478 3023 3610 3078 apo-

318 3076 698 3162 estpervenit.
732 3090 886 3147 Unde
919 3097 973 3144 et
997 3089 1223 3161 apostoli
1256 3089 1481 3144 Domino
1506 3089 1693 3144 dicunt
1721 3108 1733 3143 :
1764 3089 1911 3161 Auge
1948 3163 1984 3173 Α
2016 3093 2138 3148 stoli
2164 3092 2469 3149 lassescant
2490 3103 2653 3164 atque
2691 3093 2961 3151 deﬁciant.
2996 3092 3275 3167 Siquidem
3300 3107 3362 3154 et
3391 3115 3456 3155 ea

321 3180 477 3236 nobis
496 3180 682 3250 ﬁdem.
720 3180 891 3249 Quam
918 3179 1211 3250 perfectam
1253 3178 1451 3234 Paulus
1478 3194 1694 3235 omnem
1740 3180 1915 3234 nomi-
1940 3163 1985 3227 (ἶ
2015 3190 2337 3252 sequuntur,
2374 3183 2499 3240 huic
2528 3163 2699 3258 magis
2721 3185 2905 3241 sensui
2920 3163 3252 3258 congruunt.

319 3279 443 3335 nat,
472 3271 658 3328 dicens
679 3288 699 3326 :
747 3269 812 3325 Et
838 3271 884 3325 si
907 3269 1136 3325 habuero
1164 3286 1367 3324 onmem
1397 3269 1559 3339 ﬁdem
1578 3309 1594 3337 ,
1624 3277 1681 3325 et
1706 3269 1914 3340 reliqua

323 3361 383 3439 (Ι
410 3358 538 3419 Cor.
572 3361 715 3435 xui).

398 3450 582 3509 Nolite
606 3469 726 3524 ergo
759 3452 970 3508 solliciti
1000 3470 1127 3521 esse,
1162 3453 1426 3510 dicentes:
1457 3453 1598 3520 Quid
1621 3455 1912 3511 manduca-

315 3543 526 3610 biutus,
551 3554 644 3599 aut
680 3543 829 3616 quid,
856 3555 963 3601 etc.
1010 3545 1191 3601 Labor
1219 3548 1557 3602 exercendus
1580 3554 1686 3614 est,
1718 3546 1916 3604 sollici-

323 3634 459 3692 tudo
490 3634 741 3692 tollenda.
794 3634 908 3692 Hoc
950 3636 1093 3707 quod
1142 3635 1376 3692 dicitur:
1422 3634 1506 3690 Ne
1536 3622 1747 3691 solliciti
1776 3638 1913 3704 sitis,

315 3738 462 3799 ete.,
493 3730 561 3786 de
579 3729 779 3785 carnali
809 3729 931 3786 cibo
949 3738 1007 3785 et
1036 3730 1356 3787 vestimento
1375 3728 1726 3800 accipiamus,
1756 3739 1917 3786 επιε-

321 3839 451 3878 rum
475 3822 543 3878 dc
571 3820 938 3893 spiritualibus
966 3822 1102 3878 cibis
1130 3831 1186 3878 et
1208 3822 1549 3885 vestimentis
1577 3807 1791 3894 semper
1823 3824 1916 3880 de-

317 3914 520 3971 bemus
548 3928 672 3970 esse
694 3916 931 3971 solliciti.

2087 3273 2267 3346 Hujus
2290 3276 2363 3330 rei
2378 3278 2552 3348 gratia
2562 3277 2718 3347 ﬂecto
2743 3294 2913 3349 genua
2941 3295 3054 3332 mea
3078 3278 3148 3333 ad
3171 3287 3372 3350 patrem
3394 3279 3609 3340 Domini

2016 3364 2202 3418 nostri.
2230 3363 2383 3420 Sicut
2409 3367 2554 3421 enim
2576 3374 2704 3422 sunt
2729 3366 2872 3423 oculi
2895 3368 3193 3425 exteriores
3218 3380 3274 3426 et
3295 3372 3611 3443 interiores,

2014 3450 2090 3505 ita
2125 3461 2250 3507 sunt
2272 3468 2447 3525 genua
2495 3455 2729 3510 hominis
2763 3457 3050 3513 exterioris
3076 3466 3131 3514 et
3152 3458 3447 3516 interioris.
3469 3462 3608 3520 Nam

2015 3546 2159 3616 quod
2187 3543 2478 3616 Apostolus
2511 3546 2587 3601 ait
2613 3564 2627 3601 :
2662 3546 2732 3602 Ut
2758 3549 2813 3602 in
2844 3551 3054 3605 nomine
3077 3549 3205 3607 Jesu
3228 3551 3426 3609 Christi
3456 3573 3609 3613 omne

2012 3652 2149 3707 genu
2179 3637 2456 3708 ﬂectatur,
2498 3637 2803 3706 celestium,
2839 3641 3167 3696 terrestrium
3202 3652 3251 3697 et
3280 3643 3608 3715 infernarum

1971 3753 1987 3767 ο
2014 3724 2236 3800 (Philip.
2270 3726 2329 3801 ιι)
2354 3769 2369 3796 ,
2398 3743 2507 3784 non
2524 3728 2590 3785 ad
2614 3744 2792 3802 genua
2815 3731 3079 3803 corporis,
3112 3733 3208 3789 sed
3229 3734 3296 3790 ad
3319 3733 3608 3805 subiectio-

2015 3832 2138 3873 nem
2169 3819 2367 3875 mentis
2386 3860 2399 3886 ,
2436 3829 2490 3875 et
2515 3818 2923 3877 inclinationem
2940 3823 3141 3879 animae
3158 3865 3174 3891 ,
3198 3827 3486 3899 cordisque
3505 3828 3605 3886 ob-

2014 3909 2259 3978 sequium
2283 3911 2537 3981 pertinet.
2564 3910 2690 3968 limc
2709 3922 2890 3969 autem
2916 3915 3227 3985 specialiter
3248 3928 3602 3990 exponentes,

394 4002 634 4071 Quies-ite
659 4015 832 4061 autem
845 4007 1069 4077 primum
1088 4006 1431 4077 rc'numDei.
1452 4003 1549 4064 Hic
1561 4008 1789 4079 primum
1804 4025 1913 4065 non
2014 4005 2121 4055 n'on
2152 4002 2335 4056 statim
2359 4001 2515 4071 juxta
2551 4003 2789 4060 litteram
2815 4007 3004 4062 orandi
3032 4012 3478 4069 consuetudinem
3510 4014 3605 4071 tol-

314 4111 429 4169 pro
453 4096 647 4153 ordine
680 4095 895 4168 posuit,.
913 4097 1008 4152 sed
1032 4113 1134 4167 pro
1148 4096 1420 4166 qualitate
1439 4137 1458 4163 ,
1507 4113 1572 4152 ac
1599 4097 1646 4152 si
1668 4098 1873 4154 diceret
1897 4117 1910 4153 :

319 4186 565 4255 Quaerite
586 4188 853 4258 praecipua
879 4196 1005 4242 ante
1030 4188 1234 4255 omnia,
1262 4196 1318 4243 et
1337 4204 1546 4244 summe
1567 4205 1793 4260 regnum
1818 4191 1915 4246 Dei
2012 4184 2123 4240 Sed
2157 4187 2298 4241 sicut
2332 4187 2461 4243 illud
2484 4189 2717 4243 aediﬁcat
2747 4186 3039 4260 simplices,
3071 4192 3149 4249 sic
3175 4210 3357 4251 veram
3388 4200 3609 4269 genicu-

312 4289 382 4338 et
399 4277 671 4350 justitiam
695 4277 835 4348 eius,
851 4289 912 4335 et
940 4278 1154 4345 dabitur
1180 4281 1354 4347 vobis,
1380 4290 1434 4337 et
1464 4281 1704 4352 insuper,
1734 4281 1786 4336 id
1807 4290 1911 4349 est,
2013 4275 2270 4331 lationem
2310 4293 2430 4334 esse
2457 4279 2713 4335 docemus
2739 4279 2792 4335 in
2823 4277 3026 4349 animo,
3073 4282 3198 4353 quia
3230 4285 3382 4341 multi
3410 4281 3607 4361 corpo—

313 4376 558 4441 excepto
603 4383 771 4440 regno
800 4368 1059 4440 quidquid
1092 4383 1233 4447 opus
1273 4368 1468 4438 fuerit,
1510 4368 1797 4439 adjicietur
1820 4384 1915 4426 vo-
2011 4367 2156 4424 rales
2177 4366 2454 4423 ﬂectentes
2480 4384 2641 4440 genu,
2675 4371 2869 4426 anima:
2904 4387 3247 4445 nequaquam
3275 4376 3519 4448 ﬂectunt,
3545 4390 3604 4438 et

318 4458 440 4517 bis‘
874 4461 881 4469 δ
1936 4502 1990 4538 ῃ
2012 4474 2046 4514 ε
2075 4458 2290 4514 diverso
2313 4458 2402 4513 alii
2428 4468 2609 4516 erecto
2634 4460 2803 4516 Deum
2836 4476 3065 4535 corpore
3090 4465 3461 4538 deprecantes,
3489 4488 3604 4529 ma-

451 4595 876 4654 uumomoa
903 4595 1043 4653 xvu
1069 4594 1246 4653 rosr
1276 4593 1788 4653 pemscosrsu.
1935 4549 1985 4564 ν
2019 4550 2194 4654 είδηδθ
2212 4549 2399 4606 “im
2427 4560 2810 4654 ⁰ῗ³¹τ³ῗί³τ¹ἷ¹ῗλ

2091 4638 2175 4694 Ex
2201 4656 2302 4711 quo
2336 4629 2504 4695 omnis
2526 4642 2816 4712 pateruitas
2839 4643 2893 4697 in
2925 4642 3049 4699 ccio
3087 4655 3135 4701 et
3168 4646 3389 4704 interra
3427 4654 3598 4708 nomi-

313 4724 584 4768 ινιετοιλ
606 4726 773 4768 οελτι
800 4728 955 4768 PAULI
990 4726 1243 4768 Ανοετοω
1272 4727 1340 4765 AD
1371 4724 1647 4775 EPﬂBSlOS,
1676 4724 1793 4764 CAP.
1825 4723 1905 4763 ιιι.

2026 4743 2192 4788 natur.
2240 4731 2356 4795 Non
2387 4740 2446 4787 ut
2474 4733 2529 4788 in
2562 4734 2768 4791 Latinis
2798 4735 3070 4792 codicibus
3095 4737 3336 4796 additum
3380 4754 3498 4811 est,
3528 4745 3600 4800 ad

403 4856 425 4892 s
455 4835 698 4896 Obsecro
736 4852 874 4907 vos,
928 4854 1000 4895 ne
1052 4837 1314 4895 deﬁciatis
1367 4836 1423 4892 in
1470 4835 1909 4892 tribulationibus

2026 4834 2214 4880 patrem
2229 4824 2441 4881 Domini
2466 4828 2631 4882 nostri
2653 4826 2779 4883 Iesu
2806 4823 3023 4893 Christi,
3054 4829 3148 4885 sed
3180 4831 3496 4904 simpliciter
3530 4840 3601 4895 ad

322 4947 349 4984 s
388 4929 530 4984 meis
551 4944 655 5003 pro
678 4929 862 4996 vobis,
894 4943 1013 5000 quae.
1055 4937 1142 4985 est
1166 4926 1337 4999 gloria
1362 4935 1562 4983 vestra.
1612 4926 1781 4995 Hujus
1830 4927 1908 4981 rei
2009 4923 2222 4985 οτιιναω
2249 4914 2558 4988 legendum,
2574 4924 2635 4972 ιιι
2651 4916 2744 4973 θεῖ
2771 4916 2943 4990 Ρθίτίε
2965 4933 3159 4975 nomen
3183 4922 3356 4977 ηοηίη
3373 4922 3598 4984 Domino

322 5038 348 5073 ς
389 5002 565 5092 mm
614 5018 776 5085 nemo
817 5035 996 5094 genua
1030 5034 1152 5075 mea
1196 5019 1266 5075 ad
1306 5026 1516 5089 pan-em
1549 5017 1762 5073 nomini
1804 5018 1910 5072 mei
2013 5013 2195 5094 nostro
2217 5002 2346 5060 Iesu
2375 5003 2625 5073 Christo,
2657 5007 2752 5063 sed
2779 5008 3030 5065 omnibus
3057 5015 3323 5070 creaturis
3352 5017 3595 5074 rationa-

317 5130 344 5163 ς
387 5107 517 5168 lem
554 5109 779 5191 (Em-isti,
813 5126 880 5167 εχ
914 5125 1023 5181 quo
1055 5110 1233 5166 omnis
1264 5108 1562 5180 palemims
1591 5108 1646 5163 ίη
1676 5106 1814 5164 cato
1852 5114 1914 5163 σι
2012 5093 2207 5151 bilibus
2244 5105 2545 5191 coaptetur.
2574 5096 2895 5191 Notandum
2922 5101 3066 5171 quod
3099 5118 3207 5159 non
3242 5104 3477 5166 dixerit:
3513 5110 3593 5166 Ex

2012 4090 2195 4159 limus,
2225 4110 2328 4165 qua
2356 4095 2523 4150 Deum
2545 4111 2690 4168 genu
2720 4099 2899 4168 posito
2938 4100 3254 4171 suppliciter
3290 4105 3602 4177 adoramus.
3688 4102 3697 4109 ’

316 5221 345 5254 ε
386 5204 441 5257 in
468 5189 612 5259 terra
655 5203 992 5269 nominatur,
1043 5210 1104 5256 ut
1129 5201 1221 5257 det
1246 5200 1399 5255 vobis
1444 5199 1743 5255 secundum
1773 5197 1910 5254 divi-

2026 5202 2119 5258 [uo
2160 5189 2337 5244 omnis
2375 5190 2674 5261 paternitas
2716 5191 2771 5246 in
2798 5191 2956 5249 caelis
2984 5203 3039 5249 et
3074 5196 3128 5251 in
3175 5207 3319 5255 terra
3353 5209 3477 5256 nata
3512 5212 3597 5258 est

319 5316 345 5349 ι
384 5296 490 5352 tias
506 5293 696 5365 gloria:
720 5309 831 5350 sua:
866 5296 1142 5359 virtutem,
1169 5292 1514 5349 corroborari
1534 5306 1637 5362 per
1663 5289 1909 5362 Spiritum

318 5402 345 5439 s
382 5385 502 5456 ejus
526 5386 586 5441 in
627 5384 880 5441 interiori
909 5384 1129 5439 homine
1152 5424 1169 5451 ,
1220 5382 1467 5437 habitare
1510 5379 1783 5436 Christum
1814 5394 1911 5450 per

318 5496 343 5528 s
388 5474 545 5532 ﬁdem
573 5476 633 5531 in
658 5475 910 5531 cordibus
936 5472 1153 5529 vestris.
1199 5471 1258 5527 In
1285 5472 1552 5527 charitate
1589 5468 1814 5525 radicati
1855 5476 1912 5524 et

317 5589 344 5622 ι
387 5566 597 5623 fundati
621 5608 638 5635 ,
673 5577 734 5623 ut
761 5567 984 5638 possitis
1015 5558 1473 5636 comprehendere
1489 5577 1619 5617 cum
1658 5559 1910 5617 omnibus

315 5675 344 5711 s
388 5658 616 5723 sanctis,
644 5671 766 5729 qua:
788 5657 863 5712 sit
887 5653 1135 5720 latitudo,
1164 5651 1460 5724 longitudo,
1507 5648 1827 5714 sublimitas,
1854 5655 1911 5704 et

317 5771 344 5805 s
382 5750 734 5819 profundam.
762 5749 919 5806 Scire
957 5748 1118 5804 etiam
1142 5745 1632 5816 supereminentem
1669 5743 1909 5800 scientia

2010 5281 2096 5336 vel
2131 5289 2331 5347 creata,
2363 5282 2460 5337 sed
2482 5299 2548 5337 ea:
2585 5297 2690 5355 quo
2708 5284 2883 5339 omnis
2910 5288 3198 5357 patet-nitas
3223 5290 3279 5344 in
3304 5291 3443 5345 caelis
3468 5301 3515 5345 et
3534 5293 3592 5346 iu

2007 5381 2152 5426 terra
2182 5372 2502 5428 nominatur.
2547 5370 2707 5426 Aliud
2747 5382 2831 5429 est
2867 5374 3013 5429 enim
3058 5377 3463 5447 appellationem
3496 5392 3594 5450 pa-

2011 5464 2287 5519 ternitatis
2318 5462 2552 5530 mereri,
2589 5463 2735 5519 aliud
2772 5473 2977 5521 natura:
3009 5468 3208 5523 habere
3236 5469 3586 5530 consortium.

2015 5555 2170 5611 Sicut
2210 5571 2339 5628 ergo
2364 5554 2511 5611 solos
2535 5553 2710 5611 bonus
2737 5555 2908 5611 bonos
2943 5556 3106 5623 facit,
3141 5565 3195 5611 et
3236 5557 3381 5613 solus
3406 5574 3585 5627 verus,

2011 5646 2257 5703 veritatis
2282 5663 2477 5703 nomen
2499 5647 2758 5718 impertit,
2788 5649 2860 5702 ita
2882 5655 2937 5702 et
2956 5648 3100 5702 solus
3123 5656 3299 5717 pater,
3326 5650 3421 5720 qui
3446 5667 3594 5708 crea-

2011 5748 2103 5797 tor
2130 5746 2212 5794 est
2255 5736 2495 5793 omnium
2535 5744 2589 5791 et
2618 5738 2992 5792 universorum
3027 5751 3225 5805 causa,
3262 5737 3587 5810 substantia,
