  <div class='ocr_page' id='page_1' title='image "/cluster/home/n/w/nwhite01/storage/ocr_20150623/102/hvd.32044052820032/237.png"; bbox 0 0 3932 6204; ppageno 0'>
   <div class='ocr_carea' id='block_1_1' title="bbox 378 257 478 315">
    <p class='ocr_par' dir='ltr' id='par_1_1' title="bbox 378 257 478 315">
     <span class='ocr_line' id='line_1_1' title="bbox 378 257 478 315; baseline 0.09 -9"><span class='ocrx_word' id='word_1_1' title='bbox 378 257 478 315; x_wconf 63' lang='lat'><strong>£63</strong></span> 
     </span>
    </p>
   </div>
   <div class='ocr_carea' id='block_1_2' title="bbox 1646 253 2353 341">
    <p class='ocr_par' dir='ltr' id='par_1_2' title="bbox 1646 253 2353 341">
     <span class='ocr_line' id='line_1_2' title="bbox 1646 253 2353 341; baseline 0.008 -34"><span class='ocrx_word' id='word_1_2' title='bbox 1646 253 2025 341; x_wconf 61' lang='lat' dir='ltr'><strong>sumsum</strong></span> <span class='ocrx_word' id='word_1_3' title='bbox 2063 256 2353 332; x_wconf 63' lang='lat' dir='ltr'><strong>secans</strong></span> 
     </span>
    </p>
   </div>
   <div class='ocr_carea' id='block_1_3' title="bbox 3522 248 3622 303">
    <p class='ocr_par' dir='ltr' id='par_1_3' title="bbox 3522 248 3622 303">
     <span class='ocr_line' id='line_1_3' title="bbox 3522 248 3622 303; baseline 0 0"><span class='ocrx_word' id='word_1_4' title='bbox 3522 248 3622 303; x_wconf 55' lang='lat'><strong>‘64</strong></span> 
     </span>
    </p>
   </div>
   <div class='ocr_carea' id='block_1_4' title="bbox 378 344 3631 447">
    <p class='ocr_par' dir='ltr' id='par_1_4' title="bbox 378 344 3631 447">
     <span class='ocr_line' id='line_1_4' title="bbox 378 344 3631 447; baseline -0.002 -21"><span class='ocrx_word' id='word_1_5' title='bbox 378 381 597 443; x_wconf 62' lang='lat' dir='ltr'><strong>praestat</strong></span> <span class='ocrx_word' id='word_1_6' title='bbox 629 374 876 437; x_wconf 63' lang='lat' dir='ltr'><strong>emeris,</strong></span> <span class='ocrx_word' id='word_1_7' title='bbox 916 382 975 428; x_wconf 90' lang='lat' dir='ltr'><strong>ut</strong></span> <span class='ocrx_word' id='word_1_8' title='bbox 1001 382 1182 447; x_wconf 83' lang='lat' dir='ltr'><strong>patres</strong></span> <span class='ocrx_word' id='word_1_9' title='bbox 1216 386 1333 425; x_wconf 85' lang='lat' dir='ltr'><strong>esse</strong></span> <span class='ocrx_word' id='word_1_10' title='bbox 1376 371 1641 425; x_wconf 76' lang='lat' dir='ltr'><strong>dicantur.</strong></span> <span class='ocrx_word' id='word_1_11' title='bbox 1689 369 1960 435; x_wconf 73' lang='lat' dir='ltr'><strong>Quaeritur</strong></span> <span class='ocrx_word' id='word_1_12' title='bbox 1985 344 2202 429; x_wconf 51' lang='lat' dir='ltr'><strong>Xbona</strong></span> <span class='ocrx_word' id='word_1_13' title='bbox 2229 385 2392 441; x_wconf 91' lang='lat' dir='ltr'><strong>opera</strong></span> <span class='ocrx_word' id='word_1_14' title='bbox 2429 369 2696 441; x_wconf 90' lang='lat' dir='ltr'><strong>pertinet,</strong></span> <span class='ocrx_word' id='word_1_15' title='bbox 2746 370 2869 439; x_wconf 87' lang='lat' dir='ltr'><strong>quia</strong></span> <span class='ocrx_word' id='word_1_16' title='bbox 2908 369 2983 423; x_wconf 84' lang='lat' dir='ltr'><strong>ibi</strong></span> <span class='ocrx_word' id='word_1_17' title='bbox 3019 367 3383 423; x_wconf 71' lang='lat' dir='ltr'><strong>extenduntur</strong></span> <span class='ocrx_word' id='word_1_18' title='bbox 3423 380 3631 419; x_wconf 84' lang='lat' dir='ltr'><strong>manus.</strong></span> 
     </span>
    </p>
   </div>
   <div class='ocr_carea' id='block_1_5' title="bbox 344 458 1958 530">
    <p class='ocr_par' dir='ltr' id='par_1_5' title="bbox 344 458 1958 530">
     <span class='ocr_line' id='line_1_5' title="bbox 344 458 1958 530; baseline -0.002 -16"><span class='ocrx_word' id='word_1_19' title='bbox 344 524 347 527; x_wconf 96' lang='lat'><em>_</em></span> <span class='ocrx_word' id='word_1_20' title='bbox 378 475 506 514; x_wconf 83' lang='lat' dir='ltr'><strong>vero</strong></span> <span class='ocrx_word' id='word_1_21' title='bbox 527 476 688 530; x_wconf 88' lang='lat' dir='ltr'><strong>quam</strong></span> <span class='ocrx_word' id='word_1_22' title='bbox 708 462 777 515; x_wconf 89' lang='lat' dir='ltr'><strong>ob</strong></span> <span class='ocrx_word' id='word_1_23' title='bbox 797 476 1016 516; x_wconf 80' lang='lat' dir='ltr'><strong>causam</strong></span> <span class='ocrx_word' id='word_1_24' title='bbox 1040 472 1094 516; x_wconf 87' lang='lat' dir='ltr'><strong>et</strong></span> <span class='ocrx_word' id='word_1_25' title='bbox 1127 461 1179 514; x_wconf 93' lang='lat' dir='ltr'><strong>in</strong></span> <span class='ocrx_word' id='word_1_26' title='bbox 1207 459 1361 513; x_wconf 66' lang='lat' dir='ltr'><strong>cadis</strong></span> <span class='ocrx_word' id='word_1_27' title='bbox 1387 459 1456 512; x_wconf 90' lang='lat' dir='ltr'><strong>ab</strong></span> <span class='ocrx_word' id='word_1_28' title='bbox 1476 474 1542 514; x_wconf 90' lang='lat' dir='ltr'><strong>eo</strong></span> <span class='ocrx_word' id='word_1_29' title='bbox 1568 458 1745 512; x_wconf 89' lang='lat' dir='ltr'><strong>omnis</strong></span> <span class='ocrx_word' id='word_1_30' title='bbox 1777 463 1958 529; x_wconf 84' lang='lat' dir='ltr'><strong>pater-</strong></span> 
     </span>
    </p>
   </div>
   <div class='ocr_carea' id='block_1_6' title="bbox 376 546 1961 620">
    <p class='ocr_par' dir='ltr' id='par_1_6' title="bbox 376 546 1961 620">
     <span class='ocr_line' id='line_1_6' title="bbox 376 546 1961 620; baseline -0.003 -18"><span class='ocrx_word' id='word_1_31' title='bbox 376 550 518 604; x_wconf 86' lang='lat' dir='ltr'><strong>oilas</strong></span> <span class='ocrx_word' id='word_1_32' title='bbox 540 548 854 620; x_wconf 79' lang='lat' dir='ltr'><strong>appelletur.</strong></span> <span class='ocrx_word' id='word_1_33' title='bbox 882 549 1156 616; x_wconf 84' lang='lat' dir='ltr'><strong>Quomodo</strong></span> <span class='ocrx_word' id='word_1_34' title='bbox 1176 564 1276 604; x_wconf 93' lang='lat' dir='ltr'><strong>nos</strong></span> <span class='ocrx_word' id='word_1_35' title='bbox 1293 546 1634 619; x_wconf 76' lang='lat' dir='ltr'><strong>patriarchas</strong></span> <span class='ocrx_word' id='word_1_36' title='bbox 1653 555 1708 600; x_wconf 91' lang='lat' dir='ltr'><strong>et</strong></span> <span class='ocrx_word' id='word_1_37' title='bbox 1728 546 1961 619; x_wconf 87' lang='lat' dir='ltr'><strong>prophe-</strong></span> 
     </span>
    </p>
   </div>
   <div class='ocr_carea' id='block_1_7' title="bbox 376 635 1962 710">
    <p class='ocr_par' dir='ltr' id='par_1_7' title="bbox 376 635 1962 710">
     <span class='ocr_line' id='line_1_7' title="bbox 376 635 1962 710; baseline -0.004 -16"><span class='ocrx_word' id='word_1_38' title='bbox 376 651 458 696; x_wconf 87' lang='lat' dir='ltr'><strong>tas</strong></span> <span class='ocrx_word' id='word_1_39' title='bbox 490 649 706 695; x_wconf 89' lang='lat' dir='ltr'><strong>nostros</strong></span> <span class='ocrx_word' id='word_1_40' title='bbox 745 647 927 710; x_wconf 78' lang='lat' dir='ltr'><strong>patres</strong></span> <span class='ocrx_word' id='word_1_41' title='bbox 954 639 1206 703; x_wconf 89' lang='lat' dir='ltr'><strong>dicimus,</strong></span> <span class='ocrx_word' id='word_1_42' title='bbox 1237 638 1312 692; x_wconf 87' lang='lat' dir='ltr'><strong>ita</strong></span> <span class='ocrx_word' id='word_1_43' title='bbox 1351 649 1481 708; x_wconf 91' lang='lat' dir='ltr'><strong>puto</strong></span> <span class='ocrx_word' id='word_1_44' title='bbox 1510 645 1567 692; x_wconf 90' lang='lat' dir='ltr'><strong>et</strong></span> <span class='ocrx_word' id='word_1_45' title='bbox 1594 635 1825 706; x_wconf 80' lang='lat' dir='ltr'><strong>Angelos</strong></span> <span class='ocrx_word' id='word_1_46' title='bbox 1856 649 1962 689; x_wconf 72' lang='lat' dir='ltr'><strong>ca:-</strong></span> 
     </span>
    </p>
   </div>
   <div class='ocr_carea' id='block_1_8' title="bbox 374 725 1962 801">
    <p class='ocr_par' dir='ltr' id='par_1_8' title="bbox 374 725 1962 801">
     <span class='ocr_line' id='line_1_8' title="bbox 374 725 1962 801; baseline -0.001 -20"><span class='ocrx_word' id='word_1_47' title='bbox 374 737 627 797; x_wconf 88' lang='lat' dir='ltr'><strong>tcrasque</strong></span> <span class='ocrx_word' id='word_1_48' title='bbox 652 729 890 783; x_wconf 79' lang='lat' dir='ltr'><strong>virtutes</strong></span> <span class='ocrx_word' id='word_1_49' title='bbox 906 729 1107 784; x_wconf 85' lang='lat' dir='ltr'><strong>habere</strong></span> <span class='ocrx_word' id='word_1_50' title='bbox 1127 730 1399 801; x_wconf 84' lang='lat' dir='ltr'><strong>principes</strong></span> <span class='ocrx_word' id='word_1_51' title='bbox 1423 728 1504 783; x_wconf 89' lang='lat' dir='ltr'><strong>sui</strong></span> <span class='ocrx_word' id='word_1_52' title='bbox 1530 728 1743 797; x_wconf 80' lang='lat' dir='ltr'><strong>generis</strong></span> <span class='ocrx_word' id='word_1_53' title='bbox 1770 725 1824 781; x_wconf 91' lang='lat' dir='ltr'><strong>in</strong></span> <span class='ocrx_word' id='word_1_54' title='bbox 1855 738 1962 781; x_wconf 72' lang='lat' dir='ltr'><strong>cm-</strong></span> 
     </span>
    </p>
   </div>
   <div class='ocr_carea' id='block_1_9' title="bbox 374 816 1961 891">
    <p class='ocr_par' dir='ltr' id='par_1_9' title="bbox 374 816 1961 891">
     <span class='ocr_line' id='line_1_9' title="bbox 374 816 1961 891; baseline 0.001 -21"><span class='ocrx_word' id='word_1_55' title='bbox 374 817 618 882; x_wconf 89' lang='lat' dir='ltr'><strong>lestibus,</strong></span> <span class='ocrx_word' id='word_1_56' title='bbox 644 833 782 887; x_wconf 88' lang='lat' dir='ltr'><strong>quos</strong></span> <span class='ocrx_word' id='word_1_57' title='bbox 806 828 990 890; x_wconf 84' lang='lat' dir='ltr'><strong>patres</strong></span> <span class='ocrx_word' id='word_1_58' title='bbox 1027 820 1296 890; x_wconf 80' lang='lat' dir='ltr'><strong>gaudeant</strong></span> <span class='ocrx_word' id='word_1_59' title='bbox 1319 816 1608 891; x_wconf 83' lang='lat' dir='ltr'><strong>appellare.</strong></span> <span class='ocrx_word' id='word_1_60' title='bbox 1653 817 1961 887; x_wconf 81' lang='lat' dir='ltr'><strong>Archange-</strong></span> 
     </span>
    </p>
   </div>
   <div class='ocr_carea' id='block_1_10' title="bbox 346 907 1959 981">
    <p class='ocr_par' dir='ltr' id='par_1_10' title="bbox 346 907 1959 981">
     <span class='ocr_line' id='line_1_10' title="bbox 346 907 1959 981; baseline -0.002 -18"><span class='ocrx_word' id='word_1_61' title='bbox 346 910 457 979; x_wconf 31' lang='lat' dir='ltr'><strong>‘lus</strong></span> <span class='ocrx_word' id='word_1_62' title='bbox 482 911 626 965; x_wconf 89' lang='lat' dir='ltr'><strong>enim</strong></span> <span class='ocrx_word' id='word_1_63' title='bbox 647 910 1088 979; x_wconf 83' lang='lat' dir='ltr'><strong>nisiangelorum</strong></span> <span class='ocrx_word' id='word_1_64' title='bbox 1114 909 1217 964; x_wconf 87' lang='lat' dir='ltr'><strong>dici</strong></span> <span class='ocrx_word' id='word_1_65' title='bbox 1241 924 1345 965; x_wconf 91' lang='lat' dir='ltr'><strong>non</strong></span> <span class='ocrx_word' id='word_1_66' title='bbox 1367 917 1645 981; x_wconf 41' lang='lat' dir='ltr'><strong>potestket</strong></span> <span class='ocrx_word' id='word_1_67' title='bbox 1664 907 1959 962; x_wconf 86' lang='lat' dir='ltr'><strong>dominatio</strong></span> 
     </span>
    </p>
   </div>
   <div class='ocr_carea' id='block_1_11' title="bbox 372 999 1958 1073">
    <p class='ocr_par' dir='ltr' id='par_1_11' title="bbox 372 999 1958 1073">
     <span class='ocr_line' id='line_1_11' title="bbox 372 999 1958 1073; baseline -0.002 -18"><span class='ocrx_word' id='word_1_68' title='bbox 372 1002 705 1073; x_wconf 82' lang='lat' dir='ltr'><strong>principatus</strong></span> <span class='ocrx_word' id='word_1_69' title='bbox 727 1009 780 1055; x_wconf 92' lang='lat' dir='ltr'><strong>et</strong></span> <span class='ocrx_word' id='word_1_70' title='bbox 805 1009 1097 1071; x_wconf 76' lang='lat' dir='ltr'><strong>potestates</strong></span> <span class='ocrx_word' id='word_1_71' title='bbox 1120 1002 1221 1055; x_wconf 90' lang='lat' dir='ltr'><strong>nisi</strong></span> <span class='ocrx_word' id='word_1_72' title='bbox 1252 1000 1534 1056; x_wconf 81' lang='lat' dir='ltr'><strong>inferiores</strong></span> <span class='ocrx_word' id='word_1_73' title='bbox 1560 999 1832 1070; x_wconf 85' lang='lat' dir='ltr'><strong>subjectos</strong></span> <span class='ocrx_word' id='word_1_74' title='bbox 1858 1000 1958 1052; x_wconf 91' lang='lat' dir='ltr'><strong>ha-</strong></span> 
     </span>
    </p>
   </div>
   <div class='ocr_carea' id='block_1_12' title="bbox 341 1082 1958 1167">
    <p class='ocr_par' dir='ltr' id='par_1_12' title="bbox 341 1082 1958 1167">
     <span class='ocr_line' id='line_1_12' title="bbox 341 1082 1958 1167; baseline -0.002 -22"><span class='ocrx_word' id='word_1_75' title='bbox 341 1162 347 1167; x_wconf 24' lang='lat'>.</span> <span class='ocrx_word' id='word_1_76' title='bbox 371 1090 572 1157; x_wconf 78' lang='lat' dir='ltr'><strong>beant,</strong></span> <span class='ocrx_word' id='word_1_77' title='bbox 613 1108 719 1148; x_wconf 87' lang='lat' dir='ltr'><strong>non</strong></span> <span class='ocrx_word' id='word_1_78' title='bbox 745 1082 1025 1147; x_wconf 78' lang='lat' dir='ltr'><strong>vocantur.</strong></span> <span class='ocrx_word' id='word_1_79' title='bbox 1075 1091 1259 1147; x_wconf 79' lang='lat' dir='ltr'><strong>Potest</strong></span> <span class='ocrx_word' id='word_1_80' title='bbox 1284 1108 1412 1163; x_wconf 85' lang='lat' dir='ltr'><strong>ergo</strong></span> <span class='ocrx_word' id='word_1_81' title='bbox 1452 1101 1508 1147; x_wconf 92' lang='lat' dir='ltr'><strong>et</strong></span> <span class='ocrx_word' id='word_1_82' title='bbox 1531 1092 1633 1146; x_wconf 90' lang='lat' dir='ltr'><strong>hoc</strong></span> <span class='ocrx_word' id='word_1_83' title='bbox 1659 1089 1958 1158; x_wconf 40' lang='lat' dir='ltr'><strong>dici,&#39;quod</strong></span> 
     </span>
    </p>
   </div>
   <div class='ocr_carea' id='block_1_13' title="bbox 370 1180 1957 1252">
    <p class='ocr_par' dir='ltr' id='par_1_13' title="bbox 370 1180 1957 1252">
     <span class='ocr_line' id='line_1_13' title="bbox 370 1180 1957 1252; baseline -0.004 -12"><span class='ocrx_word' id='word_1_84' title='bbox 370 1186 513 1242; x_wconf 85' lang='lat' dir='ltr'><strong>Deus</strong></span> <span class='ocrx_word' id='word_1_85' title='bbox 546 1186 753 1241; x_wconf 90' lang='lat' dir='ltr'><strong>Domini</strong></span> <span class='ocrx_word' id='word_1_86' title='bbox 797 1186 963 1243; x_wconf 79' lang='lat' dir='ltr'><strong>nostri</strong></span> <span class='ocrx_word' id='word_1_87' title='bbox 1005 1184 1134 1242; x_wconf 85' lang='lat' dir='ltr'><strong>Jesu</strong></span> <span class='ocrx_word' id='word_1_88' title='bbox 1169 1183 1367 1240; x_wconf 86' lang='lat' dir='ltr'><strong>Christi</strong></span> <span class='ocrx_word' id='word_1_89' title='bbox 1409 1183 1563 1252; x_wconf 81' lang='lat' dir='ltr'><strong>juxta</strong></span> <span class='ocrx_word' id='word_1_90' title='bbox 1602 1180 1957 1238; x_wconf 75' lang='lat' dir='ltr'><strong>substantiam</strong></span> 
     </span>
    </p>
   </div>
   <div class='ocr_carea' id='block_1_14' title="bbox 371 1270 1958 1352">
    <p class='ocr_par' dir='ltr' id='par_1_14' title="bbox 371 1270 1958 1352">
     <span class='ocr_line' id='line_1_14' title="bbox 371 1270 1958 1352; baseline -0.002 -24"><span class='ocrx_word' id='word_1_91' title='bbox 371 1285 525 1352; x_wconf 86' lang='lat' dir='ltr'><strong>pater</strong></span> <span class='ocrx_word' id='word_1_92' title='bbox 551 1285 654 1342; x_wconf 89' lang='lat' dir='ltr'><strong>est,</strong></span> <span class='ocrx_word' id='word_1_93' title='bbox 689 1285 747 1330; x_wconf 89' lang='lat' dir='ltr'><strong>et</strong></span> <span class='ocrx_word' id='word_1_94' title='bbox 766 1276 1073 1348; x_wconf 62' lang='lat' dir='ltr'><strong>unigenitus</strong></span> <span class='ocrx_word' id='word_1_95' title='bbox 1099 1292 1204 1329; x_wconf 90' lang='lat' dir='ltr'><strong>non</strong></span> <span class='ocrx_word' id='word_1_96' title='bbox 1236 1284 1322 1329; x_wconf 87' lang='lat' dir='ltr'><strong>est</strong></span> <span class='ocrx_word' id='word_1_97' title='bbox 1353 1275 1635 1344; x_wconf 84' lang='lat' dir='ltr'><strong>adoptione</strong></span> <span class='ocrx_word' id='word_1_98' title='bbox 1666 1272 1839 1336; x_wconf 89' lang='lat' dir='ltr'><strong>ﬁlius,</strong></span> <span class='ocrx_word' id='word_1_99' title='bbox 1865 1270 1958 1326; x_wconf 88' lang='lat' dir='ltr'><strong>sed</strong></span> 
     </span>
    </p>
   </div>
   <div class='ocr_carea' id='block_1_15' title="bbox 290 1363 1954 1434">
    <p class='ocr_par' dir='ltr' id='par_1_15' title="bbox 290 1363 1954 1434">
     <span class='ocr_line' id='line_1_15' title="bbox 290 1363 1954 1434; baseline -0.002 -17"><span class='ocrx_word' id='word_1_100' title='bbox 290 1420 295 1427; x_wconf 83' lang='lat'><strong><em>_</em></strong></span> <span class='ocrx_word' id='word_1_101' title='bbox 371 1374 583 1420; x_wconf 90' lang='lat' dir='ltr'><strong>natura.</strong></span> <span class='ocrx_word' id='word_1_102' title='bbox 617 1364 837 1421; x_wconf 71' lang='lat' dir='ltr'><strong>Caetera:</strong></span> <span class='ocrx_word' id='word_1_103' title='bbox 859 1380 1072 1434; x_wconf 83' lang='lat' dir='ltr'><strong>quoque</strong></span> <span class='ocrx_word' id='word_1_104' title='bbox 1103 1373 1365 1419; x_wconf 65' lang='lat' dir='ltr'><strong>creaturae</strong></span> <span class='ocrx_word' id='word_1_105' title='bbox 1391 1363 1730 1433; x_wconf 87' lang='lat' dir='ltr'><strong>paternitatis</strong></span> <span class='ocrx_word' id='word_1_106' title='bbox 1761 1376 1954 1416; x_wconf 88' lang='lat' dir='ltr'><strong>nomen</strong></span> 
     </span>
    </p>
   </div>
   <div class='ocr_carea' id='block_1_16' title="bbox 371 1455 1028 1523">
    <p class='ocr_par' dir='ltr' id='par_1_16' title="bbox 371 1455 1028 1523">
     <span class='ocr_line' id='line_1_16' title="bbox 371 1455 1028 1523; baseline -0.003 -15"><span class='ocrx_word' id='word_1_107' title='bbox 371 1455 658 1523; x_wconf 86' lang='lat' dir='ltr'><strong>adoptione</strong></span> <span class='ocrx_word' id='word_1_108' title='bbox 694 1464 1028 1509; x_wconf 86' lang='lat' dir='ltr'><strong>meruerunt.</strong></span> 
     </span>
    </p>
   </div>
   <div class='ocr_carea' id='block_1_17' title="bbox 445 1542 1952 1612">
    <p class='ocr_par' dir='ltr' id='par_1_17' title="bbox 445 1542 1952 1612">
     <span class='ocr_line' id='line_1_17' title="bbox 445 1542 1952 1612; baseline -0.002 -16"><span class='ocrx_word' id='word_1_109' title='bbox 445 1542 510 1596; x_wconf 76' lang='lat' dir='ltr'><strong>Ut</strong></span> <span class='ocrx_word' id='word_1_110' title='bbox 545 1543 628 1597; x_wconf 84' lang='lat' dir='ltr'><strong>det</strong></span> <span class='ocrx_word' id='word_1_111' title='bbox 658 1543 820 1605; x_wconf 75' lang='lat' dir='ltr'><strong>vobis,</strong></span> <span class='ocrx_word' id='word_1_112' title='bbox 868 1553 974 1597; x_wconf 90' lang='lat' dir='ltr'><strong>etc.</strong></span> <span class='ocrx_word' id='word_1_113' title='bbox 1029 1542 1317 1612; x_wconf 84' lang='lat' dir='ltr'><strong>Propterea</strong></span> <span class='ocrx_word' id='word_1_114' title='bbox 1366 1544 1495 1597; x_wconf 79' lang='lat' dir='ltr'><strong>dicit</strong></span> <span class='ocrx_word' id='word_1_115' title='bbox 1521 1584 1534 1607; x_wconf 92' lang='lat'><strong>,</strong></span> <span class='ocrx_word' id='word_1_116' title='bbox 1576 1556 1743 1595; x_wconf 90' lang='lat' dir='ltr'><strong>curvo</strong></span> <span class='ocrx_word' id='word_1_117' title='bbox 1782 1552 1952 1611; x_wconf 85' lang='lat' dir='ltr'><strong>genua</strong></span> 
     </span>
    </p>
   </div>
   <div class='ocr_carea' id='block_1_18' title="bbox 371 1629 1954 1704">
    <p class='ocr_par' dir='ltr' id='par_1_18' title="bbox 371 1629 1954 1704">
     <span class='ocr_line' id='line_1_18' title="bbox 371 1629 1954 1704; baseline -0.004 -17"><span class='ocrx_word' id='word_1_118' title='bbox 371 1649 487 1688; x_wconf 88' lang='lat' dir='ltr'><strong>mea</strong></span> <span class='ocrx_word' id='word_1_119' title='bbox 523 1633 591 1687; x_wconf 83' lang='lat' dir='ltr'><strong>ad</strong></span> <span class='ocrx_word' id='word_1_120' title='bbox 626 1642 856 1704; x_wconf 82' lang='lat' dir='ltr'><strong>patrem,</strong></span> <span class='ocrx_word' id='word_1_121' title='bbox 919 1641 979 1686; x_wconf 92' lang='lat' dir='ltr'><strong>ut</strong></span> <span class='ocrx_word' id='word_1_122' title='bbox 1019 1634 1221 1687; x_wconf 77' lang='lat' dir='ltr'><strong>tribuat</strong></span> <span class='ocrx_word' id='word_1_123' title='bbox 1268 1633 1422 1687; x_wconf 88' lang='lat' dir='ltr'><strong>vobis</strong></span> <span class='ocrx_word' id='word_1_124' title='bbox 1471 1633 1725 1685; x_wconf 80' lang='lat' dir='ltr'><strong>virtutem</strong></span> <span class='ocrx_word' id='word_1_125' title='bbox 1766 1629 1954 1700; x_wconf 75' lang='lat' dir='ltr'><strong>glorim</strong></span> 
     </span>
    </p>
   </div>
   <div class='ocr_carea' id='block_1_19' title="bbox 370 1708 2027 1792">
    <p class='ocr_par' dir='ltr' id='par_1_19' title="bbox 370 1708 2027 1792">
     <span class='ocr_line' id='line_1_19' title="bbox 370 1708 2027 1792; baseline -0.005 -16"><span class='ocrx_word' id='word_1_126' title='bbox 370 1738 497 1785; x_wconf 63' lang='lat' dir='ltr'><strong>suae,</strong></span> <span class='ocrx_word' id='word_1_127' title='bbox 535 1723 585 1777; x_wconf 84' lang='lat' dir='ltr'><strong>id</strong></span> <span class='ocrx_word' id='word_1_128' title='bbox 617 1731 716 1783; x_wconf 90' lang='lat' dir='ltr'><strong>est,</strong></span> <span class='ocrx_word' id='word_1_129' title='bbox 752 1722 1048 1792; x_wconf 86' lang='lat' dir='ltr'><strong>majestatis</strong></span> <span class='ocrx_word' id='word_1_130' title='bbox 1078 1740 1187 1777; x_wconf 75' lang='lat' dir='ltr'><strong>sum</strong></span> <span class='ocrx_word' id='word_1_131' title='bbox 1220 1724 1417 1777; x_wconf 86' lang='lat' dir='ltr'><strong>habere</strong></span> <span class='ocrx_word' id='word_1_132' title='bbox 1448 1721 1800 1782; x_wconf 85' lang='lat' dir='ltr'><strong>consortium,</strong></span> <span class='ocrx_word' id='word_1_133' title='bbox 1833 1734 1953 1771; x_wconf 89' lang='lat' dir='ltr'><strong>vos-</strong></span> <span class='ocrx_word' id='word_1_134' title='bbox 1981 1708 2027 1767; x_wconf 83' lang='grc' dir='ltr'><strong>Β</strong></span> 
     </span>
    </p>
   </div>
   <div class='ocr_carea' id='block_1_20' title="bbox 369 1812 1953 1882">
    <p class='ocr_par' dir='ltr' id='par_1_20' title="bbox 369 1812 1953 1882">
     <span class='ocr_line' id='line_1_20' title="bbox 369 1812 1953 1882; baseline -0.001 -20"><span class='ocrx_word' id='word_1_135' title='bbox 369 1828 476 1881; x_wconf 85' lang='lat' dir='ltr'><strong>que</strong></span> <span class='ocrx_word' id='word_1_136' title='bbox 502 1813 720 1867; x_wconf 77' lang='lat' dir='ltr'><strong>IDDOl‘t‘l</strong></span> <span class='ocrx_word' id='word_1_137' title='bbox 757 1821 915 1881; x_wconf 84' lang='lat' dir='ltr'><strong>atque</strong></span> <span class='ocrx_word' id='word_1_138' title='bbox 941 1812 1221 1867; x_wconf 88' lang='lat' dir='ltr'><strong>conﬁrmet</strong></span> <span class='ocrx_word' id='word_1_139' title='bbox 1263 1828 1357 1882; x_wconf 85' lang='lat' dir='ltr'><strong>per</strong></span> <span class='ocrx_word' id='word_1_140' title='bbox 1392 1812 1640 1881; x_wconf 84' lang='lat' dir='ltr'><strong>spiritum</strong></span> <span class='ocrx_word' id='word_1_141' title='bbox 1686 1817 1953 1868; x_wconf 85' lang='lat' dir='ltr'><strong>sanctum.</strong></span> 
     </span>
    </p>
   </div>
   <div class='ocr_carea' id='block_1_21' title="bbox 370 1900 1955 1975">
    <p class='ocr_par' dir='ltr' id='par_1_21' title="bbox 370 1900 1955 1975">
     <span class='ocr_line' id='line_1_21' title="bbox 370 1900 1955 1975; baseline -0.001 -19"><span class='ocrx_word' id='word_1_142' title='bbox 370 1905 495 1975; x_wconf 85' lang='lat' dir='ltr'><strong>quia</strong></span> <span class='ocrx_word' id='word_1_143' title='bbox 519 1904 663 1958; x_wconf 85' lang='lat' dir='ltr'><strong>nulla</strong></span> <span class='ocrx_word' id='word_1_144' title='bbox 691 1903 948 1959; x_wconf 80' lang='lat' dir='ltr'><strong>fortitudo</strong></span> <span class='ocrx_word' id='word_1_145' title='bbox 977 1905 1175 1974; x_wconf 77' lang='lat' dir='ltr'><strong>absque</strong></span> <span class='ocrx_word' id='word_1_146' title='bbox 1205 1904 1404 1973; x_wconf 82' lang='lat' dir='ltr'><strong>Spiritu</strong></span> <span class='ocrx_word' id='word_1_147' title='bbox 1437 1912 1622 1957; x_wconf 85' lang='lat' dir='ltr'><strong>saneto</strong></span> <span class='ocrx_word' id='word_1_148' title='bbox 1642 1910 1744 1957; x_wconf 80' lang='lat' dir='ltr'><strong>est.</strong></span> <span class='ocrx_word' id='word_1_149' title='bbox 1778 1900 1955 1955; x_wconf 51' lang='lat' dir='ltr'><strong>Rom)-</strong></span> 
     </span>
    </p>
   </div>
   <div class='ocr_carea' id='block_1_22' title="bbox 366 1992 1951 2065">
    <p class='ocr_par' dir='ltr' id='par_1_22' title="bbox 366 1992 1951 2065">
     <span class='ocr_line' id='line_1_22' title="bbox 366 1992 1951 2065; baseline -0.003 -16"><span class='ocrx_word' id='word_1_150' title='bbox 366 2004 451 2049; x_wconf 86' lang='lat' dir='ltr'><strong>ret</strong></span> <span class='ocrx_word' id='word_1_151' title='bbox 478 2003 655 2050; x_wconf 88' lang='lat' dir='ltr'><strong>autem</strong></span> <span class='ocrx_word' id='word_1_152' title='bbox 679 2005 849 2065; x_wconf 82' lang='lat' dir='ltr'><strong>atque</strong></span> <span class='ocrx_word' id='word_1_153' title='bbox 880 1994 1159 2049; x_wconf 76' lang='lat' dir='ltr'><strong>continuet</strong></span> <span class='ocrx_word' id='word_1_154' title='bbox 1207 1995 1261 2050; x_wconf 90' lang='lat' dir='ltr'><strong>in</strong></span> <span class='ocrx_word' id='word_1_155' title='bbox 1311 1994 1625 2047; x_wconf 89' lang='lat' dir='ltr'><strong>interiorem</strong></span> <span class='ocrx_word' id='word_1_156' title='bbox 1658 1992 1951 2045; x_wconf 83' lang='lat' dir='ltr'><strong>hominem.</strong></span> 
     </span>
    </p>
   </div>
   <div class='ocr_carea' id='block_1_23' title="bbox 367 2082 1952 2145">
    <p class='ocr_par' dir='ltr' id='par_1_23' title="bbox 367 2082 1952 2145">
     <span class='ocr_line' id='line_1_23' title="bbox 367 2082 1952 2145; baseline -0.001 -10"><span class='ocrx_word' id='word_1_157' title='bbox 367 2082 484 2136; x_wconf 75' lang='lat' dir='ltr'><strong>Non</strong></span> <span class='ocrx_word' id='word_1_158' title='bbox 515 2082 659 2138; x_wconf 86' lang='lat' dir='ltr'><strong>enim</strong></span> <span class='ocrx_word' id='word_1_159' title='bbox 685 2086 1028 2145; x_wconf 78' lang='lat' dir='ltr'><strong>exteriorem,</strong></span> <span class='ocrx_word' id='word_1_160' title='bbox 1080 2083 1172 2137; x_wconf 81' lang='lat' dir='ltr'><strong>sed</strong></span> <span class='ocrx_word' id='word_1_161' title='bbox 1216 2082 1526 2139; x_wconf 85' lang='lat' dir='ltr'><strong>interiorem</strong></span> <span class='ocrx_word' id='word_1_162' title='bbox 1559 2082 1828 2135; x_wconf 82' lang='lat' dir='ltr'><strong>hominem</strong></span> <span class='ocrx_word' id='word_1_163' title='bbox 1857 2095 1952 2134; x_wconf 88' lang='lat' dir='ltr'><strong>cu-</strong></span> 
     </span>
    </p>
   </div>
   <div class='ocr_carea' id='block_1_24' title="bbox 342 2172 1952 2246">
    <p class='ocr_par' dir='ltr' id='par_1_24' title="bbox 342 2172 1952 2246">
     <span class='ocr_line' id='line_1_24' title="bbox 342 2172 1952 2246; baseline 0.001 -22"><span class='ocrx_word' id='word_1_164' title='bbox 342 2172 546 2244; x_wconf 69' lang='lat' dir='ltr'><strong>pimus</strong></span> <span class='ocrx_word' id='word_1_165' title='bbox 570 2173 837 2239; x_wconf 88' lang='lat' dir='ltr'><strong>roborari,</strong></span> <span class='ocrx_word' id='word_1_166' title='bbox 864 2184 921 2228; x_wconf 87' lang='lat' dir='ltr'><strong>ut</strong></span> <span class='ocrx_word' id='word_1_167' title='bbox 946 2183 1232 2246; x_wconf 87' lang='lat' dir='ltr'><strong>postquam</strong></span> <span class='ocrx_word' id='word_1_168' title='bbox 1263 2173 1583 2228; x_wconf 88' lang='lat' dir='ltr'><strong>habitaverit</strong></span> <span class='ocrx_word' id='word_1_169' title='bbox 1616 2173 1862 2228; x_wconf 84' lang='lat' dir='ltr'><strong>Christus</strong></span> <span class='ocrx_word' id='word_1_170' title='bbox 1900 2174 1952 2227; x_wconf 93' lang='lat' dir='ltr'><strong>in</strong></span> 
     </span>
    </p>
   </div>
   <div class='ocr_carea' id='block_1_25' title="bbox 370 2264 1953 2335">
    <p class='ocr_par' dir='ltr' id='par_1_25' title="bbox 370 2264 1953 2335">
     <span class='ocr_line' id='line_1_25' title="bbox 370 2264 1953 2335; baseline 0.001 -18"><span class='ocrx_word' id='word_1_171' title='bbox 370 2264 626 2320; x_wconf 80' lang='lat' dir='ltr'><strong>interiore</strong></span> <span class='ocrx_word' id='word_1_172' title='bbox 667 2265 909 2331; x_wconf 89' lang='lat' dir='ltr'><strong>homine,</strong></span> <span class='ocrx_word' id='word_1_173' title='bbox 940 2268 995 2320; x_wconf 91' lang='lat' dir='ltr'><strong>in</strong></span> <span class='ocrx_word' id='word_1_174' title='bbox 1025 2265 1194 2335; x_wconf 82' lang='lat' dir='ltr'><strong>ipsius</strong></span> <span class='ocrx_word' id='word_1_175' title='bbox 1228 2266 1501 2320; x_wconf 87' lang='lat' dir='ltr'><strong>interioris</strong></span> <span class='ocrx_word' id='word_1_176' title='bbox 1538 2266 1772 2319; x_wconf 85' lang='lat' dir='ltr'><strong>hominis</strong></span> <span class='ocrx_word' id='word_1_177' title='bbox 1802 2265 1953 2319; x_wconf 76' lang='lat' dir='ltr'><strong>haLi-</strong></span> 
     </span>
    </p>
   </div>
   <div class='ocr_carea' id='block_1_26' title="bbox 369 2344 1951 2429">
    <p class='ocr_par' dir='ltr' id='par_1_26' title="bbox 369 2344 1951 2429">
     <span class='ocr_line' id='line_1_26' title="bbox 369 2344 1951 2429; baseline 0 -18"><span class='ocrx_word' id='word_1_178' title='bbox 369 2365 443 2411; x_wconf 84' lang='lat' dir='ltr'><strong>tet</strong></span> <span class='ocrx_word' id='word_1_179' title='bbox 476 2357 778 2429; x_wconf 84' lang='lat' dir='ltr'><strong>principali,</strong></span> <span class='ocrx_word' id='word_1_180' title='bbox 816 2359 867 2413; x_wconf 88' lang='lat' dir='ltr'><strong>id</strong></span> <span class='ocrx_word' id='word_1_181' title='bbox 895 2369 996 2423; x_wconf 88' lang='lat' dir='ltr'><strong>est,</strong></span> <span class='ocrx_word' id='word_1_182' title='bbox 1026 2360 1077 2413; x_wconf 91' lang='lat' dir='ltr'><strong>in</strong></span> <span class='ocrx_word' id='word_1_183' title='bbox 1106 2358 1361 2414; x_wconf 81' lang='lat' dir='ltr'><strong>cordibus</strong></span> <span class='ocrx_word' id='word_1_184' title='bbox 1394 2360 1607 2413; x_wconf 87' lang='lat' dir='ltr'><strong>vestris.</strong></span> <span class='ocrx_word' id='word_1_185' title='bbox 1639 2356 1753 2413; x_wconf 86' lang='lat' dir='ltr'><strong>lloe</strong></span> <span class='ocrx_word' id='word_1_186' title='bbox 1775 2344 1951 2411; x_wconf 86' lang='lat' dir='ltr'><strong>autem</strong></span> 
     </span>
    </p>
   </div>
   <div class='ocr_carea' id='block_1_27' title="bbox 370 2442 1954 2519">
    <p class='ocr_par' dir='ltr' id='par_1_27' title="bbox 370 2442 1954 2519">
     <span class='ocr_line' id='line_1_27' title="bbox 370 2442 1954 2519; baseline -0.004 -15"><span class='ocrx_word' id='word_1_187' title='bbox 370 2459 541 2504; x_wconf 86' lang='lat' dir='ltr'><strong>totum</strong></span> <span class='ocrx_word' id='word_1_188' title='bbox 571 2464 669 2519; x_wconf 92' lang='lat' dir='ltr'><strong>per</strong></span> <span class='ocrx_word' id='word_1_189' title='bbox 708 2448 867 2503; x_wconf 89' lang='lat' dir='ltr'><strong>ﬁdem</strong></span> <span class='ocrx_word' id='word_1_190' title='bbox 901 2449 1029 2513; x_wconf 89' lang='lat' dir='ltr'><strong>ﬁet,</strong></span> <span class='ocrx_word' id='word_1_191' title='bbox 1066 2448 1110 2503; x_wconf 91' lang='lat' dir='ltr'><strong>si</strong></span> <span class='ocrx_word' id='word_1_192' title='bbox 1140 2450 1426 2503; x_wconf 87' lang='lat' dir='ltr'><strong>credamus</strong></span> <span class='ocrx_word' id='word_1_193' title='bbox 1471 2442 1525 2501; x_wconf 90' lang='lat' dir='ltr'><strong>in</strong></span> <span class='ocrx_word' id='word_1_194' title='bbox 1561 2462 1702 2502; x_wconf 92' lang='lat' dir='ltr'><strong>eum.</strong></span> <span class='ocrx_word' id='word_1_195' title='bbox 1756 2446 1954 2513; x_wconf 84' lang='lat' dir='ltr'><strong>Quam-</strong></span> 
     </span>
    </p>
   </div>
   <div class='ocr_carea' id='block_1_28' title="bbox 366 2535 1954 2608">
    <p class='ocr_par' dir='ltr' id='par_1_28' title="bbox 366 2535 1954 2608">
     <span class='ocr_line' id='line_1_28' title="bbox 366 2535 1954 2608; baseline -0.001 -15"><span class='ocrx_word' id='word_1_196' title='bbox 366 2540 555 2593; x_wconf 87' lang='lat' dir='ltr'><strong>obrem</strong></span> <span class='ocrx_word' id='word_1_197' title='bbox 593 2538 690 2603; x_wconf 85' lang='lat' dir='ltr'><strong>ait,</strong></span> <span class='ocrx_word' id='word_1_198' title='bbox 734 2537 978 2592; x_wconf 89' lang='lat' dir='ltr'><strong>habitare</strong></span> <span class='ocrx_word' id='word_1_199' title='bbox 1008 2536 1283 2592; x_wconf 86' lang='lat' dir='ltr'><strong>Christum</strong></span> <span class='ocrx_word' id='word_1_200' title='bbox 1313 2552 1411 2608; x_wconf 90' lang='lat' dir='ltr'><strong>per</strong></span> <span class='ocrx_word' id='word_1_201' title='bbox 1436 2535 1595 2592; x_wconf 87' lang='lat' dir='ltr'><strong>ﬁdem</strong></span> <span class='ocrx_word' id='word_1_202' title='bbox 1622 2538 1676 2591; x_wconf 90' lang='lat' dir='ltr'><strong>in</strong></span> <span class='ocrx_word' id='word_1_203' title='bbox 1701 2536 1954 2592; x_wconf 79' lang='lat' dir='ltr'><strong>cordibus</strong></span> 
     </span>
    </p>
   </div>
   <div class='ocr_carea' id='block_1_29' title="bbox 367 2630 1950 2702">
    <p class='ocr_par' dir='ltr' id='par_1_29' title="bbox 367 2630 1950 2702">
     <span class='ocr_line' id='line_1_29' title="bbox 367 2630 1950 2702; baseline 0.003 -21"><span class='ocrx_word' id='word_1_204' title='bbox 367 2633 584 2687; x_wconf 79' lang='lat' dir='ltr'><strong>vestris.</strong></span> <span class='ocrx_word' id='word_1_205' title='bbox 608 2630 876 2689; x_wconf 79' lang='lat' dir='ltr'><strong>Habitatio</strong></span> <span class='ocrx_word' id='word_1_206' title='bbox 900 2643 1080 2688; x_wconf 88' lang='lat' dir='ltr'><strong>autem</strong></span> <span class='ocrx_word' id='word_1_207' title='bbox 1109 2633 1230 2697; x_wconf 87' lang='lat' dir='ltr'><strong>ista,</strong></span> <span class='ocrx_word' id='word_1_208' title='bbox 1264 2649 1383 2702; x_wconf 74' lang='lat' dir='ltr'><strong>qum</strong></span> <span class='ocrx_word' id='word_1_209' title='bbox 1404 2649 1499 2702; x_wconf 81' lang='lat' dir='ltr'><strong>per</strong></span> <span class='ocrx_word' id='word_1_210' title='bbox 1523 2633 1804 2688; x_wconf 77' lang='lat' dir='ltr'><strong>exordium</strong></span> <span class='ocrx_word' id='word_1_211' title='bbox 1829 2630 1950 2686; x_wconf 88' lang='lat' dir='ltr'><strong>ﬁdei</strong></span> 
     </span>
    </p>
   </div>
   <div class='ocr_carea' id='block_1_30' title="bbox 369 2719 1952 2787">
    <p class='ocr_par' dir='ltr' id='par_1_30' title="bbox 369 2719 1952 2787">
     <span class='ocr_line' id='line_1_30' title="bbox 369 2719 1952 2787; baseline 0.002 -13"><span class='ocrx_word' id='word_1_212' title='bbox 369 2719 701 2787; x_wconf 75' lang='lat' dir='ltr'><strong>fabricatur,</strong></span> <span class='ocrx_word' id='word_1_213' title='bbox 748 2723 956 2777; x_wconf 88' lang='lat' dir='ltr'><strong>radices</strong></span> <span class='ocrx_word' id='word_1_214' title='bbox 988 2731 1043 2777; x_wconf 89' lang='lat' dir='ltr'><strong>et</strong></span> <span class='ocrx_word' id='word_1_215' title='bbox 1080 2723 1425 2778; x_wconf 84' lang='lat' dir='ltr'><strong>fundamenta</strong></span> <span class='ocrx_word' id='word_1_216' title='bbox 1466 2724 1519 2777; x_wconf 92' lang='lat' dir='ltr'><strong>in</strong></span> <span class='ocrx_word' id='word_1_217' title='bbox 1560 2724 1823 2778; x_wconf 76' lang='lat' dir='ltr'><strong>charitate</strong></span> <span class='ocrx_word' id='word_1_218' title='bbox 1861 2722 1952 2779; x_wconf 84' lang='lat' dir='ltr'><strong>ba-</strong></span> 
     </span>
    </p>
   </div>
   <div class='ocr_carea' id='block_1_31' title="bbox 367 2813 1951 2885">
    <p class='ocr_par' dir='ltr' id='par_1_31' title="bbox 367 2813 1951 2885">
     <span class='ocr_line' id='line_1_31' title="bbox 367 2813 1951 2885; baseline 0.002 -19"><span class='ocrx_word' id='word_1_219' title='bbox 367 2813 477 2879; x_wconf 69' lang='lat' dir='ltr'><strong>lnct,</strong></span> <span class='ocrx_word' id='word_1_220' title='bbox 515 2814 630 2870; x_wconf 62' lang='lat' dir='ltr'><strong>haec</strong></span> <span class='ocrx_word' id='word_1_221' title='bbox 667 2823 751 2871; x_wconf 91' lang='lat' dir='ltr'><strong>est</strong></span> <span class='ocrx_word' id='word_1_222' title='bbox 777 2814 885 2869; x_wconf 87' lang='lat' dir='ltr'><strong>vita</strong></span> <span class='ocrx_word' id='word_1_223' title='bbox 917 2813 1180 2880; x_wconf 83' lang='lat' dir='ltr'><strong>cordium,</strong></span> <span class='ocrx_word' id='word_1_224' title='bbox 1220 2815 1272 2869; x_wconf 91' lang='lat' dir='ltr'><strong>in</strong></span> <span class='ocrx_word' id='word_1_225' title='bbox 1306 2830 1409 2885; x_wconf 87' lang='lat' dir='ltr'><strong>qua</strong></span> <span class='ocrx_word' id='word_1_226' title='bbox 1435 2814 1666 2870; x_wconf 79' lang='lat' dir='ltr'><strong>vivimus</strong></span> <span class='ocrx_word' id='word_1_227' title='bbox 1697 2815 1749 2869; x_wconf 90' lang='lat' dir='ltr'><strong>in</strong></span> <span class='ocrx_word' id='word_1_228' title='bbox 1783 2830 1951 2869; x_wconf 60' lang='lat' dir='ltr'><strong>siccu-</strong></span> 
     </span>
    </p>
   </div>
   <div class='ocr_carea' id='block_1_32' title="bbox 366 2898 1794 2978">
    <p class='ocr_par' dir='ltr' id='par_1_32' title="bbox 366 2898 1794 2978">
     <span class='ocr_line' id='line_1_32' title="bbox 366 2898 1794 2978; baseline 0.004 -21"><span class='ocrx_word' id='word_1_229' title='bbox 366 2902 476 2959; x_wconf 88' lang='lat' dir='ltr'><strong>lum</strong></span> <span class='ocrx_word' id='word_1_230' title='bbox 500 2905 704 2971; x_wconf 71' lang='lat' dir='ltr'><strong>smculi,</strong></span> <span class='ocrx_word' id='word_1_231' title='bbox 741 2898 808 2960; x_wconf 89' lang='lat' dir='ltr'><strong>ah</strong></span> <span class='ocrx_word' id='word_1_232' title='bbox 834 2904 989 2961; x_wconf 89' lang='lat' dir='ltr'><strong>initio</strong></span> <span class='ocrx_word' id='word_1_233' title='bbox 1022 2905 1147 2962; x_wconf 89' lang='lat' dir='ltr'><strong>ﬁdei</strong></span> <span class='ocrx_word' id='word_1_234' title='bbox 1174 2920 1343 2976; x_wconf 85' lang='lat' dir='ltr'><strong>usque</strong></span> <span class='ocrx_word' id='word_1_235' title='bbox 1373 2904 1441 2963; x_wconf 88' lang='lat' dir='ltr'><strong>ad</strong></span> <span class='ocrx_word' id='word_1_236' title='bbox 1469 2906 1628 2961; x_wconf 88' lang='lat' dir='ltr'><strong>ﬁnem</strong></span> <span class='ocrx_word' id='word_1_237' title='bbox 1658 2905 1794 2978; x_wconf 86' lang='lat' dir='ltr'><strong>spei.</strong></span> 
     </span>
    </p>
   </div>
   <div class='ocr_carea' id='block_1_33' title="bbox 436 2994 1951 3063">
    <p class='ocr_par' dir='ltr' id='par_1_33' title="bbox 436 2994 1951 3063">
     <span class='ocr_line' id='line_1_33' title="bbox 436 2994 1951 3063; baseline 0.003 -14"><span class='ocrx_word' id='word_1_238' title='bbox 436 2994 503 3050; x_wconf 82' lang='lat' dir='ltr'><strong>In</strong></span> <span class='ocrx_word' id='word_1_239' title='bbox 541 2997 798 3051; x_wconf 79' lang='lat' dir='ltr'><strong>charitate</strong></span> <span class='ocrx_word' id='word_1_240' title='bbox 827 2996 1072 3063; x_wconf 83' lang='lat' dir='ltr'><strong>radicati,</strong></span> <span class='ocrx_word' id='word_1_241' title='bbox 1100 2994 1203 3054; x_wconf 78' lang='lat' dir='ltr'><strong>elc.</strong></span> <span class='ocrx_word' id='word_1_242' title='bbox 1248 2997 1373 3053; x_wconf 77' lang='lat' dir='ltr'><strong>llaec</strong></span> <span class='ocrx_word' id='word_1_243' title='bbox 1396 3006 1480 3052; x_wconf 89' lang='lat' dir='ltr'><strong>est</strong></span> <span class='ocrx_word' id='word_1_244' title='bbox 1522 2997 1830 3053; x_wconf 87' lang='lat' dir='ltr'><strong>communio</strong></span> <span class='ocrx_word' id='word_1_245' title='bbox 1858 3004 1951 3054; x_wconf 82' lang='lat' dir='ltr'><strong>cu-</strong></span> 
     </span>
    </p>
   </div>
   <div class='ocr_carea' id='block_1_34' title="bbox 362 3085 1970 3159">
    <p class='ocr_par' dir='ltr' id='par_1_34' title="bbox 362 3085 1970 3159">
     <span class='ocr_line' id='line_1_34' title="bbox 362 3085 1970 3159; baseline 0.002 -19"><span class='ocrx_word' id='word_1_246' title='bbox 362 3085 574 3155; x_wconf 83' lang='lat' dir='ltr'><strong>jusdam</strong></span> <span class='ocrx_word' id='word_1_247' title='bbox 595 3087 790 3142; x_wconf 74' lang='lat' dir='ltr'><strong>divina:</strong></span> <span class='ocrx_word' id='word_1_248' title='bbox 815 3087 1155 3159; x_wconf 79' lang='lat' dir='ltr'><strong>cmlcstisque</strong></span> <span class='ocrx_word' id='word_1_249' title='bbox 1187 3090 1513 3159; x_wconf 70' lang='lat' dir='ltr'><strong>reipublicze,</strong></span> <span class='ocrx_word' id='word_1_250' title='bbox 1550 3090 1677 3145; x_wconf 90' lang='lat' dir='ltr'><strong>hinc</strong></span> <span class='ocrx_word' id='word_1_251' title='bbox 1702 3099 1970 3153; x_wconf 40' lang='lat' dir='ltr'><strong>saturang</strong></span> 
     </span>
    </p>
   </div>
   <div class='ocr_carea' id='block_1_35' title="bbox 366 3179 1949 3251">
    <p class='ocr_par' dir='ltr' id='par_1_35' title="bbox 366 3179 1949 3251">
     <span class='ocr_line' id='line_1_35' title="bbox 366 3179 1949 3251; baseline 0.004 -22"><span class='ocrx_word' id='word_1_252' title='bbox 366 3187 456 3231; x_wconf 90' lang='lat' dir='ltr'><strong>tur</strong></span> <span class='ocrx_word' id='word_1_253' title='bbox 481 3190 785 3249; x_wconf 84' lang='lat' dir='ltr'><strong>pauperes,</strong></span> <span class='ocrx_word' id='word_1_254' title='bbox 831 3193 936 3232; x_wconf 91' lang='lat' dir='ltr'><strong>non</strong></span> <span class='ocrx_word' id='word_1_255' title='bbox 987 3194 1085 3232; x_wconf 88' lang='lat' dir='ltr'><strong>sua</strong></span> <span class='ocrx_word' id='word_1_256' title='bbox 1137 3188 1475 3250; x_wconf 74' lang='lat' dir='ltr'><strong>qumrentcs,</strong></span> <span class='ocrx_word' id='word_1_257' title='bbox 1528 3179 1621 3234; x_wconf 87' lang='lat' dir='ltr'><strong>sed</strong></span> <span class='ocrx_word' id='word_1_258' title='bbox 1665 3196 1784 3251; x_wconf 67' lang='lat' dir='ltr'><strong>qua:</strong></span> <span class='ocrx_word' id='word_1_259' title='bbox 1821 3181 1949 3235; x_wconf 80' lang='lat' dir='ltr'><strong>Jesu</strong></span> 
     </span>
    </p>
   </div>
   <div class='ocr_carea' id='block_1_36' title="bbox 364 3267 1950 3347">
    <p class='ocr_par' dir='ltr' id='par_1_36' title="bbox 364 3267 1950 3347">
     <span class='ocr_line' id='line_1_36' title="bbox 364 3267 1950 3347; baseline 0.004 -25"><span class='ocrx_word' id='word_1_260' title='bbox 364 3268 587 3347; x_wconf 79' lang='lat' dir='ltr'><strong>Christi.</strong></span> <span class='ocrx_word' id='word_1_261' title='bbox 619 3267 767 3325; x_wconf 74' lang='lat' dir='ltr'><strong>Nam</strong></span> <span class='ocrx_word' id='word_1_262' title='bbox 784 3269 849 3325; x_wconf 92' lang='lat' dir='ltr'><strong>de</strong></span> <span class='ocrx_word' id='word_1_263' title='bbox 876 3271 992 3342; x_wconf 91' lang='lat' dir='ltr'><strong>ipso</strong></span> <span class='ocrx_word' id='word_1_264' title='bbox 1014 3286 1151 3341; x_wconf 81' lang='lat' dir='ltr'><strong>pane</strong></span> <span class='ocrx_word' id='word_1_265' title='bbox 1182 3287 1291 3344; x_wconf 85' lang='lat' dir='ltr'><strong>quo</strong></span> <span class='ocrx_word' id='word_1_266' title='bbox 1315 3271 1451 3327; x_wconf 86' lang='lat' dir='ltr'><strong>tales</strong></span> <span class='ocrx_word' id='word_1_267' title='bbox 1477 3280 1788 3327; x_wconf 88' lang='lat' dir='ltr'><strong>saturantur</strong></span> <span class='ocrx_word' id='word_1_268' title='bbox 1810 3288 1950 3343; x_wconf 91' lang='lat' dir='ltr'><strong>quo-</strong></span> 
     </span>
    </p>
   </div>
   <div class='ocr_carea' id='block_1_37' title="bbox 301 3350 1949 3436">
    <p class='ocr_par' dir='ltr' id='par_1_37' title="bbox 301 3350 1949 3436">
     <span class='ocr_line' id='line_1_37' title="bbox 301 3350 1949 3436; baseline 0.003 -22"><span class='ocrx_word' id='word_1_269' title='bbox 301 3350 311 3359; x_wconf 72' lang='grc'><strong>’</strong></span> <span class='ocrx_word' id='word_1_270' title='bbox 360 3362 486 3417; x_wconf 88' lang='lat' dir='ltr'><strong>dam</strong></span> <span class='ocrx_word' id='word_1_271' title='bbox 511 3361 628 3416; x_wconf 90' lang='lat' dir='ltr'><strong>loco</strong></span> <span class='ocrx_word' id='word_1_272' title='bbox 655 3361 944 3434; x_wconf 81' lang='lat' dir='ltr'><strong>Apostolus</strong></span> <span class='ocrx_word' id='word_1_273' title='bbox 973 3363 1102 3418; x_wconf 90' lang='lat' dir='ltr'><strong>dicit</strong></span> <span class='ocrx_word' id='word_1_274' title='bbox 1130 3382 1143 3416; x_wconf 90' lang='lat'>:</span> <span class='ocrx_word' id='word_1_275' title='bbox 1198 3363 1346 3419; x_wconf 84' lang='lat' dir='ltr'><strong>Unus</strong></span> <span class='ocrx_word' id='word_1_276' title='bbox 1374 3363 1546 3436; x_wconf 83' lang='lat' dir='ltr'><strong>panis,</strong></span> <span class='ocrx_word' id='word_1_277' title='bbox 1577 3379 1738 3418; x_wconf 84' lang='lat' dir='ltr'><strong>unum</strong></span> <span class='ocrx_word' id='word_1_278' title='bbox 1763 3379 1949 3436; x_wconf 74' lang='lat' dir='ltr'><strong>corpus</strong></span> 
     </span>
    </p>
   </div>
   <div class='ocr_carea' id='block_1_38' title="bbox 366 3450 1817 3529">
    <p class='ocr_par' dir='ltr' id='par_1_38' title="bbox 366 3450 1817 3529">
     <span class='ocr_line' id='line_1_38' title="bbox 366 3450 1817 3529; baseline 0.006 -24"><span class='ocrx_word' id='word_1_279' title='bbox 366 3453 520 3507; x_wconf 73' lang='lat' dir='ltr'><strong>multi</strong></span> <span class='ocrx_word' id='word_1_280' title='bbox 542 3470 724 3508; x_wconf 77' lang='lat' dir='ltr'><strong>sumus</strong></span> <span class='ocrx_word' id='word_1_281' title='bbox 753 3450 805 3527; x_wconf 86' lang='grc'><strong>(1</strong></span> <span class='ocrx_word' id='word_1_282' title='bbox 834 3451 956 3509; x_wconf 85' lang='lat' dir='ltr'><strong>Cor.</strong></span> <span class='ocrx_word' id='word_1_283' title='bbox 991 3454 1068 3528; x_wconf 69' lang='grc' dir='ltr'><strong>χ).</strong></span> <span class='ocrx_word' id='word_1_284' title='bbox 1810 3528 1817 3529; x_wconf 16' lang='grc' dir='ltr'>ί</span> 
     </span>
    </p>
   </div>
   <div class='ocr_carea' id='block_1_39' title="bbox 437 3544 1950 3616">
    <p class='ocr_par' dir='ltr' id='par_1_39' title="bbox 437 3544 1950 3616">
     <span class='ocr_line' id='line_1_39' title="bbox 437 3544 1950 3616; baseline 0.002 -17"><span class='ocrx_word' id='word_1_285' title='bbox 437 3544 569 3610; x_wconf 68' lang='lat' dir='ltr'><strong>Qum</strong></span> <span class='ocrx_word' id='word_1_286' title='bbox 608 3546 677 3599; x_wconf 85' lang='lat' dir='ltr'><strong>sit</strong></span> <span class='ocrx_word' id='word_1_287' title='bbox 707 3545 929 3600; x_wconf 80' lang='lat' dir='ltr'><strong>latitudo</strong></span> <span class='ocrx_word' id='word_1_288' title='bbox 955 3586 970 3612; x_wconf 91' lang='lat'><strong>,</strong></span> <span class='ocrx_word' id='word_1_289' title='bbox 1014 3554 1121 3602; x_wconf 90' lang='lat' dir='ltr'><strong>etc.</strong></span> <span class='ocrx_word' id='word_1_290' title='bbox 1154 3545 1273 3616; x_wconf 85' lang='lat' dir='ltr'><strong>ipsa</strong></span> <span class='ocrx_word' id='word_1_291' title='bbox 1301 3546 1544 3603; x_wconf 83' lang='lat' dir='ltr'><strong>Charitas</strong></span> <span class='ocrx_word' id='word_1_292' title='bbox 1568 3562 1689 3601; x_wconf 89' lang='lat' dir='ltr'><strong>cum</strong></span> <span class='ocrx_word' id='word_1_293' title='bbox 1715 3546 1768 3601; x_wconf 91' lang='lat' dir='ltr'><strong>in</strong></span> <span class='ocrx_word' id='word_1_294' title='bbox 1793 3544 1950 3603; x_wconf 84' lang='lat' dir='ltr'><strong>bonis</strong></span> 
     </span>
    </p>
   </div>
   <div class='ocr_carea' id='block_1_40' title="bbox 363 3635 1963 3712">
    <p class='ocr_par' dir='ltr' id='par_1_40' title="bbox 363 3635 1963 3712">
     <span class='ocr_line' id='line_1_40' title="bbox 363 3635 1963 3712; baseline 0.002 -22"><span class='ocrx_word' id='word_1_295' title='bbox 363 3637 616 3705; x_wconf 79' lang='lat' dir='ltr'><strong>operibus</strong></span> <span class='ocrx_word' id='word_1_296' title='bbox 650 3635 955 3691; x_wconf 86' lang='lat' dir='ltr'><strong>dilectionis</strong></span> <span class='ocrx_word' id='word_1_297' title='bbox 978 3646 1264 3693; x_wconf 80' lang='lat' dir='ltr'><strong>exercetur</strong></span> <span class='ocrx_word' id='word_1_298' title='bbox 1285 3677 1300 3700; x_wconf 95' lang='lat'><strong>,</strong></span> <span class='ocrx_word' id='word_1_299' title='bbox 1330 3637 1486 3706; x_wconf 90' lang='lat' dir='ltr'><strong>quasi</strong></span> <span class='ocrx_word' id='word_1_300' title='bbox 1527 3637 1595 3691; x_wconf 90' lang='lat' dir='ltr'><strong>ad</strong></span> <span class='ocrx_word' id='word_1_301' title='bbox 1621 3638 1963 3712; x_wconf 33' lang='lat' dir='ltr'><strong>subvenien:</strong></span> 
     </span>
    </p>
   </div>
   <div class='ocr_carea' id='block_1_41' title="bbox 363 3725 1948 3796">
    <p class='ocr_par' dir='ltr' id='par_1_41' title="bbox 363 3725 1948 3796">
     <span class='ocr_line' id='line_1_41' title="bbox 363 3725 1948 3796; baseline 0.003 -19"><span class='ocrx_word' id='word_1_302' title='bbox 363 3725 490 3777; x_wconf 86' lang='lat' dir='ltr'><strong>dum</strong></span> <span class='ocrx_word' id='word_1_303' title='bbox 528 3739 957 3795; x_wconf 83' lang='lat' dir='ltr'><strong>quaquaversum</strong></span> <span class='ocrx_word' id='word_1_304' title='bbox 996 3733 1181 3793; x_wconf 87' lang='lat' dir='ltr'><strong>potest</strong></span> <span class='ocrx_word' id='word_1_305' title='bbox 1213 3726 1445 3796; x_wconf 82' lang='lat' dir='ltr'><strong>porrigi,</strong></span> <span class='ocrx_word' id='word_1_306' title='bbox 1477 3735 1531 3780; x_wconf 90' lang='lat' dir='ltr'><strong>et</strong></span> <span class='ocrx_word' id='word_1_307' title='bbox 1570 3725 1686 3782; x_wconf 60' lang='lat' dir='ltr'><strong>haec</strong></span> <span class='ocrx_word' id='word_1_308' title='bbox 1719 3725 1948 3781; x_wconf 89' lang='lat' dir='ltr'><strong>latitudo</strong></span> 
     </span>
    </p>
   </div>
   <div class='ocr_carea' id='block_1_42' title="bbox 361 3816 1947 3889">
    <p class='ocr_par' dir='ltr' id='par_1_42' title="bbox 361 3816 1947 3889">
     <span class='ocr_line' id='line_1_42' title="bbox 361 3816 1947 3889; baseline 0.002 -18"><span class='ocrx_word' id='word_1_309' title='bbox 361 3828 466 3874; x_wconf 82' lang='lat' dir='ltr'><strong>est.</strong></span> <span class='ocrx_word' id='word_1_310' title='bbox 512 3817 663 3873; x_wconf 78' lang='lat' dir='ltr'><strong>Nune</strong></span> <span class='ocrx_word' id='word_1_311' title='bbox 696 3816 1107 3889; x_wconf 77' lang='lat' dir='ltr'><strong>longanimitate</strong></span> <span class='ocrx_word' id='word_1_312' title='bbox 1151 3818 1379 3873; x_wconf 86' lang='lat' dir='ltr'><strong>adversa</strong></span> <span class='ocrx_word' id='word_1_313' title='bbox 1406 3819 1597 3872; x_wconf 87' lang='lat' dir='ltr'><strong>tolerat</strong></span> <span class='ocrx_word' id='word_1_314' title='bbox 1636 3819 1688 3872; x_wconf 92' lang='lat' dir='ltr'><strong>in</strong></span> <span class='ocrx_word' id='word_1_315' title='bbox 1717 3833 1782 3872; x_wconf 90' lang='lat' dir='ltr'><strong>eo</strong></span> <span class='ocrx_word' id='word_1_316' title='bbox 1806 3820 1947 3889; x_wconf 84' lang='lat' dir='ltr'><strong>quod</strong></span> 
     </span>
    </p>
   </div>
   <div class='ocr_carea' id='block_1_43' title="bbox 360 3909 1942 3981">
    <p class='ocr_par' dir='ltr' id='par_1_43' title="bbox 360 3909 1942 3981">
     <span class='ocr_line' id='line_1_43' title="bbox 360 3909 1942 3981; baseline 0.002 -18"><span class='ocrx_word' id='word_1_317' title='bbox 360 3912 630 3969; x_wconf 75' lang='lat' dir='ltr'><strong>veraciter</strong></span> <span class='ocrx_word' id='word_1_318' title='bbox 663 3912 863 3974; x_wconf 88' lang='lat' dir='ltr'><strong>tenuit,</strong></span> <span class='ocrx_word' id='word_1_319' title='bbox 911 3916 1257 3981; x_wconf 77' lang='lat' dir='ltr'><strong>perseverat,</strong></span> <span class='ocrx_word' id='word_1_320' title='bbox 1303 3918 1357 3965; x_wconf 87' lang='lat' dir='ltr'><strong>et</strong></span> <span class='ocrx_word' id='word_1_321' title='bbox 1392 3910 1507 3966; x_wconf 66' lang='lat' dir='ltr'><strong>haec</strong></span> <span class='ocrx_word' id='word_1_322' title='bbox 1536 3909 1809 3981; x_wconf 80' lang='lat' dir='ltr'><strong>longitudo</strong></span> <span class='ocrx_word' id='word_1_323' title='bbox 1840 3920 1942 3976; x_wconf 90' lang='lat' dir='ltr'><strong>est,</strong></span> 
     </span>
    </p>
   </div>
   <div class='ocr_carea' id='block_1_44' title="bbox 361 4002 1946 4073">
    <p class='ocr_par' dir='ltr' id='par_1_44' title="bbox 361 4002 1946 4073">
     <span class='ocr_line' id='line_1_44' title="bbox 361 4002 1946 4073; baseline -0.002 -11"><span class='ocrx_word' id='word_1_324' title='bbox 361 4009 464 4062; x_wconf 91' lang='lat' dir='ltr'><strong>hoc</strong></span> <span class='ocrx_word' id='word_1_325' title='bbox 501 4012 703 4059; x_wconf 63' lang='lat' dir='ltr'><strong>autem</strong></span> <span class='ocrx_word' id='word_1_326' title='bbox 718 4010 886 4057; x_wconf 91' lang='lat' dir='ltr'><strong>totum</strong></span> <span class='ocrx_word' id='word_1_327' title='bbox 926 4012 1145 4072; x_wconf 87' lang='lat' dir='ltr'><strong>propter</strong></span> <span class='ocrx_word' id='word_1_328' title='bbox 1174 4002 1577 4073; x_wconf 85' lang='lat' dir='ltr'><strong>adipiscendam</strong></span> <span class='ocrx_word' id='word_1_329' title='bbox 1611 4004 1777 4057; x_wconf 88' lang='lat' dir='ltr'><strong>vitam</strong></span> <span class='ocrx_word' id='word_1_330' title='bbox 1817 4003 1946 4059; x_wconf 82' lang='lat' dir='ltr'><strong>facit</strong></span> 
     </span>
    </p>
   </div>
   <div class='ocr_carea' id='block_1_45' title="bbox 358 4093 1943 4166">
    <p class='ocr_par' dir='ltr' id='par_1_45' title="bbox 358 4093 1943 4166">
     <span class='ocr_line' id='line_1_45' title="bbox 358 4093 1943 4166; baseline 0 -18"><span class='ocrx_word' id='word_1_331' title='bbox 358 4102 622 4149; x_wconf 79' lang='lat' dir='ltr'><strong>aeternam</strong></span> <span class='ocrx_word' id='word_1_332' title='bbox 651 4110 771 4166; x_wconf 61' lang='lat' dir='ltr'><strong>quae</strong></span> <span class='ocrx_word' id='word_1_333' title='bbox 801 4094 874 4149; x_wconf 90' lang='lat' dir='ltr'><strong>illi</strong></span> <span class='ocrx_word' id='word_1_334' title='bbox 897 4095 1233 4165; x_wconf 89' lang='lat' dir='ltr'><strong>promittitur</strong></span> <span class='ocrx_word' id='word_1_335' title='bbox 1255 4093 1309 4148; x_wconf 90' lang='lat' dir='ltr'><strong>in</strong></span> <span class='ocrx_word' id='word_1_336' title='bbox 1325 4093 1574 4160; x_wconf 74' lang='lat' dir='ltr'><strong>excelso,</strong></span> <span class='ocrx_word' id='word_1_337' title='bbox 1597 4102 1653 4148; x_wconf 90' lang='lat' dir='ltr'><strong>et</strong></span> <span class='ocrx_word' id='word_1_338' title='bbox 1678 4093 1793 4150; x_wconf 63' lang='lat' dir='ltr'><strong>haec</strong></span> <span class='ocrx_word' id='word_1_339' title='bbox 1820 4093 1943 4150; x_wconf 89' lang='lat' dir='ltr'><strong>alti-</strong></span> 
     </span>
    </p>
   </div>
   <div class='ocr_carea' id='block_1_46' title="bbox 359 4182 1940 4249">
    <p class='ocr_par' dir='ltr' id='par_1_46' title="bbox 359 4182 1940 4249">
     <span class='ocr_line' id='line_1_46' title="bbox 359 4182 1940 4249; baseline 0.002 -13"><span class='ocrx_word' id='word_1_340' title='bbox 359 4184 487 4240; x_wconf 90' lang='lat' dir='ltr'><strong>tudo</strong></span> <span class='ocrx_word' id='word_1_341' title='bbox 512 4191 613 4238; x_wconf 86' lang='lat' dir='ltr'><strong>est.</strong></span> <span class='ocrx_word' id='word_1_342' title='bbox 642 4183 839 4240; x_wconf 76' lang='lat' dir='ltr'><strong>Existit</strong></span> <span class='ocrx_word' id='word_1_343' title='bbox 865 4200 992 4239; x_wconf 88' lang='lat' dir='ltr'><strong>vero</strong></span> <span class='ocrx_word' id='word_1_344' title='bbox 1022 4199 1087 4239; x_wconf 80' lang='lat' dir='ltr'><strong>ex</strong></span> <span class='ocrx_word' id='word_1_345' title='bbox 1118 4184 1219 4239; x_wconf 88' lang='lat' dir='ltr'><strong>hoc</strong></span> <span class='ocrx_word' id='word_1_346' title='bbox 1248 4182 1392 4239; x_wconf 91' lang='lat' dir='ltr'><strong>cultu</strong></span> <span class='ocrx_word' id='word_1_347' title='bbox 1417 4185 1520 4239; x_wconf 86' lang='lat' dir='ltr'><strong>ista</strong></span> <span class='ocrx_word' id='word_1_348' title='bbox 1557 4182 1817 4249; x_wconf 85' lang='lat' dir='ltr'><strong>cbaritas,</strong></span> <span class='ocrx_word' id='word_1_349' title='bbox 1849 4186 1940 4241; x_wconf 90' lang='lat' dir='ltr'><strong>ubi</strong></span> 
     </span>
    </p>
   </div>
   <div class='ocr_carea' id='block_1_47' title="bbox 357 4272 1939 4343">
    <p class='ocr_par' dir='ltr' id='par_1_47' title="bbox 357 4272 1939 4343">
     <span class='ocr_line' id='line_1_47' title="bbox 357 4272 1939 4343; baseline 0.002 -16"><span class='ocrx_word' id='word_1_350' title='bbox 357 4272 565 4328; x_wconf 67' lang='lat' dir='ltr'><strong>fundati</strong></span> <span class='ocrx_word' id='word_1_351' title='bbox 595 4276 987 4343; x_wconf 88' lang='lat' dir='ltr'><strong>quodammodo</strong></span> <span class='ocrx_word' id='word_1_352' title='bbox 1012 4282 1066 4328; x_wconf 88' lang='lat' dir='ltr'><strong>et</strong></span> <span class='ocrx_word' id='word_1_353' title='bbox 1095 4275 1317 4329; x_wconf 74' lang='lat' dir='ltr'><strong>radirali</strong></span> <span class='ocrx_word' id='word_1_354' title='bbox 1350 4289 1534 4329; x_wconf 88' lang='lat' dir='ltr'><strong>sumus</strong></span> <span class='ocrx_word' id='word_1_355' title='bbox 1554 4315 1569 4340; x_wconf 91' lang='lat'><strong>,</strong></span> <span class='ocrx_word' id='word_1_356' title='bbox 1629 4275 1722 4330; x_wconf 89' lang='lat' dir='ltr'><strong>ubi</strong></span> <span class='ocrx_word' id='word_1_357' title='bbox 1761 4291 1939 4332; x_wconf 65' lang='lat' dir='ltr'><strong>causa:</strong></span> 
     </span>
    </p>
   </div>
   <div class='ocr_carea' id='block_1_48' title="bbox 356 4362 2017 4458">
    <p class='ocr_par' dir='ltr' id='par_1_48' title="bbox 356 4362 2017 4458">
     <span class='ocr_line' id='line_1_48' title="bbox 356 4362 2017 4458; baseline 0.002 -42"><span class='ocrx_word' id='word_1_358' title='bbox 356 4365 652 4446; x_wconf 81' lang='lat' dir='ltr'><strong>voluntatis</strong></span> <span class='ocrx_word' id='word_1_359' title='bbox 695 4364 789 4419; x_wconf 88' lang='lat' dir='ltr'><strong>Dei</strong></span> <span class='ocrx_word' id='word_1_360' title='bbox 820 4382 925 4419; x_wconf 89' lang='lat' dir='ltr'><strong>non</strong></span> <span class='ocrx_word' id='word_1_361' title='bbox 967 4362 1423 4435; x_wconf 33' lang='lat' dir='ltr'><strong>vestigantur,‘et</strong></span> <span class='ocrx_word' id='word_1_362' title='bbox 1463 4366 1673 4420; x_wconf 81' lang='lat' dir='ltr'><strong>hocest</strong></span> <span class='ocrx_word' id='word_1_363' title='bbox 1711 4364 1936 4437; x_wconf 87' lang='lat' dir='ltr'><strong>profun-</strong></span> <span class='ocrx_word' id='word_1_364' title='bbox 1965 4398 2017 4458; x_wconf 69' lang='grc' dir='ltr'><strong>Β</strong></span> 
     </span>
    </p>
   </div>
   <div class='ocr_carea' id='block_1_49' title="bbox 359 4441 1940 4523">
    <p class='ocr_par' dir='ltr' id='par_1_49' title="bbox 359 4441 1940 4523">
     <span class='ocr_line' id='line_1_49' title="bbox 359 4441 1940 4523; baseline 0.001 -16"><span class='ocrx_word' id='word_1_365' title='bbox 359 4441 505 4508; x_wconf 81' lang='lat' dir='ltr'><strong>dum.</strong></span> <span class='ocrx_word' id='word_1_366' title='bbox 542 4453 779 4509; x_wconf 79' lang='lat' dir='ltr'><strong>Altitudo</strong></span> <span class='ocrx_word' id='word_1_367' title='bbox 800 4456 996 4523; x_wconf 89' lang='lat' dir='ltr'><strong>quippe</strong></span> <span class='ocrx_word' id='word_1_368' title='bbox 1021 4470 1305 4508; x_wconf 89' lang='lat' dir='ltr'><strong>commune</strong></span> <span class='ocrx_word' id='word_1_369' title='bbox 1334 4470 1527 4509; x_wconf 88' lang='lat' dir='ltr'><strong>nomen</strong></span> <span class='ocrx_word' id='word_1_370' title='bbox 1548 4463 1630 4510; x_wconf 89' lang='lat' dir='ltr'><strong>cst</strong></span> <span class='ocrx_word' id='word_1_371' title='bbox 1648 4455 1865 4511; x_wconf 77' lang='lat' dir='ltr'><strong>excelso</strong></span> <span class='ocrx_word' id='word_1_372' title='bbox 1885 4467 1940 4510; x_wconf 91' lang='lat' dir='ltr'><strong>et</strong></span> 
     </span>
    </p>
   </div>
   <div class='ocr_carea' id='block_1_50' title="bbox 355 4543 1941 4623">
    <p class='ocr_par' dir='ltr' id='par_1_50' title="bbox 355 4543 1941 4623">
     <span class='ocr_line' id='line_1_50' title="bbox 355 4543 1941 4623; baseline 0.004 -26"><span class='ocrx_word' id='word_1_373' title='bbox 355 4543 643 4614; x_wconf 67' lang='lat' dir='ltr'><strong>profundo.</strong></span> <span class='ocrx_word' id='word_1_374' title='bbox 688 4543 793 4600; x_wconf 85' lang='lat' dir='ltr'><strong>Sed</strong></span> <span class='ocrx_word' id='word_1_375' title='bbox 833 4559 957 4599; x_wconf 88' lang='lat' dir='ltr'><strong>cum</strong></span> <span class='ocrx_word' id='word_1_376' title='bbox 990 4546 1042 4623; x_wconf 81' lang='lat' dir='ltr'><strong>in</strong></span> <span class='ocrx_word' id='word_1_377' title='bbox 1073 4547 1288 4601; x_wconf 75' lang='lat' dir='ltr'><strong>excelso</strong></span> <span class='ocrx_word' id='word_1_378' title='bbox 1326 4547 1556 4613; x_wconf 81' lang='lat' dir='ltr'><strong>dicitur,</strong></span> <span class='ocrx_word' id='word_1_379' title='bbox 1595 4547 1941 4603; x_wconf 80' lang='lat' dir='ltr'><strong>sublimitatis</strong></span> 
     </span>
    </p>
   </div>
   <div class='ocr_carea' id='block_1_51' title="bbox 357 4636 1935 4709">
    <p class='ocr_par' dir='ltr' id='par_1_51' title="bbox 357 4636 1935 4709">
     <span class='ocr_line' id='line_1_51' title="bbox 357 4636 1935 4709; baseline 0.003 -20"><span class='ocrx_word' id='word_1_380' title='bbox 357 4636 648 4689; x_wconf 83' lang='lat' dir='ltr'><strong>eminentia</strong></span> <span class='ocrx_word' id='word_1_381' title='bbox 687 4636 1117 4691; x_wconf 83' lang='lat' dir='ltr'><strong>commendatur.</strong></span> <span class='ocrx_word' id='word_1_382' title='bbox 1168 4638 1300 4691; x_wconf 83' lang='lat' dir='ltr'><strong>Cum</strong></span> <span class='ocrx_word' id='word_1_383' title='bbox 1342 4648 1519 4693; x_wconf 88' lang='lat' dir='ltr'><strong>autem</strong></span> <span class='ocrx_word' id='word_1_384' title='bbox 1562 4639 1613 4693; x_wconf 90' lang='lat' dir='ltr'><strong>in</strong></span> <span class='ocrx_word' id='word_1_385' title='bbox 1643 4639 1935 4709; x_wconf 85' lang='lat' dir='ltr'><strong>profundo,</strong></span> 
     </span>
    </p>
   </div>
   <div class='ocr_carea' id='block_1_52' title="bbox 358 4726 1939 4800">
    <p class='ocr_par' dir='ltr' id='par_1_52' title="bbox 358 4726 1939 4800">
     <span class='ocr_line' id='line_1_52' title="bbox 358 4726 1939 4800; baseline 0.005 -21"><span class='ocrx_word' id='word_1_386' title='bbox 358 4726 644 4782; x_wconf 74' lang='lat' dir='ltr'><strong>uillicultas</strong></span> <span class='ocrx_word' id='word_1_387' title='bbox 668 4727 1095 4800; x_wconf 77' lang='lat' dir='ltr'><strong>investigatioan</strong></span> <span class='ocrx_word' id='word_1_388' title='bbox 1121 4737 1173 4781; x_wconf 87' lang='lat' dir='ltr'><strong>et</strong></span> <span class='ocrx_word' id='word_1_389' title='bbox 1201 4730 1539 4797; x_wconf 76' lang='lat' dir='ltr'><strong>cognitionis,</strong></span> <span class='ocrx_word' id='word_1_390' title='bbox 1572 4732 1711 4785; x_wconf 84' lang='lat' dir='ltr'><strong>unde</strong></span> <span class='ocrx_word' id='word_1_391' title='bbox 1732 4740 1787 4787; x_wconf 90' lang='lat' dir='ltr'><strong>et</strong></span> <span class='ocrx_word' id='word_1_392' title='bbox 1812 4731 1939 4787; x_wconf 88' lang='lat' dir='ltr'><strong>illud</strong></span> 
     </span>
    </p>
   </div>
   <div class='ocr_carea' id='block_1_53' title="bbox 355 4816 1936 4892">
    <p class='ocr_par' dir='ltr' id='par_1_53' title="bbox 355 4816 1936 4892">
     <span class='ocr_line' id='line_1_53' title="bbox 355 4816 1936 4892; baseline 0.001 -21"><span class='ocrx_word' id='word_1_393' title='bbox 355 4816 469 4872; x_wconf 79' lang='lat' dir='ltr'><strong>ilco</strong></span> <span class='ocrx_word' id='word_1_394' title='bbox 507 4819 740 4873; x_wconf 84' lang='lat' dir='ltr'><strong>dicitur:</strong></span> <span class='ocrx_word' id='word_1_395' title='bbox 785 4816 955 4884; x_wconf 84' lang='lat' dir='ltr'><strong>Quam</strong></span> <span class='ocrx_word' id='word_1_396' title='bbox 988 4818 1327 4890; x_wconf 71' lang='lat' dir='ltr'><strong>magniﬁcam</strong></span> <span class='ocrx_word' id='word_1_397' title='bbox 1357 4830 1475 4873; x_wconf 82' lang='lat' dir='ltr'><strong>sunt</strong></span> <span class='ocrx_word' id='word_1_398' title='bbox 1505 4837 1658 4892; x_wconf 78' lang='lat' dir='ltr'><strong>opem</strong></span> <span class='ocrx_word' id='word_1_399' title='bbox 1685 4830 1797 4885; x_wconf 76' lang='lat' dir='ltr'><strong>tua,</strong></span> <span class='ocrx_word' id='word_1_400' title='bbox 1826 4819 1936 4873; x_wconf 84' lang='lat' dir='ltr'><strong>Do-</strong></span> 
     </span>
    </p>
   </div>
   <div class='ocr_carea' id='block_1_54' title="bbox 355 4905 1935 4981">
    <p class='ocr_par' dir='ltr' id='par_1_54' title="bbox 355 4905 1935 4981">
     <span class='ocr_line' id='line_1_54' title="bbox 355 4905 1935 4981; baseline 0.003 -19"><span class='ocrx_word' id='word_1_401' title='bbox 355 4907 524 4975; x_wconf 69' lang='lat' dir='ltr'><strong>mine,</strong></span> <span class='ocrx_word' id='word_1_402' title='bbox 572 4908 725 4964; x_wconf 73' lang='lat' dir='ltr'><strong>nimis</strong></span> <span class='ocrx_word' id='word_1_403' title='bbox 775 4905 1054 4981; x_wconf 75' lang='lat' dir='ltr'><strong>profunde:</strong></span> <span class='ocrx_word' id='word_1_404' title='bbox 1094 4907 1249 4979; x_wconf 66' lang='lat' dir='ltr'><strong>factae</strong></span> <span class='ocrx_word' id='word_1_405' title='bbox 1288 4919 1408 4963; x_wconf 81' lang='lat' dir='ltr'><strong>sunt</strong></span> <span class='ocrx_word' id='word_1_406' title='bbox 1454 4910 1794 4980; x_wconf 73' lang='lat' dir='ltr'><strong>cogitationes</strong></span> <span class='ocrx_word' id='word_1_407' title='bbox 1830 4921 1935 4967; x_wconf 70' lang='lat' dir='ltr'><strong>tum</strong></span> 
     </span>
    </p>
   </div>
   <div class='ocr_carea' id='block_1_55' title="bbox 355 4995 691 5071">
    <p class='ocr_par' dir='ltr' id='par_1_55' title="bbox 355 4995 691 5071">
     <span class='ocr_line' id='line_1_55' title="bbox 355 4995 691 5071; baseline 0.006 -21"><span class='ocrx_word' id='word_1_408' title='bbox 355 4996 530 5071; x_wconf 81' lang='lat' dir='ltr'><strong>(Psal.</strong></span> <span class='ocrx_word' id='word_1_409' title='bbox 561 4995 691 5071; x_wconf 71' lang='lat' dir='ltr'><strong>scr).</strong></span> 
     </span>
    </p>
   </div>
   <div class='ocr_carea' id='block_1_56' title="bbox 426 5086 1934 5164">
    <p class='ocr_par' dir='ltr' id='par_1_56' title="bbox 426 5086 1934 5164">
     <span class='ocr_line' id='line_1_56' title="bbox 426 5086 1934 5164; baseline 0.004 -21"><span class='ocrx_word' id='word_1_410' title='bbox 426 5087 650 5143; x_wconf 72' lang='lat' dir='ltr'><strong>Scires:</strong></span> <span class='ocrx_word' id='word_1_411' title='bbox 667 5086 786 5158; x_wconf 80' lang='lat' dir='ltr'><strong>jam</strong></span> <span class='ocrx_word' id='word_1_412' title='bbox 815 5087 1296 5158; x_wconf 79' lang='lat' dir='ltr'><strong>supereminemem,</strong></span> <span class='ocrx_word' id='word_1_413' title='bbox 1352 5098 1458 5146; x_wconf 88' lang='lat' dir='ltr'><strong>etc.</strong></span> <span class='ocrx_word' id='word_1_414' title='bbox 1510 5091 1694 5147; x_wconf 89' lang='lat' dir='ltr'><strong>lnhoc</strong></span> <span class='ocrx_word' id='word_1_415' title='bbox 1737 5102 1934 5164; x_wconf 76' lang='lat' dir='ltr'><strong>myste—</strong></span> 
     </span>
    </p>
   </div>
   <div class='ocr_carea' id='block_1_57' title="bbox 352 5177 1935 5252">
    <p class='ocr_par' dir='ltr' id='par_1_57' title="bbox 352 5177 1935 5252">
     <span class='ocr_line' id='line_1_57' title="bbox 352 5177 1935 5252; baseline 0.003 -19"><span class='ocrx_word' id='word_1_416' title='bbox 352 5178 435 5234; x_wconf 88' lang='lat' dir='ltr'><strong>rio</strong></span> <span class='ocrx_word' id='word_1_417' title='bbox 473 5177 642 5250; x_wconf 80' lang='lat' dir='ltr'><strong>ﬁgura</strong></span> <span class='ocrx_word' id='word_1_418' title='bbox 687 5177 869 5233; x_wconf 85' lang='lat' dir='ltr'><strong>crucis</strong></span> <span class='ocrx_word' id='word_1_419' title='bbox 912 5179 1217 5234; x_wconf 89' lang='lat' dir='ltr'><strong>ostenditur</strong></span> <span class='ocrx_word' id='word_1_420' title='bbox 1242 5219 1257 5245; x_wconf 92' lang='lat'><strong>,</strong></span> <span class='ocrx_word' id='word_1_421' title='bbox 1303 5181 1394 5250; x_wconf 88' lang='lat' dir='ltr'><strong>qui</strong></span> <span class='ocrx_word' id='word_1_422' title='bbox 1434 5180 1577 5235; x_wconf 89' lang='lat' dir='ltr'><strong>enim</strong></span> <span class='ocrx_word' id='word_1_423' title='bbox 1609 5181 1735 5252; x_wconf 89' lang='lat' dir='ltr'><strong>quia</strong></span> <span class='ocrx_word' id='word_1_424' title='bbox 1766 5182 1935 5239; x_wconf 85' lang='lat' dir='ltr'><strong>voluit</strong></span> 
     </span>
    </p>
   </div>
   <div class='ocr_carea' id='block_1_58' title="bbox 347 5266 1935 5340">
    <p class='ocr_par' dir='ltr' id='par_1_58' title="bbox 347 5266 1935 5340">
     <span class='ocr_line' id='line_1_58' title="bbox 347 5266 1935 5340; baseline 0.001 -12"><span class='ocrx_word' id='word_1_425' title='bbox 347 5279 601 5328; x_wconf 79' lang='lat' dir='ltr'><strong>mortuus</strong></span> <span class='ocrx_word' id='word_1_426' title='bbox 627 5278 734 5337; x_wconf 84' lang='lat' dir='ltr'><strong>est,</strong></span> <span class='ocrx_word' id='word_1_427' title='bbox 762 5270 1031 5340; x_wconf 88' lang='lat' dir='ltr'><strong>quomodo</strong></span> <span class='ocrx_word' id='word_1_428' title='bbox 1053 5266 1225 5326; x_wconf 86' lang='lat' dir='ltr'><strong>voluit</strong></span> <span class='ocrx_word' id='word_1_429' title='bbox 1261 5281 1507 5328; x_wconf 90' lang='lat' dir='ltr'><strong>mortuus</strong></span> <span class='ocrx_word' id='word_1_430' title='bbox 1530 5282 1631 5329; x_wconf 89' lang='lat' dir='ltr'><strong>est.</strong></span> <span class='ocrx_word' id='word_1_431' title='bbox 1676 5272 1793 5329; x_wconf 79' lang='lat' dir='ltr'><strong>Non</strong></span> <span class='ocrx_word' id='word_1_432' title='bbox 1822 5273 1935 5329; x_wconf 86' lang='lat' dir='ltr'><strong>fru-</strong></span> 
     </span>
    </p>
   </div>
   <div class='ocr_carea' id='block_1_59' title="bbox 352 5365 1933 5436">
    <p class='ocr_par' dir='ltr' id='par_1_59' title="bbox 352 5365 1933 5436">
     <span class='ocr_line' id='line_1_59' title="bbox 352 5365 1933 5436; baseline 0.003 -17"><span class='ocrx_word' id='word_1_433' title='bbox 352 5366 480 5420; x_wconf 74' lang='lat' dir='ltr'><strong>stra‘</strong></span> <span class='ocrx_word' id='word_1_434' title='bbox 500 5365 663 5436; x_wconf 83' lang='lat' dir='ltr'><strong>igitur</strong></span> <span class='ocrx_word' id='word_1_435' title='bbox 709 5365 817 5421; x_wconf 89' lang='lat' dir='ltr'><strong>tale</strong></span> <span class='ocrx_word' id='word_1_436' title='bbox 866 5381 1036 5434; x_wconf 76' lang='lat' dir='ltr'><strong>genus</strong></span> <span class='ocrx_word' id='word_1_437' title='bbox 1080 5367 1273 5423; x_wconf 90' lang='lat' dir='ltr'><strong>mortis</strong></span> <span class='ocrx_word' id='word_1_438' title='bbox 1302 5368 1501 5436; x_wconf 82' lang='lat' dir='ltr'><strong>elegit,</strong></span> <span class='ocrx_word' id='word_1_439' title='bbox 1544 5368 1646 5424; x_wconf 88' lang='lat' dir='ltr'><strong>nisi</strong></span> <span class='ocrx_word' id='word_1_440' title='bbox 1677 5377 1738 5424; x_wconf 93' lang='lat' dir='ltr'><strong>ut</strong></span> <span class='ocrx_word' id='word_1_441' title='bbox 1773 5369 1826 5423; x_wconf 90' lang='lat' dir='ltr'><strong>in</strong></span> <span class='ocrx_word' id='word_1_442' title='bbox 1868 5384 1933 5423; x_wconf 81' lang='lat' dir='ltr'><strong>eo</strong></span> 
     </span>
    </p>
   </div>
   <div class='ocr_carea' id='block_1_60' title="bbox 351 5454 1932 5528">
    <p class='ocr_par' dir='ltr' id='par_1_60' title="bbox 351 5454 1932 5528">
     <span class='ocr_line' id='line_1_60' title="bbox 351 5454 1932 5528; baseline 0.003 -18"><span class='ocrx_word' id='word_1_443' title='bbox 351 5473 566 5528; x_wconf 83' lang='lat' dir='ltr'><strong>quoque</strong></span> <span class='ocrx_word' id='word_1_444' title='bbox 590 5456 892 5512; x_wconf 88' lang='lat' dir='ltr'><strong>latitudinis</strong></span> <span class='ocrx_word' id='word_1_445' title='bbox 919 5454 1077 5525; x_wconf 86' lang='lat' dir='ltr'><strong>hujus</strong></span> <span class='ocrx_word' id='word_1_446' title='bbox 1104 5464 1159 5511; x_wconf 89' lang='lat' dir='ltr'><strong>et</strong></span> <span class='ocrx_word' id='word_1_447' title='bbox 1185 5457 1530 5528; x_wconf 81' lang='lat' dir='ltr'><strong>longitudinis</strong></span> <span class='ocrx_word' id='word_1_448' title='bbox 1550 5470 1605 5515; x_wconf 90' lang='lat' dir='ltr'><strong>et</strong></span> <span class='ocrx_word' id='word_1_449' title='bbox 1632 5458 1932 5514; x_wconf 88' lang='lat' dir='ltr'><strong>altitudinis</strong></span> 
     </span>
    </p>
   </div>
   <div class='ocr_carea' id='block_1_61' title="bbox 352 5548 1932 5621">
    <p class='ocr_par' dir='ltr' id='par_1_61' title="bbox 352 5548 1932 5621">
     <span class='ocr_line' id='line_1_61' title="bbox 352 5548 1932 5621; baseline 0.002 -19"><span class='ocrx_word' id='word_1_450' title='bbox 352 5560 407 5602; x_wconf 76' lang='lat' dir='ltr'><strong>et</strong></span> <span class='ocrx_word' id='word_1_451' title='bbox 428 5550 809 5618; x_wconf 79' lang='lat' dir='ltr'><strong>profunditatis</strong></span> <span class='ocrx_word' id='word_1_452' title='bbox 838 5551 1091 5621; x_wconf 82' lang='lat' dir='ltr'><strong>magister</strong></span> <span class='ocrx_word' id='word_1_453' title='bbox 1121 5550 1400 5605; x_wconf 78' lang='lat' dir='ltr'><strong>existeret.</strong></span> <span class='ocrx_word' id='word_1_454' title='bbox 1432 5548 1563 5605; x_wconf 79' lang='lat' dir='ltr'><strong>Nam</strong></span> <span class='ocrx_word' id='word_1_455' title='bbox 1590 5551 1820 5606; x_wconf 87' lang='lat' dir='ltr'><strong>latitudo</strong></span> <span class='ocrx_word' id='word_1_456' title='bbox 1848 5561 1932 5605; x_wconf 64' lang='lat' dir='ltr'><strong>est</strong></span> 
     </span>
    </p>
   </div>
   <div class='ocr_carea' id='block_1_62' title="bbox 355 5636 1929 5711">
    <p class='ocr_par' dir='ltr' id='par_1_62' title="bbox 355 5636 1929 5711">
     <span class='ocr_line' id='line_1_62' title="bbox 355 5636 1929 5711; baseline 0.005 -22"><span class='ocrx_word' id='word_1_457' title='bbox 355 5636 408 5689; x_wconf 86' lang='lat' dir='ltr'><strong>in</strong></span> <span class='ocrx_word' id='word_1_458' title='bbox 436 5653 499 5689; x_wconf 89' lang='lat' dir='ltr'><strong>eo</strong></span> <span class='ocrx_word' id='word_1_459' title='bbox 520 5637 662 5707; x_wconf 82' lang='lat' dir='ltr'><strong>ligno</strong></span> <span class='ocrx_word' id='word_1_460' title='bbox 693 5642 835 5710; x_wconf 88' lang='lat' dir='ltr'><strong>quod</strong></span> <span class='ocrx_word' id='word_1_461' title='bbox 863 5648 1230 5695; x_wconf 89' lang='lat' dir='ltr'><strong>transversum</strong></span> <span class='ocrx_word' id='word_1_462' title='bbox 1259 5642 1485 5710; x_wconf 74' lang='lat' dir='ltr'><strong>desuper</strong></span> <span class='ocrx_word' id='word_1_463' title='bbox 1511 5642 1708 5711; x_wconf 80' lang='lat' dir='ltr'><strong>ﬁgitur,</strong></span> <span class='ocrx_word' id='word_1_464' title='bbox 1740 5643 1840 5697; x_wconf 82' lang='lat' dir='ltr'><strong>hoc</strong></span> <span class='ocrx_word' id='word_1_465' title='bbox 1864 5643 1929 5697; x_wconf 82' lang='lat' dir='ltr'><strong>ad</strong></span> 
     </span>
    </p>
   </div>
   <div class='ocr_carea' id='block_1_63' title="bbox 2060 456 3636 531">
    <p class='ocr_par' dir='ltr' id='par_1_63' title="bbox 2060 456 3636 531">
     <span class='ocr_line' id='line_1_63' title="bbox 2060 456 3636 531; baseline -0.003 -18"><span class='ocrx_word' id='word_1_466' title='bbox 2060 457 2360 529; x_wconf 77' lang='lat' dir='ltr'><strong>Longitudo</strong></span> <span class='ocrx_word' id='word_1_467' title='bbox 2389 460 2441 514; x_wconf 88' lang='lat' dir='ltr'><strong>in</strong></span> <span class='ocrx_word' id='word_1_468' title='bbox 2468 474 2533 515; x_wconf 89' lang='lat' dir='ltr'><strong>eo</strong></span> <span class='ocrx_word' id='word_1_469' title='bbox 2561 459 2704 531; x_wconf 87' lang='lat' dir='ltr'><strong>quod</strong></span> <span class='ocrx_word' id='word_1_470' title='bbox 2730 459 2797 515; x_wconf 90' lang='lat' dir='ltr'><strong>ab</strong></span> <span class='ocrx_word' id='word_1_471' title='bbox 2821 460 2937 529; x_wconf 84' lang='lat' dir='ltr'><strong>ipso</strong></span> <span class='ocrx_word' id='word_1_472' title='bbox 2960 458 3106 530; x_wconf 83' lang='lat' dir='ltr'><strong>ligno</strong></span> <span class='ocrx_word' id='word_1_473' title='bbox 3130 472 3298 527; x_wconf 88' lang='lat' dir='ltr'><strong>usque</strong></span> <span class='ocrx_word' id='word_1_474' title='bbox 3338 456 3407 511; x_wconf 88' lang='lat' dir='ltr'><strong>ad</strong></span> <span class='ocrx_word' id='word_1_475' title='bbox 3436 464 3636 511; x_wconf 87' lang='lat' dir='ltr'><strong>terram</strong></span> 
     </span>
    </p>
   </div>
   <div class='ocr_carea' id='block_1_64' title="bbox 2059 547 3639 622">
    <p class='ocr_par' dir='ltr' id='par_1_64' title="bbox 2059 547 3639 622">
     <span class='ocr_line' id='line_1_64' title="bbox 2059 547 3639 622; baseline -0.003 -16"><span class='ocrx_word' id='word_1_476' title='bbox 2059 552 2409 622; x_wconf 85' lang='lat' dir='ltr'><strong>conspicuum</strong></span> <span class='ocrx_word' id='word_1_477' title='bbox 2439 559 2541 607; x_wconf 89' lang='lat' dir='ltr'><strong>est.</strong></span> <span class='ocrx_word' id='word_1_478' title='bbox 2592 550 2669 606; x_wconf 84' lang='lat' dir='ltr'><strong>ibi</strong></span> <span class='ocrx_word' id='word_1_479' title='bbox 2716 552 2862 606; x_wconf 90' lang='lat' dir='ltr'><strong>enim</strong></span> <span class='ocrx_word' id='word_1_480' title='bbox 2905 549 3301 620; x_wconf 89' lang='lat' dir='ltr'><strong>quodammodo</strong></span> <span class='ocrx_word' id='word_1_481' title='bbox 3330 554 3534 615; x_wconf 90' lang='lat' dir='ltr'><strong>statur,</strong></span> <span class='ocrx_word' id='word_1_482' title='bbox 3586 547 3639 602; x_wconf 82' lang='lat' dir='ltr'><strong>id</strong></span> 
     </span>
    </p>
   </div>
   <div class='ocr_carea' id='block_1_65' title="bbox 2059 634 3639 712">
    <p class='ocr_par' dir='ltr' id='par_1_65' title="bbox 2059 634 3639 712">
     <span class='ocr_line' id='line_1_65' title="bbox 2059 634 3639 712; baseline -0.004 -17"><span class='ocrx_word' id='word_1_483' title='bbox 2059 649 2162 707; x_wconf 90' lang='lat' dir='ltr'><strong>est,</strong></span> <span class='ocrx_word' id='word_1_484' title='bbox 2186 641 2499 711; x_wconf 90' lang='lat' dir='ltr'><strong>persistitur</strong></span> <span class='ocrx_word' id='word_1_485' title='bbox 2522 647 2577 696; x_wconf 90' lang='lat' dir='ltr'><strong>et</strong></span> <span class='ocrx_word' id='word_1_486' title='bbox 2602 647 3002 712; x_wconf 82' lang='lat' dir='ltr'><strong>perseveratur,</strong></span> <span class='ocrx_word' id='word_1_487' title='bbox 3026 639 3118 694; x_wconf 88' lang='lat' dir='ltr'><strong>sed</strong></span> <span class='ocrx_word' id='word_1_488' title='bbox 3133 646 3191 693; x_wconf 91' lang='lat' dir='ltr'><strong>et</strong></span> <span class='ocrx_word' id='word_1_489' title='bbox 3205 637 3482 692; x_wconf 89' lang='lat' dir='ltr'><strong>tribuitur.</strong></span> <span class='ocrx_word' id='word_1_490' title='bbox 3505 634 3639 690; x_wconf 76' lang='lat' dir='ltr'><strong>Alu-</strong></span> 
     </span>
    </p>
   </div>
   <div class='ocr_carea' id='block_1_66' title="bbox 2026 728 3640 803">
    <p class='ocr_par' dir='ltr' id='par_1_66' title="bbox 2026 728 3640 803">
     <span class='ocr_line' id='line_1_66' title="bbox 2026 728 3640 803; baseline -0.004 -16"><span class='ocrx_word' id='word_1_491' title='bbox 2026 730 2027 733; x_wconf 59' lang='grc'><em>“</em></span> <span class='ocrx_word' id='word_1_492' title='bbox 2059 733 2187 787; x_wconf 88' lang='lat' dir='ltr'><strong>tudo</strong></span> <span class='ocrx_word' id='word_1_493' title='bbox 2207 740 2291 787; x_wconf 87' lang='lat' dir='ltr'><strong>est</strong></span> <span class='ocrx_word' id='word_1_494' title='bbox 2315 731 2368 785; x_wconf 91' lang='lat' dir='ltr'><strong>in</strong></span> <span class='ocrx_word' id='word_1_495' title='bbox 2391 746 2453 787; x_wconf 90' lang='lat' dir='ltr'><strong>ea</strong></span> <span class='ocrx_word' id='word_1_496' title='bbox 2480 730 2611 803; x_wconf 81' lang='lat' dir='ltr'><strong>ligni</strong></span> <span class='ocrx_word' id='word_1_497' title='bbox 2637 738 2812 800; x_wconf 87' lang='lat' dir='ltr'><strong>parte,</strong></span> <span class='ocrx_word' id='word_1_498' title='bbox 2839 744 2958 800; x_wconf 60' lang='lat' dir='ltr'><strong>quae</strong></span> <span class='ocrx_word' id='word_1_499' title='bbox 2982 731 3050 784; x_wconf 88' lang='lat' dir='ltr'><strong>ab</strong></span> <span class='ocrx_word' id='word_1_500' title='bbox 3078 728 3170 783; x_wconf 90' lang='lat' dir='ltr'><strong>illo</strong></span> <span class='ocrx_word' id='word_1_501' title='bbox 3196 728 3337 798; x_wconf 89' lang='lat' dir='ltr'><strong>quod</strong></span> <span class='ocrx_word' id='word_1_502' title='bbox 3368 736 3640 783; x_wconf 84' lang='lat' dir='ltr'><strong>transver-</strong></span> 
     </span>
    </p>
   </div>
   <div class='ocr_carea' id='block_1_67' title="bbox 2058 815 3711 892">
    <p class='ocr_par' dir='ltr' id='par_1_67' title="bbox 2058 815 3711 892">
     <span class='ocr_line' id='line_1_67' title="bbox 2058 815 3711 892; baseline -0.004 -16"><span class='ocrx_word' id='word_1_503' title='bbox 2058 837 2176 876; x_wconf 89' lang='lat' dir='ltr'><strong>sum</strong></span> <span class='ocrx_word' id='word_1_504' title='bbox 2214 821 2394 892; x_wconf 85' lang='lat' dir='ltr'><strong>ﬁgitur</strong></span> <span class='ocrx_word' id='word_1_505' title='bbox 2429 835 2642 874; x_wconf 87' lang='lat' dir='ltr'><strong>sursum</strong></span> <span class='ocrx_word' id='word_1_506' title='bbox 2669 832 2861 875; x_wconf 88' lang='lat' dir='ltr'><strong>versus</strong></span> <span class='ocrx_word' id='word_1_507' title='bbox 2896 817 3251 888; x_wconf 89' lang='lat' dir='ltr'><strong>relinquitur,</strong></span> <span class='ocrx_word' id='word_1_508' title='bbox 3288 818 3393 872; x_wconf 88' lang='lat' dir='ltr'><strong>hoc</strong></span> <span class='ocrx_word' id='word_1_509' title='bbox 3422 826 3527 879; x_wconf 86' lang='lat' dir='ltr'><strong>est,</strong></span> <span class='ocrx_word' id='word_1_510' title='bbox 3573 815 3639 870; x_wconf 87' lang='lat' dir='ltr'><strong>ad</strong></span> <span class='ocrx_word' id='word_1_511' title='bbox 3704 816 3711 819; x_wconf 76' lang='grc'><strong>’</strong></span> 
     </span>
    </p>
   </div>
   <div class='ocr_carea' id='block_1_68' title="bbox 2058 907 3639 982">
    <p class='ocr_par' dir='ltr' id='par_1_68' title="bbox 2058 907 3639 982">
     <span class='ocr_line' id='line_1_68' title="bbox 2058 907 3639 982; baseline -0.003 -17"><span class='ocrx_word' id='word_1_512' title='bbox 2058 918 2220 982; x_wconf 89' lang='lat' dir='ltr'><strong>caput</strong></span> <span class='ocrx_word' id='word_1_513' title='bbox 2240 907 2508 977; x_wconf 76' lang='lat' dir='ltr'><strong>cruciﬁxi,</strong></span> <span class='ocrx_word' id='word_1_514' title='bbox 2536 909 2663 979; x_wconf 86' lang='lat' dir='ltr'><strong>quia</strong></span> <span class='ocrx_word' id='word_1_515' title='bbox 2677 907 2816 964; x_wconf 87' lang='lat' dir='ltr'><strong>bene</strong></span> <span class='ocrx_word' id='word_1_516' title='bbox 2835 907 3169 980; x_wconf 89' lang='lat' dir='ltr'><strong>sperantium</strong></span> <span class='ocrx_word' id='word_1_517' title='bbox 3188 918 3418 976; x_wconf 84' lang='lat' dir='ltr'><strong>superna</strong></span> <span class='ocrx_word' id='word_1_518' title='bbox 3444 916 3639 975; x_wconf 81' lang='lat' dir='ltr'><strong>exspe-</strong></span> 
     </span>
    </p>
   </div>
   <div class='ocr_carea' id='block_1_69' title="bbox 2057 997 3645 1070">
    <p class='ocr_par' dir='ltr' id='par_1_69' title="bbox 2057 997 3645 1070">
     <span class='ocr_line' id='line_1_69' title="bbox 2057 997 3645 1070; baseline -0.006 -12"><span class='ocrx_word' id='word_1_519' title='bbox 2057 998 2222 1058; x_wconf 89' lang='lat' dir='ltr'><strong>ctatio</strong></span> <span class='ocrx_word' id='word_1_520' title='bbox 2248 1010 2347 1055; x_wconf 86' lang='lat' dir='ltr'><strong>est.</strong></span> <span class='ocrx_word' id='word_1_521' title='bbox 2394 1000 2514 1056; x_wconf 84' lang='lat' dir='ltr'><strong>Jam</strong></span> <span class='ocrx_word' id='word_1_522' title='bbox 2549 1016 2679 1056; x_wconf 87' lang='lat' dir='ltr'><strong>vero</strong></span> <span class='ocrx_word' id='word_1_523' title='bbox 2709 999 2839 1055; x_wconf 89' lang='lat' dir='ltr'><strong>illud</strong></span> <span class='ocrx_word' id='word_1_524' title='bbox 2874 1015 2941 1054; x_wconf 76' lang='lat' dir='ltr'><strong>ex</strong></span> <span class='ocrx_word' id='word_1_525' title='bbox 2971 997 3119 1070; x_wconf 89' lang='lat' dir='ltr'><strong>ligno</strong></span> <span class='ocrx_word' id='word_1_526' title='bbox 3154 997 3299 1067; x_wconf 90' lang='lat' dir='ltr'><strong>quod</strong></span> <span class='ocrx_word' id='word_1_527' title='bbox 3341 1012 3449 1051; x_wconf 91' lang='lat' dir='ltr'><strong>non</strong></span> <span class='ocrx_word' id='word_1_528' title='bbox 3478 1010 3645 1068; x_wconf 75' lang='lat' dir='ltr'><strong>appa-</strong></span> 
     </span>
    </p>
   </div>
   <div class='ocr_carea' id='block_1_70' title="bbox 2058 1089 3643 1163">
    <p class='ocr_par' dir='ltr' id='par_1_70' title="bbox 2058 1089 3643 1163">
     <span class='ocr_line' id='line_1_70' title="bbox 2058 1089 3643 1163; baseline -0.005 -15"><span class='ocrx_word' id='word_1_529' title='bbox 2058 1103 2141 1148; x_wconf 90' lang='lat' dir='ltr'><strong>ret</strong></span> <span class='ocrx_word' id='word_1_530' title='bbox 2159 1134 2175 1159; x_wconf 94' lang='lat'><strong>,</strong></span> <span class='ocrx_word' id='word_1_531' title='bbox 2217 1093 2357 1163; x_wconf 86' lang='lat' dir='ltr'><strong>quod</strong></span> <span class='ocrx_word' id='word_1_532' title='bbox 2385 1092 2550 1147; x_wconf 79' lang='lat' dir='ltr'><strong>ﬁxum</strong></span> <span class='ocrx_word' id='word_1_533' title='bbox 2579 1091 2903 1158; x_wconf 86' lang='lat' dir='ltr'><strong>occultatur,</strong></span> <span class='ocrx_word' id='word_1_534' title='bbox 2929 1092 3072 1146; x_wconf 92' lang='lat' dir='ltr'><strong>unde</strong></span> <span class='ocrx_word' id='word_1_535' title='bbox 3098 1098 3271 1146; x_wconf 89' lang='lat' dir='ltr'><strong>totum</strong></span> <span class='ocrx_word' id='word_1_536' title='bbox 3294 1089 3425 1144; x_wconf 87' lang='lat' dir='ltr'><strong>illud</strong></span> <span class='ocrx_word' id='word_1_537' title='bbox 3448 1101 3643 1143; x_wconf 75' lang='lat' dir='ltr'><strong>exsur-</strong></span> 
     </span>
    </p>
   </div>
   <div class='ocr_carea' id='block_1_71' title="bbox 2056 1166 3641 1253">
    <p class='ocr_par' dir='ltr' id='par_1_71' title="bbox 2056 1166 3641 1253">
     <span class='ocr_line' id='line_1_71' title="bbox 2056 1166 3641 1253; baseline -0.003 -18"><span class='ocrx_word' id='word_1_538' title='bbox 2056 1184 2160 1252; x_wconf 83' lang='lat' dir='ltr'><strong>git,</strong></span> <span class='ocrx_word' id='word_1_539' title='bbox 2197 1181 2616 1253; x_wconf 81' lang='lat' dir='ltr'><strong>profunditatem</strong></span> <span class='ocrx_word' id='word_1_540' title='bbox 2658 1180 2955 1252; x_wconf 78' lang='lat' dir='ltr'><strong>signiﬁcat,</strong></span> <span class='ocrx_word' id='word_1_541' title='bbox 2996 1180 3288 1251; x_wconf 81' lang='lat' dir='ltr'><strong>gratuitate</strong></span> <span class='ocrx_word' id='word_1_542' title='bbox 3312 1177 3528 1252; x_wconf 69' lang='lat' dir='ltr'><strong>gratim,</strong></span> <span class='ocrx_word' id='word_1_543' title='bbox 3583 1166 3641 1231; x_wconf 78' lang='lat' dir='ltr'><strong>in</strong></span> 
     </span>
    </p>
   </div>
   <div class='ocr_carea' id='block_1_72' title="bbox 2056 1270 3645 1345">
    <p class='ocr_par' dir='ltr' id='par_1_72' title="bbox 2056 1270 3645 1345">
     <span class='ocr_line' id='line_1_72' title="bbox 2056 1270 3645 1345; baseline -0.004 -14"><span class='ocrx_word' id='word_1_544' title='bbox 2056 1290 2163 1345; x_wconf 91' lang='lat' dir='ltr'><strong>quo</strong></span> <span class='ocrx_word' id='word_1_545' title='bbox 2185 1270 2474 1330; x_wconf 76' lang='lat' dir='ltr'><strong>multorum</strong></span> <span class='ocrx_word' id='word_1_546' title='bbox 2508 1273 2719 1344; x_wconf 84' lang='lat' dir='ltr'><strong>ingenia</strong></span> <span class='ocrx_word' id='word_1_547' title='bbox 2743 1281 3099 1329; x_wconf 79' lang='lat' dir='ltr'><strong>conteruntur</strong></span> <span class='ocrx_word' id='word_1_548' title='bbox 3118 1312 3134 1336; x_wconf 91' lang='lat'><strong>,</strong></span> <span class='ocrx_word' id='word_1_549' title='bbox 3168 1271 3222 1326; x_wconf 88' lang='lat' dir='ltr'><strong>id</strong></span> <span class='ocrx_word' id='word_1_550' title='bbox 3252 1270 3522 1341; x_wconf 83' lang='lat' dir='ltr'><strong>vestigare</strong></span> <span class='ocrx_word' id='word_1_551' title='bbox 3547 1284 3645 1324; x_wconf 89' lang='lat' dir='ltr'><strong>co-</strong></span> 
     </span>
    </p>
   </div>
   <div class='ocr_carea' id='block_1_73' title="bbox 2056 1360 3642 1432">
    <p class='ocr_par' dir='ltr' id='par_1_73' title="bbox 2056 1360 3642 1432">
     <span class='ocr_line' id='line_1_73' title="bbox 2056 1360 3642 1432; baseline -0.004 -11"><span class='ocrx_word' id='word_1_552' title='bbox 2056 1364 2348 1431; x_wconf 80' lang='lat' dir='ltr'><strong>nantia,&#39;ut</strong></span> <span class='ocrx_word' id='word_1_553' title='bbox 2372 1366 2439 1420; x_wconf 89' lang='lat' dir='ltr'><strong>ad</strong></span> <span class='ocrx_word' id='word_1_554' title='bbox 2466 1373 2771 1420; x_wconf 80' lang='lat' dir='ltr'><strong>extremum</strong></span> <span class='ocrx_word' id='word_1_555' title='bbox 2796 1362 2877 1419; x_wconf 90' lang='lat' dir='ltr'><strong>eis</strong></span> <span class='ocrx_word' id='word_1_556' title='bbox 2902 1363 3143 1418; x_wconf 88' lang='lat' dir='ltr'><strong>dicatur:</strong></span> <span class='ocrx_word' id='word_1_557' title='bbox 3177 1360 3222 1417; x_wconf 83' lang='grc' dir='ltr'><em>Ο</em></span> <span class='ocrx_word' id='word_1_558' title='bbox 3245 1362 3422 1427; x_wconf 78' lang='lat' dir='ltr'><strong>homo,</strong></span> <span class='ocrx_word' id='word_1_559' title='bbox 3448 1368 3504 1414; x_wconf 82' lang='lat' dir='ltr'><strong>tu</strong></span> <span class='ocrx_word' id='word_1_560' title='bbox 3523 1361 3642 1432; x_wconf 76' lang='lat' dir='ltr'><strong>quis</strong></span> 
     </span>
    </p>
   </div>
   <div class='ocr_carea' id='block_1_74' title="bbox 2056 1454 3027 1530">
    <p class='ocr_par' dir='ltr' id='par_1_74' title="bbox 2056 1454 3027 1530">
     <span class='ocr_line' id='line_1_74' title="bbox 2056 1454 3027 1530; baseline -0.004 -17"><span class='ocrx_word' id='word_1_561' title='bbox 2056 1476 2132 1523; x_wconf 85' lang='lat' dir='ltr'><strong>es,</strong></span> <span class='ocrx_word' id='word_1_562' title='bbox 2162 1469 2217 1513; x_wconf 78' lang='lat' dir='ltr'><strong>ut</strong></span> <span class='ocrx_word' id='word_1_563' title='bbox 2254 1456 2567 1530; x_wconf 74' lang='lat' dir='ltr'><strong>respondeas</strong></span> <span class='ocrx_word' id='word_1_564' title='bbox 2595 1455 2703 1511; x_wconf 84' lang='lat' dir='ltr'><strong>Deo</strong></span> <span class='ocrx_word' id='word_1_565' title='bbox 2731 1454 2907 1528; x_wconf 80' lang='lat' dir='ltr'><strong>(Rom.</strong></span> <span class='ocrx_word' id='word_1_566' title='bbox 2949 1455 3027 1528; x_wconf 77' lang='lat' dir='ltr'><strong>ix)</strong></span> 
     </span>
    </p>
   </div>
   <div class='ocr_carea' id='block_1_75' title="bbox 2126 1538 3643 1618">
    <p class='ocr_par' dir='ltr' id='par_1_75' title="bbox 2126 1538 3643 1618">
     <span class='ocr_line' id='line_1_75' title="bbox 2126 1538 3643 1618; baseline -0.003 -15"><span class='ocrx_word' id='word_1_567' title='bbox 2126 1548 2195 1603; x_wconf 82' lang='lat' dir='ltr'><strong>Ei</strong></span> <span class='ocrx_word' id='word_1_568' title='bbox 2221 1558 2396 1605; x_wconf 64' lang='lat' dir='ltr'><strong>aettem</strong></span> <span class='ocrx_word' id='word_1_569' title='bbox 2440 1548 2530 1618; x_wconf 84' lang='lat' dir='ltr'><strong>qui</strong></span> <span class='ocrx_word' id='word_1_570' title='bbox 2577 1556 2756 1617; x_wconf 81' lang='lat' dir='ltr'><strong>potens</strong></span> <span class='ocrx_word' id='word_1_571' title='bbox 2798 1555 2872 1601; x_wconf 83' lang='lat' dir='ltr'><strong>est</strong></span> <span class='ocrx_word' id='word_1_572' title='bbox 2896 1585 2913 1611; x_wconf 90' lang='lat'><strong>,</strong></span> <span class='ocrx_word' id='word_1_573' title='bbox 2954 1554 3059 1600; x_wconf 89' lang='lat' dir='ltr'><strong>etc.</strong></span> <span class='ocrx_word' id='word_1_574' title='bbox 3095 1538 3193 1617; x_wconf 79' lang='lat' dir='ltr'><strong>(Ex</strong></span> <span class='ocrx_word' id='word_1_575' title='bbox 3226 1542 3471 1617; x_wconf 80' lang='lat' dir='ltr'><strong>Hieron.)</strong></span> <span class='ocrx_word' id='word_1_576' title='bbox 3525 1542 3643 1599; x_wconf 80' lang='lat' dir='ltr'><strong>Hoc</strong></span> 
     </span>
    </p>
   </div>
   <div class='ocr_carea' id='block_1_76' title="bbox 2055 1620 3643 1709">
    <p class='ocr_par' dir='ltr' id='par_1_76' title="bbox 2055 1620 3643 1709">
     <span class='ocr_line' id='line_1_76' title="bbox 2055 1620 3643 1709; baseline -0.003 -15"><span class='ocrx_word' id='word_1_577' title='bbox 2055 1640 2344 1695; x_wconf 87' lang='lat' dir='ltr'><strong>ostemlens</strong></span> <span class='ocrx_word' id='word_1_578' title='bbox 2398 1654 2455 1694; x_wconf 89' lang='lat' dir='ltr'><strong>se</strong></span> <span class='ocrx_word' id='word_1_579' title='bbox 2492 1638 2710 1709; x_wconf 89' lang='lat' dir='ltr'><strong>quidem</strong></span> <span class='ocrx_word' id='word_1_580' title='bbox 2742 1635 2898 1707; x_wconf 85' lang='lat' dir='ltr'><strong>juxta</strong></span> <span class='ocrx_word' id='word_1_581' title='bbox 2941 1620 3364 1692; x_wconf 74' lang='lat' dir='ltr'><strong>imbecillitatem</strong></span> <span class='ocrx_word' id='word_1_582' title='bbox 3402 1635 3643 1691; x_wconf 84' lang='lat' dir='ltr'><strong>hominis</strong></span> 
     </span>
    </p>
   </div>
   <div class='ocr_carea' id='block_1_77' title="bbox 2055 1724 3644 1800">
    <p class='ocr_par' dir='ltr' id='par_1_77' title="bbox 2055 1724 3644 1800">
     <span class='ocr_line' id='line_1_77' title="bbox 2055 1724 3644 1800; baseline -0.001 -16"><span class='ocrx_word' id='word_1_583' title='bbox 2055 1730 2387 1800; x_wconf 87' lang='lat' dir='ltr'><strong>postulasse,</strong></span> <span class='ocrx_word' id='word_1_584' title='bbox 2424 1744 2543 1800; x_wconf 78' lang='lat' dir='ltr'><strong>quae</strong></span> <span class='ocrx_word' id='word_1_585' title='bbox 2572 1729 2653 1784; x_wconf 90' lang='lat' dir='ltr'><strong>eis</strong></span> <span class='ocrx_word' id='word_1_586' title='bbox 2684 1726 3042 1783; x_wconf 90' lang='lat' dir='ltr'><strong>conducibilia</strong></span> <span class='ocrx_word' id='word_1_587' title='bbox 3082 1726 3423 1782; x_wconf 85' lang='lat' dir='ltr'><strong>videbantur.</strong></span> <span class='ocrx_word' id='word_1_588' title='bbox 3470 1724 3644 1782; x_wconf 68' lang='lat' dir='ltr'><strong>Crete-</strong></span> 
     </span>
    </p>
   </div>
   <div class='ocr_carea' id='block_1_78' title="bbox 2057 1815 3643 1890">
    <p class='ocr_par' dir='ltr' id='par_1_78' title="bbox 2057 1815 3643 1890">
     <span class='ocr_line' id='line_1_78' title="bbox 2057 1815 3643 1890; baseline -0.003 -14"><span class='ocrx_word' id='word_1_589' title='bbox 2057 1837 2174 1877; x_wconf 91' lang='lat' dir='ltr'><strong>rum</strong></span> <span class='ocrx_word' id='word_1_590' title='bbox 2198 1828 2456 1890; x_wconf 87' lang='lat' dir='ltr'><strong>quantum</strong></span> <span class='ocrx_word' id='word_1_591' title='bbox 2489 1817 2556 1873; x_wconf 89' lang='lat' dir='ltr'><strong>ad</strong></span> <span class='ocrx_word' id='word_1_592' title='bbox 2597 1818 2678 1872; x_wconf 89' lang='lat' dir='ltr'><strong>rei</strong></span> <span class='ocrx_word' id='word_1_593' title='bbox 2712 1816 2880 1887; x_wconf 88' lang='lat' dir='ltr'><strong>ipsius</strong></span> <span class='ocrx_word' id='word_1_594' title='bbox 2908 1815 3143 1889; x_wconf 88' lang='lat' dir='ltr'><strong>pertinet</strong></span> <span class='ocrx_word' id='word_1_595' title='bbox 3183 1816 3469 1871; x_wconf 83' lang='lat' dir='ltr'><strong>veritatem</strong></span> <span class='ocrx_word' id='word_1_596' title='bbox 3521 1815 3643 1887; x_wconf 81' lang='lat' dir='ltr'><strong>plus</strong></span> 
     </span>
    </p>
   </div>
   <div class='ocr_carea' id='block_1_79' title="bbox 2055 1907 3641 1979">
    <p class='ocr_par' dir='ltr' id='par_1_79' title="bbox 2055 1907 3641 1979">
     <span class='ocr_line' id='line_1_79' title="bbox 2055 1907 3641 1979; baseline -0.004 -11"><span class='ocrx_word' id='word_1_597' title='bbox 2055 1913 2222 1969; x_wconf 82' lang='lat' dir='ltr'><strong>Deum</strong></span> <span class='ocrx_word' id='word_1_598' title='bbox 2247 1911 2427 1967; x_wconf 87' lang='lat' dir='ltr'><strong>valere</strong></span> <span class='ocrx_word' id='word_1_599' title='bbox 2457 1911 2713 1974; x_wconf 79' lang='lat' dir='ltr'><strong>tribuere,</strong></span> <span class='ocrx_word' id='word_1_600' title='bbox 2741 1924 2904 1979; x_wconf 89' lang='lat' dir='ltr'><strong>quam</strong></span> <span class='ocrx_word' id='word_1_601' title='bbox 2933 1918 3172 1979; x_wconf 79' lang='lat' dir='ltr'><strong>rogatur.</strong></span> <span class='ocrx_word' id='word_1_602' title='bbox 3223 1907 3511 1963; x_wconf 58' lang='lat' dir='ltr'><strong>Pratstahit</strong></span> <span class='ocrx_word' id='word_1_603' title='bbox 3541 1909 3641 1979; x_wconf 88' lang='lat' dir='ltr'><strong>igi-</strong></span> 
     </span>
    </p>
   </div>
   <div class='ocr_carea' id='block_1_80' title="bbox 2056 1996 3640 2071">
    <p class='ocr_par' dir='ltr' id='par_1_80' title="bbox 2056 1996 3640 2071">
     <span class='ocr_line' id='line_1_80' title="bbox 2056 1996 3640 2071; baseline -0.003 -16"><span class='ocrx_word' id='word_1_604' title='bbox 2056 2010 2144 2055; x_wconf 89' lang='lat' dir='ltr'><strong>tur</strong></span> <span class='ocrx_word' id='word_1_605' title='bbox 2172 2016 2333 2071; x_wconf 91' lang='lat' dir='ltr'><strong>super</strong></span> <span class='ocrx_word' id='word_1_606' title='bbox 2354 2015 2513 2070; x_wconf 85' lang='lat' dir='ltr'><strong>quam</strong></span> <span class='ocrx_word' id='word_1_607' title='bbox 2543 1998 2775 2069; x_wconf 87' lang='lat' dir='ltr'><strong>petimus</strong></span> <span class='ocrx_word' id='word_1_608' title='bbox 2801 2006 2894 2052; x_wconf 90' lang='lat' dir='ltr'><strong>aut</strong></span> <span class='ocrx_word' id='word_1_609' title='bbox 2921 1996 3302 2068; x_wconf 81' lang='lat' dir='ltr'><strong>intelligimus.</strong></span> <span class='ocrx_word' id='word_1_610' title='bbox 3338 1997 3640 2052; x_wconf 80' lang='lat' dir='ltr'><strong>secundum</strong></span> 
     </span>
    </p>
   </div>
   <div class='ocr_carea' id='block_1_81' title="bbox 2053 2088 3167 2161">
    <p class='ocr_par' dir='ltr' id='par_1_81' title="bbox 2053 2088 3167 2161">
     <span class='ocr_line' id='line_1_81' title="bbox 2053 2088 3167 2161; baseline -0.003 -15"><span class='ocrx_word' id='word_1_611' title='bbox 2053 2107 2173 2146; x_wconf 91' lang='lat' dir='ltr'><strong>eam</strong></span> <span class='ocrx_word' id='word_1_612' title='bbox 2202 2091 2456 2145; x_wconf 88' lang='lat' dir='ltr'><strong>virtutem</strong></span> <span class='ocrx_word' id='word_1_613' title='bbox 2484 2107 2605 2161; x_wconf 75' lang='lat' dir='ltr'><strong>qum</strong></span> <span class='ocrx_word' id='word_1_614' title='bbox 2634 2098 2888 2161; x_wconf 88' lang='lat' dir='ltr'><strong>operatur</strong></span> <span class='ocrx_word' id='word_1_615' title='bbox 2914 2091 2967 2144; x_wconf 88' lang='lat' dir='ltr'><strong>in</strong></span> <span class='ocrx_word' id='word_1_616' title='bbox 2990 2088 3167 2145; x_wconf 90' lang='lat' dir='ltr'><strong>nobis.</strong></span> 
     </span>
    </p>
   </div>
   <div class='ocr_carea' id='block_1_82' title="bbox 2126 2179 3641 2256">
    <p class='ocr_par' dir='ltr' id='par_1_82' title="bbox 2126 2179 3641 2256">
     <span class='ocr_line' id='line_1_82' title="bbox 2126 2179 3641 2256; baseline -0.001 -19"><span class='ocrx_word' id='word_1_617' title='bbox 2126 2183 2238 2256; x_wconf 84' lang='lat' dir='ltr'><strong>Ipsi</strong></span> <span class='ocrx_word' id='word_1_618' title='bbox 2266 2183 2435 2254; x_wconf 80' lang='lat' dir='ltr'><strong>gloria</strong></span> <span class='ocrx_word' id='word_1_619' title='bbox 2468 2185 2525 2239; x_wconf 84' lang='lat' dir='ltr'><strong>in</strong></span> <span class='ocrx_word' id='word_1_620' title='bbox 2549 2183 2790 2249; x_wconf 77' lang='lat' dir='ltr'><strong>ecclesia,</strong></span> <span class='ocrx_word' id='word_1_621' title='bbox 2820 2190 2926 2238; x_wconf 90' lang='lat' dir='ltr'><strong>etc.</strong></span> <span class='ocrx_word' id='word_1_622' title='bbox 2957 2182 3061 2255; x_wconf 88' lang='lat' dir='ltr'><strong>Ipsi</strong></span> <span class='ocrx_word' id='word_1_623' title='bbox 3085 2182 3269 2251; x_wconf 86' lang='lat' dir='ltr'><strong>itaque</strong></span> <span class='ocrx_word' id='word_1_624' title='bbox 3290 2181 3402 2237; x_wconf 85' lang='lat' dir='ltr'><strong>Deo</strong></span> <span class='ocrx_word' id='word_1_625' title='bbox 3436 2182 3507 2237; x_wconf 87' lang='lat' dir='ltr'><strong>sit</strong></span> <span class='ocrx_word' id='word_1_626' title='bbox 3527 2179 3641 2251; x_wconf 85' lang='lat' dir='ltr'><strong>glo-</strong></span> 
     </span>
    </p>
   </div>
   <div class='ocr_carea' id='block_1_83' title="bbox 2055 2270 3642 2346">
    <p class='ocr_par' dir='ltr' id='par_1_83' title="bbox 2055 2270 3642 2346">
     <span class='ocr_line' id='line_1_83' title="bbox 2055 2270 3642 2346; baseline -0.003 -15"><span class='ocrx_word' id='word_1_627' title='bbox 2055 2275 2168 2340; x_wconf 90' lang='lat' dir='ltr'><strong>ria,</strong></span> <span class='ocrx_word' id='word_1_628' title='bbox 2195 2275 2432 2346; x_wconf 89' lang='lat' dir='ltr'><strong>primum</strong></span> <span class='ocrx_word' id='word_1_629' title='bbox 2458 2272 2511 2329; x_wconf 93' lang='lat' dir='ltr'><strong>in</strong></span> <span class='ocrx_word' id='word_1_630' title='bbox 2543 2274 2775 2329; x_wconf 89' lang='lat' dir='ltr'><strong>ecclesia</strong></span> <span class='ocrx_word' id='word_1_631' title='bbox 2802 2288 2923 2342; x_wconf 79' lang='lat' dir='ltr'><strong>qua:</strong></span> <span class='ocrx_word' id='word_1_632' title='bbox 2956 2282 3039 2328; x_wconf 88' lang='lat' dir='ltr'><strong>est</strong></span> <span class='ocrx_word' id='word_1_633' title='bbox 3070 2289 3258 2344; x_wconf 88' lang='lat' dir='ltr'><strong>supra,</strong></span> <span class='ocrx_word' id='word_1_634' title='bbox 3285 2288 3394 2327; x_wconf 91' lang='lat' dir='ltr'><strong>non</strong></span> <span class='ocrx_word' id='word_1_635' title='bbox 3432 2270 3642 2327; x_wconf 81' lang='lat' dir='ltr'><strong>habens</strong></span> 
     </span>
    </p>
   </div>
   <div class='ocr_carea' id='block_1_84' title="bbox 2055 2360 3641 2443">
    <p class='ocr_par' dir='ltr' id='par_1_84' title="bbox 2055 2360 3641 2443">
     <span class='ocr_line' id='line_1_84' title="bbox 2055 2360 3641 2443; baseline -0.001 -25"><span class='ocrx_word' id='word_1_636' title='bbox 2055 2363 2343 2427; x_wconf 88' lang='lat' dir='ltr'><strong>maculam,</strong></span> <span class='ocrx_word' id='word_1_637' title='bbox 2389 2378 2561 2432; x_wconf 88' lang='lat' dir='ltr'><strong>neque</strong></span> <span class='ocrx_word' id='word_1_638' title='bbox 2597 2377 2810 2433; x_wconf 83' lang='lat' dir='ltr'><strong>rugam,</strong></span> <span class='ocrx_word' id='word_1_639' title='bbox 2856 2371 2909 2418; x_wconf 92' lang='lat' dir='ltr'><strong>et</strong></span> <span class='ocrx_word' id='word_1_640' title='bbox 2941 2377 3060 2433; x_wconf 64' lang='lat' dir='ltr'><strong>quae</strong></span> <span class='ocrx_word' id='word_1_641' title='bbox 3093 2370 3378 2434; x_wconf 90' lang='lat' dir='ltr'><strong>propterea</strong></span> <span class='ocrx_word' id='word_1_642' title='bbox 3413 2360 3641 2443; x_wconf 82' lang='lat' dir='ltr'><strong>gloriam</strong></span> 
     </span>
    </p>
   </div>
   <div class='ocr_carea' id='block_1_85' title="bbox 2054 2452 3640 2525">
    <p class='ocr_par' dir='ltr' id='par_1_85' title="bbox 2054 2452 3640 2525">
     <span class='ocr_line' id='line_1_85' title="bbox 2054 2452 3640 2525; baseline -0.001 -14"><span class='ocrx_word' id='word_1_643' title='bbox 2054 2455 2150 2511; x_wconf 87' lang='lat' dir='ltr'><strong>Dei</strong></span> <span class='ocrx_word' id='word_1_644' title='bbox 2180 2454 2416 2523; x_wconf 86' lang='lat' dir='ltr'><strong>recipere</strong></span> <span class='ocrx_word' id='word_1_645' title='bbox 2447 2462 2642 2525; x_wconf 87' lang='lat' dir='ltr'><strong>potest,</strong></span> <span class='ocrx_word' id='word_1_646' title='bbox 2690 2453 2819 2525; x_wconf 91' lang='lat' dir='ltr'><strong>quia</strong></span> <span class='ocrx_word' id='word_1_647' title='bbox 2842 2469 3035 2525; x_wconf 90' lang='lat' dir='ltr'><strong>corpus</strong></span> <span class='ocrx_word' id='word_1_648' title='bbox 3062 2462 3147 2509; x_wconf 83' lang='lat' dir='ltr'><strong>est</strong></span> <span class='ocrx_word' id='word_1_649' title='bbox 3169 2452 3372 2511; x_wconf 88' lang='lat' dir='ltr'><strong>Christi</strong></span> <span class='ocrx_word' id='word_1_650' title='bbox 3393 2494 3411 2519; x_wconf 93' lang='lat'><strong>,</strong></span> <span class='ocrx_word' id='word_1_651' title='bbox 3443 2452 3640 2509; x_wconf 89' lang='lat' dir='ltr'><strong>deinde</strong></span> 
     </span>
    </p>
   </div>
   <div class='ocr_carea' id='block_1_86' title="bbox 2054 2541 3636 2615">
    <p class='ocr_par' dir='ltr' id='par_1_86' title="bbox 2054 2541 3636 2615">
     <span class='ocr_line' id='line_1_86' title="bbox 2054 2541 3636 2615; baseline -0.001 -15"><span class='ocrx_word' id='word_1_652' title='bbox 2054 2548 2108 2600; x_wconf 91' lang='lat' dir='ltr'><strong>in</strong></span> <span class='ocrx_word' id='word_1_653' title='bbox 2147 2544 2362 2601; x_wconf 90' lang='lat' dir='ltr'><strong>Christo</strong></span> <span class='ocrx_word' id='word_1_654' title='bbox 2389 2541 2537 2608; x_wconf 84' lang='lat' dir='ltr'><strong>Jesu,</strong></span> <span class='ocrx_word' id='word_1_655' title='bbox 2576 2545 2703 2612; x_wconf 89' lang='lat' dir='ltr'><strong>quia</strong></span> <span class='ocrx_word' id='word_1_656' title='bbox 2730 2542 2785 2598; x_wconf 91' lang='lat' dir='ltr'><strong>in</strong></span> <span class='ocrx_word' id='word_1_657' title='bbox 2822 2560 3045 2615; x_wconf 83' lang='lat' dir='ltr'><strong>corpore</strong></span> <span class='ocrx_word' id='word_1_658' title='bbox 3074 2544 3341 2614; x_wconf 91' lang='lat' dir='ltr'><strong>assumpti</strong></span> <span class='ocrx_word' id='word_1_659' title='bbox 3378 2544 3636 2607; x_wconf 87' lang='lat' dir='ltr'><strong>hominis,</strong></span> 
     </span>
    </p>
   </div>
   <div class='ocr_carea' id='block_1_87' title="bbox 2054 2633 3642 2706">
    <p class='ocr_par' dir='ltr' id='par_1_87' title="bbox 2054 2633 3642 2706">
     <span class='ocr_line' id='line_1_87' title="bbox 2054 2633 3642 2706; baseline 0.003 -17"><span class='ocrx_word' id='word_1_660' title='bbox 2054 2635 2207 2706; x_wconf 87' lang='lat' dir='ltr'><strong>cujus</strong></span> <span class='ocrx_word' id='word_1_661' title='bbox 2233 2642 2357 2689; x_wconf 90' lang='lat' dir='ltr'><strong>sunt</strong></span> <span class='ocrx_word' id='word_1_662' title='bbox 2385 2634 2635 2688; x_wconf 88' lang='lat' dir='ltr'><strong>universa</strong></span> <span class='ocrx_word' id='word_1_663' title='bbox 2666 2633 2908 2689; x_wconf 88' lang='lat' dir='ltr'><strong>membra</strong></span> <span class='ocrx_word' id='word_1_664' title='bbox 2945 2635 3300 2704; x_wconf 87' lang='lat' dir='ltr'><strong>credentium,</strong></span> <span class='ocrx_word' id='word_1_665' title='bbox 3343 2634 3518 2692; x_wconf 89' lang='lat' dir='ltr'><strong>omnis</strong></span> <span class='ocrx_word' id='word_1_666' title='bbox 3553 2634 3642 2693; x_wconf 83' lang='lat' dir='ltr'><strong>di-</strong></span> 
     </span>
    </p>
   </div>
   <div class='ocr_carea' id='block_1_88' title="bbox 2053 2726 3639 2800">
    <p class='ocr_par' dir='ltr' id='par_1_88' title="bbox 2053 2726 3639 2800">
     <span class='ocr_line' id='line_1_88' title="bbox 2053 2726 3639 2800; baseline 0.002 -18"><span class='ocrx_word' id='word_1_667' title='bbox 2053 2728 2251 2783; x_wconf 83' lang='lat' dir='ltr'><strong>vinitas</strong></span> <span class='ocrx_word' id='word_1_668' title='bbox 2276 2726 2660 2796; x_wconf 74' lang='lat' dir='ltr'><strong>corporaliter,</strong></span> <span class='ocrx_word' id='word_1_669' title='bbox 2696 2742 2817 2797; x_wconf 85' lang='lat' dir='ltr'><strong>quae</strong></span> <span class='ocrx_word' id='word_1_670' title='bbox 2853 2727 3068 2796; x_wconf 89' lang='lat' dir='ltr'><strong>quidem</strong></span> <span class='ocrx_word' id='word_1_671' title='bbox 3093 2727 3262 2798; x_wconf 88' lang='lat' dir='ltr'><strong>gloria</strong></span> <span class='ocrx_word' id='word_1_672' title='bbox 3288 2743 3397 2787; x_wconf 88' lang='lat' dir='ltr'><strong>non</strong></span> <span class='ocrx_word' id='word_1_673' title='bbox 3424 2726 3477 2784; x_wconf 93' lang='lat' dir='ltr'><strong>in</strong></span> <span class='ocrx_word' id='word_1_674' title='bbox 3500 2743 3639 2800; x_wconf 74' lang='lat' dir='ltr'><strong>prte-</strong></span> 
     </span>
    </p>
   </div>
   <div class='ocr_carea' id='block_1_89' title="bbox 2052 2814 3641 2889">
    <p class='ocr_par' dir='ltr' id='par_1_89' title="bbox 2052 2814 3641 2889">
     <span class='ocr_line' id='line_1_89' title="bbox 2052 2814 3641 2889; baseline -0.003 -13"><span class='ocrx_word' id='word_1_675' title='bbox 2052 2834 2179 2876; x_wconf 86' lang='lat' dir='ltr'><strong>seus</strong></span> <span class='ocrx_word' id='word_1_676' title='bbox 2208 2828 2417 2874; x_wconf 84' lang='lat' dir='ltr'><strong>tantum</strong></span> <span class='ocrx_word' id='word_1_677' title='bbox 2462 2825 2673 2887; x_wconf 89' lang='lat' dir='ltr'><strong>tempus</strong></span> <span class='ocrx_word' id='word_1_678' title='bbox 2714 2818 3053 2889; x_wconf 68' lang='lat' dir='ltr'><strong>extenditur,</strong></span> <span class='ocrx_word' id='word_1_679' title='bbox 3102 2826 3157 2872; x_wconf 91' lang='lat' dir='ltr'><strong>et</strong></span> <span class='ocrx_word' id='word_1_680' title='bbox 3199 2814 3396 2873; x_wconf 76' lang='lat' dir='ltr'><strong>futuris</strong></span> <span class='ocrx_word' id='word_1_681' title='bbox 3428 2816 3641 2874; x_wconf 66' lang='lat' dir='ltr'><strong>saeculis</strong></span> 
     </span>
    </p>
   </div>
   <div class='ocr_carea' id='block_1_90' title="bbox 2052 2904 3640 2977">
    <p class='ocr_par' dir='ltr' id='par_1_90' title="bbox 2052 2904 3640 2977">
     <span class='ocr_line' id='line_1_90' title="bbox 2052 2904 3640 2977; baseline -0.001 -13"><span class='ocrx_word' id='word_1_682' title='bbox 2052 2907 2412 2973; x_wconf 89' lang='lat' dir='ltr'><strong>terminatur,</strong></span> <span class='ocrx_word' id='word_1_683' title='bbox 2460 2906 2554 2962; x_wconf 86' lang='lat' dir='ltr'><strong>sed</strong></span> <span class='ocrx_word' id='word_1_684' title='bbox 2585 2908 2640 2962; x_wconf 89' lang='lat' dir='ltr'><strong>in</strong></span> <span class='ocrx_word' id='word_1_685' title='bbox 2670 2904 2858 2962; x_wconf 80' lang='lat' dir='ltr'><strong>omnes</strong></span> <span class='ocrx_word' id='word_1_686' title='bbox 2886 2908 3260 2977; x_wconf 89' lang='lat' dir='ltr'><strong>generationes</strong></span> <span class='ocrx_word' id='word_1_687' title='bbox 3298 2908 3351 2963; x_wconf 93' lang='lat' dir='ltr'><strong>in</strong></span> <span class='ocrx_word' id='word_1_688' title='bbox 3383 2907 3640 2965; x_wconf 79' lang='lat' dir='ltr'><strong>szeculum</strong></span> 
     </span>
    </p>
   </div>
   <div class='ocr_carea' id='block_1_91' title="bbox 2053 2996 3639 3068">
    <p class='ocr_par' dir='ltr' id='par_1_91' title="bbox 2053 2996 3639 3068">
     <span class='ocr_line' id='line_1_91' title="bbox 2053 2996 3639 3068; baseline -0.003 -11"><span class='ocrx_word' id='word_1_689' title='bbox 2053 2999 2372 3057; x_wconf 66' lang='lat' dir='ltr'><strong>saeculorum</strong></span> <span class='ocrx_word' id='word_1_690' title='bbox 2422 2996 2678 3053; x_wconf 74' lang='lat' dir='ltr'><strong>inelfabili</strong></span> <span class='ocrx_word' id='word_1_691' title='bbox 2716 2998 3017 3055; x_wconf 71' lang='lat' dir='ltr'><strong>aeternitate</strong></span> <span class='ocrx_word' id='word_1_692' title='bbox 3052 3006 3364 3068; x_wconf 88' lang='lat' dir='ltr'><strong>permanet,</strong></span> <span class='ocrx_word' id='word_1_693' title='bbox 3417 3000 3639 3064; x_wconf 85' lang='lat' dir='ltr'><strong>crescit,</strong></span> 
     </span>
    </p>
   </div>
   <div class='ocr_carea' id='block_1_92' title="bbox 2054 3098 2299 3160">
    <p class='ocr_par' dir='ltr' id='par_1_92' title="bbox 2054 3098 2299 3160">
     <span class='ocr_line' id='line_1_92' title="bbox 2054 3098 2299 3160; baseline 0 -18"><span class='ocrx_word' id='word_1_694' title='bbox 2054 3098 2299 3160; x_wconf 78' lang='lat' dir='ltr'><strong>augetur.</strong></span> 
     </span>
    </p>
   </div>
   <div class='ocr_carea' id='block_1_93' title="bbox 2216 3194 3255 3257">
    <p class='ocr_par' dir='ltr' id='par_1_93' title="bbox 2216 3194 3255 3257">
     <span class='ocr_line' id='line_1_93' title="bbox 2216 3194 3255 3257; baseline 0.001 -23"><span class='ocrx_word' id='word_1_695' title='bbox 2216 3229 2249 3257; x_wconf 46' lang='grc' dir='ltr'>ι</span> <span class='ocrx_word' id='word_1_696' title='bbox 2442 3194 2777 3235; x_wconf 71' lang='grc' dir='ltr'><strong>ενΑΝςειιυιι</strong></span> <span class='ocrx_word' id='word_1_697' title='bbox 2807 3197 2978 3246; x_wconf 68' lang='grc' dir='ltr'><strong>ιυωε,</strong></span> <span class='ocrx_word' id='word_1_698' title='bbox 3010 3197 3128 3237; x_wconf 71' lang='lat' dir='ltr'><strong>CAP.</strong></span> <span class='ocrx_word' id='word_1_699' title='bbox 3160 3197 3255 3237; x_wconf 72' lang='grc' dir='ltr'><strong>γη.</strong></span> 
     </span>
    </p>
   </div>
   <div class='ocr_carea' id='block_1_94' title="bbox 2128 3265 3645 3339">
    <p class='ocr_par' dir='ltr' id='par_1_94' title="bbox 2128 3265 3645 3339">
     <span class='ocr_line' id='line_1_94' title="bbox 2128 3265 3645 3339; baseline 0.004 -20"><span class='ocrx_word' id='word_1_700' title='bbox 2128 3288 2146 3319; x_wconf 73' lang='grc' dir='ltr'>ι</span> <span class='ocrx_word' id='word_1_701' title='bbox 2190 3267 2306 3323; x_wconf 83' lang='lat' dir='ltr'><strong>lbat</strong></span> <span class='ocrx_word' id='word_1_702' title='bbox 2332 3265 2489 3323; x_wconf 87' lang='lat' dir='ltr'><strong>.lesus</strong></span> <span class='ocrx_word' id='word_1_703' title='bbox 2524 3268 2589 3323; x_wconf 88' lang='lat' dir='ltr'><strong>&#39;in</strong></span> <span class='ocrx_word' id='word_1_704' title='bbox 2625 3270 2899 3339; x_wconf 87' lang='lat' dir='ltr'><strong>civitatem</strong></span> <span class='ocrx_word' id='word_1_705' title='bbox 2943 3286 3064 3339; x_wconf 79' lang='lat' dir='ltr'><strong>qua:</strong></span> <span class='ocrx_word' id='word_1_706' title='bbox 3102 3282 3326 3326; x_wconf 84' lang='lat' dir='ltr'><strong>vocatur</strong></span> <span class='ocrx_word' id='word_1_707' title='bbox 3351 3268 3505 3326; x_wconf 81' lang='lat' dir='ltr'><strong>Naim</strong></span> <span class='ocrx_word' id='word_1_708' title='bbox 3532 3311 3552 3338; x_wconf 91' lang='lat'><strong>,</strong></span> <span class='ocrx_word' id='word_1_709' title='bbox 3586 3279 3645 3328; x_wconf 86' lang='lat' dir='ltr'><strong>et</strong></span> 
     </span>
    </p>
   </div>
   <div class='ocr_carea' id='block_1_95' title="bbox 2058 3357 3639 3430">
    <p class='ocr_par' dir='ltr' id='par_1_95' title="bbox 2058 3357 3639 3430">
     <span class='ocr_line' id='line_1_95' title="bbox 2058 3357 3639 3430; baseline 0.004 -20"><span class='ocrx_word' id='word_1_710' title='bbox 2058 3378 2077 3410; x_wconf 78' lang='grc' dir='ltr'>ι</span> <span class='ocrx_word' id='word_1_711' title='bbox 2114 3358 2264 3413; x_wconf 90' lang='lat' dir='ltr'><strong>ibant</strong></span> <span class='ocrx_word' id='word_1_712' title='bbox 2293 3373 2416 3414; x_wconf 91' lang='lat' dir='ltr'><strong>cum</strong></span> <span class='ocrx_word' id='word_1_713' title='bbox 2464 3357 2557 3415; x_wconf 85' lang='lat' dir='ltr'><strong>illo</strong></span> <span class='ocrx_word' id='word_1_714' title='bbox 2604 3358 2857 3430; x_wconf 89' lang='lat' dir='ltr'><strong>discipuli</strong></span> <span class='ocrx_word' id='word_1_715' title='bbox 2899 3358 3045 3428; x_wconf 86' lang='lat' dir='ltr'><strong>ejus,</strong></span> <span class='ocrx_word' id='word_1_716' title='bbox 3093 3367 3149 3417; x_wconf 89' lang='lat' dir='ltr'><strong>et</strong></span> <span class='ocrx_word' id='word_1_717' title='bbox 3191 3360 3348 3414; x_wconf 89' lang='lat' dir='ltr'><strong>turba</strong></span> <span class='ocrx_word' id='word_1_718' title='bbox 3393 3359 3639 3430; x_wconf 83' lang='lat' dir='ltr'><strong>copiosa.</strong></span> 
     </span>
    </p>
   </div>
   <div class='ocr_carea' id='block_1_96' title="bbox 2037 3439 3644 3519">
    <p class='ocr_par' dir='ltr' id='par_1_96' title="bbox 2037 3439 3644 3519">
     <span class='ocr_line' id='line_1_96' title="bbox 2037 3439 3644 3519; baseline 0.001 -16"><span class='ocrx_word' id='word_1_719' title='bbox 2037 3439 2075 3503; x_wconf 63' lang='grc' dir='ltr'>ἰ</span> <span class='ocrx_word' id='word_1_720' title='bbox 2110 3447 2244 3504; x_wconf 91' lang='lat' dir='ltr'><strong>Cum</strong></span> <span class='ocrx_word' id='word_1_721' title='bbox 2271 3454 2449 3503; x_wconf 89' lang='lat' dir='ltr'><strong>autem</strong></span> <span class='ocrx_word' id='word_1_722' title='bbox 2498 3448 2995 3519; x_wconf 87' lang='lat' dir='ltr'><strong>appropinquarent</strong></span> <span class='ocrx_word' id='word_1_723' title='bbox 3025 3455 3195 3518; x_wconf 67' lang='lat' dir='ltr'><strong>porta:</strong></span> <span class='ocrx_word' id='word_1_724' title='bbox 3221 3448 3479 3512; x_wconf 86' lang='lat' dir='ltr'><strong>civitatis,</strong></span> <span class='ocrx_word' id='word_1_725' title='bbox 3510 3463 3644 3505; x_wconf 83' lang='lat' dir='ltr'><strong>ecce</strong></span> 
     </span>
    </p>
   </div>
   <div class='ocr_carea' id='block_1_97' title="bbox 2055 3533 3646 3605">
    <p class='ocr_par' dir='ltr' id='par_1_97' title="bbox 2055 3533 3646 3605">
     <span class='ocr_line' id='line_1_97' title="bbox 2055 3533 3646 3605; baseline 0.002 -15"><span class='ocrx_word' id='word_1_726' title='bbox 2055 3557 2074 3590; x_wconf 72' lang='grc' dir='ltr'><strong><em>ι</em></strong></span> <span class='ocrx_word' id='word_1_727' title='bbox 2113 3536 2403 3593; x_wconf 83' lang='lat' dir='ltr'><strong>defunctus</strong></span> <span class='ocrx_word' id='word_1_728' title='bbox 2423 3533 2750 3592; x_wconf 72' lang='lat' dir='ltr'><strong>ell‘erebatur</strong></span> <span class='ocrx_word' id='word_1_729' title='bbox 2774 3578 2789 3604; x_wconf 96' lang='lat'><strong>,</strong></span> <span class='ocrx_word' id='word_1_730' title='bbox 2822 3536 2965 3593; x_wconf 89' lang='lat' dir='ltr'><strong>ﬁlius</strong></span> <span class='ocrx_word' id='word_1_731' title='bbox 2989 3539 3180 3594; x_wconf 89' lang='lat' dir='ltr'><strong>unicus</strong></span> <span class='ocrx_word' id='word_1_732' title='bbox 3210 3539 3397 3595; x_wconf 90' lang='lat' dir='ltr'><strong>matris</strong></span> <span class='ocrx_word' id='word_1_733' title='bbox 3423 3554 3555 3605; x_wconf 60' lang='lat' dir='ltr'><strong>suae,</strong></span> <span class='ocrx_word' id='word_1_734' title='bbox 3586 3549 3646 3593; x_wconf 87' lang='lat' dir='ltr'><strong>et</strong></span> 
     </span>
    </p>
   </div>
   <div class='ocr_carea' id='block_1_98' title="bbox 2055 3630 3639 3695">
    <p class='ocr_par' dir='ltr' id='par_1_98' title="bbox 2055 3630 3639 3695">
     <span class='ocr_line' id='line_1_98' title="bbox 2055 3630 3639 3695; baseline 0.002 -13"><span class='ocrx_word' id='word_1_735' title='bbox 2055 3650 2073 3682; x_wconf 77' lang='grc' dir='ltr'>ι</span> <span class='ocrx_word' id='word_1_736' title='bbox 2109 3632 2224 3686; x_wconf 65' lang='lat' dir='ltr'><strong>haec</strong></span> <span class='ocrx_word' id='word_1_737' title='bbox 2252 3630 2410 3686; x_wconf 86' lang='lat' dir='ltr'><strong>vidua</strong></span> <span class='ocrx_word' id='word_1_738' title='bbox 2442 3639 2593 3695; x_wconf 89' lang='lat' dir='ltr'><strong>erat,</strong></span> <span class='ocrx_word' id='word_1_739' title='bbox 2635 3638 2690 3684; x_wconf 89' lang='lat' dir='ltr'><strong>et</strong></span> <span class='ocrx_word' id='word_1_740' title='bbox 2714 3630 2871 3685; x_wconf 90' lang='lat' dir='ltr'><strong>turba</strong></span> <span class='ocrx_word' id='word_1_741' title='bbox 2914 3631 3149 3686; x_wconf 88' lang='lat' dir='ltr'><strong>civitatis</strong></span> <span class='ocrx_word' id='word_1_742' title='bbox 3189 3632 3355 3687; x_wconf 89' lang='lat' dir='ltr'><strong>multa</strong></span> <span class='ocrx_word' id='word_1_743' title='bbox 3397 3647 3519 3687; x_wconf 88' lang='lat' dir='ltr'><strong>cum</strong></span> <span class='ocrx_word' id='word_1_744' title='bbox 3550 3648 3639 3688; x_wconf 85' lang='lat' dir='ltr'><strong>ea.</strong></span> 
     </span>
    </p>
   </div>
   <div class='ocr_carea' id='block_1_99' title="bbox 2055 3717 3641 3790">
    <p class='ocr_par' dir='ltr' id='par_1_99' title="bbox 2055 3717 3641 3790">
     <span class='ocr_line' id='line_1_99' title="bbox 2055 3717 3641 3790; baseline -0.001 -15"><span class='ocrx_word' id='word_1_745' title='bbox 2055 3742 2073 3775; x_wconf 76' lang='grc' dir='ltr'>ι</span> <span class='ocrx_word' id='word_1_746' title='bbox 2107 3721 2277 3790; x_wconf 88' lang='lat' dir='ltr'><strong>Quam</strong></span> <span class='ocrx_word' id='word_1_747' title='bbox 2307 3736 2431 3777; x_wconf 89' lang='lat' dir='ltr'><strong>eum</strong></span> <span class='ocrx_word' id='word_1_748' title='bbox 2466 3721 2691 3776; x_wconf 85' lang='lat' dir='ltr'><strong>vidisset</strong></span> <span class='ocrx_word' id='word_1_749' title='bbox 2714 3717 2905 3784; x_wconf 82' lang='lat' dir='ltr'><strong>Jesus,</strong></span> <span class='ocrx_word' id='word_1_750' title='bbox 2936 3721 3305 3777; x_wconf 85' lang='lat' dir='ltr'><strong>misericordia</strong></span> <span class='ocrx_word' id='word_1_751' title='bbox 3347 3729 3523 3776; x_wconf 86' lang='lat' dir='ltr'><strong>motus</strong></span> <span class='ocrx_word' id='word_1_752' title='bbox 3543 3737 3641 3776; x_wconf 79' lang='lat' dir='ltr'><strong>su-</strong></span> 
     </span>
    </p>
   </div>
   <div class='ocr_carea' id='block_1_100' title="bbox 2055 3811 3645 3887">
    <p class='ocr_par' dir='ltr' id='par_1_100' title="bbox 2055 3811 3645 3887">
     <span class='ocr_line' id='line_1_100' title="bbox 2055 3811 3645 3887; baseline 0 -19"><span class='ocrx_word' id='word_1_753' title='bbox 2055 3835 2074 3868; x_wconf 77' lang='lat' dir='ltr'><strong>r</strong></span> <span class='ocrx_word' id='word_1_754' title='bbox 2110 3832 2206 3887; x_wconf 91' lang='lat' dir='ltr'><strong>per</strong></span> <span class='ocrx_word' id='word_1_755' title='bbox 2231 3831 2374 3879; x_wconf 84' lang='lat' dir='ltr'><strong>eam,</strong></span> <span class='ocrx_word' id='word_1_756' title='bbox 2411 3814 2550 3869; x_wconf 72' lang='lat' dir='ltr'><strong>dixit</strong></span> <span class='ocrx_word' id='word_1_757' title='bbox 2576 3811 2685 3867; x_wconf 88' lang='lat' dir='ltr'><strong>illi:</strong></span> <span class='ocrx_word' id='word_1_758' title='bbox 2727 3811 2845 3867; x_wconf 80' lang='lat' dir='ltr'><strong>Noli</strong></span> <span class='ocrx_word' id='word_1_759' title='bbox 2878 3811 3025 3879; x_wconf 85' lang='lat' dir='ltr'><strong>ﬁere.</strong></span> <span class='ocrx_word' id='word_1_760' title='bbox 3071 3813 3139 3867; x_wconf 80' lang='lat' dir='ltr'><strong>Et</strong></span> <span class='ocrx_word' id='word_1_761' title='bbox 3179 3814 3411 3869; x_wconf 89' lang='lat' dir='ltr'><strong>accessit</strong></span> <span class='ocrx_word' id='word_1_762' title='bbox 3432 3814 3645 3868; x_wconf 66' lang='lat' dir='ltr'><strong>et‘teti—</strong></span> 
     </span>
    </p>
   </div>
   <div class='ocr_carea' id='block_1_101' title="bbox 2054 3907 3642 3982">
    <p class='ocr_par' dir='ltr' id='par_1_101' title="bbox 2054 3907 3642 3982">
     <span class='ocr_line' id='line_1_101' title="bbox 2054 3907 3642 3982; baseline 0.001 -22"><span class='ocrx_word' id='word_1_763' title='bbox 2054 3928 2073 3960; x_wconf 72' lang='grc' dir='ltr'>ι</span> <span class='ocrx_word' id='word_1_764' title='bbox 2109 3911 2187 3982; x_wconf 79' lang='lat' dir='ltr'><strong>git</strong></span> <span class='ocrx_word' id='word_1_765' title='bbox 2219 3907 2476 3963; x_wconf 86' lang='lat' dir='ltr'><strong>loculum.</strong></span> <span class='ocrx_word' id='word_1_766' title='bbox 2521 3907 2586 3962; x_wconf 89' lang='lat' dir='ltr'><strong>lli</strong></span> <span class='ocrx_word' id='word_1_767' title='bbox 2622 3916 2804 3962; x_wconf 91' lang='lat' dir='ltr'><strong>autem</strong></span> <span class='ocrx_word' id='word_1_768' title='bbox 2844 3907 2937 3977; x_wconf 92' lang='lat' dir='ltr'><strong>qui</strong></span> <span class='ocrx_word' id='word_1_769' title='bbox 2976 3907 3299 3980; x_wconf 84' lang='lat' dir='ltr'><strong>portabant,</strong></span> <span class='ocrx_word' id='word_1_770' title='bbox 3342 3914 3642 3971; x_wconf 87' lang='lat' dir='ltr'><strong>steterunt,</strong></span> 
     </span>
    </p>
   </div>
   <div class='ocr_carea' id='block_1_102' title="bbox 2054 3999 3641 4073">
    <p class='ocr_par' dir='ltr' id='par_1_102' title="bbox 2054 3999 3641 4073">
     <span class='ocr_line' id='line_1_102' title="bbox 2054 3999 3641 4073; baseline -0.001 -18"><span class='ocrx_word' id='word_1_771' title='bbox 2054 4023 2071 4055; x_wconf 75' lang='grc' dir='ltr'>ι</span> <span class='ocrx_word' id='word_1_772' title='bbox 2111 4014 2164 4060; x_wconf 90' lang='lat' dir='ltr'><strong>et</strong></span> <span class='ocrx_word' id='word_1_773' title='bbox 2191 4005 2266 4058; x_wconf 89' lang='lat' dir='ltr'><strong>ait</strong></span> <span class='ocrx_word' id='word_1_774' title='bbox 2292 4022 2303 4057; x_wconf 90' lang='lat'><strong>:</strong></span> <span class='ocrx_word' id='word_1_775' title='bbox 2329 4002 2691 4066; x_wconf 86' lang='lat' dir='ltr'><strong>Adolescens,</strong></span> <span class='ocrx_word' id='word_1_776' title='bbox 2723 4002 2817 4056; x_wconf 88' lang='lat' dir='ltr'><strong>tibi</strong></span> <span class='ocrx_word' id='word_1_777' title='bbox 2841 4002 2983 4067; x_wconf 90' lang='lat' dir='ltr'><strong>dico,</strong></span> <span class='ocrx_word' id='word_1_778' title='bbox 3016 4017 3194 4073; x_wconf 81' lang='lat' dir='ltr'><strong>surge.</strong></span> <span class='ocrx_word' id='word_1_779' title='bbox 3224 4000 3292 4056; x_wconf 85' lang='lat' dir='ltr'><strong>Et</strong></span> <span class='ocrx_word' id='word_1_780' title='bbox 3315 3999 3521 4056; x_wconf 83' lang='lat' dir='ltr'><strong>resedit</strong></span> <span class='ocrx_word' id='word_1_781' title='bbox 3543 4001 3641 4071; x_wconf 86' lang='lat' dir='ltr'><strong>qui</strong></span> 
     </span>
    </p>
   </div>
   <div class='ocr_carea' id='block_1_103' title="bbox 2052 4089 3643 4161">
    <p class='ocr_par' dir='ltr' id='par_1_103' title="bbox 2052 4089 3643 4161">
     <span class='ocr_line' id='line_1_103' title="bbox 2052 4089 3643 4161; baseline -0.001 -17"><span class='ocrx_word' id='word_1_782' title='bbox 2052 4111 2071 4144; x_wconf 75' lang='grc' dir='ltr'>σ</span> <span class='ocrx_word' id='word_1_783' title='bbox 2107 4102 2223 4149; x_wconf 87' lang='lat' dir='ltr'><strong>erat</strong></span> <span class='ocrx_word' id='word_1_784' title='bbox 2250 4101 2518 4157; x_wconf 89' lang='lat' dir='ltr'><strong>mortuus,</strong></span> <span class='ocrx_word' id='word_1_785' title='bbox 2546 4100 2602 4145; x_wconf 91' lang='lat' dir='ltr'><strong>et</strong></span> <span class='ocrx_word' id='word_1_786' title='bbox 2634 4091 2796 4161; x_wconf 69' lang='lat' dir='ltr'><strong>coepit</strong></span> <span class='ocrx_word' id='word_1_787' title='bbox 2823 4090 2995 4161; x_wconf 62' lang='lat' dir='ltr'><strong>loqui.</strong></span> <span class='ocrx_word' id='word_1_788' title='bbox 3020 4090 3091 4145; x_wconf 87' lang='lat' dir='ltr'><strong>Et</strong></span> <span class='ocrx_word' id='word_1_789' title='bbox 3115 4090 3262 4145; x_wconf 88' lang='lat' dir='ltr'><strong>dedit</strong></span> <span class='ocrx_word' id='word_1_790' title='bbox 3297 4089 3448 4144; x_wconf 81' lang='lat' dir='ltr'><strong>mum</strong></span> <span class='ocrx_word' id='word_1_791' title='bbox 3471 4092 3643 4144; x_wconf 89' lang='lat' dir='ltr'><strong>matri</strong></span> 
     </span>
    </p>
   </div>
   <div class='ocr_carea' id='block_1_104' title="bbox 2050 4179 3640 4252">
    <p class='ocr_par' dir='ltr' id='par_1_104' title="bbox 2050 4179 3640 4252">
     <span class='ocr_line' id='line_1_104' title="bbox 2050 4179 3640 4252; baseline 0.001 -18"><span class='ocrx_word' id='word_1_792' title='bbox 2050 4202 2068 4234; x_wconf 73' lang='grc' dir='ltr'><strong>σ</strong></span> <span class='ocrx_word' id='word_1_793' title='bbox 2106 4197 2233 4238; x_wconf 67' lang='lat' dir='ltr'><strong>suae.</strong></span> <span class='ocrx_word' id='word_1_794' title='bbox 2273 4182 2495 4252; x_wconf 74' lang='lat' dir='ltr'><strong>Accepit</strong></span> <span class='ocrx_word' id='word_1_795' title='bbox 2537 4192 2714 4236; x_wconf 89' lang='lat' dir='ltr'><strong>autem</strong></span> <span class='ocrx_word' id='word_1_796' title='bbox 2743 4195 2932 4237; x_wconf 86' lang='lat' dir='ltr'><strong>omnes</strong></span> <span class='ocrx_word' id='word_1_797' title='bbox 2974 4179 3171 4246; x_wconf 91' lang='lat' dir='ltr'><strong>timor,</strong></span> <span class='ocrx_word' id='word_1_798' title='bbox 3218 4188 3272 4235; x_wconf 91' lang='lat' dir='ltr'><strong>et</strong></span> <span class='ocrx_word' id='word_1_799' title='bbox 3315 4180 3640 4251; x_wconf 75' lang='lat' dir='ltr'><strong>magniﬁca-</strong></span> 
     </span>
    </p>
   </div>
   <div class='ocr_carea' id='block_1_105' title="bbox 2050 4272 3645 4346">
    <p class='ocr_par' dir='ltr' id='par_1_105' title="bbox 2050 4272 3645 4346">
     <span class='ocr_line' id='line_1_105' title="bbox 2050 4272 3645 4346; baseline 0 -19"><span class='ocrx_word' id='word_1_800' title='bbox 2050 4295 2067 4327; x_wconf 78' lang='grc' dir='ltr'>ι</span> <span class='ocrx_word' id='word_1_801' title='bbox 2104 4276 2236 4330; x_wconf 90' lang='lat' dir='ltr'><strong>bant</strong></span> <span class='ocrx_word' id='word_1_802' title='bbox 2268 4276 2436 4330; x_wconf 89' lang='lat' dir='ltr'><strong>Deum</strong></span> <span class='ocrx_word' id='word_1_803' title='bbox 2468 4275 2745 4329; x_wconf 88' lang='lat' dir='ltr'><strong>dicentes:</strong></span> <span class='ocrx_word' id='word_1_804' title='bbox 2792 4273 2929 4342; x_wconf 83' lang='lat' dir='ltr'><strong>Quia</strong></span> <span class='ocrx_word' id='word_1_805' title='bbox 2953 4272 3218 4346; x_wconf 77' lang='lat' dir='ltr'><strong>Propheta</strong></span> <span class='ocrx_word' id='word_1_806' title='bbox 3243 4288 3471 4344; x_wconf 85' lang='lat' dir='ltr'><strong>magnus</strong></span> <span class='ocrx_word' id='word_1_807' title='bbox 3513 4288 3645 4328; x_wconf 84' lang='lat' dir='ltr'><strong>sur-</strong></span> 
     </span>
    </p>
   </div>
   <div class='ocr_carea' id='block_1_106' title="bbox 2049 4363 3637 4435">
    <p class='ocr_par' dir='ltr' id='par_1_106' title="bbox 2049 4363 3637 4435">
     <span class='ocr_line' id='line_1_106' title="bbox 2049 4363 3637 4435; baseline 0.001 -18"><span class='ocrx_word' id='word_1_808' title='bbox 2049 4386 2066 4417; x_wconf 72' lang='grc' dir='ltr'>ι</span> <span class='ocrx_word' id='word_1_809' title='bbox 2106 4367 2249 4421; x_wconf 81' lang='lat' dir='ltr'><strong>rexit</strong></span> <span class='ocrx_word' id='word_1_810' title='bbox 2299 4366 2352 4421; x_wconf 92' lang='lat' dir='ltr'><strong>in</strong></span> <span class='ocrx_word' id='word_1_811' title='bbox 2404 4365 2559 4420; x_wconf 89' lang='lat' dir='ltr'><strong>nobis</strong></span> <span class='ocrx_word' id='word_1_812' title='bbox 2653 4375 2709 4419; x_wconf 91' lang='lat' dir='ltr'><strong>et</strong></span> <span class='ocrx_word' id='word_1_813' title='bbox 2760 4367 2887 4435; x_wconf 88' lang='lat' dir='ltr'><strong>quia</strong></span> <span class='ocrx_word' id='word_1_814' title='bbox 2937 4363 3080 4419; x_wconf 88' lang='lat' dir='ltr'><strong>Deus</strong></span> <span class='ocrx_word' id='word_1_815' title='bbox 3131 4364 3369 4431; x_wconf 66' lang='lat' dir='ltr'><strong>visitavit</strong></span> <span class='ocrx_word' id='word_1_816' title='bbox 3414 4364 3637 4435; x_wconf 84' lang='lat' dir='ltr'><strong>plebem</strong></span> 
     </span>
    </p>
   </div>
   <div class='ocr_carea' id='block_1_107' title="bbox 2054 4460 3617 4514">
    <p class='ocr_par' dir='ltr' id='par_1_107' title="bbox 2054 4460 3617 4514">
     <span class='ocr_line' id='line_1_107' title="bbox 2054 4460 3617 4514; baseline 0.007 -4"><span class='ocrx_word' id='word_1_817' title='bbox 2054 4479 2072 4510; x_wconf 73' lang='grc' dir='ltr'><strong>ε</strong></span> <span class='ocrx_word' id='word_1_818' title='bbox 2112 4473 2284 4514; x_wconf 89' lang='lat' dir='ltr'><strong>suam.</strong></span> <span class='ocrx_word' id='word_1_819' title='bbox 2319 4478 2339 4511; x_wconf 70' lang='grc' dir='ltr'>ι</span> <span class='ocrx_word' id='word_1_820' title='bbox 3610 4460 3617 4463; x_wconf 48' lang='grc'><em>’</em></span> 
     </span>
    </p>
   </div>
   <div class='ocr_carea' id='block_1_108' title="bbox 2119 4546 3640 4621">
    <p class='ocr_par' dir='ltr' id='par_1_108' title="bbox 2119 4546 3640 4621">
     <span class='ocr_line' id='line_1_108' title="bbox 2119 4546 3640 4621; baseline -0.003 -17"><span class='ocrx_word' id='word_1_821' title='bbox 2119 4550 2237 4605; x_wconf 78' lang='lat' dir='ltr'><strong>Ibat</strong></span> <span class='ocrx_word' id='word_1_822' title='bbox 2268 4547 2425 4605; x_wconf 77' lang='lat' dir='ltr'><strong>Iesus</strong></span> <span class='ocrx_word' id='word_1_823' title='bbox 2451 4550 2507 4605; x_wconf 86' lang='lat' dir='ltr'><strong>in</strong></span> <span class='ocrx_word' id='word_1_824' title='bbox 2536 4552 2798 4605; x_wconf 73' lang='lat' dir='ltr'><strong>civitatem</strong></span> <span class='ocrx_word' id='word_1_825' title='bbox 2822 4565 2940 4621; x_wconf 66' lang='lat' dir='ltr'><strong>qua:</strong></span> <span class='ocrx_word' id='word_1_826' title='bbox 2958 4557 3174 4604; x_wconf 76' lang='lat' dir='ltr'><strong>uocatur</strong></span> <span class='ocrx_word' id='word_1_827' title='bbox 3197 4547 3376 4611; x_wconf 66' lang='lat' dir='ltr'><strong>Nam.</strong></span> <span class='ocrx_word' id='word_1_828' title='bbox 3409 4546 3640 4601; x_wconf 71' lang='lat' dir='ltr'><strong>aibant</strong></span> 
     </span>
    </p>
   </div>
   <div class='ocr_carea' id='block_1_109' title="bbox 2045 4636 3645 4714">
    <p class='ocr_par' dir='ltr' id='par_1_109' title="bbox 2045 4636 3645 4714">
     <span class='ocr_line' id='line_1_109' title="bbox 2045 4636 3645 4714; baseline -0.003 -16"><span class='ocrx_word' id='word_1_829' title='bbox 2045 4661 2164 4698; x_wconf 79' lang='lat' dir='ltr'><strong>cum</strong></span> <span class='ocrx_word' id='word_1_830' title='bbox 2187 4643 2280 4698; x_wconf 87' lang='lat' dir='ltr'><strong>illo</strong></span> <span class='ocrx_word' id='word_1_831' title='bbox 2305 4642 2550 4714; x_wconf 74' lang='lat' dir='ltr'><strong>discipuli</strong></span> <span class='ocrx_word' id='word_1_832' title='bbox 2576 4643 2709 4712; x_wconf 78' lang='lat' dir='ltr'><strong>ejus,</strong></span> <span class='ocrx_word' id='word_1_833' title='bbox 2736 4652 2786 4697; x_wconf 77' lang='lat' dir='ltr'><strong>et</strong></span> <span class='ocrx_word' id='word_1_834' title='bbox 2814 4642 2968 4696; x_wconf 77' lang='lat' dir='ltr'><strong>turba</strong></span> <span class='ocrx_word' id='word_1_835' title='bbox 2990 4641 3220 4711; x_wconf 80' lang='lat' dir='ltr'><strong>copiosa.</strong></span> <span class='ocrx_word' id='word_1_836' title='bbox 3248 4638 3406 4693; x_wconf 85' lang='lat' dir='ltr'><strong>Naim</strong></span> <span class='ocrx_word' id='word_1_837' title='bbox 3437 4636 3645 4693; x_wconf 74' lang='lat' dir='ltr'><strong>civitas</strong></span> 
     </span>
    </p>
   </div>
   <div class='ocr_carea' id='block_1_110' title="bbox 2045 4729 3643 4795">
    <p class='ocr_par' dir='ltr' id='par_1_110' title="bbox 2045 4729 3643 4795">
     <span class='ocr_line' id='line_1_110' title="bbox 2045 4729 3643 4795; baseline -0.004 -7"><span class='ocrx_word' id='word_1_838' title='bbox 2045 4743 2127 4789; x_wconf 89' lang='lat' dir='ltr'><strong>est</strong></span> <span class='ocrx_word' id='word_1_839' title='bbox 2154 4733 2371 4789; x_wconf 75' lang='lat' dir='ltr'><strong>Galilca:</strong></span> <span class='ocrx_word' id='word_1_840' title='bbox 2402 4733 2455 4787; x_wconf 90' lang='lat' dir='ltr'><strong>in</strong></span> <span class='ocrx_word' id='word_1_841' title='bbox 2486 4735 2722 4789; x_wconf 86' lang='lat' dir='ltr'><strong>secundo</strong></span> <span class='ocrx_word' id='word_1_842' title='bbox 2746 4731 2996 4786; x_wconf 85' lang='lat' dir='ltr'><strong>milliario</strong></span> <span class='ocrx_word' id='word_1_843' title='bbox 3010 4731 3227 4784; x_wconf 84' lang='lat' dir='ltr'><strong>Thabor</strong></span> <span class='ocrx_word' id='word_1_844' title='bbox 3252 4729 3469 4795; x_wconf 88' lang='lat' dir='ltr'><strong>montis,</strong></span> <span class='ocrx_word' id='word_1_845' title='bbox 3495 4741 3643 4783; x_wconf 77' lang='lat' dir='ltr'><strong>con-</strong></span> 
     </span>
    </p>
   </div>
   <div class='ocr_carea' id='block_1_111' title="bbox 2046 4818 3637 4894">
    <p class='ocr_par' dir='ltr' id='par_1_111' title="bbox 2046 4818 3637 4894">
     <span class='ocr_line' id='line_1_111' title="bbox 2046 4818 3637 4894; baseline -0.006 -14"><span class='ocrx_word' id='word_1_846' title='bbox 2046 4834 2127 4880; x_wconf 86' lang='lat' dir='ltr'><strong>tra</strong></span> <span class='ocrx_word' id='word_1_847' title='bbox 2160 4826 2462 4890; x_wconf 86' lang='lat' dir='ltr'><strong>meridiem,</strong></span> <span class='ocrx_word' id='word_1_848' title='bbox 2496 4824 2651 4894; x_wconf 75' lang='lat' dir='ltr'><strong>juxta</strong></span> <span class='ocrx_word' id='word_1_849' title='bbox 2681 4823 2884 4887; x_wconf 82' lang='lat' dir='ltr'><strong>Endor,</strong></span> <span class='ocrx_word' id='word_1_850' title='bbox 2915 4821 3005 4891; x_wconf 90' lang='lat' dir='ltr'><strong>qui</strong></span> <span class='ocrx_word' id='word_1_851' title='bbox 3027 4830 3109 4875; x_wconf 85' lang='lat' dir='ltr'><strong>est</strong></span> <span class='ocrx_word' id='word_1_852' title='bbox 3132 4821 3285 4875; x_wconf 87' lang='lat' dir='ltr'><strong>vicus</strong></span> <span class='ocrx_word' id='word_1_853' title='bbox 3319 4818 3540 4890; x_wconf 82' lang='lat' dir='ltr'><strong>grandis</strong></span> <span class='ocrx_word' id='word_1_854' title='bbox 3570 4819 3637 4872; x_wconf 81' lang='lat' dir='ltr'><strong>in</strong></span> 
     </span>
    </p>
   </div>
   <div class='ocr_carea' id='block_1_112' title="bbox 2042 4905 3643 4984">
    <p class='ocr_par' dir='ltr' id='par_1_112' title="bbox 2042 4905 3643 4984">
     <span class='ocr_line' id='line_1_112' title="bbox 2042 4905 3643 4984; baseline -0.003 -16"><span class='ocrx_word' id='word_1_855' title='bbox 2042 4921 2237 4984; x_wconf 88' lang='lat' dir='ltr'><strong>quarto</strong></span> <span class='ocrx_word' id='word_1_856' title='bbox 2263 4913 2513 4969; x_wconf 81' lang='lat' dir='ltr'><strong>milliaria</strong></span> <span class='ocrx_word' id='word_1_857' title='bbox 2537 4911 2776 4980; x_wconf 83' lang='lat' dir='ltr'><strong>ejusdem</strong></span> <span class='ocrx_word' id='word_1_858' title='bbox 2803 4912 3001 4967; x_wconf 83' lang='lat' dir='ltr'><strong>montis</strong></span> <span class='ocrx_word' id='word_1_859' title='bbox 3026 4911 3093 4965; x_wconf 89' lang='lat' dir='ltr'><strong>ad</strong></span> <span class='ocrx_word' id='word_1_860' title='bbox 3123 4908 3425 4965; x_wconf 83' lang='lat' dir='ltr'><strong>meridiem.</strong></span> <span class='ocrx_word' id='word_1_861' title='bbox 3450 4905 3643 4963; x_wconf 80' lang='lat' dir='ltr'><strong>inter-</strong></span> 
     </span>
    </p>
   </div>
   <div class='ocr_carea' id='block_1_113' title="bbox 2040 5002 3299 5077">
    <p class='ocr_par' dir='ltr' id='par_1_113' title="bbox 2040 5002 3299 5077">
     <span class='ocr_line' id='line_1_113' title="bbox 2040 5002 3299 5077; baseline -0.009 -12"><span class='ocrx_word' id='word_1_862' title='bbox 2040 5015 2284 5077; x_wconf 75' lang='lat' dir='ltr'><strong>pretatur</strong></span> <span class='ocrx_word' id='word_1_863' title='bbox 2311 5007 2455 5061; x_wconf 84' lang='lat' dir='ltr'><strong>enim</strong></span> <span class='ocrx_word' id='word_1_864' title='bbox 2483 5005 2638 5059; x_wconf 84' lang='lat' dir='ltr'><strong>Naim</strong></span> <span class='ocrx_word' id='word_1_865' title='bbox 2662 5002 2854 5060; x_wconf 76' lang='lat' dir='ltr'><strong>ﬂuctus</strong></span> <span class='ocrx_word' id='word_1_866' title='bbox 2885 5003 2967 5058; x_wconf 88' lang='lat' dir='ltr'><strong>vel</strong></span> <span class='ocrx_word' id='word_1_867' title='bbox 2991 5002 3299 5058; x_wconf 89' lang='lat' dir='ltr'><strong>commotio.</strong></span> 
     </span>
    </p>
   </div>
   <div class='ocr_carea' id='block_1_114' title="bbox 2111 5091 3638 5167">
    <p class='ocr_par' dir='ltr' id='par_1_114' title="bbox 2111 5091 3638 5167">
     <span class='ocr_line' id='line_1_114' title="bbox 2111 5091 3638 5167; baseline -0.004 -16"><span class='ocrx_word' id='word_1_868' title='bbox 2111 5096 2241 5151; x_wconf 84' lang='lat' dir='ltr'><strong>Cum</strong></span> <span class='ocrx_word' id='word_1_869' title='bbox 2286 5108 2462 5152; x_wconf 76' lang='lat' dir='ltr'><strong>autem</strong></span> <span class='ocrx_word' id='word_1_870' title='bbox 2491 5098 2926 5167; x_wconf 76' lang='lat' dir='ltr'><strong>appropinquaret</strong></span> <span class='ocrx_word' id='word_1_871' title='bbox 2959 5103 3125 5165; x_wconf 66' lang='grc' dir='ltr'><strong>ρον-ιω</strong></span> <span class='ocrx_word' id='word_1_872' title='bbox 3167 5093 3413 5148; x_wconf 76' lang='lat' dir='ltr'><strong>civitatis.</strong></span> <span class='ocrx_word' id='word_1_873' title='bbox 3457 5091 3638 5149; x_wconf 72' lang='lat' dir='ltr'><strong>Porta</strong></span> 
     </span>
    </p>
   </div>
   <div class='ocr_carea' id='block_1_115' title="bbox 2040 5182 3638 5259">
    <p class='ocr_par' dir='ltr' id='par_1_115' title="bbox 2040 5182 3638 5259">
     <span class='ocr_line' id='line_1_115' title="bbox 2040 5182 3638 5259; baseline -0.005 -15"><span class='ocrx_word' id='word_1_874' title='bbox 2040 5188 2276 5244; x_wconf 86' lang='lat' dir='ltr'><strong>civitatis</strong></span> <span class='ocrx_word' id='word_1_875' title='bbox 2303 5204 2407 5259; x_wconf 88' lang='lat' dir='ltr'><strong>qua</strong></span> <span class='ocrx_word' id='word_1_876' title='bbox 2432 5182 2720 5242; x_wconf 77' lang='lat' dir='ltr'><strong>defunctus</strong></span> <span class='ocrx_word' id='word_1_877' title='bbox 2753 5185 3093 5250; x_wconf 57' lang='lat' dir='ltr'><strong>eﬁi‘rebatur,</strong></span> <span class='ocrx_word' id='word_1_878' title='bbox 3133 5193 3265 5254; x_wconf 89' lang='lat' dir='ltr'><strong>puto</strong></span> <span class='ocrx_word' id='word_1_879' title='bbox 3292 5184 3520 5254; x_wconf 84' lang='lat' dir='ltr'><strong>aliquem</strong></span> <span class='ocrx_word' id='word_1_880' title='bbox 3550 5182 3638 5237; x_wconf 79' lang='lat' dir='ltr'><strong>de</strong></span> 
     </span>
    </p>
   </div>
   <div class='ocr_carea' id='block_1_116' title="bbox 2036 5274 3636 5349">
    <p class='ocr_par' dir='ltr' id='par_1_116' title="bbox 2036 5274 3636 5349">
     <span class='ocr_line' id='line_1_116' title="bbox 2036 5274 3636 5349; baseline -0.002 -16"><span class='ocrx_word' id='word_1_881' title='bbox 2036 5279 2285 5334; x_wconf 88' lang='lat' dir='ltr'><strong>sensibus</strong></span> <span class='ocrx_word' id='word_1_882' title='bbox 2305 5293 2426 5334; x_wconf 87' lang='lat' dir='ltr'><strong>esse</strong></span> <span class='ocrx_word' id='word_1_883' title='bbox 2456 5279 2755 5348; x_wconf 89' lang='lat' dir='ltr'><strong>corporeis,</strong></span> <span class='ocrx_word' id='word_1_884' title='bbox 2786 5279 2875 5349; x_wconf 89' lang='lat' dir='ltr'><strong>qui</strong></span> <span class='ocrx_word' id='word_1_885' title='bbox 2907 5279 3047 5333; x_wconf 82' lang='lat' dir='ltr'><strong>enim</strong></span> <span class='ocrx_word' id='word_1_886' title='bbox 3074 5279 3306 5333; x_wconf 88' lang='lat' dir='ltr'><strong>seminat</strong></span> <span class='ocrx_word' id='word_1_887' title='bbox 3337 5277 3479 5332; x_wconf 89' lang='lat' dir='ltr'><strong>inter</strong></span> <span class='ocrx_word' id='word_1_888' title='bbox 3506 5274 3636 5330; x_wconf 78' lang='lat' dir='ltr'><strong>fra-</strong></span> 
     </span>
    </p>
   </div>
   <div class='ocr_carea' id='block_1_117' title="bbox 2036 5369 3636 5441">
    <p class='ocr_par' dir='ltr' id='par_1_117' title="bbox 2036 5369 3636 5441">
     <span class='ocr_line' id='line_1_117' title="bbox 2036 5369 3636 5441; baseline -0.002 -15"><span class='ocrx_word' id='word_1_889' title='bbox 2036 5382 2148 5427; x_wconf 86' lang='lat' dir='ltr'><strong>tres</strong></span> <span class='ocrx_word' id='word_1_890' title='bbox 2173 5372 2498 5437; x_wconf 78' lang='lat' dir='ltr'><strong>discordias,</strong></span> <span class='ocrx_word' id='word_1_891' title='bbox 2540 5372 2631 5441; x_wconf 89' lang='lat' dir='ltr'><strong>qui</strong></span> <span class='ocrx_word' id='word_1_892' title='bbox 2656 5371 2999 5439; x_wconf 89' lang='lat' dir='ltr'><strong>iuiquitatem</strong></span> <span class='ocrx_word' id='word_1_893' title='bbox 3034 5370 3087 5425; x_wconf 91' lang='lat' dir='ltr'><strong>in</strong></span> <span class='ocrx_word' id='word_1_894' title='bbox 3113 5369 3328 5425; x_wconf 79' lang='lat' dir='ltr'><strong>excelso</strong></span> <span class='ocrx_word' id='word_1_895' title='bbox 3357 5369 3636 5440; x_wconf 86' lang='lat' dir='ltr'><strong>loquitur.</strong></span> 
     </span>
    </p>
   </div>
   <div class='ocr_carea' id='block_1_118' title="bbox 2035 5457 3642 5533">
    <p class='ocr_par' dir='ltr' id='par_1_118' title="bbox 2035 5457 3642 5533">
     <span class='ocr_line' id='line_1_118' title="bbox 2035 5457 3642 5533; baseline -0.002 -18"><span class='ocrx_word' id='word_1_896' title='bbox 2035 5462 2082 5516; x_wconf 88' lang='lat' dir='ltr'><strong>is</strong></span> <span class='ocrx_word' id='word_1_897' title='bbox 2108 5477 2206 5533; x_wconf 89' lang='lat' dir='ltr'><strong>per</strong></span> <span class='ocrx_word' id='word_1_898' title='bbox 2243 5462 2357 5516; x_wconf 90' lang='lat' dir='ltr'><strong>oris</strong></span> <span class='ocrx_word' id='word_1_899' title='bbox 2384 5469 2596 5531; x_wconf 87' lang='lat' dir='ltr'><strong>portam</strong></span> <span class='ocrx_word' id='word_1_900' title='bbox 2635 5461 2943 5515; x_wconf 77' lang='lat' dir='ltr'><strong>extrahitur</strong></span> <span class='ocrx_word' id='word_1_901' title='bbox 2972 5467 3234 5514; x_wconf 88' lang='lat' dir='ltr'><strong>mortuus.</strong></span> <span class='ocrx_word' id='word_1_902' title='bbox 3275 5459 3376 5527; x_wconf 88' lang='lat' dir='ltr'><strong>Qui</strong></span> <span class='ocrx_word' id='word_1_903' title='bbox 3420 5457 3642 5512; x_wconf 74' lang='lat' dir='ltr'><strong>viderit</strong></span> 
     </span>
    </p>
   </div>
   <div class='ocr_carea' id='block_1_119' title="bbox 2036 5551 3638 5622">
    <p class='ocr_par' dir='ltr' id='par_1_119' title="bbox 2036 5551 3638 5622">
     <span class='ocr_line' id='line_1_119' title="bbox 2036 5551 3638 5622; baseline -0.001 -16"><span class='ocrx_word' id='word_1_904' title='bbox 2036 5552 2313 5606; x_wconf 78' lang='lat' dir='ltr'><strong>mulierem</strong></span> <span class='ocrx_word' id='word_1_905' title='bbox 2367 5553 2431 5606; x_wconf 88' lang='lat' dir='ltr'><strong>ad</strong></span> <span class='ocrx_word' id='word_1_906' title='bbox 2482 5552 2991 5622; x_wconf 76' lang='lat' dir='ltr'><strong>concupiscendam</strong></span> <span class='ocrx_word' id='word_1_907' title='bbox 3022 5568 3141 5607; x_wconf 81' lang='lat' dir='ltr'><strong>eam</strong></span> <span class='ocrx_word' id='word_1_908' title='bbox 3192 5566 3291 5622; x_wconf 81' lang='lat' dir='ltr'><strong>per</strong></span> <span class='ocrx_word' id='word_1_909' title='bbox 3335 5551 3638 5607; x_wconf 80' lang='lat' dir='ltr'><strong>oculorum</strong></span> 
     </span>
    </p>
   </div>
   <div class='ocr_carea' id='block_1_120' title="bbox 2032 5643 3644 5716">
    <p class='ocr_par' dir='ltr' id='par_1_120' title="bbox 2032 5643 3644 5716">
     <span class='ocr_line' id='line_1_120' title="bbox 2032 5643 3644 5716; baseline 0.002 -23"><span class='ocrx_word' id='word_1_910' title='bbox 2032 5653 2243 5712; x_wconf 82' lang='lat' dir='ltr'><strong>portam</strong></span> <span class='ocrx_word' id='word_1_911' title='bbox 2272 5646 2471 5698; x_wconf 79' lang='lat' dir='ltr'><strong>oruoris</strong></span> <span class='ocrx_word' id='word_1_912' title='bbox 2488 5643 2748 5713; x_wconf 65' lang='lat' dir='ltr'><strong>judicium</strong></span> <span class='ocrx_word' id='word_1_913' title='bbox 2781 5645 3002 5716; x_wconf 84' lang='lat' dir='ltr'><strong>profert.</strong></span> <span class='ocrx_word' id='word_1_914' title='bbox 3053 5645 3152 5710; x_wconf 88' lang='lat' dir='ltr'><strong>Qui</strong></span> <span class='ocrx_word' id='word_1_915' title='bbox 3190 5644 3382 5699; x_wconf 83' lang='lat' dir='ltr'><strong>fabulis</strong></span> <span class='ocrx_word' id='word_1_916' title='bbox 3406 5643 3644 5709; x_wconf 84' lang='lat' dir='ltr'><strong>otiosis,</strong></span> 
     </span>
    </p>
   </div>
  </div>
