3932 6204
315 373 414 430 ωδ

1152 376 1661 434 COLLECTIONES
1697 377 1764 432 ΙΝ
1804 377 2177 434 EPISTOLAS
2214 376 2302 432 ΕΤ
2341 377 2742 436 EVANGELLL

3462 383 3562 437 ‘66

311 484 626 542 obscenisve
685 484 1015 541 carminibus
1063 486 1147 542 vel
1200 486 1627 542 detractionibus
1693 502 1876 541 aurem
1907 504 1957 562 Α
2050 487 2258 560 Accepit
2285 498 2456 542 autem
2487 506 2661 543 omnes
2693 489 2865 552 timor,
2905 497 2952 543 et
2983 491 3410 561 magniﬁcabant,
3456 471 3582 551 etc.

311 579 538 634 libenter
569 577 770 649 aperit,
808 577 950 636 hanc
986 581 1180 634 anima:
1222 595 1331 636 sua:
1360 589 1570 652 portam
1596 579 1785 634 mortis
1812 578 1888 635 ef-

312 669 439 725 ﬁcit.
613 714 618 719 .
977 665 982 670 ’

375 760 512 815 Ecce
537 759 815 831 defunctus
842 761 1156 831 eierebatur
1177 762 1320 832 ﬁlius
1344 763 1527 817 unicus
1559 762 1741 815 matris
1757 775 1885 814 sure.

308 852 602 908 Defunctus
628 853 738 916 hic,
783 854 872 924 qui
913 862 1063 908 extra
1091 863 1301 925 portam
1333 854 1566 909 civitatis
1599 853 1781 908 multis
1808 858 1891 906 est

308 943 639 999 intuentibus
669 943 860 1007 elatus,
887 945 1156 1015 signiﬁcat
1193 946 1467 1001 hominem
1497 947 1679 1002 letbali
1707 948 1889 1002 crimi-

306 1050 430 1090 num
462 1034 650 1088 funere
681 1045 989 1104 soporatum
1009 1077 1023 1102 ,
1056 1037 1407 1107 eamdemque
1445 1037 1662 1106 insuper
1697 1038 1890 1092 animte

305 1135 536 1183 mortem
567 1141 672 1180 non
701 1127 878 1182 cordis
921 1127 1093 1181 adhuc
1125 1127 1286 1183 cubili
1337 1136 1635 1200 tegentem,
1683 1128 1777 1182 sed
1823 1129 1889 1182 ad

304 1215 596 1272 multorum
641 1216 885 1271 notitiam
913 1232 1010 1286 per
1033 1217 1320 1272 locutionis
1346 1218 1592 1288 operisve
1634 1217 1715 1272 sui
1745 1216 1887 1272 indi-

307 1306 474 1371 cium,
506 1306 660 1376 quasi
690 1321 787 1376 per
813 1321 923 1360 suae
947 1306 1183 1360 civitatis
1211 1307 1346 1361 ostia
1368 1305 1754 1376 propalantem.
1787 1305 1889 1372 Qui

303 1400 441 1454 bene
468 1398 610 1453 illius
632 1399 825 1454 unicus
849 1400 1038 1454 matris
1062 1414 1171 1453 sua:
1199 1398 1361 1454 fuisse
1386 1400 1700 1470 perhibetur
1718 1441 1732 1464 ,
1764 1401 1888 1470 quia

304 1489 432 1544 licet
468 1502 500 1542 e
541 1487 726 1542 multis
756 1487 980 1542 collecta
1022 1503 1118 1559 per
1153 1487 1316 1543 fontis
1358 1489 1628 1544 lavacrum
1681 1505 1786 1544 una
1820 1491 1890 1545 sit

304 1578 546 1658 perfecta
577 1588 631 1630 et
655 1577 993 1632 immaculata
1025 1579 1176 1649 virgo
1212 1587 1385 1632 mater
1415 1578 1667 1644 ecclesia,
1696 1577 1890 1650 singuli

303 1671 505 1742 quique
537 1681 715 1723 tamen
766 1669 1001 1724 fidelium
1033 1669 1354 1724 universalis
1390 1685 1446 1724 se
1484 1671 1724 1726 ecclesia:
1753 1670 1894 1725 ﬁlios

302 1759 607 1814 rectissime
632 1757 890 1813 fatentur.
926 1758 1058 1813 Nam
1083 1768 1137 1815 et
1163 1759 1366 1815 electus
1401 1759 1646 1831 quilibet,
1674 1761 1888 1830 quando

1993 580 2204 648 Quanto
2249 581 2583 651 despcratior
2620 581 2813 635 anima:
2859 596 3004 636 mors
3044 582 3111 636 ad
3141 584 3305 638 vitam
3346 601 3565 641 revoca-

1992 681 2112 735 tur,
2177 679 2323 726 tanto
2382 672 2568 741 plures
2635 672 2820 726 eodem
2887 673 3234 744 corriguntur
3297 678 3564 747 exemplo.

1993 762 2126 815 Vide
2183 762 2348 816 David
2384 763 2698 831 prophetam
2725 803 2740 826 ,
2793 763 2916 818 vide
2954 765 3257 834 apostolum
3320 765 3564 832 Petrum,

1991 868 2218 924 quorum
2261 867 2368 921 quo
2411 852 2610 922 gradus
2649 853 2807 908 altior
2830 896 2843 918 ,
2894 869 2959 909 eo
2995 871 3153 910 casus
3188 858 3422 927 gravior.
3454 858 3570 925 Quo

1991 953 2169 997 autem
2209 944 2423 1014 gravior
2459 959 2618 999 casus
2646 985 2660 1009 ,
2711 960 2775 1000 eo
2831 941 3003 1014 pietas
3041 947 3300 1017 erigentis
3336 950 3568 1020 gratior.

1990 1048 2096 1103 quo
2117 1049 2244 1088 vero
2270 1034 2474 1104 gratior
2489 1034 2542 1088 in
2555 1035 2633 1089 eis
2649 1035 2858 1090 Domini
2883 1037 3051 1107 pietas
3075 1041 3346 1108 apparuit,
3369 1055 3433 1096 eo
3451 1057 3573 1096 cer-

1991 1125 2098 1178 tior
2147 1126 2355 1180 cunctis
2395 1127 2780 1195 paenitentibus
2816 1142 2938 1197 spes
2983 1128 3172 1185 salutis
3213 1131 3483 1202 apparuit,
3513 1140 3574 1186 ut

1985 1214 2109 1284 jure
2140 1230 2330 1272 omnes
2358 1216 2447 1287 qui
2477 1217 2702 1272 audiunt
2731 1216 2939 1272 dicant:

2063 1304 2201 1370 Quia
2230 1305 2370 1359 Deus
2396 1306 2620 1360 visitavit
2639 1305 2834 1376 plebem
2865 1325 3036 1362 suam.
3067 1309 3184 1364 Non
3215 1319 3421 1366 tantum
3449 1299 3581 1368 ver?

1990 1396 2116 1448 bum
2140 1410 2295 1449 suum
2322 1396 2486 1450 semel
2507 1397 2921 1466 incorporando,
2945 1401 3036 1454 sed
3059 1402 3219 1454 etiam
3244 1409 3422 1456 nostra
3444 1402 3570 1469 hoc,

1989 1494 2050 1540 ut
2073 1487 2322 1540 suscitari
2345 1486 2634 1542 debeamus
2663 1502 2876 1554 semper
2904 1489 2957 1542 in
2984 1490 3144 1544 corda
3181 1492 3462 1548 mittendo.

2130 1596 2550 1653 HEBDOMADA
2587 1598 2752 1654 XVIII
2787 1600 2962 1655 POST
2999 1601 3422 1660 PENTECOST.

1988 1683 2241 1722 EPISTOLA
2283 1683 2439 1722 ΒΕΑἸΊ
2477 1685 2630 1723 PAULI
2659 1685 2912 1724 APOSTOLI
2946 1689 3011 1725 AD
3041 1688 3306 1739 EPHESIOS,
3341 1691 3459 1729 CAP.
3494 1693 3568 1731 ιγ.

2065 1775 2082 1807 ι
2115 1757 2350 1812 Obsecro
2365 1773 2458 1812 vos
2485 1773 2584 1828 ego
2606 1759 2816 1812 vinctus
2838 1777 2892 1813 in
2919 1760 3166 1825 Domino,
3193 1772 3250 1816 ut
3284 1765 3440 1834 digne
3465 1784 3574 1819 am-

302 1851 368 1908 ,ά
400 1850 561 1906 ﬁdem
602 1850 880 1915 imbuitur,
915 1849 1055 1906 {mus
1098 1861 1214 1914 εει,
1249 1851 1463 1921 quando
1506 1851 1639 1907 alios
1670 1852 1883 1916 impun,
1916 1843 1960 1900 Β
1995 1865 2011 1895 ι
2047 1847 2238 1902 buletis
2261 1849 2555 1909 vocatione,
2582 1865 2685 1918 qua
2713 1851 2883 1904 vocati
2906 1851 3057 1915 estis,
3088 1867 3209 1906 cum
3228 1856 3374 1908 omni
3398 1856 3573 1911 humi-

301 1950 499 1998 mater.
546 1943 628 1996 An
670 1956 777 1996 non
818 1953 1062 1998 materno
1097 1958 1222 2014 erga
1252 1941 1505 2012 parvulos
1546 1943 1735 2014 agebat
1763 1941 1890 1996 alle-

298 2041 417 2098 ctu,
447 2033 539 2100 qui
573 2033 688 2086 ait:
738 2029 916 2085 Filioli
949 2034 1081 2098 mei,
1111 2049 1239 2102 quos
1280 2035 1467 2085 iterum
1501 2033 1760 2103 parturio,
1797 2033 1890 2085 do-

300 2140 396 2178 nec
435 2123 692 2191 formetur
719 2120 979 2176 Christus.

373 2212 445 2266 Et
473 2213 585 2266 Iure
629 2212 789 2266 vidua
825 2222 968 2277 erat,
1017 2223 1064 2268 et
1112 2214 1264 2267 turba
1308 2214 1527 2267 civitatis
1569 2212 1733 2266 multa
1773 2229 1891 2265 cum

300 2303 417 2357 illa.
449 2301 679 2357 Viduam
716 2317 834 2357 esse
863 2304 1144 2359 ecclesiam
1167 2305 1342 2358 omnis
1365 2305 1541 2358 anima
1570 2304 1750 2372 sponsi
1783 2303 1891 2357 Do-

300 2392 546 2461 minique
575 2391 658 2445 sui
683 2406 740 2446 se
769 2401 941 2447 morte
970 2393 1299 2462 redemptam
1338 2394 1600 2457 meminit,
1626 2394 1888 2461 agnoscit.

301 2487 500 2543 Divino
532 2497 711 2542 autem
738 2493 868 2541 nutu
893 2485 1060 2540 multa
1099 2485 1382 2541 Dominum
1417 2487 1593 2548 turba,
1623 2485 1785 2539 multa
1814 2487 1893 2539 vi-

301 2580 468 2634 duam
517 2576 875 2633 comitabatur
903 2617 916 2640 ,
963 2585 1022 2630 ut
1059 2576 1174 2629 viso
1217 2584 1365 2630 tanto
1413 2576 1694 2637 miracnlo,
1741 2575 1892 2635 multi

300 2679 493 2734 tesws,
540 2668 693 2723 multi
727 2667 817 2722 Dei
845 2665 1036 2722 ﬁerent
1067 2667 1392 2722 laudatores.

379 2760 554 2828 Quam
581 2777 702 2814 cum
733 2761 942 2814 vidisset
969 2758 1158 2825 Iesus,
1202 2761 1561 2814 misericordia
1603 2772 1771 2816 motus
1797 2781 1894 2817 su-

301 2868 398 2922 per
435 2867 573 2913 eam,
612 2850 745 2904 dixit
770 2865 787 2901 :
830 2848 954 2904 Noli
999 2851 1145 2919 ﬂere.
1198 2849 1407 2905 Desiste
1432 2890 1446 2915 ,
1485 2851 1691 2920 inquit,
1737 2855 1892 2922 quasi

303 2949 579 2996 mortuum
600 2939 751 3004 ﬂere,
790 2955 950 3010 quem
976 2954 1100 2994 mox
1135 2940 1313 2994 vivum
1357 2956 1636 3012 resurgere
1663 2943 1890 3008 videbis,

301 3041 352 3087 et
382 3027 607 3101 pulchre
634 3029 973 3098 Evangelista
1004 3029 1171 3086 Deum
1208 3029 1357 3098 prius
1387 3031 1755 3086 misericordia
1779 3046 1894 3086 mo-

303 3131 422 3176 tam
447 3135 570 3176 esse
606 3135 769 3190 super
810 3127 1038 3175 matrem
1064 3160 1078 3185 ,
1114 3134 1178 3174 ac
1208 3120 1288 3174 sic
1314 3119 1480 3174 lilium
1526 3121 1788 3188 suscitare
1816 3130 1892 3176 te-

1999 1954 2018 1986 (
2049 1937 2196 1990 litate
2220 1945 2274 1990 et
2297 1939 2728 1999 mansuetudine,
2759 1954 2882 1992 eum
2918 1941 3171 2009 patientia
3194 1952 3580 2013 supportantcs

1998 2047 2015 2076 ι
2050 2027 2276 2082 invicem
2301 2029 2354 2082 in
2379 2027 2659 2083 charitatc.
2686 2029 2910 2085 Solliciti
2934 2047 3151 2090 servare
3181 2037 3438 2092 unitatem
3461 2039 3575 2108 spi-

1998 2137 2014 2169 ι
2045 2117 2245 2172 ritusin
2260 2118 2471 2172 vinculo
2485 2121 2652 2189 pacis.
2671 2119 2846 2175 Unum
2868 2137 3065 2192 corpus
3091 2133 3145 2178 et
3166 2142 3304 2180 unus
3322 2128 3564 2197 spiritus,

1999 2229 2016 2262 ι
2050 2211 2188 2266 sicut
2210 2213 2381 2266 vocati
2396 2213 2528 2268 estis
2549 2213 2602 2267 in
2623 2228 2726 2267 una
2747 2231 2844 2286 spe
2870 2217 3169 2272 vocationis
3194 2228 3400 2274 vestrm.
3427 2219 3578 2276 Unus

1999 2322 2017 2353 i
2053 2302 2308 2359 Dominus
2333 2312 2386 2359 et
2407 2321 2511 2359 una
2532 2306 2684 2371 lidcs,
2708 2323 2872 2360 unum
2896 2307 3178 2377 baptisma,
3201 2326 3337 2366 unus
3360 2313 3501 2368 Deus
3523 2322 3576 2368 ct

1999 2412 2018 2444 ι
2054 2403 2207 2464 pater
2237 2397 2498 2460 omnium,
2525 2397 2614 2466 qui
2649 2406 2732 2452 est
2765 2412 2926 2466 super
2965 2413 3154 2454 omnes
3183 2409 3239 2456 et
3273 2416 3368 2472 per
3394 2406 3573 2457 omnia

2001 2503 2018 2535 ι
2051 2493 2104 2538 et
2129 2484 2179 2538 in
2204 2486 2455 2540 omnibus
2493 2487 2669 2542 nobis.
2702 2486 2800 2554 Qui
2830 2498 2908 2543 est
2948 2488 3259 2546 benedictus
3295 2491 3348 2546 in
3379 2492 3574 2549 saecula

2001 2594 2018 2626 ι
2052 2577 2394 2641 saeculorum,
2423 2577 2617 2633 Amen.
2657 2598 2678 2631 ι

2065 2665 2292 2722 Obsecro
2328 2669 2504 2740 itaque
2529 2685 2617 2723 vos
2651 2687 2744 2739 ego
2776 2673 2973 2726 vitulus
2998 2673 3049 2726 in
3073 2672 3318 2737 Domino,
3349 2685 3402 2728 ut
3425 2675 3577 2748 digne

1994 2756 2288 2821 ambuletis,
2309 2767 2413 2812 etc.
2445 2759 2547 2829 (Ex
2576 2758 2816 2830 Hieron.)
2847 2760 3025 2816 Potest
3061 2771 3114 2816 et
3153 2765 3204 2817 in
3234 2765 3435 2820 Christi
3463 2770 3580 2821 vin-

1993 2845 2146 2909 culis,
2178 2854 2234 2900 et
2275 2847 2326 2900 in
2368 2863 2588 2902 carcere
2632 2865 2732 2918 pro
2771 2851 3030 2920 martyrio
3073 2856 3413 2916 constitutus,
3461 2855 3592 2913 haec.

1994 2937 2250 2992 scribere.
2283 2937 2472 2995 Mlius
2497 2947 2677 2995 autem
2709 2951 2814 3007 est,
2845 2942 2891 2996 si
2923 2945 3160 2998 vinctum
3206 2943 3416 3000 Domini
3447 2947 3579 3001 cha-

1993 3026 2152 3080 ritate
2180 3027 2442 3084 dicamus.
2489 3029 2584 3084 Est
2621 3040 2674 3085 et
2715 3032 2821 3086 alia
2866 3035 3150 3103 expositio,
3178 3049 3302 3104 qua:
3331 3051 3402 3090 an
3439 3038 3580 3091 reci-

1995 3117 2186 3186 pienda
2213 3119 2304 3184 sit,
2323 3120 2429 3174 erit
2449 3120 2502 3174 in
2531 3129 2797 3190 potestate
2820 3121 3058 3178 lectoris.
3082 3122 3360 3179 Vinculum
3388 3125 3581 3178 animm

302 3221 506 3276 statur,
540 3221 598 3268 ut
623 3187 689 3266 in—
715 3228 822 3268 uno
851 3213 1005 3268 nobis
1033 3213 1335 3284 exemplum
1379 3213 1650 3268 imitandae
1673 3213 1891 3284 pietatis
1919 3187 1964 3248 δ
1996 3217 2190 3276 corpus
2214 3209 2317 3264 hoc
2336 3210 2461 3274 dici,
2487 3187 2545 3267 et
2563 3211 2688 3282 quia
2711 3209 2910 3269 Paulus
2931 3215 3000 3268 ob
3022 3214 3380 3269 ministerium
3405 3215 3579 3270 Evan-

304 3305 636 3368 ostenderet,
683 3306 735 3359 in
782 3305 951 3362 altero
989 3303 1146 3359 (idem
1183 3304 1439 3359 miranda:
1477 3306 1762 3374 potestatis
1809 3321 1894 3360 as-

305 3403 536 3450 tmeret.

378 3483 450 3537 Et
479 3487 694 3540 accessit
720 3495 766 3539 et
806 3486 968 3554 tetigit
1005 3483 1255 3548 loculum,
1293 3485 1352 3540 hi
1383 3495 1554 3540 autem
1588 3487 1678 3556 qui
1715 3494 1894 3556 porta—

305 3575 432 3627 bant
478 3582 750 3628 steterunt.
815 3573 1047 3629 Loculus
1102 3575 1154 3628 in
1201 3590 1307 3644 quo
1358 3583 1602 3629 mortuus
1648 3574 1892 3640 ellertur,

305 3665 450 3720 male
503 3679 696 3718 secura
743 3665 1009 3735 desperati
1063 3667 1365 3735 peccatoris
1417 3668 1746 3724 conscientia
1789 3675 1890 3722 est.

305 3756 410 3822 Qui
435 3769 564 3810 vero
587 3754 950 3826 sepeliendum
989 3764 1226 3825 portant,
1268 3757 1351 3810 vel
1381 3757 1652 3811 immunda
1685 3758 1894 3812 deside-

308 3847 416 3909 ria,
444 3859 565 3916 quae
597 3845 868 3901 hominem
893 3846 1111 3915 rapiunt
1139 3845 1191 3900 in
1222 3846 1521 3910 interitum,
1569 3845 1652 3900 vel
1693 3847 1894 3902 lenoci-

306 3938 399 3990 nia
426 3935 818 3990 blanrlientium
850 3945 975 3992 sunt
999 3945 1262 3990 venenata
1291 3938 1580 3993 sociorum.
1609 3936 1738 4006 Quae
1763 3955 1892 4010 pec-

306 4035 428 4081 cata
477 4026 755 4090 nimirum,
799 4027 924 4082 dum
956 4026 1230 4082 favoribus
1259 4027 1478 4095 tollunt,
1527 4030 1892 4096 accumulant,

303 4128 704 4190 peccantesque
723 4127 1054 4190 contemptu,
1072 4121 1225 4190 quasi
1249 4135 1442 4192 aggere
1459 4130 1617 4176 terrae
1637 4123 1890 4178 obruunt.

305 4210 384 4267 De
425 4210 623 4280 quibus
672 4210 797 4265 alibi
847 4210 1084 4265 dicitur:
1134 4211 1348 4266 Dimitte
1400 4220 1631 4266 mortuos
1681 4212 1894 4281 sepelire

306 4313 546 4358 mortuos
590 4320 710 4359 suos
743 4301 956 4376 (Matth.
990 4304 1130 4374 vni).
1177 4305 1416 4361 Mortuus
1447 4307 1643 4376 quippe
1695 4307 1894 4363 mortui

306 4397 610 4466 sepelitmt,
653 4412 776 4452 cum
804 4405 1114 4467 peccatores
1155 4397 1354 4467 quique
1399 4400 1478 4453 sui
1521 4398 1726 4454 similes
1761 4399 1895 4453 alios

306 4488 507 4543 nocivo
549 4485 733 4543 favore
767 4486 1092 4549 demulcent,
1141 4497 1396 4558 congesta
1431 4491 1678 4558 pessima:
1709 4489 1894 4544 adula-

308 4580 477 4635 tionis
502 4579 663 4643 mole,
695 4593 762 4634 ne
784 4595 890 4650 qua
915 4578 1201 4648 aliquando
1224 4595 1318 4648 spe
1348 4581 1659 4651 resurgendi
1685 4581 1896 4650 potian-

308 4682 402 4728 tur
437 4672 767 4742 opprimunt.
810 4671 1036 4726 Domino
1067 4686 1195 4741 ergo
1239 4671 1474 4726 loculum
1506 4679 1775 4741 tangente,
1814 4670 1896 4725 fu-

306 4766 463 4820 neris
487 4763 649 4832 bajuli
680 4771 966 4826 steterunt,
1001 4762 1127 4832 quia
1155 4763 1374 4832 superni
1405 4762 1688 4818 formidine
1706 4761 1894 4831 judicii

306 4865 517 4912 attacta
532 4856 879 4915 conscientia,
904 4863 958 4908 et
980 4853 1276 4909 carnalium
1301 4867 1442 4923 saepe
1461 4850 1790 4908 afﬂuentiam
1803 4868 1896 4907 vo-

305 4947 604 5016 luptatum,
633 4956 689 5002 et
710 4949 903 5016 injuste
927 4944 1258 5000 laudantium
1292 4945 1503 4998 turbam
1527 4958 1802 5006 coercens,
1828 4944 1896 4999 ad

309 5039 552 5107 seipsam
588 5038 876 5093 revertitur
899 5078 912 5100 ,
946 5036 1266 5104 vocantique
1309 5035 1374 5089 ad
1402 5034 1568 5090 vitam
1593 5033 1784 5089 festina
1814 5049 1896 5089 re-

294 5126 548 5196 spondet
580 5126 866 5190 Salvatori,
894 5125 1035 5180 unde
1058 5134 1206 5180 recte
1236 5125 1479 5194 sequitur
1504 5141 1518 5178 :

385 5217 458 5272 Et
499 5217 630 5271 dixit
658 5217 992 5278 adolescenti,
1027 5216 1117 5268 tibi
1141 5215 1256 5268 dico
1283 5229 1435 5282 surge
1458 5254 1472 5274 ,
1516 5224 1562 5268 et
1592 5215 1778 5268 resedit
1806 5214 1896 5284 qui

305 5317 429 5362 erat
467 5317 737 5368 mortuus,
781 5316 828 5359 ct
879 5308 1028 5374 ca’pit
1071 5305 1244 5375 loqui,
1286 5313 1333 5357 et
1378 5303 1518 5356 dedit
1562 5303 1709 5357 illum
1741 5305 1897 5358 matri

305 5411 450 5453 ηαξ.
489 5396 708 5456 Rcsedit
733 5396 928 5464 quippe
967 5396 1057 5463 qui
1083 5403 1203 5448 erat
1232 5403 1498 5456 mortuus,
1535 5408 1657 5449 cum
1689 5396 1895 5449 interna

304 5486 730 5556 compunctione
757 5486 1029 5540 reviviscit
1068 5495 1339 5556 peccator,
1386 5486 1573 5556 incipit
1599 5485 1740 5554 loqui
1771 5501 1895 5540 cum

308 5575 533 5635 [educis
587 5577 781 5632 indicia
836 5577 957 5630 vine
1007 5584 1217 5629 CllllCllS
1272 5577 1362 5645 qui
1415 5584 1694 5645 peccatum
1747 5573 1897 5627 luxe-

304 5675 442 5722 Litt!
487 5667 740 5722 ostendit.
793 5667 1054 5722 licdlitur
1102 5667 1297 5730 matri,
1340 5683 1458 5722 cum
1505 5681 1600 5736 per
1639 5665 1894 5721 sacerdo-

308 5755 445 5806 t..i‘:s
483 5755 694 5811 decreta
730 5755 917 5828 judicii
957 5757 1317 5812 communioni
1358 5758 1592 5811 sociatur
1634 5754 1892 5810 secis-six.

1994 3298 2120 3368 gelii
2149 3315 2342 3369 corpus
2367 3302 2659 3370 acceperit,
2698 3312 3094 3374 consequenter
3139 3303 3342 3359 Christi
3371 3305 3582 3362 vinctus

1997 3391 2066 3445 sit
2094 3392 2408 3461 appellatus.
2438 3392 2729 3448 Ambulare
2765 3394 3066 3448 credendus
3092 3402 3199 3457 est,
3227 3397 3318 3464 qui
3344 3393 3580 3464 ingredi-

1995 3489 2084 3534 tur
2112 3497 2207 3550 per
2231 3497 2351 3535 cum
2382 3482 2472 3550 qui
2499 3482 2630 3538 dicit
2655 3501 2666 3535 :
2695 3481 2806 3552 Ego
2832 3500 2948 3538 sum
2976 3486 3077 3548 via,
3107 3493 3160 3538 et
3189 3499 3296 3538 non
3325 3483 3581 3548 declinet,

1995 3586 2168 3640 neque
2195 3573 2260 3630 ad
2291 3573 2565 3628 dexteram
2599 3588 2790 3641 neque.
2812 3574 2877 3628 ad
2917 3574 3192 3628 sinistram
3223 3573 3416 3644 (Joan.
3444 3593 3530 3630 xiv
3559 3590 3578 3639 ι

1997 3657 2156 3714 Prov.
2189 3660 2287 3730 iv),
2314 3672 2368 3716 et
2399 3664 2597 3717 avertit
2625 3663 2815 3732 pedem
2843 3679 2997 3717 suum
3029 3664 3096 3719 ab
3125 3663 3274 3718 omni
3303 3663 3388 3719 via
3406 3661 3576 3728 mala,

1993 3749 2400 3820 complctnrque
2442 3753 2492 3806 in
2525 3767 2590 3806 co
2617 3773 2628 3805 :
2658 3752 2699 3806 Α
2744 3752 2964 3806 Domino
3002 3769 3208 3823 gressus
3247 3753 3472 3810 hominis
3496 3754 3582 3811 di-

1997 3838 2237 3906 rigun.‘nr
2261 3839 2430 3911 (Paul.
2461 3840 2664 3911 XXXVI).

2067 3927 2196 3983 Cum
2237 3932 2376 3984 omni
2414 3931 2705 3985 humilitate
2753 3940 2800 3985 et
2851 3933 3277 3997 mansuetudine,
3327 3951 3444 3987 cum
3485 3950 3581 3994 pa-

1995 4021 2194 4074 tientia.
2235 4021 2335 4087 Qui
2370 4031 2570 4075 terram
2600 4029 2660 4079 et.
2689 4022 2924 4076 cinerem
2954 4036 3158 4082 essese
3182 4023 3347 4086 novit,
3375 4033 3430 4078 et
3456 4031 3579 4091 post

1993 4111 2268 4180 paululum
2299 4111 2352 4165 in
2398 4110 2672 4181 pulverem
2702 4111 3120 4175 dissolvendum,
3169 4126 3444 4180 nunquam
3489 4128 3576 4166 su-

1993 4207 2174 4278 perbia
2213 4207 2529 4272 elcvahitur,
2577 4215 2630 4260 et
2655 4207 2747 4276 qui
2792 4207 2884 4261 Dei
2925 4209 3226 4262 aeternitate
3273 4215 3577 4278 perspecta.

1994 4297 2153 4350 breve
2176 4305 2229 4350 et
2255 4310 2387 4366 pene
2417 4296 2482 4350 ad
2512 4297 2692 4366 puncti
2724 4295 2896 4350 instar
2927 4296 3172 4350 humana:
3200 4297 3322 4351 vita:
3345 4297 3577 4366 spatium

1995 4387 2262 4458 cogitarit,
2293 4395 2416 4440 ante
2435 4386 2619 4444 oculos
2641 4402 2767 4442 suos
2793 4401 3006 4457 semper
3035 4387 3252 4442 habebit
3273 4388 3576 4453 interitum,

1995 4486 2047 4531 et
2068 4478 2172 4530 erit
2199 4477 2416 4532 humilis
2437 4487 2598 4547 atque
2621 4475 2884 4544 dejeetus:
2909 4477 3084 4532 omnis
3099 4485 3281 4532 autem
3304 4477 3580 4535 humilitas

1997 4583 2104 4621 non
2135 4576 2241 4620 tam
2273 4567 2324 4621 in
2356 4583 2602 4622 sermone
2631 4582 2792 4637 quam
2825 4568 2877 4621 in
2921 4576 3100 4622 mente
3129 4576 3234 4631 est,
3266 4577 3321 4620 ut
3351 4567 3580 4625 humiles

1995 4674 2092 4712 nos
2138 4673 2256 4713 esse
2303 4659 2632 4713 conscientia
2686 4659 2916 4721 noverit,
2967 4666 3022 4712 et
3061 4673 3333 4727 nunquam
3371 4673 3468 4714 nos
3499 4657 3578 4714 vel

1997 4752 2136 4806 scire
2194 4751 2274 4805 vel
2323 4750 2618 4820 intelligere
2674 4750 2754 4804 vel
2805 4765 2924 4806 esse
2976 4751 3177 4820 aliquid
3227 4751 3576 4806 aestimemus.

2000 4841 2346 4896 Mansuetudo
2375 4857 2586 4910 quoque
2611 4843 2702 4895 illa
2727 4851 2826 4905 est,
2875 4857 2992 4910 quae
3023 4841 3164 4895 nulla
3197 4842 3441 4911 passione
3469 4852 3580 4896 tur-

1997 4936 2176 4998 batur,
2225 4943 2280 4989 et
2328 4934 2632 5003 specialiter
2661 4934 2740 4988 ira
2777 4939 2831 4987 et
2875 4931 3055 4986 furore
3089 4933 3375 5001 rumpitur,
3416 4946 3578 5001 quam

2001 5030 2094 5098 qui
2128 5027 2394 5090 habuerit,
2442 5024 2848 5088 beatitudinem,
2899 5039 3017 5093 qua:
3057 5022 3266 5079 Domini
3300 5039 3428 5078 voce
3457 5037 3581 5092 pro-

2001 5123 2162 5179 missa
2199 5131 2298 5183 est,
2340 5129 2716 5188 consequetur.

2071 5211 2446 5284 Supportantes
2476 5212 2688 5264 inriccm
2721 5211 2772 5264 in
2803 5210 3076 5262 charitatc.
3101 5208 3213 5262 lloc
3243 5209 3415 5277 ipsum
3447 5206 3577 5261 mihi

2001 5301 2216 5356 videtur
2251 5301 2558 5369 signiﬁcare
2609 5310 2664 5354 et
2717 5298 2844 5353 illud
2897 5298 3034 5367 quod
3073 5299 3138 5352 ad
3183 5297 3401 5353 Galatas
3444 5310 3579 5348 sm-

2001 5393 2147 5446 bitur
2191 5411 2204 5446 :
2252 5392 2573 5445 Alterutrum
2612 5407 2769 5444 onera
2815 5399 2983 5443 vestra
3023 5397 3225 5459 portate
3270 5383 3420 5456 (Gal.
3467 5384 3570 5454 vx).

1999 5485 2330 5539 Alterutrum
2370 5499 2533 5538 onera
2587 5491 2824 5552 portare,
2870 5483 2953 5537 vel
2997 5481 3220 5536 sull‘erre
3251 5480 3476 5532 invicem
3521 5477 3580 5530 in

1999 5573 2262 5627 charitate
2308 5588 2401 5626 eos
2436 5573 2704 5642 complere
2761 5572 3007 5633 dicimus,
3057 5569 3148 5637 qui
3198 5566 3390 5620 divites
3431 5575 3577 5630 sunt,

2001 5674 2054 5719 et
2076 5664 2309 5734 inopiam
2341 5679 2634 5734 pauperum
2666 5661 2965 5717 sublevant.
2997 5655 3102 5711 Nec
3127 5665 3438 5728 peccantem
3470 5655 3582 5709 fra-

2003 5767 2158 5823 trem,
2190 5773 2289 5816 nec
2311 5758 2523 5827 inopem
2552 5753 2878 5820 consolatur,
2905 5751 2995 5822 qui
3021 5765 3127 5807 non
3159 5748 3320 5807 balet
3342 5751 3576 5807 charita-
