3932 6204
336 317 443 378 667

1631 310 1985 393 SMARAGDI
2023 314 2313 375 sensus

3488 309 3594 369 468

339 446 444 492 tem
453 397 783 503 ,contemnit
810 434 974 491 verba
1017 408 1260 505 Apostoli
1292 397 1681 493 commonentis
1710 450 1724 486 :
1758 430 1921 486 Debe-
1945 431 1999 490 Α
2022 427 2155 482 mini
2182 425 2485 491 Trinitatis,
2530 432 2585 479 et
2617 425 2737 481 ideo
2775 436 2917 481 unus
2953 421 3114 487 Deus,
3142 429 3198 478 et
3222 436 3331 477 una
3355 418 3514 490 ﬁdes,
3543 428 3602 479 et

336 535 674 603 mus’autem
718 542 850 592 nos,
894 524 987 597 qui
1023 524 1269 597 fortiores
1309 541 1529 591 sumus,
1589 522 1921 593 inﬁrmitates

337 615 672 671 imbecillium
724 623 935 687 portare
958 654 974 681 ,
1040 623 1090 669 et
1135 631 1239 669 non
1292 614 1669 684 nobismetipsis
1714 611 1920 686 placere

340 702 516 776 (Rom.
544 703 658 776 xv).
1132 694 1135 697 ’
1402 690 1409 693 ⁷

409 790 635 848 Solliciti
662 807 868 847 servare
910 778 1161 847 unitatem
1198 792 1412 864 spiritus
1443 795 1499 848 in
1525 793 1727 849 vinculo
1752 794 1916 867 pacis.

338 882 602 953 Ephesiis,
636 882 728 952 qui
749 881 867 952 iam
910 883 1173 938 unitatem
1222 886 1395 939 sancti
1437 882 1670 953 Spiritus
1707 882 1922 938 fuerant

338 971 636 1038 consecuti,
682 979 832 1028 recte
865 971 1082 1037 dicitur,
1131 971 1352 1028 solliciti
1399 986 1615 1028 servare
1658 972 1922 1027 unitatem

339 1061 565 1131 spiritus
596 1062 649 1115 in
677 1062 891 1117 vinculo
917 1063 1088 1135 pacis.
1121 1063 1221 1131 Qui
1257 1064 1403 1118 enim
1431 1064 1559 1135 quid
1589 1063 1773 1130 habet,
1807 1078 1923 1119 ser-

340 1152 500 1205 vandi
526 1150 605 1205 illi
633 1149 936 1207 sollicitudo
968 1153 1299 1223 prtecipitur,
1345 1154 1437 1224 qui
1466 1162 1645 1210 autem
1693 1169 1799 1209 non
1828 1154 1923 1209 ha-

338 1241 452 1305 bet,
480 1241 717 1296 studium
741 1240 818 1295 illi
852 1250 912 1296 ut
938 1242 1139 1298 habere
1165 1244 1361 1310 valeat,
1399 1245 1711 1315 imperatur.

415 1350 589 1408 Unum
615 1368 825 1426 corpus.
850 1353 945 1408 Vel
971 1353 1287 1424 simpliciter
1309 1371 1475 1429 unum
1502 1372 1697 1427 corpus
1725 1355 1923 1413 Christi

344 1442 682 1516 intelligitur,
710 1436 831 1513 quae
855 1452 938 1499 est
966 1441 1229 1510 Ecclesia,
1259 1447 1342 1502 vel
1369 1456 1515 1503 certe
1541 1445 1683 1516 quod
1713 1462 1781 1503 ex
1811 1447 1923 1501 vir-

343 1537 468 1607 gine
517 1547 601 1601 est
648 1537 899 1607 dignatus
936 1552 1234 1601 assumere,
1277 1552 1344 1593 ne
1374 1536 1448 1590 illi
1494 1537 1710 1607 quidem
1739 1543 1928 1606 putent

346 1626 506 1681 toties
528 1633 891 1695 corporatum,
927 1626 1138 1696 quoties
1178 1626 1233 1680 in
1262 1626 1438 1681 \‘eteri
1473 1626 1719 1696 apparuit
1741 1625 1929 1681 Testa-

346 1725 547 1774 mento.

366 1880 370 1884 Α
416 1826 570 1887 Unus
596 1831 833 1902 spiritus.
867 1830 1021 1886 Unus
1042 1831 1240 1900 quippe
1274 1830 1499 1900 largitor
1534 1838 1590 1885 et
1616 1828 1923 1884 sanctiﬁca-

348 1929 434 1976 tor
474 1928 561 1976 est
604 1919 867 1983 ninnium,
920 1920 1007 1976 vel
1031 1929 1180 1975 certe
1229 1935 1397 1975 unum
1445 1934 1639 1988 corpus
1665 1917 1732 1972 ad
1761 1917 1927 1971 vitam

348 2011 580 2066 refertur
608 2018 664 2064 et
710 2025 909 2079 opera,
959 2025 1082 2079 qua:
1125 2008 1316 2066 Grmce
1364 2009 1618 2066 dicuntur
1652 2007 1929 2080 πρακτικός

345 2101 494 2168 ϐιός,⁴
513 2108 566 2154 et
590 2115 729 2155 unus
756 2100 983 2171 spiritus
1000 2101 1071 2155 ad
1095 2100 1379 2157 scientiam
1425 2111 1482 2156 et
1520 2097 1930 2167 contemplatio-

347 2204 492 2255 nent,
521 2205 642 2259 qua
661 2191 879 2260 proprio
904 2199 1151 2247 versatur
1179 2192 1234 2247 iu
1262 2190 1446 2247 corde.
1475 2197 1529 2246 et
1567 2188 1636 2245 ab
1663 2189 1768 2245 illis
1802 2187 1931 2245 dici.

346 2289 437 2336 tur
461 2282 646 2357 θεωρία

419 2394 570 2448 Sicut
588 2396 757 2449 vocati
783 2396 905 2473 estis
941 2397 994 2450 in
1019 2412 1123 2450 una
1150 2412 1238 2466 spe
1260 2396 1544 2450 uocationis
1565 2403 1762 2448 vestrm.
1794 2391 1929 2447 Cum

346 2498 484 2555 ergo
506 2486 809 2540 membrum
828 2489 955 2556 quis
978 2486 1142 2541 fuerit
1164 2485 1441 2551 Ecclesiae,
1463 2500 1561 2540 nec
1588 2485 1657 2540 ab
1679 2499 1786 2538 uno
1812 2483 1931 2554 ejus

348 2576 538 2645 spiritu
567 2586 872 2647 separatus,
901 2586 1295 2648 consequenter
1336 2577 1443 2637 erit
1482 2577 1537 2632 iu
1574 2591 1685 2632 una
1713 2590 1809 2646 spe
1838 2590 1932 2630 vo-

347 2666 598 2723 catiouis.
659 2666 931 2736 Quzritur
975 2668 1247 2738 quomodo
1296 2682 1402 2722 una
1459 2681 1582 2736 spes
1634 2666 1933 2723 vocationis

347 2756 452 2818 sit,
500 2769 625 2811 cum
676 2755 818 2826 apud
864 2755 1082 2811 Patrem
1128 2756 1355 2811 diversa:
1410 2757 1530 2826 sint.
1581 2755 1888 2811 mansiones
1911 2796 1927 2821 ,

350 2845 415 2899 ad
464 2846 612 2914 quod
658 2859 822 2901 unam
861 2860 1012 2914 spem
1060 2845 1357 2902 vocationis
1390 2859 1613 2916 regnum
1642 2844 1922 2911 cmlorum,

350 2937 508 3006 quasi
546 2952 715 2995 unum
762 2938 961 2993 bonum
1010 2939 1105 2995 Dei
1153 2937 1332 2993 Patris
1380 2952 1502 2994 esse
1553 2938 1822 3003 dicemus,
1873 2946 1929 2993 et

349 3030 403 3082 in
453 3041 560 3083 una
595 3028 758 3084 domo
804 3028 984 3083 varias
1028 3030 1358 3084 mansiones.
1394 3027 1512 3082 Alia
1567 3029 1711 3084 enim
1758 3027 1926 3097 gloria

1982 536 1991 541 ·
2023 530 2189 571 unum
2216 515 2481 586 baptisma
2519 529 2616 570 ore
2653 512 2944 585 apostolico
2973 512 3315 584 praedicatur.

2092 605 2197 672 Qui
2217 623 2371 677 super
2388 622 2584 672 omnes,
2607 614 2655 659 et
2681 621 2775 676 per
2791 604 2984 668 omnia,
3008 614 3058 658 et
3084 604 3140 658 in
3162 602 3400 659 omnibus
3426 604 3599 673 nobis,

2019 699 2111 772 qui
2138 708 2214 753 est
2238 698 2535 753 benedictus
2573 697 2630 751 in
2668 695 2883 753 sa'cula.
2934 696 3227 752 Diversitas
3255 704 3437 755 autem
3461 711 3596 768 prte-

2018 786 2371 857 positionum,
2416 786 2469 841 in
2501 787 2698 858 quibus
2738 786 2975 842 dicitur:
3010 784 3156 842 Unus
3188 786 3330 843 Deus
3367 796 3416 843 et
3451 795 3605 860 pater

2021 877 2272 943 omnium,
2301 895 2391 950 qui
2416 895 2572 950 super
2591 895 2766 934 omnes
2791 886 2841 933 et
2864 893 2958 949 per
2979 878 3176 945 omnia,
3206 887 3254 933 et
3280 879 3336 934 in
3360 880 3602 935 omnibus

2021 967 2291 1025 diversam
2318 968 2729 1038 intelligentiam
2754 967 2913 1039 sapit.
2942 966 3119 1037 Super
3141 968 3321 1023 omnia
3346 968 3490 1024 enim
3519 977 3605 1025 est

2022 1055 2166 1112 Deus
2190 1056 2370 1123 Pater,
2401 1058 2492 1128 qui
2523 1066 2716 1113 auctor
2749 1066 2832 1113 est
2857 1059 3120 1123 omnium,
3164 1073 3264 1130 per
3287 1060 3471 1115 omnia
3519 1059 3605 1115 Fi-

2022 1146 2141 1210 lius,
2174 1147 2265 1216 qui
2304 1155 2499 1202 cuncta
2527 1148 2847 1203 transcurrit
2883 1147 3138 1219 vaditque
3181 1164 3281 1219 per
3321 1150 3503 1204 omnia
3546 1150 3605 1206 iu

2022 1234 2271 1290 omnibus
2307 1234 2541 1306 Spiritus
2569 1243 2811 1301 sanctus,
2837 1237 2963 1307 quia
3000 1236 3135 1291 nihil
3170 1237 3372 1308 absque
3403 1233 3469 1293 eo
3496 1250 3602 1295 est.

2024 1323 2252 1394 Quidam
2280 1328 2404 1393 hoc,
2433 1328 2575 1397 quod
2610 1327 2871 1398 scriptum
2899 1335 2983 1383 est
3006 1345 3019 1381 :
3049 1326 3218 1399 Super
3240 1345 3416 1385 omnes
3439 1339 3488 1384 et
3509 1348 3606 1401 per

2024 1412 2219 1483 omnia,
2248 1425 2294 1471 et
2325 1417 2378 1471 in
2406 1418 2644 1472 omnibus
2663 1418 2731 1472 ad
2757 1416 2993 1483 Patrem,
3015 1425 3070 1474 et
3089 1417 3307 1484 Filium,
3336 1427 3391 1474 et
3432 1418 3603 1491 Spiri-

2026 1516 2138 1562 tum
2160 1516 2405 1565 sanctum
2433 1509 2505 1565 sit
2529 1509 2797 1565 aestimant
2829 1523 2949 1565 esse
2979 1508 3342 1576 referendum,
3368 1519 3427 1565 ut
3449 1527 3610 1583 super

2025 1599 2220 1663 omnia,
2244 1598 2405 1654 Pater
2429 1599 2518 1665 sit,
2553 1598 2679 1669 quia
2701 1606 2890 1653 auctor
2920 1606 3004 1655 est
3025 1600 3287 1665 omnium,
3317 1616 3409 1672 per
3429 1601 3604 1655 omnia

2024 1687 2241 1754 Filium,
2272 1690 2397 1759 quia
2425 1705 2523 1760 per
2547 1689 2741 1745 Filium
2767 1699 2949 1745 creata
2974 1697 3099 1746 sunt
3125 1688 3326 1756 omnia,
3348 1690 3403 1744 in
3430 1692 3603 1746 omni-

1954 1796 2002 1855 η
2031 1778 2125 1834 bus
2149 1778 2385 1849 Spiritus
2403 1787 2642 1843 sanctus,
2673 1778 2787 1848 ipse
2810 1779 2954 1834 enim
2982 1778 3326 1836 credentibus
3350 1778 3527 1845 datur,
3549 1788 3605 1835 et

2031 1870 2287 1945 templum
2323 1885 2511 1927 sumus
2562 1869 2795 1940 Spiritus
2840 1871 3032 1936 sancti,
3074 1880 3130 1925 et
3154 1870 3318 1926 Pater
3342 1878 3397 1928 et
3436 1868 3606 1925 Filius

2031 1960 2276 2016 habitant
2305 1962 2360 2016 in
2382 1962 2556 2017 nobis.

2406 2112 2743 2153 svsucsuuu
2781 2111 2953 2163 ιυαε,
2989 2111 3108 2151 (ιλιι.
3148 2110 3259 2150 m.

2105 2246 2124 2279 s
2153 2227 2288 2285 Cum
2311 2230 2539 2285 intraret
2557 2227 2714 2284 Jesus
2735 2228 2791 2282 in
2812 2225 3028 2282 domum
3054 2224 3330 2294 cujusdam
3349 2223 3608 2295 principis

2036 2337 2054 2369 ι
2084 2314 2477 2373 Pharisaeorum
2522 2314 2745 2372 sabbato
2788 2315 3115 2371 manducare
3160 2327 3373 2385 panem,
3406 2320 3463 2367 et
3506 2314 3604 2383 ipsi

2036 2425 2055 2458 ί
2089 2407 2450 2463 observabant
2477 2423 2620 2463 eum.
2652 2406 2719 2463 Et
2760 2422 2886 2464 ecce
2916 2406 3077 2463 homo
3103 2405 3316 2477 quidam
3351 2404 3606 2477 hydropi-

2037 2516 2054 2547 ι
2085 2512 2182 2552 cus
2206 2505 2325 2553 erat
2358 2506 2483 2552 ante
2510 2496 2679 2552 illum.
2718 2496 2785 2552 Et
2812 2496 3142 2567 respondens
3178 2492 3336 2551 Jesus
3379 2494 3510 2549 dixit
3536 2494 3604 2548 ad

2036 2605 2055 2639 ι
2088 2586 2427 2659 legisperitos
2464 2598 2520 2644 et
2566 2587 2912 2645 Pharisaeos:
2954 2586 3014 2643 Si
3059 2587 3185 2644 licet
3240 2586 3463 2641 sabbato
3505 2598 3601 2640 ως

2035 2697 2053 2729 ‹
2091 2678 2244 2737 rare?
2272 2679 2344 2733 At
2389 2678 2468 2734 illi
2512 2686 2816 2735 tacuerunt.
2879 2679 2998 2750 ipse
3039 2693 3168 2733 vero
3215 2676 3602 2748 apprehensum

2035 2786 2053 2820 ‹
2092 2770 2301 2825 sanavit
2340 2785 2463 2825 eum
2511 2764 2576 2826 ac
2617 2770 2840 2825 dimisit.
2890 2766 2957 2824 Et
3000 2769 3334 2839 respondens
3379 2766 3444 2821 ad
3489 2764 3607 2821 illos

2035 2880 2054 2912 ‹
2083 2861 2220 2918 dixit
2249 2881 2264 2917 :
2294 2862 2457 2931 Cujus
2484 2873 2719 2920 vestrum
2743 2862 2928 2919 asinus
2957 2870 3051 2917 aut
3074 2860 3172 2916 bos
3193 2862 3245 2915 in
3269 2869 3487 2929 puteum
3513 2872 3602 2912 ca-

2033 2972 2054 3005 ‹
2086 2953 2195 3017 det,
2241 2962 2297 3009 et
2340 2969 2444 3009 non
2485 2955 2741 3009 continuo
2780 2953 3031 3010 extrahet
3077 2966 3197 3008 eum
3242 2950 3327 3004 die
3364 2946 3607 3005 sabbati?

2033 3063 2052 3097 ‹
2098 3044 2166 3100 Et
2225 3061 2335 3101 non
2378 3044 2630 3115 poterant
2684 3044 2751 3099 ad
2812 3044 2929 3099 haec
2982 3040 3307 3121 respondere
3356 3037 3451 3094 illi.
3506 3030 3599 3091 lli-

348 3121 479 3175 solis
503 3161 519 3185 ,
555 3120 659 3174 alia
685 3119 824 3197 luna:
848 3161 863 3185 ,
907 3119 1012 3173 alia
1049 3119 1325 3175 stellarum
1372 3117 1439 3193 (Ι
1476 3118 1596 3174 Cor.
1658 3120 1783 3194 xv),
1834 3128 1925 3175 aut

2039 3154 2053 3186 ι
2090 3134 2246 3189 cebat
2296 3140 2478 3188 autem
2534 3133 2601 3188 ad
2640 3133 2894 3188 invitatos
2933 3117 3272 3202 parabol‘am,
3325 3126 3607 3183 intendens

351 3219 501 3265 certe
532 3209 662 3265 illud
706 3193 959 3264 subtilius
1006 3209 1294 3276 indicatur,
1322 3209 1467 3280 quod
1495 3209 1548 3263 in
1579 3208 1683 3265 ﬁne
1707 3219 1764 3265 et
1795 3226 1924 3266 con-

350 3299 712 3353 sumatione
748 3311 929 3353 rerum
959 3299 1012 3359 in
1045 3299 1326 3369 pristinum
1367 3306 1567 3354 statum
1599 3300 1930 3355 restituenda

351 3389 462 3442 sint
499 3388 703 3453 omnia,
742 3390 958 3458 quando
987 3402 1175 3444 omnes
1206 3404 1371 3444 unum
1406 3404 1603 3459 corpus
1648 3388 1927 3456 eiilcimur,

350 3487 406 3535 et
450 3479 505 3533 in
539 3479 713 3532 virum
755 3478 1050 3549 perfectum
1096 3479 1475 3547 reformamur,
1520 3491 1574 3537 et
1615 3484 1790 3537 oratio
1836 3499 1932 3553 pro

348 3569 506 3625 nobis
535 3568 851 3625 ‘Salvatoris
894 3569 1147 3640 impletur
1183 3589 1195 3624 :
1241 3568 1421 3637 Pater,
1469 3574 1538 3626 da
1580 3582 1633 3627 ut
1675 3573 1932 3645 quomodo

351 3676 445 3729 ego
471 3669 520 3713 et
546 3668 602 3714 tu
645 3675 808 3714 unum
847 3677 1046 3725 sumus,
1088 3662 1162 3715 sic
1189 3672 1239 3715 et
1273 3664 1357 3718 isti
1383 3664 1436 3716 in
1467 3664 1615 3717 nobis
1640 3680 1800 3718 unum
1829 3665 1931 3721 sint

354 3753 534 3822 (Joan.
557 3751 713 3825 xvii).

429 3840 576 3897 Unus
602 3841 860 3899 Dominus
888 3854 937 3898 et
977 3861 1082 3898 una
1112 3844 1261 3912 ﬁdes,
1304 3860 1464 3899 unum
1498 3846 1772 3912 baptisma,
1798 3860 1933 3898 unus

354 3933 494 3987 [βείω
519 3943 570 3987 et
600 3932 782 4000 Pater,
810 3944 917 3991 etc.
949 3935 1097 3990 Unus
1137 3946 1219 3991 est
1263 3935 1540 4003 Dominus,
1571 3947 1626 3991 ct
1671 3952 1807 3993 unus
1851 3946 1936 3995 est

353 4020 515 4089 Deus,
558 4026 686 4096 quia
726 4025 902 4080 Patris
947 4036 1002 4082 et
1036 4025 1157 4081 Filii
1184 4028 1476 4083 dominatio
1525 4043 1631 4083 una
1679 4028 1934 4084 divinitas

354 4128 459 4184 est,
489 4130 775 4191 propterea
803 4130 858 4176 et
887 4120 1020 4176 ﬁdes
1056 4137 1161 4176 una
1202 4124 1418 4190 dicitur,
1448 4126 1574 4195 quia
1603 4125 1851 4180 similiter
1881 4124 1935 4179 in

352 4209 589 4275 Patrem,
617 4220 671 4267 et
695 4212 751 4267 in
778 4211 994 4280 Filium,
1018 4223 1071 4267 et
1102 4214 1155 4271 in
1184 4214 1443 4285 Spiritum
1482 4224 1726 4271 sanctum
1761 4217 1935 4272 credi-

353 4317 508 4369 mus;
537 4311 593 4358 et
615 4304 878 4374 baptisma
896 4322 1083 4372 unum,
1109 4307 1297 4362 eodem
1324 4308 1469 4364 enim
1500 4309 1659 4365 modo
1678 4319 1734 4365 et
1755 4311 1808 4364 in
1834 4309 1936 4363 Pa-

355 4403 516 4461 trem,
539 4403 594 4450 ct
622 4398 678 4450 in
705 4396 919 4462 Filium,
955 4406 1009 4452 et
1044 4398 1099 4453 in
1125 4397 1384 4469 Spiritum
1415 4409 1662 4455 sanctum
1698 4399 1936 4471 baptiza-

2039 3243 2057 3275 ‹
2094 3222 2362 3293 quomodo
2402 3222 2609 3293 primos
2664 3222 2947 3278 accubitus
2996 3221 3274 3289 eligerent,
3317 3218 3505 3274 dicens
3539 3216 3606 3273 ad

2038 3332 2054 3364 ι
2090 3311 2250 3367 illos:
2276 3310 2414 3367 Cum
2436 3311 2695 3366 invitatus
2718 3308 2883 3383 fueris
2907 3311 2973 3364 ad
3000 3310 3232 3380 nuptias,
3257 3320 3364 3362 non
3382 3306 3613 3362 discum-

2039 3421 2058 3454 t
2090 3403 2264 3458 basin
2295 3403 2471 3473 primo
2509 3401 2649 3467 loco,
2682 3416 2748 3456 ne
2797 3399 2935 3455 forte
2963 3400 3278 3453 honoratior
3305 3398 3376 3453 sit
3397 3404 3449 3451 te
3475 3394 3609 3451 invi-

2038 3511 2055 3543 ι
2091 3501 2235 3547 tatus
2261 3490 2459 3554 abillo,
2491 3498 2545 3546 et
2566 3491 2789 3548 veniens
2823 3490 2867 3544 is
2904 3490 2996 3558 qui
3025 3496 3077 3543 te
3111 3496 3167 3543 et
3191 3486 3347 3544 illum
3375 3484 3605 3548 vocavit,

2039 3602 2056 3634 ι
2089 3581 2234 3637 dicat
2253 3582 2348 3637 tibi
2374 3601 2386 3638 :
2413 3582 2488 3637 Da
2514 3582 2638 3636 huic
2667 3581 2863 3647 locum,
2886 3588 2937 3634 et
2964 3588 3091 3634 tunc
3119 3578 3343 3649 incipias
3372 3592 3495 3633 cum
3522 3593 3610 3630 ru-

2040 3690 2058 3721 ς
2092 3673 2223 3727 bore
2249 3670 2599 3726 novissimum
2629 3669 2803 3726 locum
2832 3678 3033 3724 tenete.
3085 3665 3190 3722 Sed
3229 3679 3351 3722 cum
3391 3672 3612 3722 vocatus

2040 3784 2057 3816 ι
2094 3762 2283 3825 fueris,
2310 3762 2465 3825 vade,
2514 3760 2768 3815 recumbe
2811 3760 2863 3813 in
2898 3758 3191 3813 novissimo
3234 3755 3374 3821 loco,
3401 3765 3464 3811 ut
3491 3770 3612 3811 cum

2040 3871 2057 3904 ι
2095 3854 2306 3908 venerit
2331 3852 2422 3922 qui
2453 3861 2505 3906 te
2531 3851 2802 3917 invitavit,
2830 3850 2969 3905 dicat
2995 3849 3127 3903 tibi:
3155 3848 3361 3912 Amice,
3388 3847 3617 3901 ascende

2039 3966 2056 3997 ι
2090 3944 2360 4015 superius,
2404 3952 2532 3999 tunc
2558 3943 2664 3998 erit
2708 3942 2804 3997 tibi
2854 3940 3024 4013 gloria
3075 3955 3259 3996 coram
3302 3939 3462 3993 simul
3503 3938 3612 3993 dis-

2040 4054 2058 4086 ι
2089 4032 2487 4098 cumbentibus,
2527 4033 2653 4102 quia
2687 4032 2985 4101 omnisqui
3032 4044 3091 4085 se
3127 4029 3331 4085 esaltat
3358 4027 3615 4084 humilia-

2039 4145 2059 4177 ς
2090 4126 2256 4190 bitur,
2287 4133 2343 4179 et
2369 4124 2462 4195 qui
2489 4139 2549 4178 se
2576 4124 2823 4178 humiliat
2849 4122 3196 4178 exaltabitur.
3237 4141 3257 4174 ο
3396 4128 3397 4131 ‘

2104 4213 2235 4270 Cum
2264 4212 2484 4269 intraret
2507 4212 2665 4268 Iesus
2696 4214 2751 4268 in
2796 4214 3007 4268 domum
3051 4212 3325 4287 cujusdam

2035 4304 2430 4359 Pharisworum
2463 4304 2678 4360 sabbato
2715 4304 3037 4360 manducare
3065 4320 3271 4378 panem,
3303 4314 3355 4358 et
3393 4305 3495 4376 ipsi
3530 4305 3619 4360 ob-

2035 4398 2309 4453 seruabant
2336 4414 2475 4461 eum,
2505 4407 2552 4451 et
2580 4413 2696 4450 ecce
2735 4397 2888 4451 homo
2915 4397 3133 4468 quidam
3152 4396 3469 4467 hydropicus
3507 4406 3631 4450 eras-

354 4499 499 4549 mur,
551 4492 609 4540 et
654 4495 737 4541 ter
780 4488 1098 4558 mergimur,
1128 4496 1188 4542 ut
1217 4488 1458 4544 Trinitas
1492 4504 1657 4544 unum
1682 4500 1941 4561 appareat
1962 4489 2016 4549 Ι)
2043 4497 2164 4541 ante
2201 4487 2381 4541 illum:
2421 4488 2519 4557 (Εἰ
2544 4485 2731 4559 Betim)
2757 4486 3021 4557 Hydmpis
3049 4488 3271 4543 morbus
3317 4488 3388 4543 ab
3415 4502 3619 4557 aquoso

355 4583 772 4629 sacramentum.
803 4575 871 4630 Et
897 4591 1004 4630 non
1036 4576 1375 4645 baptizamur
1413 4580 1467 4632 in
1503 4580 1808 4635 nominibus
1830 4580 1933 4635 l’a-

357 4663 477 4729 tris,
505 4671 560 4717 et
582 4663 725 4729 Filii,
752 4673 809 4718 et
836 4663 1072 4734 Spiritus
1115 4667 1309 4729 sancti,
1350 4668 1446 4722 sed
1475 4669 1527 4721 in
1560 4650 1665 4738 uno
1693 4671 1932 4732 nomine,

357 4754 498 4822 quod
522 4754 836 4824 intelligitur
862 4754 1023 4810 Deus.
1055 4754 1235 4811 Potest
1271 4773 1435 4812 unum
1462 4758 1724 4829 baptisma
1768 4770 1824 4816 et
1860 4763 1935 4817 ita

357 4845 485 4907 diei,
515 4843 656 4915 quod
696 4845 823 4901 licet
853 4854 935 4900 ter
981 4847 1318 4916 baptizemur
1355 4855 1578 4918 propter
1620 4853 1934 4921 mysterium

359 4938 673 5019 Trinitatis,
708 4948 888 4995 tamen
926 4955 1093 4995 unum
1136 4939 1401 5009 baptisma
1428 4951 1724 5012 reputatur.
1760 4943 1936 5000 Unum

359 5042 573 5101 quoque
605 5031 872 5100 baptisma
912 5033 1070 5087 estin
1102 5047 1265 5101 aqua,
1291 5041 1345 5086 et
1373 5034 1589 5102 spiritu,
1626 5044 1680 5089 et
1725 5036 1858 5107 igni,
1886 5045 1941 5092 et

358 5122 425 5177 de
466 5137 574 5192 quo
604 5121 862 5176 Dominus
888 5122 1163 5192 loquitur:
1192 5121 1462 5195 Baptism
1496 5127 1660 5181 habeo
1687 5129 1942 5198 baptizari

359 5209 512 5282 (Luc.
555 5209 680 5284 xu),
723 5219 781 5270 ct
821 5210 949 5268 alibi
999 5232 1011 5267 :
1052 5214 1377 5285 Baptismate
1436 5233 1548 5271 meo
1604 5215 1941 5286 baptizamini

360 5301 462 5371 (Ex
483 5300 667 5375 Vulg.)
688 5301 791 5371 Qui
820 5301 1108 5359 salubriter
1131 5306 1301 5360 credit
1338 5307 1394 5362 in
1425 5306 1605 5374 Patre,
1635 5313 1939 5367 necessario

358 5393 527 5453 credit
551 5403 607 5450 et
639 5393 778 5450 Filio
804 5402 858 5449 et
881 5392 1102 5464 Spiritui
1129 5405 1337 5461 sancto,
1363 5398 1646 5454 necualicui
1671 5401 1724 5454 in
1752 5411 1938 5456 sancta

361 5485 626 5542 Trinitate
667 5489 958 5560 separatim
1022 5488 1314 5544 credulitas
1373 5491 1692 5556 exhibetur,
1745 5495 1938 5549 unitati

360 5579 505 5632 enim
535 5580 737 5634 divinm
771 5597 878 5635 una
920 5580 1153 5634 servitus
1178 5580 1304 5648 jure
1333 5582 1574 5647 debetur,
1606 5585 1729 5653 quia
1759 5593 1814 5638 et
1845 5586 1939 5640 ba-

363 5668 631 5733 ptismatis
674 5670 843 5742 gratia
885 5670 1317 5743 inseparabiliter
1355 5687 1459 5727 uno
1506 5673 1812 5727 trilmuntur
1849 5688 1941 5727 no~

670 5764 679 5791 ι

2036 4579 2260 4633 humore
2297 4577 2615 4634 vocabulum
2661 4576 2846 4633 trahit.
2889 4576 3078 4633 Grtece
3115 4577 3261 4633 enim
3298 4576 3439 4654 ὕδωρ
3479 4591 3616 4647 aqua

2035 4678 2279 4724 vocatur.
2304 4670 2400 4724 Est
2436 4679 2614 4726 autem
2643 4668 2838 4724 humor
2864 4668 3252 4735 subeutanens,
3286 4668 3351 4724 de
3370 4667 3504 4723 vitio
3529 4682 3616 4722 ve-

2038 4761 2165 4815 sicae
2204 4769 2381 4829 natus,
2432 4776 2554 4815 cum
2584 4759 2860 4815 inﬂatione
2901 4767 3150 4829 turgente
3175 4768 3231 4814 et
3270 4760 3510 4815 anhelitu
3542 4758 3618 4813 fe-

2041 4832 2170 4904 tido.
2196 4828 2590 4920 Propriumth
2611 4858 2692 4905 est
2718 4828 3019 4919 hydropici,
3043 4858 3245 4918 quanto
3265 4849 3447 4919 magis
3458 4849 3618 4903 abun-

2040 4940 2134 4995 dat
2179 4941 2407 4996 humore
2448 4941 2790 5006 inordinate,
2848 4948 3003 4996 tanto
3050 4940 3282 5010 amplius
3334 4940 3507 4995 sitire.
3553 4937 3614 4994 Et

2042 5028 2164 5084 ideo
2193 5039 2541 5099 comparatur
2574 5030 2622 5084 ei
2662 5042 2822 5097 quem
2855 5028 3034 5083 ﬂuxus
3056 5028 3354 5083 carnalium
3382 5026 3613 5098 voluptao

2042 5126 2155 5170 tum
2185 5119 2486 5173 exuberans
2514 5127 2792 5189 aggravat.
2838 5118 3200 5187 Comparatur
3242 5119 3393 5173 diviti
3436 5131 3607 5178 avare,

2043 5209 2136 5276 qui
2166 5217 2366 5276 quanto
2402 5217 2488 5263 est
2513 5209 2784 5281 copiosior
2827 5209 3053 5273 divitiis,
3088 5210 3286 5283 quiltus
3331 5224 3438 5264 non
3485 5206 3612 5262 bene

2044 5299 2233 5359 utitur,
2263 5307 2415 5355 tanto
2442 5299 2721 5354 ardentius
2741 5299 2870 5353 talia
2899 5303 3247 5370 concupiseit.

2115 5397 2186 5451 Et
2214 5400 2527 5469 respondens
2553 5399 2708 5454 Iesus
2749 5402 2881 5455 dixit
2905 5404 2975 5456 ad
3010 5402 3331 5473 legisperitos
3352 5414 3401 5456 et
3431 5399 3612 5456 Phari-

2043 5504 2198 5551 sa’os,
2219 5490 2262 5542 si
2286 5488 2403 5543 licet
2428 5490 2645 5544 sabbato
2670 5507 2857 5544 curare
2873 5492 2899 5544 .9
2927 5502 2979 5545 at
3019 5492 3097 5545 illi
3136 5502 3431 5546 tacuerunt.
3470 5487 3615 5557 Quod

2045 5579 2242 5632 dicitur
2262 5580 2603 5648 respondisse
2629 5580 2803 5644 Jesus,
2835 5582 2900 5636 ad
2928 5583 3030 5636 boc
3069 5582 3288 5651 respicit
3316 5582 3457 5649 quod
3486 5594 3617 5649 pne-

2048 5675 2268 5729 missum
2297 5685 2397 5740 est,
2430 5687 2481 5730 et
2507 5677 2605 5748 ipsi
2642 5677 2999 5738 observabant
3026 5692 3169 5732 eum.
3201 5676 3456 5735 Dominus
3481 5674 3615 5732 enim
3662 5688 3684 5700 ·
