3932 6204
311 349 413 411 ιω

311 558 511 614 uocat.
540 551 633 621 qui
658 558 850 606 omtra
875 565 938 605 se
968 549 1175 609 dictum
1215 553 1475 624 quidquid
1512 553 1772 619 dixerint,
1815 552 1896 609 vi»

310 641 453 697 dent.
478 638 616 696 Nam
642 640 691 695 si
714 639 842 701 licet
868 641 1094 698 sabbato
1112 656 1328 708 curare,
1355 659 1526 715 quare
1556 644 1893 702 Salvatorem

308 746 372 786 an
397 742 553 789 curet
581 731 910 791 observanti
938 732 999 792 Si
1024 749 1133 792 non
1161 733 1307 801 licet,
1343 752 1513 806 quare
1537 738 1640 809 ipsi
1669 741 1894 798 sabbato

306 835 503 892 pecora
532 830 747 880 curant.

374 912 500 985 Ipse
544 932 664 971 vero
708 918 1088 987 apprehensum
1140 924 1349 975 sanauit
1388 939 1454 975 ac
1505 923 1724 978 dimisit.
1767 925 1897 983 Pro-

305 1006 427 1060 vida
456 1005 858 1075 dispensatione
880 1006 1138 1064 Dominus
1161 1018 1286 1066 ante
1312 1012 1647 1083 legisperitos
1669 1025 1727 1071 et
1755 1016 1894 1072 Pha-

306 1097 495 1152 risatos
522 1096 874 1171 hydropicum
902 1110 1079 1163 curat,
1109 1110 1166 1157 et
1208 1119 1334 1158 mox
1373 1114 1561 1160 contra
1606 1109 1891 1163 avaritiam

305 1187 563 1257 disputat,
591 1197 651 1244 ut
675 1190 927 1249 videlicet
946 1208 1044 1262 per
1072 1194 1232 1262 latins
1255 1198 1624 1267 aegritudinem
1650 1204 1896 1274 corporis

304 1277 499 1335 melius
520 1280 926 1349 exprimeretur
949 1285 1214 1355 aegritudo
1254 1289 1454 1344 contis.
1488 1289 1735 1360 Denique
1772 1301 1895 1362 post

304 1366 473 1425 multa
521 1368 906 1439 disputationis
964 1374 1080 1443 ejus
1145 1376 1486 1435 hortamcnta
1547 1379 1893 1448 subiunctum

304 1467 408 1523 est,
436 1457 930 1517 audiebautautem
957 1464 1139 1519 omnia
1175 1466 1293 1521 haec
1313 1468 1595 1537 Pharisaei,
1614 1474 1706 1542 qui
1736 1484 1896 1530 erant

302 1547 541 1607 ararim
582 1549 905 1611 deridebant
937 1554 1106 1611 illum.
1144 1556 1482 1630 Hydropicus
1522 1564 1741 1635 quippe,
1786 1582 1895 1637 quo

296 1639 532 1709 amplius
559 1641 762 1699 biberit
784 1645 1024 1715 amplius
1057 1648 1193 1713 sitit,
1222 1661 1287 1707 ειη
1303 1653 1481 1708 omnis
1520 1669 1717 1712 avarus
1746 1659 1893 1716 sitim

299 1731 651 1801 multiplicat,
679 1734 773 1804 qui
803 1751 926 1791 eum
966 1753 1032 1793 ea
1058 1754 1181 1808 qua:
1206 1743 1413 1811 appetit
1454 1745 1679 1816 adeptus
1707 1748 1891 1817 fuerit,

299 1820 366 1877 ad
393 1824 693 1892 appetenda
726 1823 832 1882 alia
863 1829 1099 1899 amplius
1125 1833 1365 1889 anhelat.

366 1912 440 1969 Et
467 1917 783 1986 respondens
806 1920 878 1974 ad
906 1920 1028 1977 illos
1048 1924 1185 1979 dixit
1208 1940 1226 1977 :
1258 1926 1425 1998 Cujus
1458 1941 1683 1986 oestrum
1716 1936 1896 1990 asinus

297 2014 393 2061 aut
413 2006 508 2063 bos
527 2008 583 2062 in
602 2012 815 2078 puteum
837 2012 1009 2078 cadet,
1028 2024 1079 2068 et
1100 2033 1205 2071 non
1218 2021 1471 2075 continuo
1487 2024 1727 2079 extrahet
1744 2024 1917 2082 illunt‘

294 2097 384 2153 die
411 2097 662 2155 sabbati!
689 2099 781 2158 Sic
805 2102 1187 2165 observatores
1214 2111 1296 2166 sui
1341 2108 1646 2173 Pharisaeos
1663 2120 1895 2177 convin-

297 2191 396 2285 cit,
423 2199 507 2285 ut
527 2194 748 2250 eosdem
785 2199 1029 2255 avaritia
1054 2204 1420 2265 condemnet:
1452 2208 1511 2264 Si
1554 2225 1669 2278 vos,
1697 2212 1893 2285 inquit,

297 2281 346 2336 in
389 2282 623 2341 sabbato
647 2286 861 2341 asinum
899 2297 994 2344 aut
1036 2292 1251 2359 bovem,
1290 2305 1384 2352 aut
1430 2299 1574 2356 aliud
1619 2281 1898 2373 quodlibet

295 2374 502 2429 animal
550 2376 605 2431 in
643 2386 865 2447 puteum
903 2381 1158 2440 decidens
1200 2386 1415 2457 eripere
1457 2389 1744 2459 festinatis,
1783 2412 1892 2454 non

296 2466 543 2532 animali,
591 2468 686 2523 sed
734 2480 931 2527 vestra:
971 2477 1217 2533 avaritiae
1257 2482 1635 2551 consulentes,
1689 2499 1893 2558 quanto

296 2559 473 2650 magis
510 2576 611 2632 ego
651 2561 947 2631 hominem,
994 2570 1301 2639 quin‘multo
1335 2576 1526 2632 melior
1552 2588 1637 2634 est
1672 2595 1888 2650 pecore,

293 2649 472 2706 debeo
517 2651 786 2709 liberare?
831 2655 1309 2733 Ctmgruenterqne
1355 2649 1713 2739 hydropicum
1774 2649 1892 2729 ani?

294 2741 451 2808 ntali,
491 2746 636 2814 quod
676 2748 949 2805 occiditis
977 2760 1223 2823 puteum,
1276 2763 1629 2830 comparavit,
1662 2765 1892 2825 humore

293 2835 445 2891 enim
475 2835 774 2906 laborabat,
806 2841 949 2901 sicut
990 2842 1135 2902 illam
1178 2848 1460 2907 mulierem
1507 2868 1670 2924 quam
1700 2858 1889 2915 decem

294 2934 346 2981 et
366 2935 502 2983 octo
522 2930 683 2987 annis
704 2931 979 3004 alligatam
1006 2937 1278 3006 dixerant,
1306 2950 1360 2996 et
1385 2943 1455 2998 ah
1481 2945 1670 3001 eadem
1700 2948 1890 3018 alliga-

296 3020 441 3077 tione
467 3021 733 3079 solvebat.
763 3024 1112 3097 Comparavit
1136 3031 1408 3101 jumento,
1447 3039 1614 3105 quod“
1637 3039 1887 3109 solvitur,

296 3113 449 3168 atad
494 3128 693 3185 aquam
738 3117 1066 3185 ducatur,ct
1108 3123 1247 3179 bene
1296 3132 1525 3196 utroque
1550 3129 1670 3186 loco
1696 3131 1890 3189 bovem

1112 352 1629 409 COLLECTION‘ES
1666 352 1735 407 IN
1773 351 2152 412 EPISTOLAS
2189 353 2281 409 ΕΤ
2320 352 2712 409 EV'ANGELIA
3100 394 3105 399 ρ

310 461 456 517 navit
484 457 847 531 cogitationes
866 460 1183 527 hominum,
1224 462 1320 518 sed
1352 464 1551 519 ruet-im
1568 462 1894 534 interrogati
1922 466 1971 527 Α
2001 463 2173 530 tollat,
2205 473 2260 521 et
2286 466 2507 537 quidem
2549 464 2763 522 studeat
2788 462 2941 534 iuxta
2980 462 3203 521 alterius
3227 462 3332 520 loci
3357 470 3589 533 paratio-

3483 352 3611 408 Ατο-

1996 557 2127 623 lam,
2142 568 2299 615 veste
2315 559 2542 631 nuptiali
2566 559 2818 625 vestitus,
2846 559 2949 615 hoc
2968 564 3076 623 est,
3091 557 3370 613 virtutum.
3381 557 3591 630 thlgore

1996 668 2255 708 coruscus
2290 669 2571 725 apparere,
2609 653 2704 710 sed
2726 718 2730 723 q
2751 653 2990 724 ipsarum
3020 650 3295 708 ambitum
3329 652 3593 711 virtutum
3658 638 3674 657 ⁸

1996 744 2113 799 loco
2140 745 2345 801 devotae
2366 746 2693 811 humilitatis
2712 746 2962 803 adornet.

2070 836 2152 892 Ne
2173 837 2307 909 forte
2333 841 2643 897 honoratior
2666 850 2717 895 te
2740 840 2809 896 sit
2840 841 3090 897 invitatus
3112 842 3177 895 ab
3199 858 3280 907 eo,
3306 849 3355 915 et
3382 842 3599 898 uadens

1994 931 2040 985 is
2076 931 2165 1001 qui
2202 940 2252 984 te
2285 939 2335 984 et
2374 930 2525 985 illum
2556 933 2777 999 vocarit,
2807 932 2947 988 dicat
2974 933 3069 988 tibi
3091 950 3110 988 :
3139 932 3222 988 Da
3250 933 3373 987 huic
3396 932 3589 996 locum,

1995 1028 2042 1075 et
2072 1030 2196 1074 tunc
2217 1021 2436 1092 incipies
2464 1038 2582 1078 cum
2620 1022 2809 1078 rubore
2835 1023 3173 1079 nouissimum
3196 1021 3369 1077 locum
3398 1030 3590 1078 tenere.

1998 1114 2340 1171 Hotioratimi
2367 1124 2490 1189 post
2517 1117 2742 1175 invitato
2762 1117 2943 1174 locum
2970 1115 3066 1173 dat
3088 1116 3203 1183 ille,
3224 1117 3317 1186 qui
3335 1116 3406 1172 de
3434 1115 3594 1187 longe

1998 1223 2108 1262 sum
2136 1207 2570 1264 conversationis
2612 1206 2937 1264 conﬁdentia
2981 1208 3226 1264 securior
3253 1206 3449 1273 factus,
3472 1208 3596 1262 vitae

1996 1299 2213 1354 illorum
2238 1299 2328 1368 qui
2355 1313 2417 1353 se
2458 1299 2511 1354 in
2540 1298 2761 1354 Christo
2787 1299 2960 1355 secuti
3001 1306 3152 1364 sunt,
3182 1297 3425 1370 agilitate
3444 1313 3594 1369 prte-

1948 1443 1955 1448 ,
1998 1389 2122 1443 itur.
2152 1388 2217 1442 Et
2236 1404 2359 1443 cum
2382 1390 2581 1445 rubore
2602 1389 2959 1444 novissimum
2982 1388 3161 1445 locum
3184 1395 3351 1453 tenet,
3375 1387 3593 1456 quando

1998 1480 2065 1534 de
2094 1479 2216 1534 aliis
2238 1479 2461 1534 meliora
2490 1493 2842 1549 wgnascens,
2880 1478 3145 1551 quidquid
3171 1477 3240 1533 de
3278 1492 3378 1532 sua
3400 1491 3597 1547 opera-

1998 1572 2147 1626 tione
2187 1570 2396 1627 celsum
2443 1570 2712 1626 sentiebat
2756 1567 3023 1631 humiliat,
3067 1568 3258 1624 dicens
3293 1581 3420 1624 cum
3460 1567 3596 1621 Pro-

1999 1662 2162 1731 pheta
2208 1678 2221 1715 :
2254 1659 2578 1731 Egenssurn
2619 1676 2737 1731 ego,
2775 1672 2826 1715 et
2866 1659 2921 1714 in
2956 1658 3227 1715 laboribus
3273 1676 3308 1713 a
3325 1658 3599 1729 iuuentute

1998 1770 2115 1808 mea
2146 1772 2166 1811 :
2212 1751 2479 1808 esaltatus
2516 1762 2693 1808 autem
2734 1750 3046 1807 humiliatus
3094 1768 3213 1806 sum
3255 1762 3305 1807 et
3345 1749 3610 1831 confusus.

1824 1832 1845 1847 κ
1926 1849 1974 1910 Β
2002 1843 2177 1917 (Psal.
2204 1842 2475 1915 txxxvu).

2074 1934 2181 1992 Sed
2199 1951 2319 1990 cum
2341 1944 2557 1989 uocatus
2581 1933 2748 2003 [ueris
2774 1933 2845 1987 ad
2874 1932 3110 2003 nuptias,
3158 1932 3309 1998 uade,
3358 1933 3600 1987 mutabo

1998 2032 2053 2085 in
2080 2031 2360 2085 novissimo
2383 2028 2519 2084 loco.
2544 2027 2758 2095 Quanto
2792 2040 3025 2097 magnus
3049 2037 3133 2090 es,
3162 2025 3372 2094 inquit,
3414 2024 3595 2080 humi-

1996 2121 2067 2175 lis
2095 2130 2149 2177 te
2170 2121 2223 2175 in
2242 2120 2516 2175 omnibus.
2544 2116 2613 2173 Et
2628 2115 2921 2173 Psalmista
2936 2115 3201 2186 gloriatur
3225 2133 3240 2169 :
3267 2113 3597 2170 Humiliatus

1995 2228 2114 2266 sum
2135 2224 2529 2282 usquequaque,
2556 2207 2801 2273 Domine,
2828 2205 3034 2275 siviﬁca
3065 2218 3150 2260 nu
3174 2204 3459 2259 “cundum
3486 2219 3599 2259 cst:-

1997 2300 2119 2356 bum
2144 2310 2295 2355 tuum
2317 2298 2490 2373 (Pssl.
2520 2299 2735 2371 cxvnt),
2766 2282 3055 2353 manifesto
3077 2294 3398 2364 signiﬁcans
3433 2293 3509 2350 ita
3534 2310 3597 2350 se

1994 2409 2026 2448 a
2053 2392 2282 2450 Domino
2309 2406 2470 2463 posse
2506 2390 2793 2455 vivilicari,
2832 2389 2880 2445 si
2910 2390 2978 2444 de
3014 2387 3131 2444 suis
3158 2387 3275 2457 ipse
3302 2385 3598 2442 virtutibus

1995 2486 2220 2543 humilia
2245 2484 2494 2540 sentiret.

2068 2575 2134 2632 Ut
2161 2594 2280 2632 cum
2307 2578 2499 2631 verterit
2519 2576 2607 2648 qui
2636 2584 2685 2629 te
2711 2573 3031 2637 invitaverit,
3060 2572 3201 2627 dicat
3229 2570 3363 2626 tibi:
3394 2571 3593 2634 Amice,

1992 2667 2216 2725 ascende
2248 2671 2512 2739 superius.
2569 2665 2799 2721 Veniens
2848 2664 3106 2719 Dominus
3134 2678 3295 2734 quem
3337 2662 3594 2718 humilem

1992 2762 2283 2825 invenerit,
2315 2760 2489 2816 amice
2519 2759 2735 2813 nomine
2755 2746 3095 2819 beatiﬁcans,
3129 2757 3379 2827 superius
3403 2770 3595 2812 ascen-

1990 2854 2120 2910 dere
2147 2850 2444 2923 pnecipiet.
2477 2848 2789 2919 Quicunque
2817 2846 2956 2901 enim
2990 2844 3340 2900 humilianerit
3361 2861 3439 2907 se,
3459 2844 3594 2900 sicut

1988 2942 2239 3017 parvulus
2274 2943 2360 2996 hic
2409 2950 2488 2996 est
2532 2939 2714 3010 ,major
2762 2938 2819 2992 in
2868 2953 3025 3008 regno
3077 2935 3326 2991 sclorum
3373 2933 3591 3006 (Matth.

1989 3051 2170 3093 XVIIII.
2843 3089 2846 3092 .

2066 3052 2123 3090 Ill
2157 3077 2170 3091 .
2843 3089 2846 3092 .
3566 3043 3589 3071 -‘

2065 3034 2209 3180 Tu)nc
2238 3127 2335 3179 erit
2371 3125 2465 3180 tibi
2500 3123 2671 3196 gloria
2711 3139 2890 3178 coram
2926 3121 3085 3178 simul
3125 3119 3589 3175 discriminibus.

290 3204 479 3273 posuit
499 3212 556 3259 et
576 3206 811 3272 asinum,
841 3209 968 3278 quia
992 3211 1107 3266 sive
1131 3214 1405 3284 sapientes
1430 3231 1674 3291 quosque
1712 3230 1769 3278 et
1793 3224 1888 3281 he-
1916 3217 1962 3282 C
1994 3216 2223 3272 PUICIII‘O
2252 3217 2476 3280 dicitur:
2530 3223 2660 3271 ""10
2689 3215 2796 3270 θνίι
2817 3214 2916 3271 {ibi
2946 3213 3142 3285 gloria.
3184 3227 3253 3267 πθ
3276 3223 3420 3266 nunc
3444 3222 3595 3280 Ψιιο·

296 3291 473 3385 betes,
507 3295 710 3358 sive.ut
750 3313 915 3369 supra
942 3301 1148 3363 dictum
1176 3314 1281 3369 est,
1312 3316 1606 3381 utrumque
1633 3314 1889 3385 populum

296 3384 596 3458 signiﬁcari
620 3390 940 3458 sentiannts,
982 3407 1108 3449 eum
1156 3396 1408 3455 videlicet
1430 3400 1585 3471 cujus
1620 3384 1889 3462 cervicem

291 3473 480 3550 iugum
505 3477 642 3548 legis
682 3482 913 3548 attrivit,
953 3491 1117 3555 atque
1141 3501 1266 3542 eum
1289 3505 1452 3560 quem
1478 3493 1703 3563 quilibet
1734 3497 1893 3552 sedu-

297 3576 411 3625 ctor
436 3571 667 3641 reperit,
696 3574 852 3643 quasi
880 3575 1101 3630 brutum
1141 3577 1358 3644 animal,
1389 3590 1445 3636 ot
1485 3583 1633 3639 nulla
1682 3586 1891 3641 ratione

292 3663 565 3727 renitens,
586 3677 696 3733 quo
721 3665 890 3722 voluit
915 3681 1103 3724 errore
1140 3670 1442 3739 subtraxit,
1471 3689 1664 3731 omnes
1695 3674 1890 3732 Salva-

295 3759 378 3808 tor
402 3752 709 3811 adveniens
750 3755 969 3813 Satanas
1015 3760 1247 3818 vinculis
1296 3763 1572 3831 astrictos,
1602 3780 1793 3822 omnes
1836 3768 1891 3823 in

295 3844 403 3901 imo
425 3847 886 3916 concupiscentia:
907 3858 1074 3920 puteo
1101 3852 1371 3909 dimersos
1398 3854 1623 3910 invenit.
1652 3855 1769 3911 Non
1806 3866 1893 3913 est

292 3935 439 3992 enim
493 3936 813 3995 distinctio:
851 3939 1044 3998 Omnes
1089 3943 1227 3999 enim
1266 3957 1607 4016 peccaverunt
1643 3958 1696 4004 et
1743 3961 1892 4022 egent

292 4024 467 4094 gloria
508 4024 631 4082 Dei.
659 4026 951 4098 ludiﬁcati
996 4035 1165 4104 gratis
1210 4050 1323 4105 per,
1347 4027 1768 4112 gratiam'ipsius
1799 4057 1894 4114 per

292 4116 722 4189 redemptionem,
743 4137 863 4194 quas
881 4124 1040 4180 estin
1070 4124 1276 4182 Christo
1296 4127 1427 4185 Iesu
1453 4129 1627 4203 (Rom.
1654 4133 1765 4205 ιιι).

359 4208 591 4266 Dicebat
612 4221 789 4268 autem
823 4223 875 4270 et
895 4214 966 4270 ad
995 4217 1237 4273 inritatos
1255 4219 1585 4291 parabolam,
1617 4224 1890 4280 intendens

290 4302 559 4372 quomodo
579 4305 775 4375 primos
808 4308 1077 4364 accubitus
1104 4309 1376 4381 eligerent,
1418 4312 1596 4368 dicens
1633 4314 1705 4369 ad
1729 4313 1850 4371 illos
1870 4328 1891 4368 :

294 4390 427 4449 Cum
467 4394 717 4453 invitatis
752 4397 917 4467 fueris
951 4400 1020 4456 ad
1068 4402 1302 4473 nuptias,
1342 4420 1445 4459 non
1489 4404 1787 4463 discnmbas
1835 4411 1891 4465 in

289 4486 468 4556 μήπω
493 4486 628 4543 loco.
660 4487 862 4560 Aperta
890 4492 1111 4560 quidem
1150 4493 1219 4548 ad
1264 4494 1504 4551 litteram
1533 4506 1618 4554 est
1646 4499 1762 4556 lucc
1796 4500 1892 4555 ad-

1993 3322 2116 3363 rere
2146 3308 2391 3378 incipias,
2422 3306 2566 3377 quod
2596 3306 2692 3361 tibi
2719 3313 2971 3361 servatur
2997 3304 3053 3359 in
3093 3305 3220 3367 line,
3262 3301 3411 3371 quia,
3452 3301 3595 3357 sicut

1994 3399 2249 3454 Salomon
2292 3398 2367 3453 ait
2399 3417 2413 3450 :
2451 3395 2748 3452 lim-editas
2784 3396 2854 3450 ad
2876 3410 3036 3467 quam
3067 3394 3350 3463 festinatur
3373 3394 3430 3446 in
3448 3391 3597 3462 prin-

1993 3492 2149 3563 cipio,
2166 3492 2223 3546 in
2243 3492 2521 3547 nouissimo
2543 3489 2898 3544 benedictione
2916 3487 3112 3542 carebit
3135 3483 3321 3557 (Prov.
3345 3482 3462 3554 xx).
3484 3484 3595 3538 Po-

1997 3588 2101 3637 test
2136 3589 2316 3637 autem
2348 3581 2403 3635 in
2446 3581 2549 3636 hac
2596 3580 2708 3634 vita
2756 3577 3006 3648 intelligi,
3054 3577 3149 3647 qui
3193 3577 3247 3632 in
3295 3575 3594 3631 novissimo

1994 3671 2117 3727 loco
2138 3670 2460 3726 recumbens
2486 3668 2763 3724 inuenitur
2798 3665 3027 3723 Domino
3053 3666 3301 3721 veniente
3335 3664 3594 3720 sublima-

1994 3771 2101 3818 tus.
2135 3760 2272 3830 Quia
2301 3760 2546 3832 quotidie
2571 3758 2833 3817 Dominus
2855 3773 2983 3814 suas
3008 3757 3226 3828 nuptias
3246 3756 3593 3825 iutrat,quo-

1995 3856 2125 3912 tidie
2150 3870 2355 3920 mores,
2392 3854 2570 3917 sedes,
2605 3852 2825 3908 habitus
2871 3849 3276 3907 convivantium
3310 3848 3590 3922 diiudicat.

1993 3955 2049 4003 et
2092 3945 2357 4016 superbos
2399 3943 2726 4015 despiciens,
2767 3941 3064 3996 humilibus
3102 3952 3248 4009 stupe
3291 3945 3440 3993 tanta
3478 3938 3594 3993 suis

1995 4037 2218 4108 spiritus
2257 4049 2483 4091 munera
2512 4040 2755 4106 prmstat,
2789 4043 2851 4089 ut
2895 4045 2991 4086 eos
3031 4029 3228 4085 merito
3268 4026 3432 4083 simul
3475 4028 3591 4084 dis-

1993 4128 2388 4194 cumbentium,
2425 4128 2532 4184 hoc
2570 4133 2676 4192 est,
2723 4125 2779 4179 in
2826 4124 2932 4180 lide
2977 4120 3373 4193 quiescentium
3415 4126 3593 4175 emtas

1991 4222 2247 4278 unanima
2271 4218 2629 4275 admiratione
2648 4215 2935 4288 gloriﬁcet,
2964 4223 3294 4284 stupensquc
3321 4212 3377 4266 in
3404 4219 3591 4267 aucto-

1994 4315 2073 4370 ris
2123 4315 2207 4368 sui
2258 4310 2622 4366 laudationem
2661 4306 2911 4379 prosiliat
2949 4306 3136 4361 dicens
3175 4321 3190 4359 :
3231 4302 3367 4357 Mihi
3412 4311 3592 4357 autem

1995 4407 2149 4461 nimis
2177 4403 2507 4473 honoriﬁcati
2533 4410 2652 4456 sunt
2688 4399 2847 4454 amici
2873 4400 2970 4465 tui,
2994 4395 3157 4463 Deus,
3188 4396 3347 4465 nimis
3379 4394 3591 4460 confor-

1994 4506 2134 4551 tatus
2162 4502 2235 4550 est
2256 4493 2582 4566 principatus
2610 4506 2791 4546 eorum
2815 4487 2988 4563 (Psal.
3014 4486 3301 4559 cxxxvnt).

293 4577 527 4632 monitio
556 4577 871 4648 Salvatoris,
917 4582 1119 4640 docens
1168 4586 1545 4656 humilitatem,
1577 4608 1685 4648 non
1713 4593 1891 4649 solum

2065 4602 2206 4671 Quia
2235 4603 2404 4658 omnis
2430 4602 2519 4673 qui
2563 4618 2618 4656 se
2664 4599 2859 4655 exultat
2908 4597 3292 4664 humiliabitur,
3329 4605 3380 4655 et
3415 4598 3507 4670 qui
3534 4615 3592 4654 se

292 4671 439 4741 apud
464 4671 657 4739 Deum,
685 4675 782 4731 sed
821 4676 984 4731 etiam
1014 4679 1156 4748 apud
1195 4680 1441 4738 homines
1484 4697 1604 4739 esse
1643 4683 1888 4742 laudabi-

290 4761 423 4819 lem.
459 4763 567 4821 Sed
590 4767 847 4836 quoniam
878 4769 1017 4824 hanc
1054 4770 1397 4843 Evangelista
1424 4788 1530 4830 non
1559 4774 1762 4832 frustra
1787 4793 1887 4848 pa-

292 4855 544 4913 rabolam
586 4866 761 4925 vocat,
803 4858 1044 4918 breviter
1070 4863 1388 4920 intuendum
1419 4867 1548 4937 quid
1577 4870 1743 4924 etiam
1775 4886 1894 4943 my—

291 4945 436 5001 stice
470 4948 666 5020 signet.
710 4949 936 5022 Nuptias
985 4953 1245 5024 appellari
1288 4955 1511 5013 Christi
1538 4968 1593 5015 et
1633 4960 1890 5018 Ecclesia)

292 5037 737 5107 coniunctionem
775 5044 959 5102 multis
995 5045 1129 5103 locis
1155 5058 1399 5119 apparet,
1431 5063 1463 5106 c
1495 5052 1693 5123 quibus
1720 5072 1889 5111 unum

290 5135 381 5183 est
412 5144 430 5183 :
466 5128 722 5203 Nunquid
744 5145 958 5205 possunt
990 5136 1094 5206 ﬁlii
1129 5138 1428 5211 nuptiarum
1459 5143 1695 5212 quandiu
1735 5160 1892 5215 spon—

290 5235 389 5277 sus
422 5236 545 5278 cum
582 5224 691 5280 illis
717 5235 793 5281 est
807 5228 1060 5299 jejunarr
1092 5228 1306 5302 (Matth.
1334 5232 1451 5304 Ix)?
1472 5233 1631 5290 Aliud
1657 5254 1670 5290 :
1702 5236 1892 5294 Simile

256 5348 260 5352 ι
292 5311 507 5367 factum
550 5325 634 5371 est
676 5331 901 5388 regnum
949 5318 1213 5375 emlorum
1239 5321 1444 5379 homini
1473 5325 1605 5396 regi,
1637 5325 1729 5397 qui
1764 5325 1893 5383 fecit

292 5404 525 5475 nuptias
551 5406 663 5463 lilio
690 5423 811 5474 suo,
840 5417 897 5465 et
923 5409 1072 5465 misit
1101 5426 1288 5467 servos
1312 5428 1440 5469 suos
1470 5429 1666 5470 vocare
1697 5415 1893 5471 invita-

293 5502 386 5549 tos
416 5494 490 5549 ad
517 5497 752 5569 nuptias.
783 5497 895 5554 Has
933 5512 1064 5570 ergo
1103 5501 1319 5570 nuptias
1355 5503 1599 5572 quisquis
1629 5498 1888 5562 invitatus

294 5588 527 5656 adierit,
562 5590 615 5646 id
640 5600 726 5648 est
749 5591 1004 5649 Ecclesia:
1031 5607 1090 5649 sc
1114 5594 1372 5652 membris
1402 5595 1523 5652 ﬁdei
1554 5600 1727 5671 gratia
1758 5616 1888 5656 con-

286 5677 564 5747 iunxerit,
600 5697 707 5738 non
737 5682 1041 5740 discumbat
1071 5684 1125 5739 in
1151 5685 1326 5756 primo
1356 5686 1494 5753 loco,
1524 5690 1628 5745 hoc
1649 5701 1753 5758 est,
1781 5709 1889 5751 non

297 5784 360 5830 se
395 5772 472 5827 de
499 5776 700 5831 meritis
728 5775 1031 5848 gloriando,
1060 5778 1210 5846 quasi
1235 5780 1521 5837 sublimior
1550 5788 1762 5843 exteris
1791 5802 1886 5846 ex-

1991 4692 2234 4751 hmniliat
2273 4692 2612 4748 exaltabitur.
2662 4691 2729 4747 Et
2755 4706 2819 4747 ex
2861 4693 2963 4749 hac
2990 4690 3359 4756 conclusione,
3414 4692 3593 4747 mani-

1992 4785 2130 4842 feste
2156 4786 2335 4850 docet,
2366 4785 2763 4855 praecedentem
2812 4783 3024 4839 Domini
3057 4799 3363 4863 sermonem
3410 4785 3590 4859 typice
3674 4801 3687 4810 ο

1994 4878 2419 4948 intelligendum.
2451 4874 2639 4947 Neque
2666 4877 2809 4931 enim
2839 4892 2963 4931 mox
2989 4878 3168 4933 omnis
3203 4876 3294 4948 qui
3319 4892 3379 4935 se
3401 4892 3590 4934 coram

1993 4966 2551 5039 hominibusexaltat,
2595 4966 2987 5032 hutniliabitur,
3012 4976 3107 5023 aut
3135 4969 3229 5040 qui
3268 4982 3328 5023 se
3367 4968 3586 5025 incon-

1992 5068 2183 5132 spectn
2209 5060 2490 5115 hominum
2517 5057 2788 5124 humiliat,
2818 5058 3150 5114 exaltabitur
3188 5061 3256 5116 ah
3285 5061 3385 5117 eis.
3420 5059 3528 5117 Sed
3555 5079 3588 5119 υ

1992 5149 2266 5207 contrario
2290 5154 2701 5219 nonnunquam,
2724 5149 2900 5220 quise
2924 5150 3009 5205 vel
3031 5149 3084 5205 in
3112 5156 3265 5221 apice
3284 5151 3581 5223 dignitatis.

1991 5239 2077 5295 vel
2098 5241 2153 5293 in
2173 5236 2278 5293 alia
2299 5237 2537 5310 qualibet
2561 5228 2891 5306 acquirenda
2921 5239 3093 5313 gloria
3121 5240 3388 5306 sublevat,
3416 5255 3582 5312 usque

1993 5331 2048 5386 in
2076 5330 2234 5385 linem
2257 5329 2486 5384 exaltari
2511 5345 2618 5384 non
2643 5337 2839 5386 cessat.
2867 5331 3134 5388 Similiter
3154 5341 3209 5388 et
3228 5331 3445 5388 humilis
3464 5332 3557 5400 qui

1990 5408 2122 5475 libet
2144 5434 2207 5475 ac
2231 5420 2589 5484 verecundus,
2620 5421 2673 5474 in
2698 5436 2814 5487 sua,
2839 5436 2946 5492 qua
2973 5431 3258 5478 contentus
3283 5428 3387 5485 est,
3410 5433 3585 5487 usque

1993 5510 2063 5566 ad
2090 5510 2215 5566 vita:
2244 5510 2531 5566 terminum
2579 5513 2953 5568 mediocritate
2996 5519 3327 5584 perseverat.
3367 5510 3435 5567 Et
3462 5511 3585 5569 ideo

1994 5603 2118 5675 quia
2142 5601 2297 5674 juxta
2322 5603 2569 5659 veritatis
2597 5606 2942 5670 sententiam,
2964 5605 3140 5659 omnis
3163 5604 3255 5673 qui
3281 5620 3341 5659 se
3368 5604 3583 5661 incaute

1996 5697 2063 5753 de
2107 5696 2319 5752 meritis
2354 5695 2566 5761 allevat,
2616 5695 2986 5752 humiliabitur
3025 5712 3055 5751 a
3101 5694 3351 5765 Domino,
3393 5707 3449 5753 et
3489 5699 3580 5770 qui

1995 5790 2219 5864 pravi-ie
2249 5802 2308 5845 se
2343 5788 2410 5844 de
2437 5786 2735 5843 benefactis
2759 5787 3007 5844 humiliat
3034 5786 3359 5850 cxaltahitur
3385 5794 3454 5853 ab
3490 5810 3577 5861 eo,
3662 5778 3683 5783 ’
