3936 6202
240 330 341 387 ιτδ
1036 333 1550 391 COLLECTIONES
1586 333 2065 392 [NEPISTOLAS
2105 339 2194 395 ET
2230 340 2641 399 EVANGELIA.
3381 353 3484 409 ΠΛ

236 456 425 503 contra
450 443 688 505 Iudaea.
713 448 857 505 Etbt
881 450 1049 512 enim.
1072 452 1164 521 qui
1188 450 1518 507 conﬁtentur
1532 449 1809 507 Christum
1836 451 1889 510 Α
1912 457 1965 503 et
1990 466 2157 508 onera
2184 463 2240 509 et
2258 456 2490 521 vincula,
2508 455 2703 527 quibus
2725 457 3041 531 alligantur,
3057 440 3489 534 oneraspiritua-

233 550 354 590 esse
374 547 681 592 ‘venturum
711 536 988 594 hominem
1013 539 1313 610 simplicem
1342 555 1404 596 ac
1428 548 1697 605 sanctum,
1723 553 1818 594 ve-
1913 539 2041 596 liter
2063 543 2404 616 intelligenda
2432 549 2558 604 sint.

232 644 353 683 rum
398 637 657 687 asserunt
680 631 749 687 de
782 646 985 703 genere
1006 629 1197 687 David.
1246 632 1644 703 lntcrrogemus
1682 647 1811 703 ergo
1983 632 2175 687 Gnatia
2194 652 2314 689 uero
2342 652 2498 706 opera
2528 654 2627 692 sua
2657 636 2881 706 faciunt,
2914 649 2971 694 ut
2998 641 3275 696 uideantur
3297 643 3364 696 ab
3394 641 3491 696 ho-

228 734 324 776 eos
349 720 497 785 docti
521 736 555 776 a
584 720 833 786 Domino,
864 721 910 777 si
941 720 1170 792 simplex
1195 723 1357 777 Muto
1386 730 1495 787 est,
1523 731 1578 777 et
1600 730 1807 783 nutum
1909 720 2154 775 minibus.
2203 722 2521 794 Quicunque
2559 726 2726 797 igitur
2753 729 2825 782 ita
2871 728 2999 783 facit
3023 730 3302 800 quodlibet
3324 740 3386 787 ut
3409 732 3490 787 vi-

227 809 373 866 ﬁlius
415 811 617 876 David,
660 811 937 883 quomodo
971 811 1137 867 David
1182 820 1344 868 vocat
1366 827 1491 868 eum
1519 811 1805 868 Dominum

222 904 426 960 suum?
472 902 591 959 Non
616 903 822 959 erroris
848 903 1094 971 incerto,
1122 918 1225 959 nec
1245 903 1470 973 propria
1506 901 1804 969 voluntate,

223 995 327 1050 sed
346 996 404 1050 in
430 993 637 1065 Spiritu
665 1003 877 1050 sancto.
1598 1052 1605 1063 ,

300 1102 503 1159 Dicunt
534 1105 629 1159 ei:
667 1104 859 1159 David.
901 1105 989 1159 Ait
1022 1104 1128 1159 iiiis
1152 1118 1173 1157 :
1210 1101 1514 1170 Quomodo,
1563 1113 1668 1160 etc.
1700 1102 1801 1177 (Ex

222 1194 416 1267 Beda.)
446 1195 565 1251 Non
581 1204 764 1250 autem
782 1196 1268 1266 reprehenduntur,
1297 1195 1424 1266 quia
1436 1196 1605 1251 David
1630 1196 1801 1252 ﬁlium

220 1285 445 1351 dicunt»,
497 1285 592 1340 sed
613 1285 738 1354 quia
769 1284 865 1340 Dei
891 1283 1058 1339 ﬁlium
1080 1299 1189 1339 non
1218 1285 1465 1340 credunt.
1519 1284 1799 1356 Siquidem
1852 1308 1855 1317 ν

220 1361 344 1447 ipse
366 1382 425 1433 et
456 1376 719 1432 Dominus
756 1376 925 1432 David
953 1383 1057 1442 est,
1089 1376 1232 1432 Deus
1260 1384 1386 1433 ante
1414 1384 1656 1450 tempora
1682 1394 1800 1435 ma-

218 1464 420 1530 nendo,
456 1472 521 1521 et‘
550 1464 692 1520 ﬁlius
718 1464 887 1519 David
915 1466 1183 1534 apparuit,
1210 1466 1373 1521 homo
1402 1466 1458 1520 in
1495 1474 1796 1537 temporum

216 1554 329 1611 ﬁne
354 1557 647 1611 nascendo.
681 1554 836 1622 Quod
856 1562 1036 1610 autem
1063 1570 1093 1609 a
1118 1564 1274 1625 patre
1301 1540 1664 1628 subjiciuntur
1691 1558 1794 1613 ini-

215 1646 349 1702 mici
371 1685 389 1711 ,
430 1661 537 1701 non
562 1645 933 1701 inﬁrmitatem
958 1646 1093 1712 ﬁlii,
1128 1647 1223 1702 sed
1252 1647 1517 1703 unitatem
1565 1658 1788 1715 natura),

214 1739 345 1809 quia
371 1738 426 1793 iu
452 1738 625 1794 altero
649 1737 787 1794 alter
807 1747 1082 1808 operatur,
1104 1739 1391 1810 signiﬁcat.
1414 1739 1552 1795 Nam
1570 1748 1626 1796 et
1649 1740 1793 1797 ﬁlius

213 1826 436 1897 subiicit
463 1828 712 1884 inimicos
736 1829 914 1898 patri,
943 1829 1068 1899 quia
1098 1840 1308 1900 patrem
1336 1830 1603 1887 clariﬁcat
1628 1847 1793 1902 super

214 1926 442 1974 torrem.
474 1916 616 1974 Sede
664 1933 696 1973 a
744 1919 952 1975 dextris
982 1920 1141 1986 meis,
1167 1927 1274 1977 etc.

285 2031 396 2104 (Ea:
420 2029 605 2104 Fulg.)
634 2029 734 2086 Hic
757 2029 928 2086 sessio
952 2030 1298 2086 stabilitatem
1329 2031 1614 2099 signiﬁcat.
1652 2031 1790 2103 Apte

208 2123 356 2178 enim
384 2121 498 2177 ﬁlio
528 2129 651 2192 post
694 2122 962 2192 passionis
999 2120 1238 2177 laborem
1268 2123 1501 2177 dicitur:
1535 2123 1706 2190 Sede,
1733 2125 1788 2181 id

207 2221 292 2268 est
337 2212 522 2269 victor
561 2213 614 2267 in
659 2213 869 2285 gloria;
922 2231 955 2267 a
996 2212 1231 2275 dextris,
1282 2228 1388 2267 non
1437 2212 1651 2279 locum,
1692 2216 1787 2270 sed

206 2303 574 2373 aequalitatem
604 2304 772 2375 patris
798 2303 1084 2374 signiﬁcat.
1136 2304 1316 2358 Donec
1337 2319 1435 2374 pro
1463 2318 1677 2374 semper
1712 2305 1789 2359 in-

206 2395 419 2450 ﬁnitum
454 2394 762 2465 signiﬁcat,
811 2403 872 2450 ut
918 2394 1088 2450 illud:
1139 2393 1311 2450 donec
1348 2395 1646 2450 senescatis
1685 2409 1786 2464 ego

204 2501 358 2550 sum,
407 2500 475 2540 ac
510 2485 555 2540 si
592 2486 835 2540 diceret:
872 2483 949 2539 Tu
981 2499 1195 2555 semper
1232 2485 1381 2550 sede,
1421 2485 1545 2555 quia
1574 2492 1786 2555 semper

203 2574 412 2630 inimici
454 2575 554 2631 Sub
592 2574 817 2644 pedibus
865 2575 971 2630 tuis
1008 2575 1365 2645 subjicicntur
1388 2615 1403 2640 ,
1443 2577 1606 2646 pedes
1636 2575 1782 2630 cuitu

202 2664 425 2722 Domini
477 2662 563 2720 vel
615 2665 915 2720 incarnatio
1012 2664 1096 2720 vel
1147 2666 1248 2736 ipsi
1300 2666 1525 2736 apostoli
1582 2665 1782 2721 intelli-

198 2764 424 2829 guntur.

267 2847 345 2901 Et
375 2864 527 2902 nemo
551 2857 750 2919 poterat
773 2850 1082 2920 respondere
1100 2850 1149 2904 ei
1173 2851 1401 2917 uerbum,
1433 2867 1596 2924 neque
1620 2867 1782 2906 ausas

198 2937 305 3007 fuit
330 2938 609 3009 quisquam
627 2955 690 2993 ea:
710 2939 827 3006 illa,
850 2948 955 2995 etc.
980 2936 1239 2997 Pharismi
1260 2939 1607 2997 etSadducmi
1635 2956 1783 3015 qua:-

197 3040 386 3086 rentes
408 3030 750 3086 occasionem
777 3031 1089 3099 calumniae,
1117 3041 1172 3087 et
1199 3033 1421 3088 verbum
1449 3032 1668 3105 aliquod
1697 3033 1780 3089 in-

194 3125 409 3192 venire,
459 3124 601 3195 quod
642 3133 853 3195 pateret
883 3126 1090 3182 insidiis
1114 3167 1128 3192 ,
1174 3127 1300 3197 quia
1348 3126 1404 3181 in
1441 3127 1780 3184 sermonibus
1805 3135 1850 3196 C

196 3219 466 3275 confutati
503 3226 630 3275 sunt
656 3260 670 3287 ,
719 3218 858 3275 ultra
887 3234 996 3274 non
1024 3220 1386 3290 interrogant,
1420 3219 1515 3275 sed
1553 3222 1782 3290 apertis-

195 3312 798 3382 simccomprcbcnsum
824 3310 1083 3366 Romanae
1126 3312 1345 3367 tradunt
1370 3313 1662 3382 potestati,
1712 3330 1779 3369 ex

195 3425 304 3479 quo
336 3407 690 3480 intelligimus
716 3423 923 3464 venena
952 3409 1166 3464 invidiae
1186 3424 1346 3481 posse
1382 3411 1598 3481 quidem
1623 3427 1781 3482 supe-

196 3500 335 3563 rari,
364 3498 463 3554 sed
487 3497 701 3555 diﬁicilc
722 3501 1126 3570 conquiescere.

265 3610 420 3668 Tunc
445 3610 601 3674 Iesus
627 3611 831 3666 locutus
868 3622 943 3667 est
972 3613 1041 3667 ad
1070 3614 1250 3669 turbas
1289 3624 1338 3669 et
1378 3615 1447 3669 ad
1494 3615 1778 3688 discipulos

194 3721 340 3768 suos,
371 3705 584 3770 dicens,
619 3715 723 3761 etc.
762 3706 898 3773 Quid
939 3708 1289 3771 mansuetius,
1340 3708 1465 3778 quid
1493 3708 1778 3782 benignius

194 3793 449 3858 Domino,
485 3803 727 3851 tentatur
746 3811 778 3849 a
800 3796 1104 3861 Pharisaeis,
1134 3795 1549 3867 coniringuntur
1570 3798 1777 3854 insidia:

192 3901 385 3941 eorum
404 3925 425 3949 ,
463 3893 519 3940 et
551 3887 844 3941 secundum
879 3884 1257 3942 Psalmistam:
1288 3885 1508 3958 Sagitta:
1529 3888 1776 3960 parvulo-

192 3982 313 4029 rum
337 3974 500 4049 [πίω
525 3984 643 4028 sunt
671 3974 842 4045 plagw
863 3991 1041 4030 eorum
1077 3973 1250 4047 (Psal.
1287 3976 1464 4048 um),
1494 3984 1551 4033 et
1581 3978 1775 4035 nihilo-

191 4068 378 4122 minus
422 4074 647 4137 propter
686 4066 1046 4121 sacerdotium
1078 4075 1133 4122 et
1174 4067 1410 4123 nominis
1451 4069 1773 4140 dignitatem

191 4157 449 4211 hortatur
467 4155 719 4225 populos,
741 4163 797 4210 ut
818 4156 1171 4226 subiiciantur
1209 4156 1309 4222 eis,
1336 4172 1442 4212 non
1467 4173 1652 4227 opera,
1681 4161 1774 4215 scd

190 4246 502 4302 doctrinam
549 4245 972 4301 considerantes.
1018 4244 1171 4314 Quod
1211 4254 1392 4303 autem
1438 4248 1552 4304 ait:
1605 4247 1776 4319 Super

188 4338 500 4393 eatltedram
527 4333 664 4389 Mosi
691 4335 932 4389 sederunt
963 4332 1160 4390 Scriba:
1187 4346 1237 4391 et
1260 4335 1541 4402 Pharisaei,
1567 4353 1665 4408 per
1686 4353 1775 4394 ca-

189 4427 445 4484 thedram
471 4425 772 4480 doctrinam
804 4424 937 4497 legis
963 4425 1217 4491 ostendit,
1248 4441 1295 4481 et
1311 4442 1377 4497 go
1397 4434 1450 4482 et
1475 4427 1601 4482 illud
1627 4428 1770 4498 quod

1908 810 2101 867 deatur
2114 812 2190 866 ab
2216 814 2547 881 hominibus,
2573 817 2753 873 scriba
2779 828 2860 874 est
2885 827 2944 873 et
2962 819 3290 875 Pharisatus.

1978 900 2217 957 Dilataut
2243 904 2380 959 enim
2397 906 2722 976 phylacteria
2736 925 2855 963 sua.
2887 909 3146 965 Dominus
3165 925 3286 966 cum
3309 911 3487 967 dedis-

1904 1000 1989 1047 set
2010 992 2261 1047 mandata
2292 993 2422 1063 legis
2448 1011 2551 1064 per
2591 996 2772 1052 Mosen
2793 1036 2809 1063 ,
2835 998 2903 1054 ad
2926 1007 3229 1053 extremum
3266 999 3478 1054 intulit:

1896 1078 2116 1150 Ligabis
2144 1098 2206 1136 ea
2236 1084 2291 1137 in
2328 1101 2489 1138 manu
2523 1095 2650 1149 tua,
2691 1094 2742 1140 et
2775 1096 2926 1141 erunt
2958 1088 3175 1141 humata
3203 1096 3325 1142 ante
3351 1105 3482 1143 ocu-

1901 1167 1981 1225 los
2007 1179 2127 1222 tuos
2168 1170 2348 1241 (Deut.
2376 1171 2494 1243 vr);
2539 1182 2601 1228 et.
2634 1184 2720 1229 est
2760 1190 2989 1231 sensus:
3039 1175 3314 1246 Pmcepta
3362 1191 3483 1232 mea

1900 1259 2009 1313 sint
2038 1259 2092 1313 in
2119 1275 2282 1321 manu
2321 1270 2437 1328 tua,
2482 1271 2543 1318 ut
2576 1279 2739 1335 opere
2769 1265 3178 1336 compleantur;
3220 1265 3330 1320 sint
3355 1275 3485 1320 ante
3520 1272 3535 1279 ‘

1900 1350 2086 1406 oculos
2113 1361 2236 1407 tuos
2258 1392 2273 1416 ,
2306 1361 2367 1407 ut
2409 1354 2497 1409 die
2524 1370 2589 1410 ac
2617 1364 2774 1410 nocte
2813 1355 3092 1409 meditaris
3119 1354 3173 1409 in
3210 1354 3290 1410 eis
3310 1393 3328 1420 ,
3377 1355 3482 1410 hoc

1897 1437 2155 1492 Pharisaei
2196 1439 2334 1494 tnale
2381 1440 2830 1509 interpretantes,
2876 1442 3186 1496 scribebant
3227 1442 3282 1495 in
3309 1456 3483 1496 mem-

1896 1523 2138 1580 branulis
2162 1525 2477 1596 decaloguin
2503 1527 2655 1592 Mosi,
2686 1529 2738 1581 id
2766 1537 2869 1591 est,
2900 1528 3087 1582 decem
3128 1529 3263 1596 legis
3285 1530 3476 1592 verba,

1896 1618 2283 1686 emnplicantcs
2307 1633 2390 1683 ea,
2421 1627 2476 1672 et
2498 1618 2725 1687 ligantcs
2753 1619 2806 1672 in
2838 1618 3037 1685 fronte,
3063 1628 3120 1674 et
3141 1620 3295 1689 quasi
3321 1634 3480 1675 coro-

1896 1722 2022 1762 nam
2051 1709 2247 1778 capitis
2273 1707 2553 1772 l‘acientes,
2598 1716 2661 1761 ut
2695 1721 2909 1778 semper
2939 1716 3064 1763 ante
3092 1707 3279 1765 oculos
3301 1721 3482 1763 move-

1820 1790 1867 1849 B
1898 1808 2067 1863 retur,
2109 1798 2253 1866 quod
2292 1812 2464 1866 usque
2494 1796 2654 1851 hodie
2683 1797 2796 1851 Indi
2829 1805 2881 1851 et
2912 1795 3092 1852 Persa:
3116 1806 3172 1852 ct
3202 1796 3480 1868 Babylonii

1854 1954 1857 1957 _
1893 1884 2115 1950 faciunt,
2144 1895 2199 1942 et
2224 1887 2318 1957 qui
2344 1887 2449 1941 hoc
2489 1887 2759 1949 habuerit,
2790 1887 3259 1957 quasireligiosus
3284 1890 3339 1941 in
3385 1904 3481 1976 po-

1889 1974 2030 2046 pulis
2048 1974 2344 2044 iudicatur.
2395 1977 2464 2032 Et
2500 1976 2617 2032 haec
2645 1978 2759 2047 ipsa
2790 1978 3099 2048 pistariola,
3144 1974 3477 2049 phylacteria

1890 2067 2173 2131 vocabant,
2199 2066 2344 2137 quod
2368 2067 2675 2138 quicunque
2700 2069 2977 2124 habuisset
3000 2084 3095 2133 ea,
3114 2068 3270 2140 quasi
3294 2070 3363 2125 ob
3386 2086 3478 2125 cu-

1888 2156 2116 2209 stodiam
2141 2164 2201 2210 et
2222 2157 2614 2213 munimentum
2649 2157 2732 2213 sui
2766 2158 3014 2224 haberet,
3043 2174 3148 2213 non
3174 2158 3479 2230 intelligen-

1888 2244 2031 2300 tibus
2056 2245 2374 2312 Pharismis,
2420 2248 2564 2317 quod
2596 2249 2710 2304 haec
2752 2249 2807 2303 in
2852 2250 3015 2304 corde
3059 2251 3318 2318 portanda
3365 2251 3477 2305 sint

1887 2348 1994 2385 non
2034 2332 2089 2387 in
2117 2349 2343 2402 corpore
2366 2374 2381 2399 ,
2420 2334 2658 2406 alioquin
2690 2343 2745 2391 et
2772 2337 3002 2392 armaria
3030 2343 3084 2391 et
3112 2353 3253 2393 arcae
3278 2338 3481 2393 habent

1889 2419 2059 2477 libros
2080 2430 2135 2477 et
2159 2422 2417 2497 notitiam!
2437 2424 2537 2479 Dei
2562 2439 2668 2480 non
2693 2424 2908 2483 habent.

1956 2534 2301 2606 Magniﬁcam
2348 2536 2609 2607 ﬁmbrias.
2656 2537 2907 2595 iusserat
2938 2553 3154 2610 quoque
3178 2538 3326 2594 aliud
3363 2538 3478 2593 Mn.

1885 2640 2007 2691 ses,
2052 2627 2193 2681 utin
2241 2637 2475 2696 quatuor
2519 2626 2733 2698 angulis
2772 2629 3097 2699 palliorum,
3134 2629 3479 2701 hyacinlinas

1883 2706 2122 2770 ﬁmbrias
2137 2714 2396 2782 facerent,
2424 2717 2491 2771 ad
2511 2716 2725 2779 Israelis
2751 2718 3005 2787 populum
3026 2718 3473 2788 dignoscendum,

1881 2813 1942 2861 ut
1981 2805 2251 2877 quomodo
2294 2806 2349 2860 in
2386 2807 2703 2876 corporibus
2742 2807 3083 2863 circumcisio
3127 2807 3340 2878 signum
3381 2805 3477 2871 Ju-

1880 2896 2063 2952 daicazi
2090 2896 2266 2967 gentis
2289 2896 2517 2951 haberet
2540 2896 2777 2967 aliquam
2802 2889 3184 2964 diﬁ'ercntiam,
3214 2898 3476 2968 supersti-

1880 2984 2004 3043 tiosi
2030 2984 2296 3055 magistri,
2327 2991 2607 3053 captantes
2632 3000 2818 3040 auram
2844 2984 3182 3057 pupularem,
3215 2994 3376 3056 atque
3403 3001 3470 3040 ex

1881 3076 2213 3137 mulierculis
2251 3084 2521 3133 sectantes
2547 3076 2732 3143 lucra,
2763 3077 3039 3133 faciebant
3072 3076 3309 3146 grandes
3344 3076 3469 3132 ﬁm—

1882 3169 2060 3236 brias,
2107 3175 2165 3224 et
2185 3168 2526 3225 acutissimas
2553 3168 2607 3223 in
2633 3169 2714 3227 eis
2742 3169 2926 3239 spinas
2952 3168 3213 3238 ligabant,
3244 3178 3306 3225 ut
3328 3168 3473 3224 vide-

1881 3261 2008 3317 licet
2048 3251 2420 3325 ambulantes,
2459 3268 2517 3314 et
2545 3260 2795 3315 sedentes
2820 3299 2836 3325 ,
2870 3258 3139 3315 interdum
3166 3273 3471 3331 pungeren-

1882 3361 1988 3418 tur,
2027 3361 2083 3408 et
2110 3354 2265 3422 quasi
2299 3354 2402 3408 hac
2432 3351 2802 3409 admonitione
2829 3355 3236 3409 retraherentur
3258 3355 3326 3411 ad
3356 3353 3471 3409 olﬁ-
3528 3364 3535 3369 ’

1880 3446 2019 3502 cium
2051 3446 2181 3511 Dei,
2207 3454 2263 3501 et
2289 3446 2592 3501 ministeria
2632 3438 2912 3505 servitutis
2951 3443 3089 3513 ejus.
3141 3447 3250 3518 (Ea:
3290 3446 3467 3518 Orig.)

1879 3536 2184 3592 Istiusmodi
2210 3545 2330 3605 erat
2356 3534 2565 3590 ﬁmbria
2604 3551 2773 3607 parva
2796 3546 2851 3590 ct
2876 3536 3061 3591 brevis
3082 3551 3148 3592 ex
3183 3536 3303 3607 lege
3329 3553 3468 3607 prte-

1878 3634 2057 3695 ccpta,
2094 3641 2255 3695 quam
2280 3633 2333 3680 et
2364 3624 2558 3681 mulier
2588 3624 2679 3679 illa
2708 3640 2830 3695 quin
2857 3627 3118 3696 satguine
3155 3625 3357 3683 ﬂuebat
3385 3637 3474 3685 te-.

1880 3717 2019 3787 tigit,
2050 3715 2103 3770 in
2129 3714 2343 3786 palliolo
2373 3714 2609 3780 Domini,
2652 3717 2747 3771 sed
2774 3731 2880 3771 non
2905 3725 2988 3771 est
3013 3726 3335 3788 compuncta
3371 3734 3461 3773 su-

1877 3804 2201 3881 perstitiosis
2224 3805 2467 3860 sentibus
2493 3803 2891 3862 Pharisaeorum
2910 3846 2929 3872 ,
2971 3806 3252 3879 magisque
3275 3816 3464 3863 sanata

1879 3897 1948 3957 ad
1979 3905 2181 3952 tactum
2210 3895 2347 3967 ejus.

1947 4005 2140 4061 Amant
2166 4021 2371 4077 quoque
2393 4004 2590 4076 primos
2631 4006 2891 4061 rerubitus
2916 4007 2971 4059 in
3001 4006 3158 4061 carnis
3186 4014 3237 4060 et
3263 4005 3462 4075 primas

1875 4098 2153 4153 cathedras
2175 4098 2230 4153 in
2255 4098 2532 4167 synagogis
2556 4106 2608 4151 et
2637 4097 2950 4152 salutationes
2978 4098 3033 4151 in
3058 4098 3176 4167 foro
3201 4107 3251 4150 et
3280 4098 3458 4151 vocari

1875 4189 1941 4244 ab
1965 4188 2282 4251 hominibus,
2326 4186 2514 4251 Rubbi,
2559 4204 2648 4242 vos
2671 4197 2846 4242 autem
2876 4187 3036 4241 nolite
3070 4188 3247 4242 vocari
3271 4186 3459 4254 Rabbt',

1872 4293 2010 4330 unus
2058 4285 2133 4330 est
2176 4277 2424 4345 magister
2459 4285 2660 4341 uester,
2710 4292 2887 4331 omnes
2924 4287 3100 4330 autem
3132 4292 3222 4330 vos
3268 4277 3458 4346 fratres

1854 4366 2019 4420 estis.
2069 4364 2384 4435 Arguuntur
2411 4380 2444 4418 a
2470 4364 2699 4420 Domino
2735 4365 2791 4419 in
2823 4364 3073 4435 reliquis,
3120 4366 3175 4420 id
3204 4373 3310 4431 est,
3357 4382 3460 4424 cur

1794 4473 1849 4533 Β
1873 4461 2121 4525 quaeram
2156 4454 2363 4523 primos
2391 4453 2670 4509 accubitus
2697 4454 2752 4509 in
2786 4455 2988 4521 cumis,
3036 4462 3092 4509 et
3127 4455 3333 4525 primas
3366 4472 3458 4512 ca-

186 4517 497 4615 ἀὶςξιυτ-ίη
538 4516 786 4615 Ρδξιιηξοε
829 4516 897 4572 E‘
938 4519 993 4615 5'}
1030 4519 1278 4615 εφηιθάνα
1305 4520 1627 4615 ξρεδξδιεηλίαδ
1663 4539 1768 4577 ’³οη
1794 4516 1845 4533 υ
1870 4516 2087 4601 thedras
2114 4516 2174 4599 in
2198 4543 2509 4615 synagogis,
2538 4553 2594 4598 et
2623 4544 2678 4599 in
2710 4544 2924 4615 publico
2963 4516 3148 4615 gulam
3177 4551 3458 4601 sectentur

184 4610 347 4663 sedit.
404 4596 477 4662 Et
518 4608 804 4664 cathedras
845 4611 1193 4666 vendentium
1234 4613 1514 4669 columbas
1550 4615 1765 4681 evertit,

180 4701 496 4755 doctrinam
518 4701 774 4755 debemus
799 4703 1063 4773 accipere.

257 4812 373 4884 (Ex
392 4812 644 4882 August.)
688 4813 780 4868 illa
810 4831 940 4886 ergo
972 4817 1227 4872 cathedra
1270 4835 1373 4875 non
1415 4834 1634 4887 eorum,
1672 4823 1764 4877 sed

181 4905 321 4961 elusi
347 4906 577 4976 cogebat
602 4919 696 4961 eos
727 4906 865 4961 bona
891 4907 1105 4972 dicere,
1151 4911 1314 4963 etiam
1357 4926 1463 4965 non
1499 4912 1639 4966 bona
1684 4913 1762 4967 ta-

179 4999 417 5053 cientes.
441 4996 689 5067 Agehant
711 5011 963 5065 ergosna
992 4998 1045 5053 in
1066 4999 1172 5053 vita
1200 5015 1316 5055 sua.
1356 4999 1555 5063 Docere
1581 5013 1759 5059 autem

178 5107 285 5147 sua
332 5090 596 5146 cathedra
622 5089 767 5145 .illos
811 5105 917 5145 non
954 5091 1300 5159 permittebat
1342 5093 1535 5148 aliena.
1586 5095 1764 5151 Multis

179 5182 373 5249 itaque
399 5189 625 5250 prosunt
660 5181 887 5236 dicendo
922 5196 1044 5250 quae
1081 5198 1188 5237 non
1209 5182 1445 5247 iaciunt,
1480 5188 1573 5239 sed
1609 5187 1764 5257 longe

172 5274 435 5344 pluribus
459 5272 779 5341 prodessent
806 5269 1054 5337 faciendo
1079 5287 1197 5341 qua:
1222 5273 1424 5329 dicunt.

254 5363 491 5433 Alligont
517 5370 694 5416 autem
724 5378 882 5416 onera
906 5362 1086 5431 grauia
1111 5372 1159 5416 et
1183 5363 1556 5432 importubilia,
1586 5374 1633 5417 ct
1663 5364 1763 5417 im—

174 5464 386 5523 ponunt
411 5454 467 5505 in
492 5452 721 5521 humeris
747 5452 1034 5515 hominum,
1063 5453 1227 5523 digito
1258 5464 1435 5507 autem
1454 5470 1550 5507 suo
1581 5455 1761 5510 nolunt

178 5562 243 5596 ea
284 5558 505 5595 movere.
559 5542 660 5611 (Ex
705 5541 948 5613 Hieron.)
987 5543 1099 5598 Hoc
1137 5544 1462 5613 generaliter
1505 5545 1765 5599 advetsus

179 5650 382 5688 omines
401 5632 718 5703 magistros,
746 5633 836 5701 qui
860 5632 1081 5703 grandia
1103 5631 1312 5701 jubcnt,
1341 5639 1396 5686 et
1423 5631 1627 5709 minora
1658 5647 1762 5686 non

184 5722 417 5791 (acuunt.
462 5722 766 5779 Sotandum
794 5723 1136 5797 autemqqu
1162 5730 1211 5778 cl
1254 5716 1463 5779 humct‘i
1491 5730 1543 5777 et
1571 5721 1788 5795 digitus

1867 4643 1923 4689 et
1953 4634 2196 4706 gloriam,
2229 4641 2286 4688 ct
2332 4640 2591 4688 vocentur
2627 4632 2697 4687 ab
2718 4633 3030 4691 hominibus
3058 4634 3261 4700 Rabhi,
3307 4635 3459 4705 quod

1866 4726 2060 4782 Latino
2085 4741 2338 4781 somnne
2360 4725 2621 4794 magister
2651 4724 2867 4780 dicitur.

1937 4817 2047 4881 (Ea:
2073 4814 2319 4886 August.)
2346 4814 2594 4885 Nunquid
2619 4808 2872 4885 putanda
2891 4812 3019 4869 §unt
3043 4814 3337 4891 scripturae
3354 4814 3451 4870 Dei

1866 4908 1968 4965 sibi
1994 4922 2114 4963 esse
2140 4905 2467 4961 contrariae?
2499 4913 2554 4960 et
2593 4905 2716 4961 ideo
2746 4904 3124 4974 negligendum
3157 4912 3261 4966 est,
3306 4904 3450 4973 quod

1868 4998 2127 5065 scriptum
2153 5006 2239 5051 cst
2262 5013 2275 5048 :
2327 4993 2546 5048 Honora
2576 5004 2781 5065 patrem
2809 5003 2957 5046 tuum
2985 5002 3032 5047 et
3058 5004 3276 5048 matrem
3303 5003 3449 5049 tuam

1869 5086 2062 5157 (Exod.
2096 5086 2211 5157 xx),
2243 5102 2553 5155 quanquam
2583 5096 2642 5140 ut
2664 5095 2869 5156 patrem
2894 5084 3249 5156 intelligamus
3273 5086 3448 5154 ipsum

1867 5180 2055 5242 Deum,
2102 5187 2157 5233 et
2199 5187 2427 5232 matrem
2453 5192 2582 5231 vero
2620 5177 2939 5243 ecclesiam,
2979 5187 3349 5232 verumtamen
3391 5177 3446 5233 in

1867 5270 2117 5323 clunibus
2140 5284 2322 5322 rerum
2349 5268 2491 5321 ordo
2508 5267 2812 5322 servandus
2828 5278 2936 5333 est,
2966 5284 3072 5321 non
3105 5269 3249 5322 enim
3284 5267 3449 5322 honu-

1864 5364 2183 5419 riﬁccntiam
2227 5377 2348 5432 quae
2393 5363 2617 5417 debetur
2650 5362 2964 5431 parentibus
3010 5362 3267 5417 Dominus
3320 5376 3445 5417 era-
3498 5389 3521 5421 χ

1866 5454 2048 5511 (ιιιεὼίι
2068 5454 2291 5506 dicens:
2330 5452 2413 5506 Ne
2437 5452 2578 5506 vobis
2609 5453 2791 5506 vocetis
2823 5464 3022 5522 patrem
3051 5467 3207 5521 super
3224 5460 3444 5510 terram,

1867 5543 1960 5597 scd
1986 5557 2121 5610 quos
2151 5541 2391 5612 erigebat
2424 5542 2476 5594 in
2513 5556 2662 5611 spem
2688 5543 2812 5597 vitzc
2847 5551 3062 5597 interna:
3090 5540 3445 5599 salvomst-.m-

1870 5633 2082 5701 poralcs
2109 5632 2242 5686 istas
2267 5630 2695 5687 necessitudines
2726 5630 3059 5685 transitorias
3089 5626 3309 5679 docebat
3331 5666 3344 5687 ,
3384 5636 3442 5681 ut

1875 5723 1926 5777 in
1953 5737 2075 5779 eum
2104 5736 2163 5775 se
2201 5732 2407 5791 patrem
2433 5721 2813 5785 extenderent,
2844 5718 2928 5786 cui
2956 5734 3059 5773 non
3088 5716 3280 5770 umrtui
3319 5733 3442 5772 suc-
