3932 6204
533 318 641 377 ιτε

1837 314 2189 370 ΞΜΑΒΑΕΒΙ
2227 315 2511 376 ABBATIS

3686 329 3776 381 Hii

532 433 746 491 cessuri
783 439 990 495 essent,
1036 428 1132 485 sed
1179 443 1300 484 cum
1336 426 1429 482 illo
1478 441 1690 497 semper
1729 427 1923 482 victuri
1963 437 2108 484 sunt.
2139 431 2187 490 Α
2214 428 2537 500 cognitionis
2573 431 2765 487 ﬁducia
2794 432 2920 492 l‘reti
2954 435 3321 490 indubitanter
3347 436 3773 504 aggrederemur,

533 527 674 598 Ergo
696 523 850 578 nobis
880 529 1083 592 patres,
1122 529 1174 575 et
1205 520 1467 575 habemus
1499 528 1702 590 patres,
1733 529 1790 575 et
1812 536 2000 576 sumus
2024 537 2113 590 pa-

429 641 447 683 ~,
531 624 666 680 tres,
714 614 898 668 multis
925 612 1120 677 modis,
1169 611 1264 667 sed
1307 626 1416 665 uno
1452 620 1508 667 et
1536 612 1796 683 singulari
1836 615 1995 670 modo
2020 629 2112 669 eo-

441 700 450 750 ὶ
529 706 758 774 demque
785 711 988 758 aeterno
1018 703 1166 759 solus
1191 704 1336 758 Deus
1377 712 1530 771 pater
1558 711 1658 758 est.

511 852 533 866 Α
603 796 668 850 Et
704 806 906 866 patrem
948 796 1107 851 nolite
1131 813 1316 863 vocare
1341 797 1486 852 vobis
1525 813 1680 867 super
1710 805 1937 863 terram,
1977 815 2110 852 unus

525 895 601 940 est
628 886 768 940 enim
795 896 946 957 pater
989 897 1171 950 uester,
1217 888 1307 958 qui
1345 887 1401 941 in
1444 887 1584 942 caelis
1622 897 1730 949 est,
1774 904 1836 942 ne
1861 888 2111 942 ueremini

525 977 805 1045 magister,
844 978 970 1047 quia
996 977 1244 1048 magister
1265 987 1434 1031 vester
1455 994 1592 1032 unus
1618 990 1692 1032 est
1724 977 1993 1038 Christus;
2024 979 2111 1050 qui

525 1066 702 1135 major
724 1075 800 1120 est
827 1075 1075 1132 uestrum,
1104 1067 1202 1121 erit
1236 1067 1474 1121 minister
1509 1078 1692 1121 vester.
1735 1068 1834 1138 (Ex
1863 1067 2107 1140 Hieron.)

528 1157 640 1214 Nec
684 1160 940 1230 magister
987 1174 1089 1214 nec
1129 1169 1286 1229 pater
1331 1160 1604 1215 vocandus
1649 1168 1735 1215 est
1779 1160 1954 1226 ullus,
2003 1161 2108 1216 nisi

525 1247 668 1304 Deus
697 1258 872 1320 pater,
908 1260 964 1306 et
985 1252 1246 1306 Dominus
1274 1249 1431 1306 Jesus
1458 1252 1725 1307 Christus.
1762 1252 1954 1317 Pater,
1982 1256 2109 1322 quia

513 1348 591 1394 ex
614 1339 732 1409 ipso
752 1349 880 1395 sunt
898 1341 1098 1396 omnia.
1133 1341 1404 1411 Magister,
1434 1341 1558 1410 quia
1587 1356 1684 1410 per
1707 1343 1878 1412 ipsum
1903 1343 2102 1409 omnia,

522 1430 608 1483 vel
640 1431 912 1500 quomodo
953 1446 1050 1500 per
1079 1417 1535 1501 dispensationem
1581 1433 1761 1487 carnis
1797 1447 1984 1487 omnes
2020 1450 2106 1490 re-

526 1519 800 1573 conciliati
841 1535 1026 1575 sumus
1068 1521 1198 1574 Deo.
1237 1521 1344 1575 Nos
1379 1523 1424 1575 si
1466 1523 1736 1576 hominem
1766 1531 1976 1592 patrem
2014 1540 2108 1578 vo-

525 1622 733 1674 camus,
764 1608 1022 1664 honorem
1050 1611 1196 1664 aetati
1224 1609 1540 1676 deferimus,
1575 1627 1678 1666 non
1703 1620 1978 1666 auctorem
2013 1629 2108 1668 no-

524 1706 652 1752 strue
685 1699 1020 1753 ostendimus
1061 1700 1201 1754 vitaz.
1253 1699 1510 1769 Magister
1549 1716 1764 1770 quoque
1801 1703 1998 1756 dicitur
2037 1718 2106 1758 ex

2212 523 2369 591 pauci
2397 522 2612 586 multos,
2651 524 2894 581 inermes
2941 535 3212 590 armatos,
3249 526 3482 581 humiles
3507 529 3775 598 superbos.

2212 611 2411 668 inﬁrmi
2461 613 2704 678 nobiles,
2755 615 2862 670 vivi
2907 623 3088 672 tamen
3135 616 3488 686 spiritualiter
3527 627 3772 674 mortuos.

2210 702 2362 770 Quod
2398 713 2580 760 autem
2609 706 2726 771 ait,
2777 706 3108 776 signiﬁcavit,
3142 707 3347 777 aliquid
3393 708 3558 762 etiam
3585 708 3775 764 futuro-

2211 810 2330 849 rum
2357 802 2412 850 ct
2439 797 2818 866 mysteriorum
2842 797 3099 852 ostendit.
3148 796 3262 852 Nec
3285 797 3572 867 superﬁcie
3599 799 3775 855 littera

2210 902 2306 942 nos
2331 889 2501 943 voluit
2528 905 2812 946 remanere
2835 898 3138 956 contentos,
3167 906 3306 960 quos
3329 892 3396 945 ad
3423 892 3680 963 mysteria
3705 894 3772 947 al-

2209 979 2318 1034 tius
2342 980 2731 1049 perscrutanda
2756 980 3166 1051 signiﬁcationis
3193 982 3360 1036 verbo
3386 981 3518 1037 fecit
3537 982 3770 1038 intentos.

2210 1069 2377 1125 Recte
2419 1084 2549 1125 sane
2580 1069 2807 1140 adjecit,
2857 1087 2958 1143 per
3007 1073 3254 1142 angelum
3302 1090 3459 1130 suum
3495 1091 3526 1129 a
3575 1074 3774 1132 Christo

2208 1157 2376 1214 fuisse
2419 1159 2680 1229 discipulo
2727 1161 3090 1218 demonstrata
3116 1201 3133 1228 ,
3184 1164 3272 1220 cui
3319 1179 3416 1234 per
3458 1161 3773 1234 assur‘nptsm

2209 1259 2536 1316 creaturam,
2582 1252 2724 1308 Deus
2751 1261 2807 1308 et
2835 1270 2976 1314 unus
3002 1253 3145 1309 ﬁlius
3167 1294 3184 1320 ,
3233 1270 3342 1310 non
3368 1270 3469 1324 per
3493 1255 3775 1311 divinitatis

2208 1343 2500 1397 essentiam
2525 1341 2801 1400 Christum
2833 1361 3049 1416 semper
3074 1347 3278 1402 clareat
3305 1349 3622 1418 apparuisse
3647 1365 3774 1404 mor-

2209 1433 2424 1498 talibus,
2472 1441 2527 1490 et
2544 1444 2673 1490 ante
2702 1437 3126 1494 incarnationem
3166 1448 3222 1495 et
3247 1450 3371 1509 post
3393 1441 3770 1496 ascensionem.

2208 1519 2502 1592 Propterea
2545 1525 2592 1579 is
2628 1526 2721 1595 qui
2769 1541 2893 1582 eum
2935 1529 3256 1599 magistrum
3286 1539 3552 1594 noverat,
3601 1532 3656 1587 in
3691 1532 3774 1588 bo.

2208 1613 2356 1669 mine
2429 1624 2682 1686 suscepto
2753 1618 3125 1674 testimonium
3187 1621 3463 1690 perhibuit
3533 1621 3772 1678 invisibili

2208 1706 2401 1770 verbo,
2472 1723 2536 1762 ac
2579 1724 2647 1764 ne
2700 1709 2865 1764 verbo
2905 1720 3114 1766 tantum
3167 1713 3507 1768 sentiendum
3559 1716 3775 1786 quisque

515 1792 795 1846 consortio
835 1793 950 1847 veri
998 1794 1327 1863 magisterii,
1377 1804 1433 1849 et
1472 1810 1539 1848 ne
1583 1795 1791 1848 inﬁnita
1824 1795 2099 1864 replicem,
2132 1797 2176 1854 B
2204 1804 2456 1864 putaret,
2529 1812 2725 1852 nomen
2771 1815 2960 1855 rursus
2999 1799 3160 1858 Jesus
3199 1802 3450 1859 Christus
3491 1803 3772 1873 subjunxit,

522 1885 793 1954 quomodo
821 1901 962 1940 unus
987 1901 1084 1956 per
1112 1895 1358 1940 naturam
1387 1886 1548 1951 Deus,
1586 1895 1636 1941 el
1669 1903 1809 1942 unus
1834 1887 1974 1942 ﬁlius
1997 1903 2103 1942 non

517 1973 834 2042 prtejudicat
865 1977 1104 2041 caeteris,
1151 1993 1220 2032 ne
1246 1992 1344 2047 per
1374 1977 1712 2047 adoptionem
1739 1978 1821 2032 Dii
1845 1982 2107 2034 vocentur

517 2074 573 2121 et
605 2065 735 2128 ﬁlii,
787 2066 863 2121 ita
887 2073 943 2120 et
976 2083 1114 2121 unus
1139 2076 1294 2136 pater
1321 2075 1375 2122 et
1410 2067 1666 2138 magister
1704 2084 1810 2122 non
1849 2067 2103 2138 praejudi-

521 2165 611 2212 cat
652 2157 791 2224 aliis,
843 2167 902 2212 ut
951 2159 1173 2214 abusive
1217 2159 1555 2230 appellentur
1601 2167 1788 2230 patres
1835 2169 1890 2216 et
1933 2163 2106 2233 magi-

521 2248 642 2302 stri.

593 2337 698 2403 Qui
743 2353 798 2392 se
846 2337 1041 2394 exultat
1087 2335 1482 2404 humiliabitur,
1531 2349 1582 2394 et
1625 2342 1717 2411 qui
1759 2358 1814 2396 se
1859 2344 2101 2398 humiliat

517 2428 856 2483 excitabitur.
917 2430 1324 2499 Expositionem
1385 2431 1541 2485 istius
1593 2433 1876 2487 sententia:
1919 2449 2102 2502 quaere

517 2521 768 2589 superius
797 2520 850 2575 in
879 2520 1214 2577 hebdomada
1255 2522 1660 2578 octavadec'una
1685 2531 1809 2594 post
1842 2523 2101 2583 Penteco—

521 2619 661 2666 stcn.

518 2739 586 2796 IN
615 2740 889 2799 NATALE
935 2744 1182 2802 SANCTI
1225 2745 1667 2807 ARCHANGELI
1707 2751 2095 2814 MlCllAELlS.

689 2871 947 2914 EPISTOLA
983 2873 1053 2914 EX
1092 2876 1410 2918 APOCALYPSI
1444 2879 1694 2930 JOANNIS,
1727 2880 1846 2921 CAP.
1879 2883 1896 2922 ι

589 3008 611 3042 s
645 2989 980 3063 Signiﬁcavit
1008 2995 1150 3050 Deus
1176 3011 1295 3065 quae
1315 3005 1527 3067 oportet
1551 2997 1667 3053 ﬁeri
1694 2999 1824 3064 cito,
1849 3008 1904 3054 et
1933 3000 2099 3071 signi-

520 3097 539 3132 s
585 3081 764 3136 ﬁcavit
789 3083 1014 3152 loquens
1037 3099 1135 3153 per
1163 3086 1411 3154 angelum
1437 3102 1594 3142 servo
1619 3103 1718 3142 suo
1750 3087 1965 3156 Joanni,
2001 3093 2093 3163 qui

2208 1886 2350 1953 quod
2399 1887 2466 1940 ad
2515 1891 2752 1960 suscepti
2798 1891 3034 1948 hominis
3078 1892 3306 1952 formam
3362 1895 3640 1964 pertinere
3684 1913 3773 1952 non

2206 1978 2399 2032 nescit.

2276 2069 2435 2126 Servo
2475 2091 2570 2128 suo
2610 2074 2827 2131 Jouuni.
2878 2077 3011 2132 Cum
3052 2077 3185 2133 dicit
3220 2079 3364 2134 omni
3405 2079 3695 2154 Ecclesia),
3727 2082 3772 2135 in

2206 2177 2313 2217 uno
2346 2165 2585 2221 revelare
2609 2167 2794 2233 voluit,
2831 2185 2991 2238 quam
3027 2170 3080 2224 in
3119 2171 3323 2227 unitate
3357 2171 3622 2236 fundavit,
3665 2174 3776 2227 ideo

2205 2255 2334 2311 dicit
2368 2255 2541 2324 palam
2574 2255 2753 2313 facere
2789 2260 2960 2316 servis
2997 2261 3130 2332 suis,
3162 2277 3269 2316 non
3304 2261 3477 2316 solum
3511 2279 3678 2317 unum
3716 2279 3772 2316 ex

2202 2345 2414 2410 multis,
2455 2347 2547 2402 sed
2575 2362 2664 2417 per
2707 2365 2870 2406 unum
2899 2353 3076 2421 potius
3107 2351 3392 2408 universis.
3443 2351 3599 2408 Sicut
3641 2353 3773 2424 regni

2202 2437 2458 2492 cmlorum
2485 2439 2630 2494 solus
2652 2439 2845 2497 Petrus
2871 2443 3050 2497 claves
3090 2445 3318 2514 accepit,
3349 2460 3452 2512 qua
3489 2453 3672 2500 tamen
3695 2461 3776 2514 po-

2203 2533 2396 2580 testate
2414 2528 2594 2582 omnis
2627 2529 2866 2585 Ecclesia
2907 2533 2985 2586 uti
3021 2533 3306 2588 sublimata
3342 2535 3664 2604 promet-uit.

2269 2616 2464 2672 Beatus
2487 2619 2576 2689 qui
2596 2619 2739 2690 legit,
2769 2631 2818 2674 et
2839 2623 2930 2693 qui
2950 2623 3099 2676 audit
3126 2623 3274 2679 verba
3301 2625 3580 2695 prophetia:
3599 2626 3774 2696 hujus.

2205 2708 2439 2764 Dicendo
2469 2712 2559 2778 qui
2593 2711 2740 2782 legit,
2788 2721 2843 2767 ct
2867 2713 2959 2782 qui
2986 2714 3232 2776 audiunt,
3261 2730 3550 2786 personam
3593 2717 3768 2772 docto

2199 2815 2319 2854 rum
2362 2809 2419 2855 et
2447 2802 2769 2858 discentium
2820 2805 3255 2870 demonstravit,
3301 2816 3363 2862 ut
3398 2817 3451 2861 et
3485 2808 3668 2864 studio
3711 2807 3777 2862 le-

2199 2889 2356 2960 gendi
2389 2891 2645 2946 desidiam
2674 2902 2977 2948 removeret
3023 2903 3081 2950 et
3115 2896 3460 2951 servantibus
3499 2896 3777 2952 beatitudi-

2199 2993 2323 3032 nem
2355 2979 2734 3049 desponderet.

2268 3065 2336 3122 Et
2371 3081 2576 3125 servarat
2604 3089 2688 3137 ea,
2717 3090 2832 3144 quae
2857 3074 2909 3127 in
2949 3076 3023 3128 eis
3047 3077 3241 3146 scripta
3267 3088 3409 3131 sunt.
3459 3075 3596 3143 Quia
3627 3078 3777 3131 utris-

520 3191 538 3221 ε
588 3171 952 3225 testimonium
980 3173 1252 3240 perhibuit
1277 3175 1443 3229 verba
1487 3176 1602 3239 Dei,
1643 3185 1699 3231 ει
1729 3140 2093 3237 ιθειίωοηίιξηι
2121 3140 2165 3201 C
2197 3177 2301 3230 que
2333 3178 2551 3219 servare
2577 3168 2854 3236 competit,
2883 3178 3142 3236 utrosque
3173 3170 3450 3226 convenit.
3492 3169 3622 3226 Non
3651 3171 3776 3224 enim

523 3279 539 3311 ι
585 3259 713 3316 Jesu
741 3259 966 3326 Christi,
990 3278 1326 3335 quteeunque
1352 3267 1505 3321 vidit.
1539 3268 1731 3324 Beatus
1760 3272 1850 3341 qui
1883 3266 2011 3344 legit
2041 3285 2096 3329 et

518 3372 535 3408 ί
585 3353 733 3407 audit
757 3353 918 3408 verba
949 3356 1244 3424 prophetia:
1261 3356 1418 3426 hujus
1433 3368 1486 3414 et
1507 3369 1686 3416 servat
1711 3377 1796 3426 ea,
1819 3378 1939 3432 quae
1957 3365 2009 3418 in
2031 3381 2094 3420 ea

518 3461 538 3494 ι
588 3443 788 3513 scripta
831 3453 974 3509 sunt,
1005 3455 1216 3516 tempus
1238 3449 1381 3503 enim
1423 3464 1592 3522 prope
1616 3460 1717 3507 est.
1746 3451 1983 3509 Joannes
2009 3471 2095 3510 sc-

515 3551 532 3587 I
577 3543 724 3604 ptem
751 3535 1018 3602 ccclesiis,
1051 3554 1173 3608 qum
1211 3548 1341 3595 sunt
1381 3539 1436 3595 in
1463 3541 1614 3597 Asia.
1645 3541 1834 3598 Gratia
1861 3545 2012 3600 vobis
2039 3554 2095 3601 et

513 3642 535 3674 s
579 3637 684 3693 pax
714 3626 893 3690 abeo,
942 3628 1033 3696 qui
1061 3636 1165 3694 est,
1216 3638 1272 3684 et
1313 3629 1403 3700 qui
1437 3640 1584 3698 erat,
1631 3644 1685 3688 et
1711 3635 1804 3705 qui
1834 3643 2093 3693 venturus

513 3732 534 3765 ι
579 3723 685 3779 est,
711 3724 765 3770 et
786 3731 815 3769 a
845 3727 1047 3786 septem
1071 3720 1368 3788 spiritibus,
1397 3724 1489 3791 qui
1517 3724 1571 3778 in
1594 3735 1884 3796 conspectu
1912 3729 2090 3784 throni

413 3871 415 3874 q
512 3819 532 3852 ι
576 3799 691 3870 ejus
718 3813 864 3869 sunt,
893 3815 950 3860 et
979 3822 1008 3859 a
1035 3805 1161 3862 Jesu
1201 3807 1419 3864 Christo
1442 3851 1458 3877 ,
1489 3813 1579 3882 qui
1608 3823 1692 3868 est
1717 3817 1868 3871 testis
1897 3816 2088 3885 ﬁdelis,

514 3909 532 3940 ι
565 3891 970 3964 ’ρι’ἱηιοεθηίιυε
1038 3905 1374 3952 mortuorum
1403 3941 1416 3965 ,
1480 3909 1536 3956 et
1595 3903 1848 3975 princeps
1903 3921 2088 3978 regum

515 4001 534 4031 s
580 3991 756 4038 terrae.
802 3983 904 4050 Qui
944 3985 1130 4041 dilexit
1154 4003 1280 4054 nos,
1307 3998 1363 4044 et
1389 3990 1520 4046 lavit
1545 4007 1646 4047 nos
1672 4009 1703 4046 a
1736 3997 1971 4063 peccatis
1996 4014 2091 4053 no-

511 4091 531 4127 t
579 4073 708 4130 stris
736 4073 792 4127 in
832 4076 1093 4147 sanguine
1120 4093 1254 4141 suo,
1293 4087 1348 4134 et
1372 4078 1504 4136 fecit
1543 4096 1644 4140 nos
1670 4097 1896 4156 regnum
1922 4094 1976 4141 et
1999 4101 2089 4142 sa-

511 4182 530 4214 ι
574 4165 822 4220 cerdotes
853 4165 965 4222 Deo
990 4176 1044 4222 et
1070 4170 1212 4238 patri
1240 4186 1354 4226 suo.
1387 4171 1493 4242 lpsi
1519 4173 1689 4243 gloria
1723 4182 1779 4229 et
1805 4176 2089 4247 imperium

509 4274 529 4310 s
577 4255 630 4310 in
661 4258 856 4312 saicula
885 4260 1223 4316 saeculorum.
1255 4263 1449 4318 Amen.
1488 4287 1507 4318 ι

573 4345 642 4401 1η
677 4347 858 4403 diebus
904 4350 1011 4406 illis
1049 4353 1363 4422 signiﬁcavit
1405 4355 1544 4412 Deus
1591 4375 1707 4429 qua.
1739 4359 2087 4428 oportet'ﬁeri

502 4437 624 4492 cito.
659 4438 762 4510 (Ex
784 4438 970 4512 Beda.)
1014 4441 1126 4497 l-loc
1147 4452 1249 4510 est,
1281 4446 1594 4514 signiﬁcavit
1617 4462 1636 4499 :
1665 4451 1907 4520 mysticis
1934 4465 2084 4506 eam—

503 4529 625 4582 dem
653 4529 1012 4601 Apocalypsin
1040 4533 1200 4589 dictis
1240 4537 1516 4602 innexuit,
1563 4555 1634 4594 ne
1662 4542 1870 4596 cunctis
1909 4544 2084 4597 mani-

503 4618 644 4676 festa
673 4619 972 4675 vilesceret.
1004 4621 1147 4688 Cito,
1197 4625 1249 4679 id
1272 4637 1387 4691 est,
1414 4643 1534 4697 qua:
1563 4630 1615 4683 in
1661 4633 1914 4698 praesenti
1947 4639 2084 4687 tem-

504 4724 637 4779 pore
659 4720 782 4766 sunt
810 4711 1054 4768 ecclesia:
1077 4722 1326 4769 ventura.

574 4801 811 4872 Loquens
851 4820 944 4872 per
987 4803 1230 4875 angelum
1281 4823 1453 4861 suum.
1511 4809 1770 4864 Dominus
1809 4819 1964 4881 pater
1990 4828 2086 4882 per

504 4894 672 4948 ﬁlium
722 4911 902 4961 suum,
933 4897 1061 4968 quia
1115 4896 1351 4969 Angelus
1397 4901 1576 4971 magni
1621 4903 1830 4957 consilii
1887 4905 2082 4959 dicitur

501 4981 768 5040 Christus.
822 4983 948 5042 Sive
979 4987 1199 5058 angelus
1243 4987 1434 5044 Joanni
1479 4992 1532 5044 in
1576 4991 1744 5063 ﬁgura
1775 4994 1979 5050 Christi
2005 4995 2083 5048 vi-

502 5087 598 5127 sus
639 5084 764 5140 est,
814 5075 955 5131 sicut
1001 5077 1057 5132 in
1113 5079 1464 5150 sequentibus
1505 5081 1846 5138 manifestius
1914 5099 2080 5154 appa—

503 5165 662 5219 rebit.

573 5258 682 5330 (Ex
711 5257 964 5333 Primos.)
1013 5262 1144 5330 Quae
1180 5271 1392 5334 oportet
1439 5265 1555 5320 ﬁeri
1591 5266 1705 5338 cito
1726 5307 1740 5331 ,
1785 5269 1963 5323 omnis
1993 5284 2083 5324 res

499 5368 620 5421 quae
653 5353 883 5423 geritur,
928 5356 1299 5424 tcmporaliter
1321 5356 1486 5414 habet
1520 5367 1764 5413 exortum
1791 5368 1845 5414 et
1861 5376 2079 5417 cursum

497 5455 553 5499 et
584 5445 891 5501 terminum.
925 5445 1055 5501 Post
1075 5455 1320 5503 exortum
1344 5456 1522 5504 autem
1543 5449 1802 5512 ecclesiae,
1829 5465 1946 5521 qua
1966 5449 2076 5518 jam

500 5536 675 5590 fuerat
715 5537 1076 5607 apostolorum
1121 5537 1501 5606 praedicatione
1546 5539 1765 5595 fundata
1792 5581 1807 5604 ,
1849 5541 2077 5596 revelari

497 5631 732 5696 oportuit
760 5630 992 5700 qualiter
1023 5629 1214 5686 luisset
1234 5630 1395 5686 latius
1428 5634 1793 5704 propaganda,
1823 5632 1905 5686 vel
1927 5633 2072 5700 quali

494 5721 655 5776 etiam
693 5722 799 5776 ﬁne
829 5731 1108 5790 contenta,
1151 5731 1209 5778 ut
1236 5723 1612 5795 pmdicatorcs
1641 5723 1884 5778 veritatis
1914 5722 2074 5792 hujus

2195 3254 2458 3310 auditores
2494 3256 2620 3326 legis
2634 3258 2770 3328 justi
2793 3270 2912 3314 sunt
2939 3261 3080 3330 apud
3107 3259 3293 3326 Deum,
3329 3261 3419 3314 sed
3454 3261 3683 3331 [actores
3708 3260 3774 3314 le-

2193 3345 2272 3418 gis
2290 3348 2728 3417 justi/icabuntur
2759 3349 2950 3423 (Rom:
2970 3353 3052 3422 tt).

2268 3435 2488 3509 Tempus
2527 3440 2662 3493 enim
2699 3458 2857 3513 prope
2896 3453 2991 3496 est.
3044 3441 3286 3508 Scilicet,
3333 3453 3394 3499 nt
3427 3443 3640 3516 singula
3667 3461 3775 3516 qua

2193 3527 2415 3583 dicenda
2443 3539 2567 3596 sunt
2590 3531 2935 3600 impleantur.

2260 3620 2493 3680 Joannes
2534 3633 2726 3693 septem
2768 3624 3041 3690 Ecclesiis,
3086 3643 3203 3697 qua?
3231 3638 3352 3681 sunt
3391 3629 3444 3681 in
3483 3629 3634 3680 Asia.
3672 3627 3773 3680 Hoc

2191 3720 2315 3777 est,
2360 3713 2455 3770 uni
2501 3713 2757 3770 Ecclesia:
2805 3715 3123 3787 scptiformi.
3189 3716 3512 3786 Septenario
3555 3731 3776 3771 numero

2191 3817 2331 3872 saepe
2349 3804 2540 3858 unitas
2586 3803 2870 3876 ﬁguratur,
2919 3821 2984 3860 eo
3013 3807 3155 3877 quod
3180 3822 3247 3860 ex
3288 3807 3464 3877 primo
3492 3806 3700 3876 impari
3727 3813 3774 3859 ct

2189 3894 2365 3962 primo
2393 3893 2532 3963 pari,
2566 3894 2618 3948 id
2645 3904 2730 3949 est
2755 3897 2996 3951 ternario
3023 3906 3078 3952 et
3099 3898 3471 3965 quaternario,
3523 3906 3773 3965 tanquam

2189 3997 2258 4036 ex
2286 3983 2497 4037 diverso
2523 3985 2845 4040 universitas
2873 3993 2983 4040 tota
3010 3987 3312 4042 conﬁcitur.
3343 3985 3479 4040 Nam
3508 3995 3562 4041 et
3588 3987 3772 4039 anima:

2189 4072 2538 4144 corporisque
2576 4075 2862 4137 diversitas
2894 4077 3062 4148 ipsam
3091 4079 3354 4133 unitatem
3383 4080 3601 4134 numeri
3624 4078 3774 4147 hujus

2189 4162 2583 4234 complectitur,
2636 4167 2728 4222 sed
2767 4167 2834 4221 ad
2863 4169 3098 4222 animam
3129 4170 3231 4224 tria
3261 4170 3573 4239 pertinent,
3618 4179 3674 4224 et
3713 4169 3774 4221 ad

2188 4271 2387 4327 corpus
2414 4269 2668 4329 quatuor.
2701 4261 2911 4316 Dicitur
2937 4278 3174 4334 namque
3197 4264 3503 4333 diligendus
3524 4273 3618 4319 est
3637 4263 3773 4317 Dens

2187 4360 2253 4400 ex
2287 4355 2396 4402 toto
2424 4342 2604 4415 corde,
2628 4337 2710 4404 ex.
2726 4360 2836 4406 tota
2867 4353 3068 4417 anima,
3098 4362 3154 4408 et
3175 4369 3238 4408 ex
3271 4362 3382 4408 tota
3412 4362 3624 4408 mente.
3656 4352 3775 4407 Cor-

2186 4438 2336 4504 poris
2358 4447 2538 4494 autem
2565 4449 2720 4496 notas
2753 4442 3010 4498 habemus
3047 4455 3280 4514 quatuor
3307 4444 3605 4515 qualitates
3629 4486 3645 4507 ,
3689 4458 3774 4498 ca-

2190 4528 2352 4584 lidam
2380 4537 2435 4586 ct
2471 4530 2717 4602 frigidam
2743 4575 2758 4598 ,
2802 4535 3003 4590 siccam
3054 4544 3109 4590 et
3151 4535 3428 4590 humidam
3458 4577 3473 4600 ,
3522 4545 3774 4607 propter-

2189 4635 2249 4674 ea
2281 4622 2444 4676 etiam
2491 4623 2711 4677 canitur
2747 4642 2757 4676 :
2807 4623 3005 4696 Sep:ics
3035 4627 3087 4679 in
3130 4627 3216 4680 die
3255 4625 3465 4681 laudem
3521 4628 3645 4682 diri
3684 4626 3774 4679 tibi

2189 4712 2361 4781 (Psal.
2392 4714 2603 4786 cum).

2257 4805 2444 4861 Gratia
2486 4809 2625 4863 vobis
2672 4819 2720 4862 et
2759 4826 2865 4880 pax
2893 4810 2957 4863 ab
2985 4827 3045 4864 eo
3083 4813 3173 4881 qui
3197 4822 3294 4877 est,
3340 4824 3386 4867 e‘
3417 4812 3507 4884 qui
3543 4821 3686 4875 erat,
3727 4819 3773 4862 et

2184 4901 2272 4969 qui
2304 4910 2546 4955 venturus
2570 4911 2664 4954 est.
2697 4899 3019 4970 Lieetjuxta
3050 4902 3385 4972 Apostolum,
3418 4901 3561 4956 Deus
3584 4902 3775 4956 eratin

2185 4989 2392 5043 Christo
2421 4991 2672 5045 mundum
2701 4991 3042 5045 reconcilians
3063 4992 3162 5046 sibi
3179 4991 3230 5063 (Ι
3237 4991 3266 5046 Ι
3281 4992 3406 5046 Cor.
3432 4990 3512 5062 ν),
3538 4991 3652 5050 vel.
3671 4992 3773 5044 sic-

2184 5091 2243 5135 ut
2283 5082 2397 5150 ipse
2429 5090 2692 5147 testatur,
2741 5083 2833 5152 qui
2862 5097 2949 5137 me
2973 5084 3123 5139 misit
3164 5077 3377 5139 mecum
3405 5093 3518 5150 est,
3542 5091 3776 5155 propter

2181 5174 2443 5228 unitatem
2493 5174 2654 5229 unius
2686 5173 3036 5244 ejusdemque
3081 5183 3328 5241 naturae,
3374 5175 3442 5229 ad
3476 5188 3773 5246 personam

2183 5274 2362 5320 tamen
2409 5266 2503 5319 ﬁlii
2552 5267 2642 5320 hic
2679 5267 2912 5336 propriae
2959 5268 3280 5336 redigendos
3327 5275 3413 5323 est
3460 5269 3640 5324 locus.
3679 5267 3778 5323 Est

2181 5358 2328 5412 enim
2365 5359 2490 5427 quia
2528 5359 2669 5422 idem
2695 5369 3004 5430 permanet,
3037 5370 3157 5415 crat
3183 5363 3276 5431 qui
3310 5376 3435 5416 cum
3465 5369 3630 5434 patre
3658 5375 3776 5418 om.

2155 5449 2268 5505 nia
2298 5453 2560 5517 condidit,
2591 5462 2853 5507 venturus
2873 5464 2956 5507 cst
2979 5455 3046 5508 ad
3074 5453 3446 5524 judicandum.

2250 5539 2318 5593 Et
2343 5558 2374 5594 a
2400 5553 2592 5612 septem
2620 5543 2889 5612 spiritibus
2912 5584 2926 5607 ,
2947 5545 3036 5614 qui
3057 5546 3111 5598 in
3137 5552 3416 5614 conspectu
3447 5543 3631 5596 throni
3657 5540 3774 5611 ejus

2176 5643 2316 5687 sunt.
2345 5633 2571 5704 PrOpter
2595 5636 2956 5705 scptcnariam
2987 5637 3356 5706 operationem
3375 5635 3616 5705 Spiritus
3645 5649 3776 5688 san-

2178 5724 2270 5789 cti,
2315 5723 2644 5799 septiformis
2669 5727 2893 5798 spiritus
2925 5729 3152 5795 dicitur,
3186 5727 3236 5782 id
3286 5739 3366 5785 est
3401 5729 3691 5800 sapientia:
3720 5733 3774 5780 et
