3936 6202
227 320 326 377 477

1020 317 1534 376 COLLE€.TIONES
1569 319 1636 374 IN
1674 317 2051 376 EPISTOLAS
2091 323 2177 378 ΕΤ
2217 324 2624 381 EV’ANGELIA.

3365 332 3469 390 678

228 430 545 498 intellectus,
573 429 784 486 consilii
819 437 872 484 et
899 427 1250 495 fortitudinis,
1278 431 1515 486 scientiae
1545 440 1599 484 et
1621 431 1790 500 pietav
1816 431 1868 490 Δ
1892 431 2192 500 praelatum,
2231 434 2322 502 qui
2377 434 2431 487 in
2467 433 2767 489 redditione
2805 433 2987 488 tributi
3031 434 3254 504 Doruiuo
3295 436 3466 496 fuerat

230 526 320 592 tis,
343 531 395 579 et
422 521 632 578 timoris
660 520 775 575 Dei.
808 519 979 577 Unius
1003 522 1147 577 enim
1174 536 1389 591 θεωρεῖ
1409 522 1630 592 Spiritus
1653 522 1793 576 dona

226 614 464 688 legaliter
489 611 958 676 commendantur,
987 612 1252 682 quaudO‘a
1282 620 1486 682 septem
1515 613 1793 683 spiritibus

225 723 329 782 pax
353 715 408 762 et
429 703 604 775 gratia
633 703 844 759 devotis
867 711 1142 772 optantur.

290 819 358 873 Et
384 819 450 872 ab
477 816 604 872 Iesu
632 815 861 882 Christo,
890 818 979 887 qui
1003 826 1078 871 est
1100 819 1242 872 testis
1269 817 1461 886 ﬁdelis.
1492 816 1548 871 In
1577 819 1793 875 homine

225 920 468 981 suscepto
494 909 802 966 testimonio
830 911 1101 979 perhibuit
1141 911 1310 980 patri,
1341 926 1461 965 cum
1494 911 1792 979 praedicans

224 1004 386 1060 dicit:
437 1001 508 1056 Et
535 1011 715 1056 natum
745 1001 846 1070 feci
873 1002 950 1055 eis
987 1017 1172 1055 nomen
1200 1011 1344 1056 tuum
1370 1042 1386 1066 ,
1426 1013 1472 1056 et
1501 1012 1679 1056 notum
1710 1002 1794 1071 fa-

223 1095 354 1149 ciant
401 1077 771 1164 (Joanfxvu)
797 1131 812 1155 ,
859 1091 1002 1160 quod
1047 1091 1246 1146 Judteis
1291 1091 1488 1146 dudum
1540 1101 1790 1162 negatum

222 1182 526 1247 ostendens,
575 1181 743 1236 dicit:
795 1181 862 1234 Et
889 1196 1074 1235 nomen
1103 1191 1251 1234 tuum
1284 1181 1492 1235 Adonei
1523 1199 1625 1238 non
1652 1183 1792 1236 indi-

224 1273 330 1327 cari
357 1272 432 1326 eis
455 1271 652 1342 (Exod.
681 1268 800 1341 vn).
847 1269 1062 1326 Credite
1089 1271 1232 1325 enim
1275 1271 1418 1336 ﬁlio,
1458 1273 1631 1342 patris
1658 1287 1792 1341 quo-

223 1378 321 1433 que
354 1362 549 1416 notitia
591 1360 943 1415 nihilominus
983 1359 1272 1414 revelatur.
1324 1359 1460 1415 Nam
1503 1361 1644 1416 ﬁlius
1682 1376 1789 1417 non

223 1453 506 1514 diceretur,
546 1450 651 1504 nisi
696 1458 902 1518 patrem
948 1450 1202 1515 haberet,
1235 1466 1408 1520 neque
1452 1461 1636 1522 pater,
1687 1453 1790 1508 nisi

222 1542 385 1596 ﬁlium
409 1540 705 1595 habuisset.
736 1539 889 1595 Alter
917 1541 1099 1609 itaque
1145 1541 1370 1595 alterius
1405 1542 1790 1610 praedicatione

221 1631 577 1701 cognoscitur,
607 1631 732 1698 quia
761 1639 915 1699 pater
937 1631 991 1684 in
1022 1629 1152 1695 ﬁlio,
1181 1638 1237 1684 et
1275 1630 1416 1684 ﬁlius
1440 1631 1494 1684 in
1523 1638 1678 1700 patre
1703 1645 1792 1685 ve-

219 1723 415 1778 raciter
436 1722 782 1791 approbatur.
833 1721 961 1777 Sive
986 1723 1162 1785 testis,
1191 1722 1316 1791 quia
1346 1737 1444 1790 per
1469 1737 1620 1776 suam
1643 1737 1786 1777 mor-

219 1820 320 1866 tem
377 1811 683 1866 testiﬁcavit
736 1810 944 1866 Novum
990 1812 1416 1866 Testamentum.
1476 1811 1591 1866 Nisi
1639 1812 1784 1867 enim

217 1907 332 1970 post
386 1908 614 1955 mortem
657 1900 892 1956 hominis
949 1915 1058 1958 non
1111 1900 1416 1955 amrmatur
1468 1901 1784 1957 Testamen-v

219 2000 341 2046 tum.

253 2065 668 2150 ‘Prirnogenitus
694 2089 1039 2134 mortuorum.
1083 2079 1218 2146 Quia
1253 2080 1461 2149 primus
1488 2080 1788 2134 resurrexit

215 2186 244 2225 a
271 2170 520 2235 mortuis,
545 2170 760 2240 etquod
786 2169 1098 2226 testiﬁcavit
1122 2171 1190 2226 de
1215 2171 1617 2226 resurrectione
1641 2185 1784 2225 mor-

218 2269 431 2314 tuorum
462 2259 514 2313 in
541 2275 598 2314 se
631 2260 863 2329 primum
886 2261 1143 2318 ostendit.

280 2347 345 2402 Et
377 2349 613 2419 princeps
658 2365 834 2418 regum
882 2359 1055 2404 terras.
1095 2350 1152 2404 Id
1192 2357 1297 2416 est,
1341 2349 1702 2420 apostolorum
1732 2357 1789 2404 et

212 2441 452 2495 omnium
484 2447 814 2495 sanctorum.

276 2549 388 2614 Qui
427 2536 609 2602 dilexit
643 2565 734 2602 nos
774 2557 822 2602 et
853 2549 978 2604 lavit
1005 2566 1098 2604 nos
1139 2568 1170 2603 a
1203 2552 1426 2620 peccatis
1454 2553 1509 2604 in
1534 2552 1788 2621 sanguine

213 2655 318 2693 suo.
353 2637 552 2692 Passus
577 2639 740 2692 etiam
771 2653 870 2693 suo
892 2655 989 2694 nos
1015 2640 1274 2709 sanguine
1298 2641 1457 2696 solvit
1481 2655 1508 2693 a
1539 2649 1782 2711 peccato,

213 2731 300 2799 qui
325 2742 619 2799 resurgens
653 2726 780 2797 jure
821 2729 1206 2800 primogenitae
1241 2746 1273 2785 a
1318 2732 1545 2786 mortuis
1591 2729 1786 2802 prasdi-

212 2835 268 2874 ca
275 2828 326 2873 ιιι
335 2835 362 2873 ι·

504 2926 841 2970 ενληδειιῠι
873 2927 1147 2975 ΙΔΤΤΒΑΕΙ,
1177 2928 1296 2966 CAP.
1329 2927 1482 2966 XVIII.

279 3046 298 3080 ‹
333 3027 698 3086 Accesserant
731 3029 798 3084 ad
823 3026 1008 3084 Iesum
1037 3028 1282 3099 discipuli
1318 3029 1434 3099 ejus
1457 3071 1472 3094 ,
1504 3029 1781 3085 dicentes:

1894 533 2258 596 comparatus,
2287 526 2406 584 ideo
2436 525 2771 595 interrogant
2797 542 2810 578 :
2843 525 2973 593 Quis
3013 527 3189 596 major
3209 527 3280 582 sit
3305 527 3362 583 in
3391 545 3473 583 re-

1891 629 1994 686 gno
2052 612 2342 670 calorum?
2405 613 2729 682 Videasque
2756 611 2913 669 Jesus
2961 614 3324 686 cogitationes
3378 632 3472 672 eo-

1893 718 2034 767 rum,
2068 710 2123 759 et
2150 718 2339 758 causas
2377 703 2578 758 erroris
2616 702 2938 773 intelligens,
2983 703 3097 758 vult
3143 703 3469 763 desiderium

1892 794 2076 865 gloria:
2108 792 2423 850 humilitatis
2451 796 2795 850 contentione
2825 809 3039 852 sanare.

1966 907 2034 961 Et
2071 907 2330 962 aduocans
2374 906 2528 961 Iesus
2554 905 2832 976 parvulum
2853 906 3035 960 statuit
3065 923 3184 960 eunt
3217 906 3274 962 in
3297 908 3468 964 medio

1891 1015 2094 1064 eorum,
2121 1007 2170 1053 et
2195 999 2328 1052 dixit
2353 1012 2372 1050 :
2400 999 2494 1054 Vel
2521 999 2840 1067 simpliciter
2863 998 3156 1067 quemlibet
3185 1001 3468 1068 parvulum

1891 1098 1951 1145 ut
1981 1099 2194 1144 aetatem
2215 1097 2506 1159 quaereret,
2528 1097 2584 1144 et
2605 1088 3007 1144 similitudinem
3032 1089 3352 1146 innocentiae
3377 1089 3470 1144 de-

1891 1187 2243 1243 monstraret,
2265 1179 2349 1236 vel
2378 1186 2528 1236 certe
2555 1178 2838 1248 parvulum
2865 1178 3054 1232 statuit
3080 1178 3131 1232 in
3163 1178 3340 1232 medio
3371 1193 3468 1235 eo-

1890 1283 2009 1324 rum
2039 1269 2294 1338 seipsum,
2327 1269 2418 1336 qui
2448 1283 2552 1322 non
2579 1268 2875 1324 ministrari
2902 1275 3144 1333 venerat,
3177 1268 3276 1324 sed
3307 1270 3470 1324 mini-

1891 1368 2086 1414 strare.
2127 1359 2198 1416 Ut
2225 1361 2305 1416 eis
2337 1360 2655 1418 humilitatis
2701 1360 2965 1415 tribueret
2996 1359 3322 1429 exemplum.
3359 1361 3469 1417 Alii

1889 1450 2170 1520 parvulum
2220 1451 2642 1521 interpretantur
2687 1451 2939 1520 spiritum
2991 1458 3258 1515 sanctum,
3305 1466 3468 1519 quem

1889 1541 2130 1608 posuerit
2165 1541 2220 1594 in
2255 1539 2948 1609 cordibusdiscipulorum,
2987 1548 3049 1593 ut
3069 1540 3379 1608 superbiam
3410 1541 3466 1596 in

1889 1629 2249 1684 humilitatem
2275 1637 2536 1684 mutaret.

1958 1737 2122 1791 Amen
2162 1738 2282 1791 dico
2311 1738 2452 1791 vobis
2483 1752 2501 1789 .'
2533 1738 2653 1792 Nisi
2687 1740 2921 1793 conversi
2949 1739 3155 1809 fueritis
3187 1749 3235 1794 et
3275 1742 3468 1811 efﬁcia-

1887 1828 2016 1880 mini
2043 1828 2176 1880 sicut
2197 1825 2424 1896 parvuli,
2457 1844 2561 1881 non
2589 1829 2852 1882 intrabitis
2881 1829 2938 1882 in
2957 1845 3170 1898 regnum
3199 1829 3464 1884 caelorum.

1886 1916 2001 1972 Non
2029 1919 2338 1988 praecipitur
2368 1919 2624 1986 apostolis
2664 1927 2724 1973 ut
2749 1927 2962 1973 aetatem
3006 1919 3240 1974 habeant
3272 1935 3467 1990 parvu-

1885 2005 2082 2071 lorum,
2131 2005 2228 2060 sed
2264 2012 2322 2060 ut
2362 2007 2746 2072 innocentiam,
2794 2017 2850 2062 et
2875 2008 3018 2078 quod
3065 2008 3140 2062 illi
3170 2025 3266 2078 per
3296 2024 3467 2063 annos

1885 2097 2181 2166 possident,
2213 2097 2268 2151 hi
2305 2097 2618 2166 possideant
2642 2111 2740 2166 per
2780 2098 3122 2165 industriam,
3158 2108 3215 2155 ut
3259 2099 3464 2157 malitia

1885 2203 1992 2243 non
2030 2185 2294 2258 sapientia
2319 2189 2530 2259 parvuli
2558 2189 2688 2244 sint.

1958 2276 2264 2347 Quicunque
2305 2295 2426 2348 ergo
2451 2278 2796 2332 ltumiliaverit
2823 2296 2878 2333 se
2907 2281 3039 2333 sicut
3061 2278 3311 2351 parvulus
3349 2282 3465 2346 iste,

1885 2367 1971 2421 hic
2008 2378 2083 2422 est
2113 2369 2306 2439 major,
2356 2379 2459 2424 etc.
2495 2369 2649 2427 Sicut
2676 2371 2778 2426 iste
2825 2373 3100 2442 parvulus,
3133 2372 3285 2442 cujus
3312 2375 3466 2430 vobis

1886 2460 2190 2530 exemplum
2233 2462 2432 2526 tribuo,
2465 2478 2570 2517 non
2602 2474 2909 2532 perseverat
2940 2465 2994 2518 in
3029 2465 3327 2529 iracundia,
3357 2481 3466 2520 non

1885 2549 2049 2604 ltesus
2074 2551 2339 2614 meminit,
2367 2567 2470 2606 non
2494 2552 2684 2610 videns
2707 2553 2988 2622 pulchram
3018 2553 3293 2607 mulierem
3321 2555 3464 2609 dele-

1885 2647 2083 2704 ctatur,
2131 2655 2236 2694 non
2287 2641 2432 2695 aliud
2473 2643 2693 2712 cogitat,
2730 2651 2784 2696 et
2828 2642 2971 2697 aliud
3019 2643 3272 2711 loquitur,
3299 2643 3382 2698 sic
3410 2653 3464 2698 et

1885 2743 2002 2791 vos,
2060 2729 2164 2782 nisi
2211 2730 2368 2782 talem
2420 2730 2716 2784 habueritis
2763 2731 3162 2795 innocentiam,
3209 2741 3263 2787 et
3299 2731 3464 2787 animi

1885 2818 2201 2887 puritatem,
2237 2834 2461 2887 regnum
2497 2818 2758 2873 ctelorum
2807 2835 2912 2874 non
2959 2822 3206 2890 poteritis
3237 2821 3460 2875 intrare.

1888 2909 2014 2962 Sive
2049 2909 2226 2973 aliter,
2250 2911 2547 2980 quicunque
2579 2910 2928 2964 humiliaverit
2959 2929 3014 2966 se
3051 2913 3183 2966 sicut
3211 2912 3461 2983 parvulus

1886 3001 2001 3064 iste,
2028 3000 2111 3053 hic
2145 3011 2219 3054 est
2262 3000 2436 3068 major
2463 3000 2516 3054 in
2565 3017 2720 3069 regno
2763 3001 3008 3056 caelorum
3039 3016 3057 3054 :
3083 3003 3172 3072 qui
3221 3002 3462 3059 imitatus

217 3137 234 3170 ι
278 3121 410 3187 Quis
441 3127 598 3190 putas
621 3119 790 3190 major
817 3129 901 3174 est
939 3118 994 3174 in
1024 3092 1192 3189 regno
1209 3092 1509 3175 eculei-um?
1537 3122 1604 3175 Et
1623 3121 1786 3176 advo-
1811 3111 1856 3172 C
1890 3109 1975 3147 me
2001 3093 2183 3157 meri"
2229 3100 2308 3190 θί-
2419 3092 2479 3190 in
2516 3092 2818 3162 exemplum
2857 3094 2968 3148 mei
2991 3095 3370 3190 h'f'f'ilif‘Wm’
3402 3104 3462 3150 ⁸³⁸

216 3227 232 3261 ι
273 3225 408 3265 cans
435 3207 590 3264 Jesus
613 3209 915 3280 parvulum,
945 3210 1135 3264 statuit
1155 3226 1277 3265 eum
1299 3211 1352 3266 in
1377 3212 1552 3266 medio
1573 3226 1782 3279 eorum,

213 3317 232 3354 ι
270 3309 325 3357 et
351 3300 495 3356 dixit
520 3320 533 3355 :
560 3300 729 3356 Amen
751 3300 872 3355 dico
900 3301 1071 3366 vobis,
1097 3301 1200 3356 nisi
1223 3303 1468 3356 conversi
1494 3301 1704 3358 fueritis
1732 3313 1789 3359 et

213 3408 231 3442 ι
272 3389 583 3446 elIiciamini
620 3389 757 3443 sicut
783 3389 1010 3458 parvuli,
1035 3405 1141 3444 non
1174 3390 1442 3446 intrabitis
1475 3393 1527 3446 in
1558 3408 1783 3463 regnum

212 3498 231 3534 ι
271 3481 558 3538 caelorum.
593 3479 658 3533 Et
679 3480 770 3548 qui
806 3480 1099 3549 susceperit
1134 3496 1295 3533 unum
1311 3479 1592 3550 parvulum
1621 3481 1783 3534 talem

211 3590 231 3625 ι
271 3574 326 3629 ἰιι
345 3573 569 3628 nomine
585 3588 726 3638 meo,
749 3587 834 3626 me
864 3571 1103 3642 suscipit.
1129 3571 1228 3639 Qui
1257 3582 1434 3626 autem
1455 3573 1787 3628 scandaliza-

213 3682 231 3715 ι
273 3667 413 3720 verit
457 3679 621 3718 unum
663 3664 730 3718 de
774 3661 981 3734 pusillis
1010 3662 1157 3727 istis,
1203 3662 1293 3730 qui
1326 3662 1376 3716 in
1420 3677 1504 3715 me
1534 3663 1782 3729 credunt,

211 3774 226 3804 ι
269 3755 493 3826 expedit
527 3755 575 3807 ei
610 3761 670 3807 ut
702 3753 1060 3824 suspendatur
1087 3751 1226 3806 mola
1270 3751 1503 3806 asinaria
1548 3751 1603 3805 in
1647 3751 1784 3806 collo

209 3862 226 3892 ς
267 3843 386 3914 ejus
413 3850 471 3896 et
490 3841 829 3912 demergatur
850 3841 902 3894 in
923 3837 1242 3909 profundum
1265 3839 1447 3892 maris.
1476 3838 1566 3894 Vae
1585 3840 1784 3895 mundo

207 3953 224 3985 ι
268 3936 335 3989 ab
383 3932 674 3988 scandulis.
721 3931 950 3988 Necesse
991 3938 1075 3985 est
1122 3930 1264 3983 enim
1303 3930 1784 3986 utveniantscan-

206 4042 224 4075 ι
267 4025 416 4080 dala.
450 4021 851 4088 Verumtamen,
882 4038 960 4077 va:
987 4021 1190 4076 homini
1232 4037 1326 4091 per
1355 4037 1512 4091 quem
1555 4023 1783 4078 scanda—

203 4135 221 4168 ι
263 4116 379 4171 lum
410 4115 579 4170 venit.
605 4113 663 4168 Si
692 4123 871 4168 autem
906 4127 1098 4167 manus
1127 4119 1216 4164 tua
1249 4111 1330 4166 vel
1356 4127 1450 4181 pes
1475 4120 1596 4166 tuus
1626 4129 1782 4167 scan-

203 4225 221 4256 ‹
265 4207 475 4260 dalizat
504 4212 574 4268 te,
625 4204 876 4259 abscinde
913 4219 1057 4268 eum,
1089 4211 1144 4257 et
1181 4201 1382 4273 projiee
1423 4203 1519 4256 abs
1561 4212 1631 4257 te.
1680 4203 1780 4257 Bo-

201 4313 219 4345 σ
265 4311 399 4348 num
437 4293 532 4347 tibi
566 4301 652 4347 est
695 4293 899 4363 ingredi
929 4293 1158 4346 debilem
1199 4292 1282 4346 vel
1311 4291 1578 4356 claudum,
1615 4307 1777 4361 quam

200 4404 217 4434 ς
261 4383 404 4439 duas
451 4398 678 4446 manus,
728 4382 807 4436 vel
843 4383 975 4435 duos
1004 4381 1167 4450 pedes
1197 4382 1486 4435 habentem
1533 4381 1674 4435 mitti
1721 4382 1774 4435 in

1890 3192 2097 3238 tantum
2160 3197 2219 3237 se
2278 3183 2511 3251 dejiciet,
2576 3193 2836 3253 quantum
2871 3197 2970 3255 ego
3023 3184 3190 3253 dejeci
3233 3184 3460 3242 formam

1887 3275 2027 3329 servi
2055 3273 2346 3342 accipiens,
2379 3273 2467 3328 hic
2500 3273 2726 3329 intrabit
2755 3273 2808 3328 in
2837 3290 3058 3345 regnum
3095 3275 3358 3330 caelorum

1956 3387 2024 3440 Et
2053 3387 2142 3457 qui
2168 3386 2448 3456 susceperit
2488 3402 2650 3439 unum
2691 3385 2964 3456 parvulum
2993 3384 3150 3440 talem
3177 3387 3231 3440 in
3257 3388 3466 3442 nomine

1884 3494 2020 3542 meo,
2062 3494 2142 3532 me
2184 3478 2416 3547 suscipit.
2451 3477 2550 3544 Qui
2589 3479 2711 3531 talis
2756 3477 2938 3540 fuerit,
2975 3486 3034 3530 ut
3060 3476 3259 3531 Christi
3290 3478 3459 3532 imite-

1887 3577 1973 3622 tur
1996 3567 2350 3622 humilitatem
2372 3577 2427 3622 et
2451 3567 2834 3630 innocentiam,
2861 3567 2912 3619 in
2938 3581 3002 3619 eo
3021 3564 3272 3620 Christus
3292 3567 3465 3620 διιερί-Δ

1884 3655 2045 3726 pitur.
2099 3656 2166 3710 Et
2211 3655 2504 3726 prudenter
2558 3663 2821 3724 temperat
2868 3669 3207 3723 responsum,
3239 3662 3296 3708 ut
3334 3667 3464 3717 cum

1885 3745 2117 3800 delatum
2151 3745 2312 3800 fuerit
2346 3745 2603 3814 apostolis
2633 3761 2691 3800 se
2721 3753 2908 3815 putent
2935 3746 3275 3810 honoratum,
3309 3745 3464 3818 adje-s

1883 3836 1976 3900 cit,
2017 3852 2122 3890 non
2163 3837 2284 3892 illos
2311 3838 2391 3892 sui
2421 3837 2631 3903 merito,
2661 3837 2754 3891 sed
2781 3836 3024 3908 magistri
3058 3838 3261 3898 honore
3289 3837 3466 3893 susci—.

1883 3925 2125 3996 piendos.

1955 4015 2059 4082 Qui
2101 4028 2274 4072 autem
2317 4019 2754 4074 scandalizaverit
2792 4036 2950 4074 unum
2981 4021 3044 4074 de
3084 4019 3289 4090 pusillis
3318 4021 3461 4086 istis,

1879 4107 1970 4174 qui
1989 4108 2045 4159 in
2069 4122 2150 4160 me
2172 4107 2406 4161 credunt.
2434 4107 2572 4162 Nota
2603 4108 2745 4176 quod
2775 4110 2864 4176 qui
2903 4109 3304 4162 scandalizatur
3332 4124 3445 4178 par-

1879 4197 2038 4251 vulus
2057 4205 2156 4260 est,
2188 4195 2418 4263 majores
2441 4197 2582 4250 enim
2610 4197 2861 4250 scandala
2891 4212 2994 4250 non
3026 4197 3306 4266 recipiunt.

1951 4283 2059 4354 (Ea:
2079 4283 2271 4354 Beda.)
2300 4283 2599 4338 Notandum
2641 4299 2770 4338 sane
2798 4285 2937 4354 quod
2982 4285 3036 4337 in
3078 4293 3262 4338 nostro
3309 4286 3462 4344 bono

1879 4386 2042 4443 opere
2069 4372 2358 4442 aliquando
2400 4373 2698 4428 cavendum
2728 4381 2812 4427 est
2853 4374 3162 4429 scandalum
3199 4376 3455 4446 proximi,

200 4490 217 4518 ι
263 4473 450 4540 ignem
477 4477 756 4525 aeternum.
804 4469 869 4522 Et
908 4469 953 4522 si
980 4446 1168 4522 oculus
1197 4475 1320 4522 tuus
1345 4468 1673 4525 scandalizat
1699 4477 1773 4536 te,
1800 4446 1853 4506 Ῑ)
1880 4463 2164 4532 aliquando
2197 4477 2327 4516 vero
2354 4478 2454 4531 pro
2490 4463 2659 4518 nihilo
2685 4465 3149 4519 contemnendum.
3192 4466 3248 4526 In
3276 4482 3448 4534 uuam

197 4582 213 4614 ι
259 4580 400 4618 erue
428 4576 548 4616 eum
578 4570 634 4616 et
659 4559 856 4633 projice
882 4560 978 4614 abs
1003 4569 1073 4614 te.
1119 4559 1325 4614 Bonum
1353 4568 1438 4615 est
1466 4562 1562 4616 tibi
1608 4578 1773 4616 unum

169 4649 216 4702 ἰ
259 4653 484 4705 oculum
508 4650 790 4705 habentem
820 4651 986 4703 vitam
1031 4651 1232 4704 intrare
1251 4691 1265 4715 ,
1297 4666 1460 4720 quam
1488 4653 1620 4707 duos
1647 4668 1774 4707 ocu-

193 4761 209 4794 σ
258 4743 341 4795 los
369 4741 656 4794 habentem
684 4741 821 4795 mitti
860 4742 913 4794 in
942 4741 1241 4811 gehennam
1280 4741 1438 4808 ignis.
1472 4741 1660 4798 Videte
1703 4759 1771 4798 ne

191 4853 208 4882 ι
255 4833 621 4904 contemnatis
655 4849 820 4886 unum
855 4848 921 4887 ex
965 4833 1050 4887 his
1079 4833 1306 4902 pusillis.
1351 4833 1482 4888 Dico
1505 4835 1646 4888 enim
1668 4851 1767 4890 vo-

189 4939 206 4970 ι
256 4921 387 4974 bis:
437 4917 573 4986 Quia
601 4919 787 4990 Angeli
829 4936 1014 4975 eorum
1063 4922 1116 4973 in
1157 4921 1309 4975 ctelis
1351 4922 1534 4975 vident
1573 4921 1766 4978 faciem

189 5027 207 5059 ‹
253 5008 438 5078 patris
463 5007 596 5073 mei,
630 5009 720 5077 qui
756 5009 809 5062 in
835 5009 985 5065 cmlis
1010 5017 1111 5063 est.
1149 5029 1166 5060 ι

256 5119 602 5175 Accesserant
623 5115 693 5171 ad
707 5117 892 5182 Iesum,
905 5117 1145 5188 discipuli
1164 5119 1389 5172 dicentes
1413 5132 1430 5169 :
1460 5117 1588 5182 Quis
1613 5130 1767 5190 putas

179 5211 366 5279 major
395 5220 469 5264 est
506 5211 561 5264 in
598 5227 751 5280 regno
781 5210 1044 5264 caelorum.
1080 5211 1193 5280 (Ex
1221 5211 1474 5282 Hieron.)
1508 5211 1766 5282 Superius

175 5299 331 5352 enim
365 5299 627 5370 scrime
661 5310 744 5353 est
777 5317 789 5351 :
821 5300 956 5364 Quia
981 5299 1112 5354 dixit
1152 5299 1404 5354 Dominus
1432 5300 1611 5367 Petro,
1640 5303 1766 5358 vade

175 5390 249 5444 ad
271 5405 452 5456 mare,
476 5401 524 5443 et
547 5392 691 5444 mitte
715 5390 949 5457 hamum,
978 5401 1026 5445 et
1053 5409 1170 5446 eum
1193 5393 1403 5462 piscem,
1433 5393 1523 5463 qui
1540 5395 1765 5464 primum

174 5480 484 5534 ascenderit
511 5481 655 5545 tolle,
691 5492 740 5536 et
788 5493 964 5552 aperto
997 5499 1084 5538 ore
1106 5484 1220 5553 ejus
1248 5485 1472 5538 invenies
1499 5493 1759 5550 staterem,

171 5573 334 5624 illum
360 5587 570 5625 sumens
593 5573 661 5625 da
687 5575 758 5626 eis
792 5590 886 5643 pro
915 5590 995 5628 me
1015 5585 1062 5626 et
1093 5584 1159 5627 te.
1195 5574 1270 5627 Ex
1308 5576 1408 5629 hac
1434 5576 1575 5628 enim
1606 5591 1763 5631 occa-

172 5661 340 5721 simie
367 5660 612 5721 arbitrati
641 5671 764 5718 sunt
789 5661 1037 5719 euntibus
1064 5665 1359 5736 apostolum
1393 5662 1610 5725 Petrum
1643 5683 1760 5726 esse

1881 4563 1990 4607 tum
2014 4554 2161 4608 enim
2190 4554 2305 4608 siue
2328 4561 2551 4622 peccato
2571 4570 2870 4623 possumus,
2890 4555 3057 4616 vitare
3081 4557 3454 4624 proximorum

1878 4645 2486 4700 scandalunYdebemus.
2519 4645 2578 4698 Si
2600 4652 2777 4703 autem
2804 4646 2870 4700 de
2892 4647 3117 4700 veritate
3136 4647 3453 4709 scandalum

1875 4737 2125 4801 sumitur,
2157 4736 2342 4791 utilius
2371 4737 2702 4811 permittitur
2737 4737 3042 4794 scandalum
3075 4739 3246 4805 nasci,
3285 4755 3451 4810 quam

1872 4828 2070 4882 veritas
2100 4827 2452 4897 relinquatur.

1943 4937 2166 5008 Expedit
2197 4940 2242 4992 ei
2277 4949 2330 4992 ut
2371 4941 2737 5010 suspendatur,
2778 4950 2881 4996 etc.
2926 4941 3231 4998 Secundum
3282 4947 3444 5002 ritum

1872 5029 2159 5102 provincia:
2178 5029 2432 5100 loquitur,
2455 5047 2560 5100 quo
2583 5033 2844 5102 majorum
2866 5035 3152 5091 criminum
3176 5039 3277 5092 ista
3300 5041 3441 5109 apud

1872 5127 2081 5172 veteres
2107 5117 2319 5175 Iudaeos
2348 5138 2506 5192 poena
2538 5122 2719 5187 fuerit,
2751 5126 2885 5179 utin
2917 5127 3242 5196 profundum
3279 5133 3445 5204 ligato

1871 5221 2002 5261 saxo
2033 5209 2487 5280 demergerentur.
2537 5213 2764 5286 Expedit
2790 5225 2969 5270 autem
3000 5218 3070 5284 ei,
3115 5222 3240 5291 quia
3276 5224 3444 5280 multo

1872 5302 2063 5356 melius
2089 5314 2171 5356 est
2199 5320 2294 5372 pro
2316 5305 2467 5375 culpa
2500 5307 2716 5364 brevem
2751 5310 2990 5380 recipere
3017 5329 3252 5382 pmnam,
3279 5333 3441 5386 quam

1870 5394 2088 5447 aeternis
2121 5393 2322 5448 servire
2347 5395 2692 5452 cruciatibus.
2727 5398 2839 5455 Non
2883 5405 3024 5458 enim
3048 5405 3308 5474 judicabit
3335 5408 3439 5461 Do-

1871 5485 2047 5538 minus
2069 5485 2153 5539 bis
2180 5485 2232 5538 in
2260 5485 2509 5554 idipsum.

1939 5572 2053 5641 (Ea:
2085 5572 2276 5645 Creg.)
2311 5575 2436 5629 Item
2479 5593 2574 5647 per
2609 5581 2803 5636 molam
2845 5587 3132 5640 asinariam
3168 5586 3439 5642 smcularis

1868 5668 1988 5728 vit-.e
2017 5667 2270 5728 circuitus
2297 5685 2358 5728 ac
2385 5670 2534 5725 labor
2553 5675 2890 5744 exprimitur,
2917 5689 2963 5732 et
2990 5693 3088 5749 per
3114 5677 3432 5746 profundum
