3932 6204
445 329 549 386 479

1721 313 2072 375 SMARAGDI
2111 311 2398 372 ABBATlS

3598 310 3705 368 L80

451 449 618 502 maris
667 449 909 496 extrema
955 438 1228 494 damnatio
1266 436 1592 508 designatur.
1642 435 1744 502 Qui
1791 447 1922 504 ergo
1953 430 2018 484 ad
2049 431 2094 492 Α
2123 427 2326 498 angelis
2397 436 2628 496 quatuor
2687 427 3014 496 reliquarum
3078 425 3442 480 Ecclesiarum
3503 426 3701 482 scribe.

452 533 758 591 sanctitatis
783 531 1014 600 speciem
1053 528 1336 592 deductus,
1363 527 1447 581 vel
1483 527 1648 581 verbo
1683 534 1908 580 caeteros
1935 524 2028 578 de-

452 626 631 690 struit,
663 623 746 677 vel
781 620 1046 690 exemplo',
1072 620 1266 674 utelins
1287 617 1528 688 profecto
1549 625 1686 683 erat,
1712 624 1774 671 ut
1794 617 1937 671 hunc
1958 614 2027 669 ad

453 724 683 772 mortem
727 713 826 768 sub
851 712 1105 766 exteriori
1137 711 1321 765 habitu
1352 720 1566 766 terrena
1605 718 1725 764 acta
1753 708 2026 764 constrin-

450 812 660 877 gerent,
723 819 886 873 quam
931 817 1086 856 sacra
1125 800 1296 856 cilicia
1327 801 1378 855 in
1418 801 1572 869 culpa
1605 801 1815 856 caeteris
1849 800 2028 853 imita-

445 893 607 950 bilem
632 895 1086 948 demonstrarent.
1111 891 1248 957 Quia
1271 891 1524 945 nimirum
1547 890 1590 945 si
1614 891 1762 945 solus
1784 890 2022 952 caderet,

446 997 720 1059 utcunque
765 986 909 1039 hunc
940 983 1272 1036 tolerabilior
1309 982 1505 1036 inferni
1531 997 1691 1052 poma
1735 982 2020 1035 cruciaret.

447 1104 450 1107 -
525 1075 615 1130 Vae
637 1075 832 1128 mundo
855 1075 919 1128 ab
942 1072 1232 1137 scandatis,
1257 1081 1460 1150 necesse
1487 1083 1561 1126 est
1583 1073 1721 1126 enim
1743 1083 1797 1124 ut
1819 1071 2025 1126 veniant

443 1165 719 1229 scandala,
747 1174 854 1220 etc.
887 1164 985 1236 (Ex
1014 1162 1260 1235 Hieron.)
1290 1162 1407 1217 Non
1449 1178 1556 1232 quo
1592 1176 1812 1217 necesse
1838 1161 1910 1216 sit
1934 1177 2026 1215 ve—

444 1257 564 1310 nire
608 1255 884 1318 scandala,
934 1256 1172 1325 alioquin
1221 1255 1422 1323 absque
1474 1253 1629 1322 culpa
1675 1260 1879 1316 essent,
1931 1252 2025 1322 qui

445 1346 762 1399 scandalum
790 1345 1014 1411 faciunt,
1045 1345 1140 1400 sed
1167 1359 1289 1398 cum
1317 1358 1542 1398 necesse
1577 1343 1647 1397 sit
1669 1343 1723 1396 in
1749 1341 1854 1396 isto
1876 1356 2029 1395 mun-

445 1436 514 1490 do
548 1435 665 1489 ticri
710 1435 984 1498 scandala,
1037 1435 1408 1502 unusquisque
1451 1447 1549 1487 suo
1592 1432 1724 1486 vitio
1760 1431 2026 1486 scandalis

441 1533 614 1595 patet,
642 1525 909 1594 simulque
933 1540 1028 1593 per
1048 1524 1348 1594 generalem
1377 1523 1699 1577 sententiam
1724 1521 2028 1590 percutitur

441 1612 626 1679 Judas,
660 1615 752 1684 qui
774 1615 1080 1684 proditione
1105 1615 1345 1668 animum
1369 1620 1787 1683 praeparaverat.

452 1752 454 1754 ,
518 1704 580 1759 Si
609 1717 783 1758 autem
826 1721 1012 1758 manus
1055 1714 1169 1769 tua,
1214 1702 1291 1757 vel
1329 1720 1416 1772 pes
1453 1714 1574 1758 tua:
1601 1702 1929 1757 scandalizat
1953 1713 2019 1765 te,

2128 517 2194 570 Et
2233 517 2518 587 Apostolus
2547 533 2760 588 quoque
2785 517 3039 586 pnecepit
3066 516 3232 570 velari
3264 517 3316 570 in
3341 517 3586 572 ecclesiis
3605 533 3707 573 ea-

2127 610 2237 679 pita
2271 609 2590 664 feminarum
2615 605 2834 678 propter
2862 609 3097 678 angelos.
3468 625 3470 628 ·

2303 738 2719 795 HEBDOMADA
2761 738 2852 792 XX
2894 737 3069 792 POST
3109 736 3534 793 PENTECOST.

2126 872 2381 911 El‘lSTOl.\
2418 871 2574 910 ΒΕΔἸΊ
2612 869 2764 907 PAULI
2797 867 3044 906 APOSTOLI
3079 867 3146 904 ΑΙ)
3183 866 3454 914 EPIIESIOS,
3482 866 3602 906 CAP.
3632 868 3703 908 ιν.

2203 989 2221 1020 σ
2268 967 2622 1022 Renovamini
2665 966 2856 1035 spiritu
2902 963 3099 1018 mentis
3136 971 3363 1026 vesti-te,
3401 973 3458 1018 et
3503 963 3711 1021 induite

2131 1079 2150 1110 ι
2197 1075 2393 1114 novum
2426 1059 2725 1119 hominem,
2749 1056 2840 1126 qui
2867 1055 3159 1110 secundum
3190 1057 3356 1124 Deum
3385 1066 3608 1114 creatus
3627 1064 3713 1112 est

2133 1169 2150 1200 ι
2198 1150 2252 1204 in
2297 1149 2505 1218 justitia
2548 1156 2602 1202 et
2647 1147 2938 1201 sanctitate
2985 1145 3250 1200 veritatis.
3299 1144 3527 1213 Propter
3565 1147 3710 1215 quod

2133 1260 2150 1291 ι
2194 1241 2524 1309 deponentes
2544 1238 2906 1300 mendacium,
2932 1236 3216 1304 loquimini
3241 1237 3526 1290 veritatem
3551 1253 3715 1291 unus-

2131 1349 2150 1380 ι
2195 1331 2423 1400 quisque
2455 1344 2576 1384 cum
2622 1329 2870 1398 proximo
2913 1342 3034 1389 suo,
3061 1327 3316 1394 quoniam
3354 1341 3540 1380 sumus
3575 1328 3713 1382 invi-

2131 1441 2151 1472 t
2193 1436 2310 1476 cem
2339 1417 2600 1474 membra.
2631 1417 2928 1472 lrascimini
2951 1427 3005 1470 et
3027 1416 3193 1470 nolite
3218 1430 3462 1484 peccare.
3489 1417 3583 1470 Sol
3604 1433 3714 1470 non

2131 1533 2151 1565 ί
2195 1513 2407 1568 occidat
2441 1525 2605 1579 super
2645 1509 2979 1565 iracundiam
3025 1516 3280 1563 vestram.
3327 1507 3503 1562 Nolite
3533 1509 3712 1563 locuta

2132 1622 2152 1655 ι
2197 1605 2329 1659 dare
2355 1601 2587 1657 diabolo.
2623 1600 2725 1666 Qui
2752 1598 3048 1660 iurabatur,
3074 1598 3188 1666 jam
3216 1613 3320 1652 non
3348 1597 3574 1652 foretur.
3603 1599 3718 1652 Ma—

2133 1715 2151 1746 t
2198 1695 2278 1765 gis
2308 1703 2486 1749 autem
2519 1693 2725 1747 laboret
2765 1691 3038 1762 operando
3082 1690 3330 1745 manibus
3369 1691 3512 1753 suis,
3565 1691 3716 1759 quod

443 1796 689 1850 abscinde
710 1813 849 1859 eum,
876 1807 925 1850 et
947 1797 1144 1866 projice
1173 1797 1266 1850 ab:
1290 1805 1358 1852 te.
1389 1796 1594 1850 Bonum
1625 1797 1718 1850 tibi
1746 1807 1822 1850 est
1847 1796 1917 1849 ad
1951 1798 2024 1850 vi-
2052 1779 2098 1838 Β
2131 1806 2150 1840 ι
2195 1788 2391 1841 bonum
2416 1794 2519 1850 est.
2545 1794 2606 1840 ιιι
2633 1784 2831 1842 habet“
2857 1786 2998 1839 unde
3037 1783 3304 1837 retribuat
3329 1783 3716 1838 necessum“!!!

446 1897 555 1940 tam
583 1888 794 1957 ingredi
816 1887 1034 1940 debilem
1061 1885 1140 1942 vel
1169 1887 1436 1952 claudum,
1467 1904 1625 1956 quam
1653 1887 1786 1939 dum
1813 1902 2022 1950 manus,

446 1978 524 2033 rel
552 1978 684 2031 duos
707 1977 862 2047 pedes
892 1977 1160 2032 habentem
1183 1979 1318 2031 mitti
1346 1977 1401 2030 in
1421 1978 1591 2046 ignem
1616 1987 1888 2039 artermtm,
1915 1985 2022 2030 etc.

445 2069 546 2140 (Ex
583 2068 774 2138 Beda.)
814 2068 950 2136 Quia
983 2083 1145 2138 supra
1191 2069 1452 2124 docuerat
1492 2083 1560 2122 ne
1600 2067 2025 2122 scandalizemus

443 2178 538 2218 eos
572 2164 664 2233 qui
711 2164 938 2217 credunt
967 2163 1020 2216 in
1063 2177 1209 2226 eum,
1244 2177 1388 2216 nunc
1420 2169 1815 2230 consequenter
1841 2159 2024 2213 admo-

448 2262 562 2316 uet,
587 2261 847 2322 quantum
873 2267 1064 2307 cavere
1097 2253 1387 2307 debeamus
1419 2267 1513 2307 eos
1539 2252 1629 2320 qui
1657 2249 2025 2305 scandalizare

442 2342 621 2402 uos,id
648 2350 753 2406 est,
786 2343 952 2396 verbo
982 2342 1066 2396 vel
1095 2341 1338 2410 exemplo
1365 2357 1462 2396 suo
1485 2341 1550 2395 ad
1576 2341 1785 2418 ruinam
1815 2339 2020 2408 peccati

443 2429 745 2501 propellere
779 2439 1009 2484 certant.
1046 2429 1260 2484 Manum
1289 2430 1486 2500 quippe
1522 2438 1760 2484 nostram
1791 2427 2026 2498 appellat

445 2522 810 2580 necessarium
865 2523 1135 2585 amicum,
1194 2521 1347 2591 cujus
1399 2537 1564 2592 apere
1612 2531 1775 2590 atque
1825 2520 2024 2574 attxilio

442 2613 758 2682 quotidiano
792 2627 927 2682 opus
975 2612 1253 2668 habemus.
1294 2613 1399 2668 Sed
1439 2613 1583 2676 talis,
1617 2612 1660 2667 si
1702 2627 1802 2666 nos
1830 2611 2024 2666 laedere

444 2704 496 2757 in
527 2718 691 2758 causa
721 2703 914 2763 anima:
943 2703 1190 2765 voluerit,
1230 2703 1594 2757 excludendus
1641 2711 1721 2757 est
1759 2717 1792 2755 a
1838 2709 2023 2755 nostra

443 2793 722 2855 societate,
752 2807 820 2846 ne
848 2792 1040 2869 sicam
1085 2791 1296 2860 perdito
1343 2792 1396 2845 in
1425 2791 1528 2846 hac
1553 2791 1658 2844 vita
1690 2797 1896 2860 partem
1927 2789 2023 2842 ha-

443 2881 570 2937 bere
596 2883 861 2945 volumus,
892 2883 1051 2937 simul
1097 2883 1149 2936 in
1196 2881 1377 2936 futuro
1404 2897 1528 2936 cum
1577 2880 1670 2934 illo
1715 2893 2018 2949 pereamus.

442 2972 496 3026 In
521 2971 656 3042 pede
679 2973 821 3027 sicut
844 2981 899 3027 et
923 2973 978 3026 in
1010 2988 1168 3026 manu
1200 2974 1394 3028 charos
1420 2969 1840 3025 inemendabiles
1866 2968 2024 3022 docet

442 3059 753 3115 alienandos
804 3062 1062 3127 a\nobis,
1114 3077 1181 3116 ne
1233 3075 1326 3128 per
1363 3060 1756 3116 immunditiam
1806 3073 2019 3122 eorum,

442 3166 578 3219 quos
617 3152 886 3220 castigare
935 3153 1238 3220 nequimus,
1274 3161 1329 3206 et
1366 3152 1465 3220 ipsi
1493 3150 1679 3219 polluti
1714 3165 2018 3220 pereamus.

446 3238 652 3300 Manus,
701 3250 922 3310 propter
968 3257 1103 3310 opus
1149 3241 1514 3296 necessarium
1571 3240 1758 3296 nobis.
1799 3250 2024 3310 possunt

442 3329 544 3382 dici
581 3329 734 3394 tales,
773 3342 994 3402 propter
1019 3333 1374 3388 ministerium
1403 3332 1808 3407 discursusque‘.
1831 3331 1883 3384 in
1925 3347 2022 3385 no-

442 3419 570 3471 stris
597 3420 779 3475 usihus
800 3423 1251 3476 accommodatos.
1280 3422 1333 3477 ln
1364 3422 1520 3476 oculo
1555 3437 1768 3491 quoque
1805 3431 2022 3492 propter

442 3503 750 3566 scandalum
793 3514 1050 3579 ernendo,
1087 3515 1246 3569 iidem
1293 3515 1461 3570 nostri
1507 3515 1796 3570 carnaliter
1838 3517 2018 3582 amici,

441 3600 796 3670 spiritualitcr
840 3619 970 3658 vero
1008 3605 1302 3660 adversarii
1332 3606 1703 3684 designantur.
1747 3604 1852 3661 Sed
1897 3622 2018 3662 cum

447 3709 544 3750 nos
572 3695 1030 3772 eorumconsulto
1056 3712 1118 3751 ac
1148 3697 1453 3767 provisione
1477 3713 1613 3767 opus
1640 3696 1918 3763 habemus,
1945 3698 2018 3752 illi

443 3800 572 3839 vero
601 3785 824 3840 censilio
852 3801 952 3840 nos
980 3802 1145 3855 pravo
1179 3787 1426 3856 decipere
1466 3796 1626 3856 atque
1651 3789 1718 3843 ad
1745 3788 1851 3842 iter
1873 3803 2020 3843 erro-

447 3874 524 3926 ris
549 3873 828 3931 dellectere
856 3885 1125 3947 quierunt.
1161 3878 1432 3934 Σκάνδαλον
1454 3879 1649 3948 quippe
1677 3893 1854 3934 sermo
1875 3878 2021 3933 (iraa-

446 3980 543 4019 cus
588 3975 688 4029 est,
733 3969 873 4036 quod
906 3983 1002 4023 nos
1040 3967 1417 4023 oli‘endiculum
1447 3968 1531 4024 vel
1571 3969 1802 4034 ruinam,
1841 3979 1897 4023 et
1923 3970 2022 4023 im-

445 4061 744 4128 pactioncm
775 4062 926 4132 pedis
957 4062 1136 4118 dicere
1161 4077 1466 4133 possumus.
1496 4060 1724 4128 Quidam
1748 4058 2022 4116 σκάνδαλον

446 4146 654 4211 Graece,
678 4148 866 4205 Latine
895 4151 1201 4221 scrupulum
1233 4152 1438 4206 dicunt.
1473 4151 1566 4206 Ille
1597 4166 1724 4222 ergo
1758 4151 2022 4206 scandali-

443 4245 534 4291 zat
562 4237 800 4301 fratrem,
842 4240 933 4309 qui
972 4239 1021 4294 ei
1062 4241 1204 4295 dicto
1247 4239 1457 4296 factove
1487 4240 1665 4295 minus
1693 4247 1837 4294 recte
1865 4255 2024 4294 occa-

447 4330 650 4383 sionem
679 4332 847 4386 ruina:
869 4331 1076 4387 dederit
1105 4331 1212 4403 (Ea:
1242 4331 1486 4402 Hieron.)
1521 4332 1704 4387 Potest
1740 4338 1796 4386 et
1821 4329 2023 4400 simpli-

441 4421 579 4474 citer
609 4421 733 4487 dici,
761 4423 804 4476 si
836 4424 956 4491 quis
983 4424 1055 4480 ita
1085 4423 1426 4481 necessarius
1452 4423 1605 4476 nobis
1630 4437 1752 4476 esse
1789 4421 2020 4482 videtur,

441 4521 501 4565 ut
527 4529 738 4578 manus,
781 4529 877 4582 pes
901 4521 954 4568 et
978 4513 1187 4576 oculus,
1214 4515 1360 4570 utilis
1388 4514 1636 4570 videlicet
1664 4522 1826 4582 atque
1869 4512 2016 4567 solli-

443 4605 581 4657 citus
609 4612 664 4659 et
691 4613 877 4658 acutus
904 4605 971 4658 ad
999 4605 1446 4673 perspiciendum,
1491 4604 1802 4660 scandalum
1837 4612 2017 4658 autem

444 4692 599 4745 nobis
647 4691 792 4756 facit,
843 4700 898 4746 et
927 4708 1022 4762 per
1064 4693 1450 4748 dissonantiam
1487 4708 1698 4748 morum
1727 4708 1825 4745 nos
1854 4692 2020 4746 trahit

445 4782 498 4836 in
522 4783 846 4851 gehennam,
871 4799 937 4836 ne
962 4781 1224 4850 siquidem
1247 4783 1627 4850 temporalibus
1648 4779 1762 4848 ejus
1784 4795 2016 4834 commo-

445 4873 550 4934 dis,
576 4887 697 4924 rum
728 4873 964 4943 periculo
993 4873 1294 4936 animarum
1325 4880 1626 4926 nostrarum
1646 4911 1658 4935 ,
1705 4869 1780 4924 uti
1831 4885 1895 4923 ac
1939 4869 2017 4923 fo-

448 4963 558 5017 veri
590 4964 862 5018 debemus.

526 5051 704 5105 Videte
728 5070 789 5106 ne
815 5055 1152 5109 contemnatis
1184 5071 1342 5108 unum
1378 5070 1442 5108 ea:
1474 5054 1553 5107 his
1581 5051 1807 5122 pus'llis.
1840 5052 2018 5118 Quan-

450 5151 558 5195 tum
587 5142 639 5194 in
671 5143 820 5196 vobis
845 5152 925 5197 est
947 5145 1108 5199 nolite
1148 5154 1510 5206 contemnere,
1537 5143 1628 5196 sed
1659 5157 1754 5210 per
1782 5149 2016 5196 vestram

449 5234 672 5290 salutem
702 5235 862 5287 etiam
894 5235 1102 5288 illorum
1133 5236 1357 5304 quterite
1392 5236 1699 5290 sanitatem.

519 5325 647 5378 Dico
674 5327 808 5379 enim
840 5327 977 5379 vobis
1006 5340 1022 5376 :
1054 5328 1193 5391 Quia
1232 5327 1402 5397 angeli
1433 5342 1611 5380 eorum
1641 5327 1693 5380 in
1721 5325 1882 5390 caelis,
1911 5332 2016 5378 etc.

2047 4465 2099 4523 D

2130 1896 2150 1928 ι
2195 1876 2439 1945 patienti.
2490 1895 2508 1928 ›

2198 1964 2534 2020 Renovamini
2583 1965 2770 2035 spiritu
2819 1965 3003 2018 mentis
3049 1972 3248 2018 vestrm.
3302 1963 3410 2033 (Ex
3450 1960 3717 2031 Hieron.)

2124 2055 2236 2111 Nec
2263 2057 2318 2111 in
2347 2071 2509 2110 sensu
2539 2070 2864 2110 renovamur
2893 2055 3097 2123 absque
3125 2053 3318 2122 spiritu
3337 2092 3352 2113 ,
3385 2067 3484 2106 nec
3515 2054 3716 2122 spiritu

2123 2145 2326 2214 absque
2369 2159 2548 2207 sensu,
2582 2145 2676 2199 sed
2723 2157 3046 2198 renovamur
3087 2142 3373 2211 eonjuncte
3420 2143 3474 2196 in
3514 2145 3716 2212 spiritu

2123 2252 2316 2291 sensus
2343 2221 2540 2300 imitri,
2573 2244 2632 2290 ut
2661 2236 2929 2306 quomodo
2951 2235 3233 2304 psallimus
3275 2235 3489 2302 spiritu,
3521 2237 3715 2304 psalli-

2125 2343 2245 2383 mus
2285 2339 2343 2384 ct
2371 2345 2555 2393 sensu,
2591 2345 2812 2383 oramus
2839 2329 3053 2398 spiritu,
3081 2342 3296 2382 oremus
3319 2336 3375 2397 et
3403 2342 3589 2388 sensu,
3638 2331 3720 2384 sic

2125 2420 2178 2473 in
2222 2421 2411 2490 spiritu
2454 2435 2643 2474 sensus
2667 2419 2854 2474 nostri
2885 2433 3239 2480 renovemur,
3280 2427 3338 2471 ut
3364 2433 3488 2471 cum
3519 2433 3722 2473 sensus

2124 2510 2357 2564 mundus
2387 2509 2549 2563 fuerit
2569 2549 2582 2573 ,
2616 2517 2780 2578 atque
2822 2516 3076 2578 purgatus
3095 2548 3108 2570 ,
3138 2517 3193 2561 et
3219 2507 3286 2562 ab
3313 2509 3456 2560 omni
3500 2508 3721 2562 macula

2124 2601 2352 2655 sordidae
2372 2599 2735 2655 concretionis
2763 2598 2991 2662 alienus,
3019 2607 3146 2651 tunc
3172 2598 3220 2650 ei
3243 2596 3496 2665 jungatur
3524 2605 3581 2650 et
3614 2598 3726 2665 spi-

2124 2691 2280 2756 ritus,
2323 2699 2380 2744 et
2413 2691 2486 2744 ita
2513 2690 2746 2760 quodam
2776 2689 2914 2744 inter
2952 2703 3010 2742 se
3035 2687 3259 2742 unitatis
3296 2686 3497 2755 glutino
3538 2702 3722 2757 copu-

2124 2780 2323 2846 lentur,
2361 2789 2420 2834 ut
2447 2795 2783 2849 nequaquam
2813 2779 3037 2847 simplex
3086 2777 3338 2847 spiritus,
3371 2779 3464 2832 sed
3488 2779 3726 2848 spiritus

2123 2887 2314 2927 sensus
2340 2887 2458 2927 esse
2481 2871 2712 2926 dicatur.

2193 2961 2263 3015 Et
2291 2961 2498 3015 induite
2529 2978 2712 3015 novum
2758 2961 3037 3014 hominem.
3092 2961 3145 3015 ω
3195 2963 3369 3033 ipsum
3417 2969 3547 3030 puto
3569 2976 3721 3021 esse.

2123 3053 2265 3122 quod
2297 3053 2349 3106 in
2395 3052 2497 3106 alio
2527 3051 2646 3106 loco
2685 3052 2916 3106 dicitur:
2951 3051 3162 3106 Induite
3199 3070 3286 3107 vos
3327 3050 3598 3107 Christum
3630 3053 3726 3106 Je-

2123 3157 2261 3194 sum.
2306 3141 2409 3194 iste
2439 3141 2634 3210 quippe
2659 3149 2744 3194 est
2775 3155 2942 3194 novus
2967 3137 3150 3204 homo,
3184 3155 3290 3208 quo
3327 3141 3564 3196 universi
3602 3158 3729 3195 ert-

2122 3230 2312 3284 dentes
2353 3229 2610 3284 debemus
2651 3229 2796 3283 indui
2829 3238 2990 3300 atque
3042 3231 3245 3284 vestiri.
3289 3231 3426 3297 Quid
3471 3233 3626 3284 enim
3669 3234 3725 3285 in

2123 3319 2340 3373 homine
2367 3319 2520 3388 quia
2569 3319 2851 3374 Salv-atere
2895 3329 3078 3374 nostro
3124 3331 3432 3390 assumptus
3474 3331 3560 3376 est
3612 3340 3724 3377 non

2123 3423 2316 3461 novum
2363 3409 2495 3462 fuit?
2539 3418 2846 3478 conceptus,
2880 3410 3156 3474 nativitas,
3193 3421 3399 3480 partus,
3459 3412 3726 3476 infantia.

2120 3495 2390 3563 doctrina,
2434 3500 2567 3563 vita,
2596 3501 2800 3564 virtus,
2846 3509 2901 3554 et
2927 3499 2992 3555 ad
3020 3510 3320 3556 extremum
3347 3518 3482 3556 crux
3506 3513 3562 3558 et
3599 3521 3732 3575 pas-

2121 3590 2217 3652 sio,
2253 3591 2606 3662 exSpoliantis
2636 3592 2689 3645 in
2716 3607 2776 3646 ea
2811 3593 3164 3663 principatus,
3194 3601 3246 3648 et
3272 3595 3581 3648 contrarias
3615 3597 3728 3651 l'or-

2121 3681 2378 3737 titudines
2421 3685 2657 3738 ostentui
2708 3683 2995 3751 habentis,
3041 3686 3367 3740 resurrectio
3404 3701 3632 3757 quoque
3675 3698 3732 3744 et

2120 3789 2378 3829 ascensus
2407 3775 2473 3830 ad
2502 3775 2720 3830 caelum.
2752 3775 2851 3841 Qui
2879 3776 3044 3847 igitur
3071 3779 3541 3832 conversationem
3574 3779 3730 3834 illius

2121 3865 2320 3920 imitari
2355 3873 2570 3934 potest,
2631 3874 2684 3919 et
2728 3867 3008 3922 universas
3068 3867 3122 3922 in
3154 3883 3211 3923 se
3261 3869 3571 3938 exprimere
3616 3872 3729 3926 vir-

2121 3961 2284 4016 tutes,
2317 3961 2376 4006 ut
2413 3954 2483 4006 sit
2511 3965 2823 4010 mansuetus
2864 3955 3002 4011 sicut
3026 3955 3127 4010 fuit
3161 3957 3252 4012 ille
3284 3969 3635 4025 mansuetus,
3674 3972 3732 4015 et

2121 4044 2338 4099 humilis
2366 4045 2564 4108 corde,
2601 4055 2656 4100 et
2698 4055 2861 4116 ponat
2907 4047 3141 4102 animam
3188 4063 3337 4103 suam
3369 4062 3470 4117 pro
3522 4053 3732 4106 amicis

2123 4139 2254 4203 suis,
2282 4149 2342 4192 ut
2371 4139 2458 4193 ille
2497 4140 2677 4209 posuit
2706 4153 2803 4208 pro
2831 4137 3021 4192 ovibus
3050 4139 3161 4192 suis
3185 4180 3197 4200 ,
3254 4128 3579 4195 verberatus
3620 4159 3730 4197 non

2123 4231 2475 4301 respondeat,
2518 4230 2836 4285 maledictus
2863 4245 2970 4284 non
3009 4229 3381 4292 remaledicat,
3408 4231 3505 4285 sed
3533 4235 3731 4289 vincat

2125 4319 2176 4371 in
2208 4317 2507 4373 humilitate
2535 4319 2860 4390 superbiam,
2894 4320 2996 4372 iste
3033 4319 3251 4372 indutus
3277 4328 3358 4374 est
3388 4335 3600 4376 novum
3637 4325 3736 4378 ho-

2125 4413 2345 4476 minem,
2371 4421 2426 4467 et
2455 4412 2636 4466 dicere
2665 4426 2788 4465 cum
2818 4410 3073 4479 Apostolo
3103 4419 3280 4480 potest
3306 4429 3318 4463 :
3372 4410 3503 4466 Viro
3539 4427 3733 4470 autem

2115 4503 2232 4571 jam
2261 4520 2366 4557 non
2389 4520 2510 4572 ego,
2537 4498 2656 4558 civit
2686 4513 2856 4556 autem
2887 4504 2938 4556 in
2966 4520 3045 4557 me
3075 4500 3316 4557 Christus
3347 4503 3492 4572 (Cal.
3525 4509 3616 4574 tt).

2195 4594 2298 4660 Qui
2326 4596 2610 4650 secundum
2659 4595 2825 4648 Deum
2868 4604 3072 4647 creatus
3102 4605 3196 4647 est.
3247 4595 3736 4652 Considerandum

2120 4686 2304 4756 igitur,
2349 4687 2470 4756 quia
2502 4685 2708 4741 creatio
2737 4693 2898 4754 atque
2939 4683 3178 4740 conditio
3215 4699 3493 4753 nunquam
3529 4688 3646 4743 nisi
3677 4691 3736 4742 in

2120 4776 2327 4845 magnis
2353 4776 2605 4845 operibus
2644 4775 3010 4829 nominentur.
3050 4774 3210 4830 Verbi
3245 4788 3440 4838 causa,
3482 4779 3739 4832 man-lus

2119 4874 2335 4921 creatus
2373 4874 2474 4928 est,
2513 4866 2642 4920 urbs
2666 4865 2882 4918 condita
2912 4872 3015 4926 est,
3053 4879 3119 4918 ex
3147 4879 3252 4932 quo
3277 4862 3740 4920 animadverten-

2123 4956 2248 5010 dum
2282 4957 2441 5010 istum
2483 4971 2679 5009 novum
2724 4953 2996 5008 hominem
3024 4994 3038 5018 ,
3088 4954 3178 5022 qui
3222 4951 3378 5020 juxta
3428 4952 3611 5007 Deum
3674 4955 3736 5010 in

2123 5043 2340 5098 Christo
2368 5052 2583 5098 creatus
2611 5050 2697 5098 est
2738 5059 2991 5113 magnum
3023 5042 3119 5097 Dei
3146 5057 3283 5112 opus
3309 5056 3451 5102 esse,
3501 5051 3556 5096 et
3586 5043 3740 5098 cuti-

2122 5154 2251 5194 nere
2278 5139 2418 5192 ultra
2447 5150 2674 5193 eteteras
2703 5148 3011 5200 creaturas,
3060 5153 3181 5192 cum
3211 5137 3288 5191 sic
3315 5136 3571 5191 conditus
3603 5152 3741 5194 esse

2122 5228 2369 5291 dicatur,
2423 5236 2483 5282 ut
2532 5229 2762 5282 mundus
2803 5236 2856 5282 et
2908 5228 3120 5282 initium
3165 5227 3374 5280 viarum
3420 5225 3517 5281 Dei
3561 5236 3627 5282 et
3677 5229 3740 5283 in

2123 5317 2343 5372 exordio
2367 5317 2761 5371 elementorum
2790 5319 3028 5372 omnium
3055 5318 3124 5372 sit
3148 5327 3384 5373 creatus.

2193 5405 2258 5459 Ir.
2277 5407 2490 5475 justi:ia
2522 5418 2566 5460 et
2595 5408 2872 5460 sanctitate
2890 5449 2903 5472 ,
2933 5415 3037 5461 etc.
3066 5405 3225 5462 Iesus
3253 5421 3383 5477 ergo
3409 5421 3539 5460 vere
3571 5422 3746 5463 crea-

2126 5504 2210 5550 tus
2239 5504 2321 5551 cst
2350 5497 2402 5550 in
2429 5497 2636 5566 justitia
2687 5505 2742 5551 ct
2771 5498 3062 5551 sanctitate
3102 5498 3369 5561 veritatis,
3410 5497 3536 5565 quia
3579 5496 3744 5552 Deus

2126 5605 2286 5643 verus
2318 5587 2413 5642 Dei
2447 5590 2556 5642 veri
2595 5589 2732 5643 {ilius
2761 5598 2862 5650 cst.
2905 5598 2957 5644 et
2984 5596 3095 5642 tota
3139 5589 3189 5642 in
3220 5588 3307 5642 illo
3334 5588 3407 5643 γει
3433 5589 3522 5658 gio
3553 5598 3740 5658 atque

2118 5681 2324 5747 iustitia
2359 5681 2450 5735 Pri
2480 5683 2704 5736 veritate
2732 5681 2993 5749 completa
3021 5689 3120 5734 est.
3591 5665 3597 5676 ’

450 5419 635 5489 Magna
665 5418 898 5488 dignitas
923 5419 1244 5482 animarum,
1277 5431 1334 5472 ut
1359 5434 1690 5488 unaquaeque
1731 5417 1927 5472 habeat
1953 5417 2021 5469 ab

445 5521 566 5565 ortu
589 5511 883 5565 nativitatis
914 5511 964 5563 in
992 5511 1290 5566 custodiam
1321 5512 1400 5564 sui
1426 5510 1668 5581 augt-lum
1697 5509 2018 5579 delegatum,

450 5601 588 5654 unde
611 5601 836 5671 legimus
873 5600 924 5654 in
949 5598 1264 5668 Apocalypsi
1289 5597 1511 5653 Joannis
1545 5618 1555 5650 :
1590 5596 1784 5666 Angela
1807 5596 2021 5666 Ephesi,

452 5689 734 5745 'l‘hiathira'
759 5701 805 5745 ct
846 5688 1028 5760 angelo
1059 5686 1434 5760 Philadelphia-
1467 5688 1645 5758 (.‘l'por.
1679 5703 1714 5751 ι,
1749 5702 1809 5749 tt,
1839 5685 1944 5755 tn),
1972 5693 2025 5739 et
