3932 6204
473 341 576 395 δεῖ

1767 321 2122 378 SMARACDI
2155 317 2442 375 ABBATIS

3625 319 3735 376 ιδι

481 476 497 507 ι
545 453 681 508 vade
699 449 754 505 in
787 448 1003 505 domum
1035 455 1198 503 tuam.
1245 443 1307 499 Et
1352 444 1585 501 surrexit
1614 452 1667 496 ct
1702 441 1832 496 abiit
1865 441 1920 494 in
1957 436 2049 490 do-
2077 440 2127 496 Δ
2224 433 2293 488 Et
2327 445 2440 488 ecce
2464 432 2674 506 quidam
2706 433 2770 486 de
2806 431 2990 485 scribis
3034 431 3279 484 άὶεετυηι
3325 431 3465 484 intra
3493 447 3582 493 te:
3627 431 3740 487 Hic

478 566 497 597 ι
541 561 685 599 mum
715 556 887 596 suam.
933 539 1189 595 Videntes
1213 543 1389 590 autem
1425 534 1592 588 turb-.e
1632 533 1944 589 timuerunt.
1997 534 2052 581 et

479 653 497 685 ι
543 615 977 700 gloriﬁcaverunt
1000 629 1165 682 Deum
1186 668 1200 691 ,
1225 627 1316 696 qui
1348 625 1496 681 dedit
1524 629 1847 695 potestatem
1887 620 2049 675 talem

478 743 496 776 ι
541 723 867 778 hominibus.
898 740 917 773 ι
1199 715 1202 717 Α

541 815 833 869 Ascendens
861 812 1018 867 Iesus
1051 812 1104 865 in
1146 808 1461 874 naviculam,
1514 817 1620 863 etc.
1669 806 1772 877 (Ex
1811 800 2046 874 Figulo.)

468 906 682 960 Marcus
723 921 828 959 non
871 905 974 958 hoc
1014 903 1068 956 in
1094 903 1316 957 civitate
1343 901 1480 971 ejus,
1517 913 1635 967 quze
1658 893 1923 950 Nazareth
1955 907 2048 947 vo-

467 1005 646 1058 catur,
677 995 806 1049 dicit
847 992 1074 1054 l‘aetum,
1122 991 1216 1046 sed
1244 992 1297 1046 in
1323 990 1699 1059 Capharnaum
1726 1025 1740 1049 ,
1780 984 1883 1038 nisi
1909 982 2048 1036 forte

466 1084 666 1153 poterit
689 1083 791 1138 dici
823 1089 931 1136 tota
955 1079 1170 1136 Galiltca
1199 1080 1392 1135 civitas
1433 1077 1668 1140 Christi,
1712 1077 1767 1129 in
1806 1087 2048 1142 quocun-

468 1191 572 1245 que
596 1177 649 1230 in
681 1190 743 1229 ea
769 1174 964 1244 oppido
989 1181 1131 1228 esset
1155 1173 1420 1228 Christus.
1453 1173 1508 1224 ln
1535 1169 1753 1224 Galilaza
1777 1167 1920 1221 enim
1949 1164 2050 1218 Na-

467 1269 653 1322 zareth
682 1278 733 1323 et
757 1268 1128 1339 Capharnaum
1150 1267 1437 1321 habentur.
1467 1263 1592 1319 Sive
1624 1263 1696 1316 ita
1725 1260 2041 1330 legendum:

466 1357 536 1411 Et
561 1359 843 1412 ascendens
876 1359 930 1411 in
965 1355 1281 1420 naviculam,
1317 1353 1698 1421 transfretaeit,
1743 1361 1790 1404 et
1833 1351 1966 1403 venit
1991 1350 2046 1402 in

466 1449 725 1502 civitatem
753 1464 921 1511 suam,
951 1447 1004 1500 id
1032 1455 1134 1509 est,
1162 1445 1466 1509 Nazarcth;
1498 1451 1553 1496 et
1583 1441 1711 1512 quid
1737 1441 1808 1495 ibi
1837 1445 2045 1508 gestum

465 1539 572 1603 sit,
623 1537 902 1592 Matthaius
955 1535 1320 1603 praetermisit.
1379 1533 1539 1586 Mare
1589 1529 1732 1600 quod
1786 1528 2046 1582 Dominus

466 1627 859 1693 transfretavit,
902 1627 1154 1682 sasculum
1183 1625 1324 1680 istud
1365 1622 1647 1693 signiﬁcat.
1683 1619 1847 1673 Navis
1893 1633 2041 1681 vero,

465 1721 522 1776 in
549 1735 710 1791 quam
742 1719 1000 1782 ascendit,
1036 1718 1321 1786 aliquoties
1343 1730 1537 1784 corpus
1575 1712 1710 1782 ejus,
1756 1710 2042 1779 aliquoties

2155 522 2494 595 blasphemut,
2530 523 2614 577 vel
2642 523 2935 578 secundum
2979 521 3220 576 Marcum
3253 520 3424 587 :Quis
3452 531 3617 591 potest
3642 523 3738 576 di-

2153 613 2355 667 mittere
2371 621 2604 682 peccata,
2621 613 2720 666 nisi
2739 611 2882 666 solus
2901 612 3041 665 Deus
3054 613 3080 665 ἵ
3093 611 3293 666 Verum
3315 611 3500 666 dicunt
3519 611 3733 677 scribas,

2153 703 2277 772 quia
2303 717 2460 757 nemo
2486 703 2768 758 dimittere
2791 712 3036 772 peccata,
3068 702 3172 757 nisi
3219 699 3361 758 Dens
3389 711 3568 774 potest
3586 712 3611 771 ,'
3639 704 3735 775 qui

2151 809 2251 863 per
2288 809 2382 849 eos
2421 809 2634 864 quoque
2675 794 2939 857 dimittat,
2970 793 3165 863 quibus
3207 793 3511 849 dimittendi
3543 795 3737 850 tribuit

2149 892 2496 954 potestatem,
2519 896 2573 940 et
2605 884 2724 940 ideo
2752 885 2999 940 Christus
3025 899 3184 939 verus
3212 881 3355 939 Deus
3386 901 3507 941 esse
3529 888 3731 957 proba-

2153 984 2261 1041 tur,
2288 977 2414 1046 quia
2445 977 2713 1031 dimittam
2732 983 2953 1046 peccata
2985 975 3140 1044 quasi
3167 975 3308 1031 Deus
3331 984 3526 1045 potest.

2221 1071 2289 1124 Et
2318 1087 2435 1124 eum
2464 1070 2672 1124 vidisset
2691 1069 2847 1124 Jesus
2875 1069 3210 1138 cogitationes
3241 1085 3418 1122 eorum
3445 1069 3580 1124 dixit
3601 1083 3622 1122 :
3659 1069 3732 1126 Ut

2149 1161 2274 1234 quid
2301 1157 2538 1231 cogitatis
2573 1159 2714 1214 mala
2753 1161 2808 1213 in
2847 1159 3090 1214 cordibus
3130 1160 3352 1214 vestris?
3393 1159 3639 1215 Ostendit
3671 1175 3732 1215 se

2151 1253 2344 1318 Deum,
2369 1253 2457 1322 qui
2481 1259 2659 1320 potest
2687 1251 2866 1305 cordis
2893 1249 3102 1304 occulta
3137 1250 3483 1320 cognoscere,
3516 1259 3571 1304 et
3589 1265 3730 1320 quo—

2148 1343 2434 1398 dammodo
2465 1352 2648 1396 tacens
2677 1341 2914 1410 loquitur
2940 1358 2952 1393 :
2991 1339 3190 1394 Eadem
3242 1337 3523 1408 majestate
3549 1350 3605 1395 et
3630 1356 3731 1410 pn-

2151 1433 2336 1495 tentia,
2388 1448 2492 1502 qua
2533 1432 2886 1502 cogitationes
2916 1437 3122 1484 vestras
3151 1429 3384 1493 intueor,
3413 1444 3629 1498 possum
3671 1441 3729 1485 et

2148 1523 2456 1578 hominibus
2489 1521 2684 1577 delicta
2705 1520 2998 1586 dimittere,
3020 1534 3086 1573 ex
3111 1519 3262 1574 vobis
3284 1519 3561 1590 intelligite
3593 1521 3727 1592 quid

2148 1612 2479 1683 paralyticus
2506 1619 2883 1679 consequatur.

2222 1701 2362 1767 Quid
2393 1711 2469 1754 est
2497 1699 2708 1770 facilius
2741 1699 2914 1753 dicere
2945 1713 2964 1753 :
3002 1697 3354 1754 Dimittuntur
3381 1700 3475 1754 tibi
3508 1711 3726 1770 peccata

463 1775 700 1875 crucem,
729 1775 1016 1877 aliquoties
1039 1775 1166 1861 vero
1197 1775 1703 1859 animam-sanctam
1739 1775 2046 1870 specialiter
2075 1775 2120 1832 Β
2149 1801 2261 1856 tua,
2290 1807 2358 1844 an
2389 1791 2562 1843 dicere
2584 1805 2602 1842 :
2642 1787 2809 1858 Surge
2841 1797 2892 1842 et
2914 1787 3125 1841 ambula
3144 1789 3169 1841 .’
3187 1788 3288 1859 (Ex
3311 1787 3553 1861 Hieron.)
3578 1791 3728 1845 inter

463 1900 549 1954 vel
585 1898 909 1970 generaliter
953 1905 1121 1952 totam
1164 1895 1434 1965 signiﬁcat
1477 1893 1792 1947 Ecclesiam.
1841 1889 2044 1944 Civitas

464 2001 592 2044 vero
617 2003 734 2051 sua,
777 2001 897 2056 quae
926 1984 1198 2039 Nazareth
1237 1992 1490 2046 vocatur,
1539 1983 1607 2036 ad
1630 1995 1794 2050 quam
1834 1979 2046 2034 miseri-

462 2079 697 2136 corditer
719 2077 899 2142 venit,
949 2091 1068 2146 quae
1095 2075 1293 2129 munda
1333 2075 1446 2128 sive
1483 2073 1751 2129 custodita
1783 2073 2046 2140 interpre-

463 2176 638 2236 tatur,
693 2168 866 2239 ipsam
912 2165 1236 2238 generalitcr
1300 2175 1470 2222 totam
1538 2163 1808 2226 signiﬁcat
1862 2162 2044 2218 Eccle-

461 2261 618 2315 siam.
1841 2279 1845 2284 α

531 2349 601 2403 Et
646 2365 762 2404 ecce
814 2351 1037 2418 oﬁ‘erunt
1061 2389 1078 2414 ,
1127 2359 1236 2405 etc.
1285 2347 1507 2403 Curatio
1557 2346 1839 2416 paralytici
1885 2345 2045 2415 hujus

460 2442 654 2495 animat
691 2447 814 2509 post
853 2440 1163 2494 diuturnam
1209 2439 1476 2493 illecebrae
1504 2435 1742 2490 carnalis
1789 2435 2044 2492 inertiam

461 2533 529 2586 ad
575 2530 849 2586 Christum
891 2528 1214 2598 suspirantis
1253 2529 1456 2582 indicat
1489 2526 1873 2588 salvationem,
1923 2541 2045 2596 quas

459 2623 634 2692 primo
657 2621 896 2675 omnium
924 2619 1212 2684 ministris,
1236 2619 1330 2687 qui
1351 2633 1473 2672 eam
1503 2617 1804 2681 sublevant,
1827 2615 2048 2671 etChri-

458 2720 544 2766 sto
582 2710 829 2776 aﬁ‘erant,
871 2710 924 2764 id
952 2709 1066 2774 est,
1098 2707 1554 2777 bonis-operibus,
1584 2708 1917 2768 doctoribus,
1951 2707 2044 2775 qui

456 2818 606 2877 spem
648 2801 942 2857 sanationis
973 2814 1234 2869 opemque
1261 2799 1666 2854 intercessionis
1714 2805 2040 2869 suggerant,

459 2893 678 2963 indiget.
719 2891 822 2959 Qui
850 2893 1009 2956 bene,
1057 2890 1237 2944 Marco
1273 2899 1552 2954 narrante,
1600 2897 1833 2957 quatuor
1875 2887 2044 2944 fuisse

455 2984 827 3060 reperiuntur,
859 2981 971 3036 sive
1000 2981 1125 3051 quia
1165 2989 1398 3050 quatuor
1433 2979 1706 3050 Evangelii
1743 2978 1895 3034 libris
1929 2993 2044 3033 om-

455 3076 542 3128 nis
569 3074 977 3142 prmdicantium
1009 3072 1203 3137 virtus,
1232 3071 1411 3124 omnis
1439 3085 1620 3124 sermo
1643 3068 1910 3132 ﬁrmatur,
1945 3083 2038 3123 seu

457 3167 580 3233 quia
611 3172 840 3232 quatuor
873 3169 1001 3216 sunt
1027 3161 1279 3224 virtutes,
1309 3161 1504 3229 quibus
1533 3159 1600 3213 ad
1625 3158 2040 3228 promerendam

457 3256 768 3323 sospitatem
822 3253 1015 3307 ﬁducia
1070 3252 1267 3306 mentis
1310 3251 1569 3322 erigitur,
1621 3250 1687 3304 de
1741 3249 1937 3318 quibus
1986 3249 2065 3304 ine

455 3353 668 3399 atteram
695 3342 972 3414 sapientiae
995 3342 1194 3397 dicitur
1226 3341 1402 3406 laude,
1443 3341 1791 3396 sobrietatem
1817 3339 1961 3394 enim
1986 3346 2040 3393 et

456 3435 770 3504 sapientiam
821 3434 999 3498 docet,
1039 3441 1094 3486 et
1125 3430 1391 3500 justitiam
1425 3438 1480 3484 et
1510 3430 1794 3495 virtutem,
1842 3428 2039 3498 quibus

454 3524 640 3579 utilius
683 3523 816 3577 nihil
861 3530 945 3577 est
971 3523 1028 3576 in
1070 3521 1182 3575 vita
1228 3520 1558 3575 hominibus.
1611 3519 1753 3588 Quas
1795 3519 2035 3574 nonnulli

452 3617 627 3670 versis
653 3615 960 3669 nominibus
994 3614 1369 3684 prudentiam,
1418 3611 1792 3668 fortitudinem
1849 3621 1905 3668 et
1948 3611 2038 3682 ju-

453 3707 653 3761 stitiam
681 3705 972 3775 appellant.

522 3794 590 3847 Et
609 3795 783 3848 videns
808 3793 965 3862 ﬁdem
986 3791 1195 3845 illorum
1217 3793 1350 3845 dixit
1373 3790 1689 3860 paralytico.
1710 3791 2032 3846 intuendum

451 3899 582 3939 sane
603 3884 788 3954 quanti
810 3883 1024 3953 propria
1045 3881 1304 3951 cujusque
1329 3881 1461 3936 ﬁdes
1484 3881 1624 3951 apud
1643 3882 1810 3936 Deum
1833 3881 2025 3949 valeat,

449 3976 540 4030 ubi
568 3975 700 4028 tanti
729 3973 898 4027 valuit
935 3973 1111 4026 aliena
1134 4013 1150 4037 ,
1185 3981 1246 4027 ut
1283 3980 1428 4026 totus
1460 3973 1621 4026 homo
1655 3982 1893 4042 repente,
1925 3972 2029 4028 hoc

369 4059 372 4062 ’
446 4073 555 4130 est,
595 4066 834 4120 exterius
870 4065 1202 4134 interiusque
1239 4063 1352 4134 jam
1399 4065 1638 4120 salvatus
1677 4073 2024 4137 exsurgeret,

444 4157 782 4226 aliorumque
798 4156 992 4212 merito
1005 4155 1129 4224 aliis
1147 4155 1518 4211 relaxarentur
1533 4164 1733 4210 errata.
1749 4155 1865 4210 Non
1885 4155 2028 4210 enim

444 4247 522 4300 ait
547 4246 892 4316 Evangelium
916 4261 932 4302 :
973 4247 1170 4302 Videns
1194 4245 1352 4302 lcsus
1386 4247 1543 4302 ﬁdem
1571 4245 1689 4316 ejus
1714 4247 1806 4318 qui
1837 4246 2027 4304 otl‘cre-

444 4337 620 4402 batur,
653 4339 746 4393 sed
771 4353 959 4393 eorum
985 4339 1078 4407 qui
1102 4337 1421 4394 ollercbant.
1923 4333 1925 4337 ’

512 4425 750 4496 Con/ide,
777 4428 875 4497 ﬁli,
905 4429 1244 4482 remittuntur
1271 4429 1363 4482 tibi
1392 4437 1605 4499 peccata
1633 4437 1746 4482 tua.
1781 4427 1879 4498 (Ex
1906 4427 2025 4482 Ilie-

440 4517 588 4586 ron.)
619 4516 663 4570 Ο
692 4517 828 4570 mira
858 4515 1155 4579 humilitas,
1193 4517 1504 4585 despectum
1527 4525 1584 4569 et
1610 4516 1840 4570 debilem
1867 4517 2020 4572 totis-

435 4622 548 4677 que
572 4607 934 4661 membrorum
955 4607 1301 4678 compagibus
1323 4607 1640 4662 dissolutum
1663 4607 1828 4661 ﬁlium
1840 4617 2018 4672 vocat,

437 4713 602 4766 quem
626 4695 933 4751 sacerdotes
955 4712 1061 4750 non
1084 4697 1445 4767 dignabantur
1465 4697 1750 4766 attingere,
1767 4705 1858 4750 aut
1873 4706 2020 4751 certe

434 4786 564 4840 ideo
593 4786 758 4839 ﬁlium
777 4826 794 4852 ,
839 4786 964 4854 quia
992 4785 1337 4839 dimittuntur
1365 4787 1415 4839 ei
1456 4794 1674 4855 peccata
1705 4801 1819 4840 sua.
1856 4784 2016 4841 Juxta

440 4874 796 4944 tropologiam
824 4873 1092 4930 interdum
1121 4874 1300 4929 anima
1341 4874 1528 4946 jacens
1565 4877 1621 4930 in
1648 4891 1876 4946 corpore
1915 4878 2016 4932 sub

438 4965 571 5020 totis
613 4966 978 5021 membrorum
1021 4966 1310 5021 virtutibus
1356 4965 1664 5031 dissolutis,
1706 4983 1736 5020 a
1778 4966 2016 5036 perfecto

437 5053 660 5108 doctore
689 5053 910 5108 offertur
933 5053 1173 5110 curanda
1196 5054 1447 5119 Domino,
1471 5055 1624 5124 quasi
1648 5055 2015 5111 misericordia

437 5142 556 5212 ejus
583 5153 771 5199 sanata
802 5144 983 5210 fuerit,
1017 5154 1224 5200 tantum
1249 5145 1460 5201 roboris
1493 5146 1724 5216 accepit,
1753 5157 1812 5200 ut
1839 5156 2019 5218 portet

437 5237 618 5291 statim
649 5237 846 5291 lectum
863 5253 1057 5294 suum.

509 5329 616 5400 (Ea:
645 5329 834 5402 Beda.)
867 5330 1166 5386 Curaturus
1199 5331 1472 5386 hominem
1505 5346 1537 5386 a
1566 5331 1800 5403 paralysi
1828 5332 2012 5386 Domi-

435 5437 539 5476 nus
584 5420 758 5490 primo
806 5431 1149 5490 peccatorum
1179 5421 1391 5475 vincula
1427 5421 1709 5486 dissolvit,
1742 5429 1800 5475 ut
1827 5430 2010 5476 osten-

428 5507 737 5566 deret'eum
783 5512 1030 5567 obnoxiis
1073 5512 1352 5581 culparum
1398 5521 1617 5567 actuum
1662 5513 2012 5569 dissolutione

431 5602 600 5657 fuisse
631 5603 962 5667 damnatum,
987 5619 1083 5658 nec
1107 5603 1207 5656 nisi
1235 5604 1318 5657 his
1343 5603 1622 5672 relaxatis,
1645 5603 2006 5658 membrorum

441 5705 595 5759 insse
623 5695 1032 5753 rccttpcratione
1063 5695 1264 5748 sanari.

2147 1881 2328 1935 dicere
2356 1887 2413 1934 et
2442 1878 2621 1933 facere
2661 1877 2828 1931 multa
2851 1877 3104 1932 distantia
3134 1886 3253 1943 est;
3293 1887 3472 1932 utrum
3495 1880 3605 1934 sint
3629 1895 3732 1950 pa.

2145 1969 2372 2040 ralytico
2404 1976 2625 2038 peccata
2655 1966 2876 2022 dimissa
2905 1966 3052 2021 solus
3079 1975 3336 2032 noverat,
3369 1967 3461 2037 qui
3487 1969 3734 2025 dimitte-

2144 2058 2258 2112 bat.
2284 2058 2454 2128 Surge
2480 2065 2664 2111 autem
2684 2067 2734 2110 et
2761 2055 2996 2121 ambula,
3027 2065 3136 2110 tam
3163 2057 3282 2123 ille,
3311 2060 3402 2128 qui
3433 2060 3690 2130 surgebat
3711 2100 3730 2125 ,

2140 2163 2307 2218 quam
2326 2148 2382 2220 hi
2406 2148 2496 2216 qui
2532 2155 2840 2218 surgentem
2862 2147 3114 2202 videbant
3133 2150 3431 2219 approbare
3451 2160 3728 2220 poterant.

2144 2217 2234 2293 Fit
2261 2217 2427 2310 igitur
2448 2239 2668 2294 carnale
2695 2239 2927 2308 signum,
2962 2249 3018 2292 ut
3037 2217 3296 2308 probetur
3318 2217 3611 2310 spirituale.
3633 2243 3736 2296 da-

2142 2339 2235 2388 tur
2255 2331 2409 2386 nobis
2427 2330 2803 2401 intelligentia,
2817 2339 3038 2400 propter
3055 2339 3272 2400 peccata
3297 2333 3583 2403 plerasque
3601 2348 3735 2390 cve-

2144 2422 2264 2472 nire
2287 2433 2575 2488 corporum
2612 2419 2936 2474 debilitates.
2969 2419 3216 2488 Quinque
3242 2421 3388 2474 enim
3413 2428 3538 2476 sunt
3563 2420 3731 2476 diie-

2145 2510 2336 2566 rentiae
2379 2525 2667 2565 causarum
2709 2527 2808 2580 pro
2845 2512 3042 2582 quibus
3083 2512 3139 2566 in
3167 2512 3270 2568 hac
3298 2513 3408 2568 vita
3455 2513 3732 2571 molestiis

2145 2603 2516 2672 corporalibus
2543 2602 2859 2672 aﬁligamur.

2215 2691 2325 2761 (Ea:
2365 2691 2552 2763 Beda).
2582 2691 2689 2746 Aut
2722 2685 2865 2748 enim
2896 2692 2964 2748 ad
2999 2695 3189 2749 merita
3219 2695 3456 2764 augenda
3485 2709 3586 2767 per
3614 2711 3732 2767 pa-

2145 2782 2390 2836 tientiam
2411 2781 2543 2850 justi
2568 2783 2814 2852 corporis
2839 2783 3153 2840 inﬁrmitate
3178 2793 3485 2856 gravantur,
3512 2796 3571 2842 ut
3592 2787 3736 2844 bea-

2145 2881 2231 2928 tus
2251 2871 2353 2930 Joh
2377 2885 2431 2929 et
2457 2875 2671 2930 Tobias.
2696 2874 2802 2929 Aut
2823 2875 2890 2930 ad
2901 2876 3204 2933 custodiam
3223 2878 3502 2942 virtutum,
3517 2893 3734 2949 praem

2142 2973 2377 3035 ptorum,
2411 2981 2479 3020 ne
2504 2965 2752 3035 superbia
2788 2973 3030 3021 tentante
3065 2967 3376 3037 dispeream
3414 2968 3553 3024 sicut
3583 2983 3728 3040 apo,-

2145 3053 2315 3108 stolas
2335 3053 2552 3119 Paulus,
2581 3054 2689 3120 cui,
2718 3070 2784 3108 ne
2809 3055 3177 3126 magnitudine
3205 3055 3590 3112 revelationum
3615 3071 3730 3111 ex-

2147 3141 2456 3208 tolleretur,
2503 3144 2660 3198 datus
2702 3152 2788 3198 est
2834 3143 3083 3201 stimulus
3121 3148 3300 3203 carnis
3341 3147 3425 3221 (Il
3457 3148 3726 3221 Comm).

2141 3234 2250 3310 Aut
2293 3235 2362 3289 ad
2404 3235 2746 3306 intelligenda
2787 3245 2843 3292 et
2881 3239 3194 3309 corrigenda
3241 3248 3466 3310 peccata
3507 3249 3726 3310 nostra,

2141 3327 2282 3382 sicut
2305 3328 2636 3398 paralyticus
2664 3329 2796 3394 iste,
2841 3330 2907 3384 de
2952 3343 3058 3400 quo
3095 3337 3422 3396 tractamus,
3470 3331 3563 3401 qui
3605 3346 3728 3389 non

2139 3417 2243 3471 nisi
2282 3417 2520 3472 dimissis
2564 3418 2741 3486 primo
2774 3419 3045 3488 peccatis,
3088 3421 3266 3488 potuit
3292 3420 3362 3474 ab
3398 3419 3728 3477 inﬁrmitate

2137 3510 2336 3564 curari.
2364 3510 2470 3564 Aut
2506 3511 2573 3565 ad
2600 3510 2825 3580 gloriam
2863 3510 2956 3565 Dei
2997 3509 3298 3574 salvandis,
3348 3511 3464 3564 sive
3505 3522 3724 3580 perse-

2137 3599 2333 3669 ipsum,
2359 3600 2474 3655 sive
2502 3615 2600 3670 per
2624 3599 2854 3654 famulos
2883 3614 3043 3664 suos,
3093 3599 3233 3654 sicut
3270 3613 3446 3678 aecus
3471 3607 3630 3653 natus
3662 3600 3722 3655 in

2134 3691 2426 3761 Evangelio
2451 3691 2633 3763 (Joan.
2661 3691 2758 3764 rx),
2791 3692 2931 3746 sicut
2951 3690 3211 3756 Lazarus,
3243 3689 3396 3760 cujus
3425 3689 3720 3745 inﬁrmitas

2133 3795 2240 3834 non
2259 3779 2441 3836 fuitatl
2457 3789 2708 3846 mortem,
2737 3781 2829 3835 sed
2854 3789 3075 3851 propter
3098 3781 3323 3850 gloriam
3339 3781 3455 3845 Dei,
3473 3781 3722 3852 utglori-

2137 3873 2388 3928 ﬁcarctur
2408 3873 2574 3929 Filius
2589 3875 2683 3928 Dei
2701 3891 2798 3944 per
2817 3891 2938 3930 cum
2957 3874 3138 3944 (Joan.
3156 3874 3256 3945 xx).
3273 3872 3382 3928 Aut
3401 3875 3469 3928 ad
3490 3874 3721 3929 inchoa-

2135 3963 2332 4019 tionem
2363 3965 2722 4020 damnationis
2751 3978 2964 4020 aetcrnze
2983 4007 2999 4032 ,
3045 3967 3190 4036 quod
3223 3967 3576 4036 reproborum
3601 3976 3713 4034 est,

2129 4053 2268 4106 sicut
2289 4052 2586 4108 Antiochus
2605 4062 2661 4108 et
2694 4055 2964 4121 Herodes,
2995 4057 3086 4126 qui
3127 4056 3272 4126 quod
3311 4065 3713 4112 tormentorum

2103 4195 2108 4202 ,
2128 4145 2183 4199 in
2215 4147 2461 4215 gehenna
2484 4157 2740 4218 perpetua
2769 4149 2978 4217 passuri
3005 4158 3220 4215 essent,
3260 4150 3604 4219 praesentium
3629 4149 3712 4203 af.

2126 4234 2428 4291 ﬁictionum
2459 4239 2674 4292 miseria
2701 4239 2912 4294 cunctis
2934 4239 3321 4306 ostendebant,
3351 4240 3550 4310 quibus
3573 4256 3709 4297 con-

2123 4327 2268 4396 gruit
2300 4327 2428 4380 ξιιυά
2456 4326 2775 4396 Propheta:
2818 4328 2888 4382 Et
2921 4328 3119 4400 duplici
3158 4331 3471 4385 contritione
3498 4341 3710 4387 conten

2125 4433 2254 4480 eos;
2287 4417 2430 4471 unde
2460 4433 2680 4472 necesse
2709 4427 2820 4482 est,
2852 4427 2910 4473 ut
2945 4419 2998 4474 in
3025 4421 3304 4485 omnibus,
3334 4435 3455 4490 qua:
3497 4429 3707 4492 tempo-

2128 4506 2315 4560 raliter
2335 4509 2559 4561 adversa
2579 4508 2817 4577 patimur
2840 4525 2961 4564 cum
2986 4510 3308 4575 humilitate,
3333 4510 3564 4566 Domino
3581 4525 3706 4582 gr»

2128 4596 2231 4651 tias
2259 4613 2502 4668 agamus,
2535 4605 2589 4652 et
2627 4599 2960 4655 inﬁrmitatis
2984 4609 3182 4656 nostra:
3221 4600 3450 4663 conscii,
3495 4601 3564 4657 de
3588 4599 3700 4656 col-

2124 4687 2249 4741 latis
2277 4689 2431 4744 nobis
2456 4691 2710 4745 remediis
2738 4691 3086 4761 gratulemur.

2194 4775 2262 4830 Ut
2285 4778 2462 4833 sciatis
2497 4789 2672 4834 autem
2704 4781 2948 4852 quoniam
2980 4781 3124 4852 filius
3143 4782 3390 4848 hominis,
3426 4793 3533 4838 etc.
3555 4783 3696 4838 Iden

2122 4869 2239 4939 ipse
2257 4877 2313 4922 et
2341 4871 2482 4925 Deus
2507 4879 2561 4924 et
2584 4871 2724 4926 ﬁlius
2761 4871 2994 4927 hominis
3022 4879 3136 4938 est,
3167 4883 3224 4927 et
3261 4882 3318 4927 ut
3347 4875 3512 4929 homo
3538 4873 3693 4929 Chri-

2119 4969 2236 5014 stus
2261 4975 2357 5030 per
2379 4961 2680 5016 divinitatis
2711 4977 2822 5017 suae
2844 4964 3138 5031 potentiam
3168 4973 3391 5034 peccata
3427 4965 3695 5020 dimittere

2116 5053 2316 5121 possit,
2349 5061 2404 5106 et
2431 5053 2571 5108 idem
2609 5053 2752 5108 Deus
2797 5053 3044 5109 Christus
3081 5069 3182 5124 per
3207 5055 3560 5111 humanitatis
3584 5067 3694 5108 siue

2119 5144 2461 5216 fragilitatem
2490 5162 2589 5216 pro
2614 5147 2992 5215 peccatoribus
3014 5147 3174 5200 mori.

2191 5237 2335 5291 Tunc
2357 5239 2431 5290 ait
2457 5239 2782 5308 paralytico:
2819 5235 3014 5308 Surge,
3048 5237 3172 5291 tolle
3197 5237 3385 5291 lectum
3427 5247 3602 5302 tuum,
3639 5243 3688 5289 et

2118 5327 2247 5382 vade
2273 5327 2327 5381 in
2356 5327 2568 5380 domum
2598 5330 2772 5394 tuam,
2803 5336 2904 5382 etc.
2939 5327 3307 5398 Spiritualiter
3338 5343 3471 5398 ergo
3493 5328 3559 5382 de
3580 5325 3684 5380 fra-
3765 5383 3778 5390 _

2117 5419 2319 5489 gilitatc
2343 5433 2563 5485 surgere
2591 5429 2672 5472 est
2694 5459 2710 5481 ,
2736 5419 2972 5472 animam
3003 5433 3060 5472 se
3088 5433 3120 5471 a
3144 5419 3456 5472 carnalibus
3483 5417 3690 5471 deside-

2113 5511 2234 5574 riis,
2281 5510 2373 5564 ubi
2417 5525 2556 5580 :cgra
2593 5509 2830 5578 jacebat,
2860 5511 3195 5564 abstrahere.
3237 5509 3533 5564 Grabatum
3562 5520 3688 5560 vero

2113 5601 2304 5655 tollere
2353 5610 2436 5655 cst
2477 5601 2647 5669 ipsam
2692 5616 2904 5669 quoque
2954 5616 3173 5655 carnem
3211 5614 3309 5670 per
3349 5596 3694 5654 continetthe

2113 5691 2260 5744 frena
2286 5701 2588 5760 correptam
2615 5708 2709 5762 spe
2729 5693 3024 5748 caelestium
3047 5695 3416 5763 praemiorum,
3439 5710 3467 5746 a
3487 5690 3692 5746 delicis
