3936 6202
163 314 264 374 685

987 307 1506 364 COL|.ECT|0NES
1540 306 1605 362 ΙΝ
1649 305 2027 362 ενιετοωε
2064 308 2149 362 ET
2191 307 2598 363 EVANGELIA.

3297 316 3408 374 486

163 435 442 496 segregare
481 420 736 477 terrenis.
779 419 1003 476 Sublato
1041 427 1218 474 autem
1257 421 1480 488 grabato
1521 419 1737 472 donnum
1775 418 1813 476 Δ
1843 417 1996 471 rahat
2017 419 2296 488 pmpheta,
2325 434 2434 472 sua:
2462 417 2786 475 calamitatis
2812 430 2945 475 erat.
2970 421 3244 492 Lacrymte
3264 426 3417 482 enim

165 521 238 573 lrc
260 514 329 569 ad
354 511 666 584 paradisum
703 507 881 564 redire
921 515 1006 565 est
1022 547 1038 572 ,
1071 509 1186 563 haec
1210 509 1355 562 enim
1388 523 1514 564 vera
1535 517 1620 563 est
1642 507 1737 563 do-

164 621 299 660 mus.
322 599 461 658 Nam
486 613 607 669 qua:
634 597 909 654 hominem
939 598 995 652 in
1021 597 1193 666 prima
1220 599 1474 668 suscepit,
1499 597 1739 666 noujure

161 698 382 760 amissa,
431 693 529 748 sed
557 691 746 746 fraude
781 689 994 744 tandem
1026 691 1307 755 restituta,
1351 706 1446 760 per
1483 707 1606 745 eunt
1645 693 1738 759 qui

164 784 503 843 fraudulento
528 782 668 838 hosti
697 781 830 835 nihil
859 781 1060 836 debuit.
1093 781 1268 836 Aliter
1296 797 1460 836 sanus
1495 782 1586 850 qui
1617 782 1737 836 lan-

164 884 370 947 guerat.
394 876 540 931 domi
569 880 809 933 reportat
836 873 1136 943 grabatum.
1169 888 1290 928 cum
1326 873 1508 928 anima
1545 873 1734 928 remis-

163 969 311 1023 sione
335 978 554 1036 recepta
574 973 937 1033 peccatorum,
955 963 1023 1017 ad
1039 963 1304 1017 internam
1317 963 1400 1017 sui
1415 963 1735 1028 custodiam,

164 1071 282 1116 cuin
322 1058 450 1127 ipso
488 1069 550 1110 se
587 1068 814 1123 corpore
858 1051 1043 1117 refert,
1085 1067 1156 1106 ne
1190 1052 1320 1122 quid
1344 1061 1466 1122 post
1494 1053 1734 1120 veniam,

163 1148 301 1202 unde
331 1147 527 1201 iterum
548 1145 694 1215 juste
723 1142 948 1197 feriatur
972 1141 1241 1196 admittat.

235 1234 485 1291 Virtutes
509 1243 684 1287 autem
710 1232 896 1297 turbae,
919 1233 1203 1285 timuerunt
1233 1239 1280 1284 et
1315 1230 1739 1300 gloriﬁcauerunt

165 1326 351 1392 Deum,
379 1327 471 1397 qui
510 1324 652 1378 dedit
678 1331 984 1393 potestatem
1025 1320 1181 1376 talem
1213 1321 1527 1376 hominibus.
1565 1321 1740 1388 Quam

164 1418 404 1475 miranda
427 1415 622 1471 divina:
650 1413 905 1485 potentiae
930 1412 1132 1477 virtus,
1165 1412 1254 1465 ubi
1296 1411 1441 1466 nulla
1483 1412 1739 1481 temporis

163 1509 548 1564 interveniente
588 1505 814 1569 morula,
837 1503 989 1573 jussa
1019 1504 1316 1559 Salt'atoris
1355 1504 1501 1560 salus
1548 1504 1737 1582 festina

162 1603 468 1658 comitatur.
503 1599 694 1653 Merito
735 1601 828 1668 qui
875 1596 1164 1654 adfuerant
1199 1589 1561 1650 damnationis
1589 1595 1736 1650 blas-

161 1691 392 1760 phemia:
407 1690 624 1760 iaculis,
646 1689 714 1744 ad
737 1687 949 1742 laudem
971 1694 1133 1742 tantte
1152 1685 1448 1754 maiestatis
1467 1686 1737 1754 stupentia

161 1781 326 1838 corda
354 1789 698 1836 convertunt.

335 1911 756 1977 BEBDOSlADA
793 1911 916 1966 XXI
950 1907 1128 1965 POST
1162 1906 1583 1966 PENTECOST.

177 2045 436 2086 ενιετοιλ
461 2040 622 2082 ιελτι
649 2039 803 2079 PAULI
829 2039 1083 2079 Αροετοιι
1111 2039 1176 2078 Μ)
1207 2036 1472 2086 ειηιεειοε,
1504 2037 1621 2076 CAP.
1654 2037 1706 2074 ν.

234 2164 252 2197 ι
294 2143 491 2199 Videte
534 2141 715 2210 itaque
757 2138 1028 2208 quomodo
1070 2145 1228 2192 caute
1271 2134 1580 2199 ambuletis,
1631 2149 1738 2188 non

171 2254 188 2286 ι
217 2234 376 2304 quasi
401 2224 1582 2299 insipientes,sedutsapientes.Redimentes
1609 2231 1742 2277 tem—

171 2341 188 2374 ι
234 2337 367 2394 pus.
399 2320 656 2390 quoniam
681 2317 810 2388 dies
847 2316 973 2370 mali
1015 2323 1172 2379 sunt,
1207 2325 1491 2384 propterea
1517 2353 1532 2379 ,
1575 2311 1742 2366 nolite

172 2433 188 2464 ι
223 2412 341 2468 fieri
368 2407 755 2481 imprudentes,
782 2406 876 2462 sed
907 2405 1289 2474 intelligentes,
1318 2416 1439 2472 quae
1463 2401 1534 2457 sit
1552 2401 1743 2456 volun-

172 2526 190 2558 s
226 2516 309 2563 tas
331 2506 448 2562 Dei.
476 2502 546 2559 Et
573 2502 738 2557 nolite
777 2500 1037 2556 inebriari
1063 2499 1220 2566 vino,
1251 2499 1307 2554 in
1336 2513 1444 2568 quo
1469 2505 1554 2550 est
1587 2497 1743 2552 luxu-

173 2615 189 2648 ι
221 2599 329 2661 ria,
356 2595 452 2652 sed
475 2591 800 2662 impleamini
835 2590 1038 2660 Spiritu
1067 2599 1287 2656 sancto,
1337 2589 1619 2658 loquentes
1645 2603 1742 2641 vo-

173 2707 190 2740 c
222 2685 556 2756 bismetipsis
585 2685 639 2738 in
667 2683 911 2754 psalmis,
937 2681 1151 2752 hymnis
1171 2690 1227 2736 et
1247 2681 1471 2736 canticis
1499 2680 1743 2748 spirituao

171 2795 191 2830 ι
219 2777 398 2840 libus,
437 2782 721 2829 cantantes
767 2781 824 2828 et
867 2771 1158 2843 psallentes
1183 2771 1235 2826 in
1275 2771 1524 2825 cordibus
1550 2769 1746 2823 vestris

172 2885 189 2918 ι
220 2866 472 2923 Domino.
502 2863 720 2920 Gratias
757 2871 980 2934 agentes
1016 2877 1229 2931 semper
1271 2862 1327 2916 in
1365 2861 1650 2923 omnibus,
1688 2861 1745 2914 in

173 2979 191 3009 ι
223 2957 447 3015 nomine
472 2955 681 3011 Domini
715 2955 885 3011 nostri
927 2953 1055 3010 Jcsu
1096 2953 1316 3015 Christi,
1350 2952 1460 3006 Deo
1495 2958 1552 3005 et
1573 2949 1743 3005 Patri.

172 3069 187 3100 σ
223 3049 469 3120 Subiecti
494 3047 726 3104 invicem
747 3047 802 3103 in
825 3047 1022 3101 timore
1050 3043 1274 3102 Christi.
1320 3063 1338 3096 ι

240 3139 424 3195 Videte
449 3139 628 3210 itaque
647 3136 908 3210 quomodo
935 3145 1086 3190 caute
1115 3132 1414 3200 ambuletis,
1453 3150 1556 3188 non
1593 3133 1744 3203 quasi

167 3231 490 3302 insipientes,
519 3230 609 3287 sed
640 3240 728 3294 ut,
757 3236 863 3284 etc.
895 3227 996 3298 (Ex
1036 3226 1279 3298 Hieron.)
1311 3224 1476 3280 Recte
1501 3225 1749 3294 Ephesiis

169 3323 390 3390 dicitur,
415 3331 476 3379 ut
495 3331 654 3380 caute
678 3321 976 3384 ambulent,
1003 3320 1096 3389 qui
1122 3321 1392 3374 habebant
1421 3319 1751 3376 exercitatos

170 3431 355 3472 sensus
398 3415 470 3470 ad
512 3414 922 3471 discernendum
947 3413 1144 3467 bonum
1173 3419 1229 3466 ct
1267 3412 1500 3478 malum,
1530 3420 1587 3466 et
1621 3428 1749 3482 pro-

173 3505 360 3562 bantes
387 3506 593 3570 omnia,
625 3506 681 3561 id
725 3505 869 3574 quod
905 3513 1207 3559 statuerant
1233 3505 1432 3560 bonum
1460 3519 1580 3558 esse
1620 3505 1750 3559 reti-

173 3598 387 3655 nebant.
417 3596 522 3666 Qui
546 3609 723 3652 autem
749 3596 915 3660 videt,
940 3594 1210 3665 quomodo
1231 3594 1487 3658 ambulet,
1513 3603 1569 3648 et
1586 3609 1750 3663 quam

172 3699 326 3746 caute
351 3690 484 3761 figat
508 3690 757 3761 gradum,
787 3703 855 3742 ne
882 3686 1020 3742 forte
1049 3687 1284 3742 offendat
1310 3687 1377 3741 ad
1401 3687 1632 3756 lapidem
1653 3701 1748 3755 pe-

175 3784 291 3838 dem
315 3798 503 3850 suum,
534 3790 589 3837 et
628 3781 788 3836 dicit:
834 3779 1071 3833 Lucerna
1113 3777 1328 3848 pedibus
1367 3777 1496 3830 meis
1540 3776 1749 3830 verbum

174 3881 336 3936 tuum,
373 3872 600 3926 Domine
628 3869 808 3940 (ωσι,
827 3868 1042 3936 csvm),
1071 3868 1258 3938 utique
1281 3867 1496 3936 sapiens
1516 3875 1624 3920 est.

242 3962 576 4018 Redimentes
607 3970 831 4032 tempus,
871 3960 1121 4031 quoniam
1160 3956 1272 4011 dies
1313 3955 1438 4010 ntali
1473 3966 1614 4010 sunt.
1648 3955 1750 4028 (Ex

172 4051 328 4124 Aug.)
359 4052 648 4108 Redimere
676 4061 886 4121 tempus
916 4052 1018 4106 hoc
1042 4056 1145 4114 est,
1178 4049 1394 4120 quando
1431 4048 1625 4120 aliquis
1655 4047 1750 4102 tibi

173 4145 332 4206 infert
360 4146 529 4208 litem,
562 4144 725 4214 perde
755 4143 978 4213 aliquid,
1011 4149 1070 4195 ut
1094 4141 1205 4196 Deo
1228 4155 1388 4195 vaces
1413 4155 1518 4195 non
1542 4139 1748 4196 litibus.

174 4233 249 4290 lix
287 4251 352 4292 eo
383 4235 578 4300 enim,
604 4233 747 4304 quod
790 4233 1020 4302 perdes,
1063 4230 1295 4300 pretium
1341 4237 1425 4284 est
1473 4230 1748 4298 temporis.

173 4327 452 4394 Quomodo
481 4341 612 4396 ergo
636 4326 820 4396 perdis
845 4340 1112 4389 nummos,
1145 4323 1196 4378 id
1224 4334 1329 4390 est,
1360 4324 1458 4381 das
1488 4324 1663 4389 alteri,
1695 4333 1756 4380 ut

1764 1755 1810 1814 B

1842 514 2011 561 testes
2023 505 2252 561 miseriae
2263 516 2407 562 sunt.
2427 507 2562 573 Quid
2579 509 2719 562 enim
2741 511 3130 578 prophetahat?
3151 514 3204 566 in
3226 513 3419 571 laboro

1843 600 2031 668 utique
2054 614 2111 654 se
2135 597 2373 654 futurum
2396 601 2482 654 vel
2509 602 2560 654 in
2595 601 2821 656 timore?
2841 602 3004 656 etiam
3031 603 3076 656 si
3103 603 3241 660 bene
3263 605 3410 661 viset-

1843 688 1936 752 rit,
1973 697 2020 741 et
2059 686 2240 754 justus
2267 686 2447 750 fuerit,
2481 688 2532 741 in
2572 689 2762 743 mediis
2791 691 2995 758 positus
3026 692 3408 750 tentationibus

1841 793 2054 848 semper
2080 778 2319 832 timebat.
2351 778 2444 832 Ait
2471 778 2615 832 enim
2638 779 2956 849 Apostolus:
2993 778 3190 835 Omnes
3211 783 3300 852 qui
3326 801 3409 837 vo-

1841 867 1952 921 lunt
1997 869 2052 921 in
2098 865 2304 921 Christo
2334 869 2416 937 pie
2447 869 2642 933 vivere,
2689 869 3097 938 persecutionem
3120 873 3406 941 patientur.

1841 958 1980 1013 Ecce
2001 959 2268 1027 quomodo
2295 959 2408 1012 dics
2431 959 2551 1014 mali
2582 961 2746 1013 sunt?

1913 1048 2020 1120 (Ex
2060 1045 2239 1119 Greg.)
2291 1049 2525 1119 Tempus
2555 1051 2750 1119 quippe
2801 1051 3144 1116 rediminus,
3196 1056 3410 1123 quando

1841 1141 2072 1195 activam
2099 1141 2284 1206 vitam,
2309 1157 2469 1211 quam
2501 1143 2828 1198 lasciviendo
2854 1146 3208 1214 perdidimus,
3236 1146 3412 1205 ﬂendo

1842 1245 2030 1298 repara
2040 1245 2176 1284 mus.

1911 1318 2020 1388 (Ea:
2054 1318 2296 1391 Hieron.)
2324 1317 2556 1390 Tempus
2578 1331 2756 1377 autem
2787 1324 3124 1392 redim'smus,
3149 1326 3275 1396 quia
3297 1327 3412 1381 dies

1841 1410 1965 1464 mali
1995 1421 2140 1474 sunt,
2174 1410 2388 1478 quando
2420 1412 2474 1465 in
2513 1413 2653 1467 bono
2689 1429 2854 1482 opere
2894 1423 3104 1485 tempus
3139 1419 3405 1471 consumi-

1839 1515 1982 1565 mus,
2013 1501 2243 1555 emimus
2270 1509 2324 1555 et
2345 1503 2620 1572 proprium
2646 1501 2892 1569 facimus,
2921 1505 3064 1574 quod
3088 1507 3292 1561 malitia
3318 1508 3404 1562 ho-

1839 1589 2046 1644 minum
2094 1589 2366 1644 venditum
2410 1589 2604 1644 fuerat.
2657 1589 2826 1646 Nemo
2864 1603 3043 1647 autem
3089 1597 3213 1649 vim:
3253 1595 3414 1664 hujus

1839 1696 2084 1752 qumrens
2114 1683 2440 1748 necessaria,
2469 1693 2523 1738 et
2544 1685 2609 1738 de
2629 1684 2832 1740 divitiis
2853 1696 2910 1740 et
2937 1687 3407 1751 sollicitudinibus,

1839 1788 1972 1842 quas
2017 1773 2365 1844 Evangelium
2409 1773 2594 1843 spinas
2630 1784 2901 1844 nuncupat
2930 1778 3206 1847 cogitans,
3237 1788 3415 1848 potest

1839 1861 1940 1918 sibi
1978 1870 2190 1931 tempus
2237 1863 2522 1918 redimere.
2561 1863 2906 1919 Redimentes
2940 1873 3120 1921 autem
3169 1875 3413 1938 tempus,

1839 1954 2094 2022 quoniam
2123 1954 2177 2006 in
2203 1954 2392 2008 diebus
2419 1954 2576 2008 malis
2605 1962 2706 2022 est,
2737 1957 3131 2025 quodammodo
3161 1958 3418 2030 immuta:

1840 2057 1959 2095 mus
1982 2041 2132 2107 illud,
2159 2051 2213 2096 et
2239 2043 2354 2096 dies
2385 2043 2553 2098 malos
2578 2044 2632 2097 in
2660 2043 2830 2100 bonos
2857 2047 3147 2114 vertimus,
3194 2060 3248 2104 et
3279 2051 3414 2105 faci-

1840 2148 1961 2187 mus
1989 2133 2108 2186 illos
2139 2147 2247 2188 non
2276 2133 2556 2202 praesentis
2583 2133 2786 2198 saeculi,
2816 2136 2910 2190 sed
2939 2135 3128 2191 futuri.

1912 2223 2197 2295 Propterea
2222 2225 2381 2280 nolite
2407 2225 2524 2294 ﬁeri
2556 2226 2921 2296 imprudentes,
2953 2229 3042 2282 sed
3075 2229 3418 2300 intelligentes

1840 2331 1957 2385 qua:
1981 2316 2046 2367 sit
2076 2315 2311 2368 voluntas
2331 2314 2450 2368 Dei.
2470 2316 2526 2368 In
2549 2316 2694 2370 omni
2715 2331 2844 2384 ergo
2864 2331 3025 2387 opere
3045 2320 3278 2390 primum
3299 2337 3422 2376 con-

1843 2404 2185 2459 siderandum
2236 2406 2362 2474 quid
2400 2405 2529 2460 velit
2569 2407 2741 2471 Deus,
2793 2417 2846 2463 et
2883 2409 3067 2464 habito
3095 2410 3338 2480 judicio,
3366 2415 3422 2470 id

1842 2506 2030 2568 postea
2074 2497 2379 2553 faciendum
2399 2538 2414 2564 ,
2457 2499 2600 2568 quod
2635 2499 2710 2554 illi
2739 2499 2954 2570 placere
2983 2501 3146 2559 fuerit
3174 2520 3423 2576 compro-

1842 2591 2050 2645 batum.

1917 2683 2096 2737 Nolite
2116 2683 2367 2737 inebriari
2387 2684 2502 2738 vino
2530 2684 2584 2738 in
2606 2701 2705 2755 quo
2734 2695 2808 2739 est
2836 2685 3066 2753 luxisria,
3099 2688 3190 2742 sed
3210 2688 3424 2760 implea-

1843 2774 1972 2829 mini
2019 2776 2227 2845 spiritu.
2274 2775 2553 2841 Quomodo
2601 2790 2702 2830 nos
2742 2791 2849 2831 non
2888 2792 3173 2846 possumus
3217 2779 3427 2835 duobus

1844 2866 2080 2921 dominis
2099 2866 2305 2920 servire
2327 2866 2437 2919 Deo
2459 2873 2512 2920 et
2537 2881 2880 2931 mammonae,
2903 2868 2982 2922 sic
3004 2884 3108 2921 non
3137 2883 3423 2938 possumus

1845 2955 2032 3024 spiritu
2060 2953 2269 3024 impleri
2301 2955 2506 3025 pariter
2536 2963 2592 3010 et
2619 2956 2763 3010 vino.
2793 2954 2893 3022 Qui
2924 2957 3070 3011 enim
3101 2959 3293 3027 spiritu
3324 2960 3426 3014 im-

1845 3044 2046 3113 pietur,
2073 3043 2238 3098 habet
2267 3045 2629 3115 prudentiam,
2661 3045 3146 3112 mansuetudinem,
3170 3063 3428 3104 verecun-

1849 3133 2014 3200 diam,
2038 3133 2342 3190 castitatem
2367 3151 2382 3200 ;
2415 3134 2506 3203 qui
2531 3135 2658 3188 vino
2677 3175 2693 3200 ,
2723 3134 2886 3190 habet
2919 3135 3316 3206 insipientiam,
3345 3137 3429 3194 fu-

1849 3242 2049 3293 rorem,
2074 3227 2485 3295 procacitatem,
2515 3225 2818 3293 libidinem,
2849 3227 2954 3283 hoc
2985 3229 3182 3299 quippe
3215 3231 3428 3286 aestimo

1848 3335 1958 3375 uno
1971 3321 2136 3374 verbo
2153 3319 2459 3388 significare
2481 3318 2766 3375 luxuriam.
2793 3321 2979 3376 Potest
2993 3330 3176 3376 autem
3203 3322 3344 3387 vino,
3367 3325 3425 3380 in

1847 3429 1948 3482 quo
1962 3422 2034 3466 est
2049 3410 2284 3477 luxuria,
2301 3411 2494 3466 etillud
2510 3411 2750 3484 intelligi,
2771 3412 2837 3466 de
2848 3427 2956 3484 quo
2970 3413 3024 3468 in
3040 3414 3253 3468 cantico
3268 3413 3433 3470 Mosis

1849 3504 2080 3558 dicitur:
2105 3501 2286 3557 Furor
2309 3503 2602 3557 draconum
2623 3504 2798 3558 uinum
2821 3521 3021 3568 eorum,
3045 3515 3091 3558 et
3112 3504 3266 3574 furor
3289 3505 3433 3576 aspi-

1849 3593 1974 3646 dum
2017 3592 2345 3658 insanabilis,
2377 3591 2520 3663 quod
2547 3593 2726 3648 omnis
2749 3593 2842 3664 qui
2880 3593 3063 3648 szeculi
3089 3593 3248 3649 istius
3285 3595 3433 3666 cogi-

1851 3686 2084 3741 tationes
2111 3684 2248 3740 ebrii
2272 3693 2417 3751 sunt,
2453 3685 2660 3750 bibunt,
2706 3691 2763 3740 et
2788 3684 3066 3741 insaniunt
3089 3691 3147 3741 et
3170 3694 3431 3755 vomunt,

1850 3785 1904 3832 et
1932 3777 2240 3848 prtecipites
2269 3786 2551 3833 corruunt.

1920 3874 2211 3946 Loqueutes
2252 3877 2646 3948 robismetipsis,
2674 3875 2890 3948 psalmis
2933 3887 2984 3932 et
3027 3879 3245 3934 canticis
3268 3878 3429 3948 spiri-

1851 3966 2103 4031 tualibus,
2137 3977 2408 4022 cantantes
2442 3977 2491 4022 et
2532 3967 2810 4038 psallentes
2841 3969 2898 4024 in
2941 3969 3185 4024 cordibus
3228 3971 3432 4024 uestris.

1854 4057 1956 4127 (Ex
1987 4056 2232 4130 Hieron.)
2261 4056 2363 4124 Qui
2398 4073 2457 4112 se
2478 4059 2802 4113 abstinuerit
2833 4059 2902 4113 ab
2931 4059 3195 4114 ebrietate
3218 4057 3350 4121 vini,
3380 4058 3434 4110 in

1853 4161 1960 4216 quo
1985 4155 2068 4201 est
2096 4145 2332 4211 luxuria,
2375 4155 2429 4201 et
2456 4160 2557 4216 pro
2598 4147 2703 4202 hoc
2743 4146 2937 4216 spiritu
2967 4145 3134 4201 fuerit
3157 4146 3434 4216 impletus,

1855 4237 1957 4292 iste
1998 4237 2180 4290 omnia
2230 4244 2409 4306 potest
2449 4236 2696 4306 accipere
2737 4235 3112 4306 spiritualiter.
3157 4234 3433 4300 Psalmos,

1856 4329 2086 4398 hymnos
2113 4334 2169 4381 et
2191 4327 2403 4382 cantica
2431 4326 2485 4382 in
2514 4325 2772 4396 psalterio
2809 4324 3120 4396 plenissime
3151 4325 3432 4381 discimus.

172 4431 322 4472 emas
340 4411 565 4486 aliquid,
598 4416 678 4472 sic
703 4416 869 4487 perde
895 4431 1142 4470 nummos
1159 4455 1176 4479 ,
1214 4425 1274 4470 ut
1295 4431 1447 4471 emas
1472 4413 1566 4472 tibi
1599 4417 1752 4486 quie—
1776 4443 1830 4502 Β
1858 4415 2097 4487 llymnos
2123 4431 2243 4471 esse
2269 4417 2573 4482 dicendum,
2603 4416 2696 4486 qui
2717 4415 3087 4473 fortitudinem
3111 4425 3167 4472 et
3185 4417 3436 4486 majesta-

173 4516 305 4562 tem.
358 4506 652 4577 Antiquum
706 4507 851 4562 enim
902 4507 1243 4576 proverbium
1289 4516 1408 4561 est:
1463 4506 1751 4563 Nummum

171 4599 368 4668 qtmrit
394 4598 714 4668 insultantis,
745 4598 850 4652 duo
872 4598 944 4652 illi
968 4599 1056 4662 da,
1078 4607 1134 4652 ct
1155 4599 1318 4653 ducat
1343 4613 1433 4662 se;
1459 4599 1586 4668 quid
1609 4598 1754 4654 aliud

169 4691 312 4748 dixit
343 4692 506 4756 Deus,
541 4707 704 4760 quam
735 4690 1063 4745 redimentes
1103 4699 1342 4760 tempus,
1382 4691 1598 4760 quando
1637 4690 1752 4744 ait:

173 4781 236 4836 Si
255 4780 373 4850 quis
395 4780 500 4837 rult
511 4780 720 4851 judicio
740 4788 909 4834 tecum
929 4780 1256 4844 contendere,
1281 4790 1329 4834 et
1352 4780 1581 4834 tunicam
1609 4788 1756 4834 tuam

170 4869 328 4922 tolle“
355 4878 382 4937 ‘,
399 4869 602 4924 dimitte
620 4868 698 4924 illi
718 4876 768 4924 st
790 4868 1027 4941 pallium.
1047 4867 1308 4935 Quoniam
1333 4870 1444 4923 dies
1464 4869 1591 4924 mali
1611 4880 1752 4944 sunt.

172 4959 306 5015 Dies
340 4961 506 5016 malos
527 4963 645 5017 dua:
673 4977 764 5019 res
792 4959 1018 5028 faciunt,
1049 4961 1256 5016 malitia
1280 4963 1557 5017 hominum
1583 4970 1637 5018 et
1659 4963 1759 5017 mi-

171 5053 341 5108 seria.
370 5053 636 5109 Cancrum
664 5054 783 5111 dies
811 5054 925 5120 isti,
949 5063 1210 5125 quantum
1233 5056 1466 5126 pertinet
1493 5056 1561 5111 ad
1585 5057 1758 5124 spatia

168 5142 456 5208 horarum,
473 5143 707 5200 ordinati
731 5154 876 5201 sunt.
893 5145 1107 5202 Ducunt
1124 5145 1288 5210 vices,
1308 5155 1473 5217 agunt
1494 5157 1756 5217 tempora,

169 5231 355 5286 oritur
397 5234 560 5289 solet
589 5234 820 5301 occidit,
863 5242 1148 5291 transeunt
1193 5225 1474 5306 teinpora,
1527 5245 1582 5292 et
1629 5237 1758 5293 nulli

169 5321 408 5378 molesta
434 5333 592 5392 sunt,
638 5326 741 5382 nisi
773 5325 873 5380 sibi
919 5326 1168 5382 homines
1190 5327 1312 5388 ,siut
1344 5327 1574 5382 molesti.
1620 5329 1762 5398 Ergo

169 5409 300 5466 dies
323 5413 491 5470 malos
528 5415 748 5472 miseria
789 5423 844 5470 et
883 5417 1084 5471 malitia
1123 5417 1401 5472 hominum
1429 5417 1650 5472 faciunt.
1681 5420 1759 5474 Ex

171 5515 295 5570 quo
320 5505 459 5560 enim
489 5506 674 5576 lapsus
706 5514 794 5562 est
833 5506 1006 5561 Adam
1055 5507 1121 5561 de
1169 5508 1450 5576 paradiso,
1489 5525 1758 5578 nunquam

172 5591 400 5648 fuerunt
429 5598 545 5652 dies
569 5597 673 5654 nisi
704 5597 850 5652 mali.
877 5597 1182 5654 Nascuntur
1207 5601 1379 5668 pueri,
1410 5609 1464 5655 ct
1495 5617 1522 5654 a
1551 5602 1760 5671 ploratu

172 5681 464 5752 incipiunt,
493 5699 617 5758 post
646 5690 830 5745 nescio
863 5700 995 5760 quot
1020 5691 1135 5747 dies
1165 5693 1357 5746 rident.
1395 5695 1761 5778 Quandoplo-

1856 4519 1964 4564 tem
1994 4510 2289 4580 prtedicant
2317 4509 2435 4586 Dc_i,
2472 4517 2527 4565 et
2553 4509 2798 4579 ejusdem
2825 4518 3041 4580 semper
3067 4511 3149 4566 vel
3173 4508 3436 4566 beneﬁcia

1854 4601 1938 4656 vel
1965 4600 2107 4655 facta
2143 4601 2424 4661 mirantur,
2459 4600 2603 4670 quod
2649 4615 2839 4658 omnes
2881 4599 3074 4670 psalmi
3120 4599 3434 4662 continent,

1855 4691 2052 4760 quibus
2094 4689 2305 4745 alleluia
2339 4689 2424 4743 vel
2463 4690 2813 4760 prmpositum
2852 4689 2938 4746 vel
2980 4688 3281 4760 subjectum
3327 4697 3435 4743 est.

1857 4781 2054 4838 Psalmi
2085 4790 2264 4836 autem
2292 4781 2510 4852 proprie
2531 4782 2599 4836 ad
2627 4783 2866 4838 ethicum
2906 4782 3086 4838 locum
3126 4781 3438 4851 pertinent,

1859 4884 1921 4932 ut
1939 4891 2036 4946 per
2059 4892 2322 4947 organum
2356 4876 2602 4946 corporis
2625 4876 2755 4945 quid
2787 4875 3093 4931 faciendum
3117 4885 3174 4932 et
3203 4875 3331 4944 quid
3360 4875 3436 4930 ri-

1861 4970 2080 5024 tandum
2106 4970 2179 5024 sit
2205 4969 2536 5024 noverimus.
2569 4969 2670 5036 Qui
2699 4983 2828 5024 vero
2845 4969 2913 5024 de
2933 4965 3298 5038 superioribus
3325 4967 3440 5022 dis-

1860 5069 2032 5132 putat,
2055 5069 2112 5114 ct
2127 5069 2451 5116 conventum
2476 5060 3038 5129 mundi,omninmque
3063 5066 3443 5115 creaturarum

1859 5151 2104 5206 ordinem
2130 5161 2294 5220 atque
2317 5151 2662 5206 concordiam
2683 5150 2892 5205 subtilis
2909 5149 3208 5221 disputator
3230 5150 3442 5206 edisse-

1861 5239 1954 5305 rit,
1985 5240 2086 5318 iste
2109 5241 2388 5310 spirituale
2414 5240 2683 5295 canticum
2711 5241 2876 5304 canit,
2905 5240 2993 5295 vel
3019 5248 3166 5296 certe
3182 5280 3207 5307 ,
3225 5249 3286 5295 ut
3307 5256 3436 5310 pro-

1862 5339 1986 5402 pter
2033 5331 2391 5400 simpliciores
2426 5331 2768 5389 manifestius
2807 5331 3158 5402 eloquamur,
3193 5331 3442 5402 psalmus

1864 5425 1930 5478 ad
1958 5440 2176 5494 corpus,
2212 5425 2479 5478 canticum
2506 5423 2738 5480 refertur
2760 5427 2826 5480 ad
2850 5425 3190 5480 mentem.Et
3215 5437 3437 5485 canere,

1864 5516 2028 5586 igitur
2058 5524 2111 5570 ct
2137 5515 2364 5585 psallere
2392 5511 2446 5570 et
2473 5515 2693 5572 laudare
2719 5517 3027 5581 Dominum,
3056 5515 3224 5583 magis
3249 5514 3430 5568 animo

1865 5622 2029 5675 quam
2057 5622 2184 5659 voce
2208 5605 2485 5668 debemus,
2518 5607 2616 5661 hoc
2646 5615 2756 5670 est,
2795 5608 2990 5676 quippe
3029 5604 3168 5672 quod
3197 5603 3392 5656 dicitur
3416 5621 3436 5658 :

1866 5697 2148 5752 Cantantes
2187 5707 2234 5751 ct
2279 5696 2556 5767 psallentes
2599 5699 2650 5749 5n
2687 5697 2925 5751 cordibus
2966 5694 3141 5750 uestris
3189 5692 3435 5750 Domino.
