3932 6204
521 297 622 354 487

1795 255 2147 351 sumsum
2189 294 2482 352 ABBATIS

3664 301 3768 356 488

517 414 749 469 Audiant
782 412 898 466 haec
926 408 1338 471 a.lolcscentuli,
1385 409 1602 463 audiant
1630 415 1703 474 hi,
1732 410 1926 480 quibus
1947 408 2088 478 psal-
2114 410 2162 470 Α
2189 412 2333 480 gatio
2366 410 2636 480 iustorum
2685 425 2905 480 regnum
2949 409 3209 465 caelorum
3257 411 3475 466 dicitur.
3525 412 3766 484 Regnum

515 507 656 561 leudi
708 508 759 560 in
811 503 1044 558 Ecclesia
1075 501 1307 556 olﬁcium
1348 511 1431 556 est
1461 502 1601 566 Deo,
1655 517 1758 555 uon
1797 517 1943 564 voce,
1993 501 2087 555 sed

512 599 674 655 corde
703 595 1026 652 cantandum
1060 595 1114 648 in
1151 595 1375 658 timore,
1421 595 1474 648 in
1515 607 1707 663 opere,
1757 594 1810 648 in
1861 593 2086 649 scientia

515 689 936 758 Scripturarum.
978 684 1036 740 Si
1065 684 1203 739 bona
1232 701 1394 756 opera
1441 685 1708 748 habuerit,
1743 685 1912 740 dulcis
1946 684 2088 755 apud

509 779 677 832 Deum
707 786 898 832 cantor
923 785 1025 832 est.
1055 773 1148 831 Sic
1181 783 1362 829 cantet
1396 791 1584 829 servus
1627 773 1849 839 Christi,
1891 781 1952 827 ut
1979 787 2084 828 non

506 873 609 921 vox
635 867 901 930 canentis,
941 868 1035 921 sed
1056 866 1218 920 verba
1249 865 1496 935 placeant
1525 879 1643 932 quae
1670 863 1935 933 leguntur.

579 959 801 1012 Domino
825 959 1024 1028 gratias
1053 967 1260 1028 agentes
1283 969 1482 1026 semper
1500 971 1595 1025 pro
1618 954 1874 1008 omnibus.
1902 953 2086 1023 Dupli-

507 1051 645 1106 citer
672 1051 1005 1113 intuendum,
1037 1057 1097 1102 ut
1125 1057 1178 1103 et
1212 1049 1264 1102 in
1297 1048 1441 1102 omni
1487 1054 1724 1114 tempore
1757 1053 1810 1099 et
1837 1059 1936 1114 pro
1963 1060 2081 1098 om-

507 1141 684 1204 nibus,
716 1156 835 1209 qua:
859 1139 1013 1194 nobis
1034 1138 1284 1193 accidunt
1313 1137 1423 1191 Deo
1451 1137 1654 1206 gratias
1680 1133 1999 1199 referamus,
2024 1142 2083 1188 ut

503 1245 611 1283 non
640 1237 849 1283 tantum
875 1244 972 1299 pro
1009 1229 1114 1290 his,
1143 1241 1264 1296 qua:
1288 1226 1429 1281 bona
1465 1233 1734 1295 putamus,
1778 1228 1874 1278 sed
1917 1224 2080 1276 etiam

502 1335 623 1388 qure
649 1334 748 1374 nos
775 1328 1073 1376 coarctant.
1097 1326 1152 1372 ει
1172 1325 1361 1371 contra
1389 1324 1630 1369 nostram
1654 1322 1876 1367 veniunt
1898 1313 2083 1367 volun-

503 1418 693 1474 tatem,
714 1409 770 1463 in
791 1409 884 1463 Dei
905 1407 1231 1477 praeconium
1258 1421 1410 1460 mens
1437 1405 1556 1459 laeta
1579 1413 1910 1473 prorumpat,
1931 1404 2082 1457 Chri-

502 1501 798 1554 stianorum
839 1499 1057 1568 propria
1087 1498 1257 1551 virtus
1283 1504 1385 1560 est,
1427 1496 1590 1549 etiam
1631 1495 1683 1549 in
1714 1495 1799 1550 his
1825 1511 1945 1564 qua:
1985 1495 2080 1548 ad-

499 1607 657 1646 versa
685 1599 957 1660 putantur,
988 1589 1192 1643 referre
1213 1588 1414 1658 gratias
1453 1587 1717 1641 Creatori.

574 1682 641 1737 In
673 1683 878 1736 nomine
901 1681 1110 1734 Domini
1137 1682 1300 1734 nostri
1325 1679 1451 1732 Jesu
1475 1676 1669 1732 Christi
1694 1678 1803 1732 Deo
1824 1689 1871 1732 et
1903 1676 2072 1733 Patri.

2190 503 2462 556 caelorum
2478 501 2715 556 Ecclesia
2737 510 2818 556 est
2835 501 3126 570 justorum,
3142 503 3266 572 quia
3291 503 3584 559 electorum
3605 509 3767 564 corda

2189 591 2244 645 in
2281 598 2426 646 terra
2455 590 2530 644 nil
2558 591 2823 656 ambiunt,
2856 605 2955 660 per
2979 591 3079 646 hoc
3109 593 3253 660 quod
3279 592 3346 646 ad
3378 609 3610 665 superna
3643 614 3768 654 sus-

2184 681 2397 750 pirant,
2438 680 2551 750 jam
2591 679 2646 733 in
2691 680 2772 734 eis
2817 679 3107 747 Dominus,
3149 684 3304 752 quasi
3353 685 3408 738 in
3457 687 3766 746 caelestibus

2186 781 2394 844 regnat.

2256 863 2367 936 (Es:
2407 864 2653 937 Hieron.)
2685 865 2800 920 Rex
2831 865 2934 919 iste
2971 865 3063 934 qui
3104 865 3234 921 fecit
3273 870 3488 938 nuptias
3516 871 3624 926 lilio
3657 889 3760 930 suo

2185 950 2328 1006 Deus
2355 954 2695 1024 omnipotens
2715 961 2821 1018 est,
2841 951 2970 1008 fecit
2989 963 3169 1008 autem
3192 957 3406 1025 nuptias
3425 959 3649 1018 Domino
3667 981 3764 1019 no-

2183 1049 2300 1097 stro
2325 1041 2456 1097 Iesu
2487 1043 2704 1098 Christo
2729 1051 2786 1097 et
2829 1043 3084 1098 Ecclesia:
3105 1084 3119 1108 ,
3149 1059 3270 1113 qua:
3308 1054 3420 1102 tam
3449 1065 3516 1104 ex
3540 1049 3757 1121 ludatis,

2183 1146 2343 1201 quam
2373 1148 2440 1187 ex
2469 1133 2720 1202 gentibus
2747 1143 3071 1204 congregata
3098 1145 3183 1189 est
3749 1183 3752 1185 λ

2253 1223 2363 1296 (Ea:
2386 1221 2568 1294 Greg.)
2613 1223 2671 1276 In
2714 1223 2816 1277 hoc
2860 1232 3014 1292 pater
3055 1226 3164 1295 regi
3210 1226 3319 1282 lilio
3360 1230 3579 1297 nuptias
3605 1230 3756 1298 facit,

2181 1327 2288 1381 quo
2313 1313 2363 1367 ei
2392 1328 2490 1382 per
2515 1313 2904 1367 incarnationis
2941 1315 3261 1383 mysterium
3292 1326 3536 1372 sanctam
3574 1319 3759 1376 Eccleo

2181 1405 2316 1458 siam
2346 1405 2591 1459 sociavit.
2620 1403 2818 1459 Uterus
2845 1413 3020 1458 autem
3045 1406 3326 1474 genitricis
3349 1409 3573 1479 virginis
3597 1413 3757 1480 hujus

2179 1495 2363 1566 sponsi
2395 1494 2667 1550 thalamus
2688 1493 2809 1560 fuit,
2839 1495 2984 1550 unde
3008 1493 3292 1551 Psalmista
3332 1499 3446 1552 ait:
3487 1499 3606 1570 Ipse
3628 1513 3754 1558 tan-

2177 1601 2335 1655 quam
2363 1601 2585 1654 sponsus
2621 1584 2903 1655 procedens
2936 1585 3002 1646 de
3031 1586 3262 1640 thalamo
3285 1589 3563 1663 suo(Psel.
3581 1593 3753 1665 xvm).

2179 1675 2459 1744 Tanquam
2490 1689 2719 1744 sponsus
2741 1677 2940 1745 quippe
2967 1676 3034 1730 de
3059 1675 3302 1732 thalamo
3325 1682 3592 1748 processit
3609 1721 3625 1746 .
3653 1686 3755 1753 qui

499 1773 600 1840 Qui
623 1781 822 1835 autem,
850 1773 992 1826 sicut
1016 1771 1269 1834 diximus,
1305 1770 1507 1840 gratias
1542 1769 1652 1836 agit
1675 1769 1781 1822 Deo
1809 1776 1863 1823 et
1900 1769 2069 1835 Patri,
2095 1751 2148 1815 Β
2177 1766 2242 1819 ad
2268 1765 2693 1835 eonjungendam
2721 1765 2823 1820 sibi
2854 1765 3152 1821 Ecclesiam
3181 1767 3495 1826 incarnatus
3514 1771 3652 1828 Deus
3674 1751 3756 1829 de

498 1865 553 1919 in
599 1862 894 1918 mediatore
934 1861 1029 1915 Dei
1075 1868 1129 1914 et
1165 1861 1440 1914 hominum
1483 1857 1686 1915 referat
1724 1874 1818 1913 eas
1855 1859 2071 1915 Christo

493 1954 618 2010 Jesu
639 1996 652 2019 ,
687 1955 813 2024 quia
855 1953 958 2008 nisi
981 1968 1076 2023 per
1107 1952 1256 2007 illum
1287 1952 1544 2007 accedere
1585 1968 1691 2007 non
1721 1953 1961 2008 valemus
2003 1955 2070 2007 al

492 2046 731 2101 Patrem.

564 2135 797 2206 Subjecti
825 2135 1038 2189 invicem
1071 2134 1124 2187 in
1156 2134 1340 2187 timore
1369 2131 1579 2186 Christi.
1616 2133 1682 2187 Et
1701 2133 1756 2188 in
1785 2134 1890 2189 alio
1917 2135 2066 2190 loco:

495 2225 600 2279 Per
624 2226 928 2279 charitatem
953 2225 1136 2278 servits
1154 2224 1390 2277 invicem.
1414 2223 1648 2278 Audiant
1673 2225 1785 2279 haec
1807 2226 2066 2295 episcopi,

490 2317 706 2371 audiant
737 2315 1058 2386 presbyteri,
1084 2315 1306 2368 audiant
1333 2329 1522 2368 omnes
1551 2316 1862 2380 orthodoxi,
1898 2318 2070 2386 subje-

491 2407 597 2461 ctis
629 2407 740 2460 suis
782 2420 842 2460 se
879 2419 999 2458 esse
1038 2402 1336 2470 subjectos,
1383 2411 1439 2458 et
1477 2403 1755 2458 imitentur
1798 2405 2066 2474 dicentem

489 2496 806 2566 Apostolum
832 2511 846 2548 :
877 2493 1008 2547 Cum
1038 2495 1173 2547 enim
1199 2509 1361 2547 essent
1389 2493 1519 2547 liber
1544 2511 1609 2547 ea:
1638 2495 1875 2550 omnibus
1903 2497 2068 2550 homi-

487 2591 672 2652 nibus,
713 2589 963 2659 meipsum
1004 2602 1207 2640 servum
1251 2585 1382 2655 feci,
1410 2596 1466 2639 ut
1498 2603 1674 2640 omnes
1703 2586 2064 2657 lucrifacerem

488 2679 540 2751 (1
570 2679 692 2734 Cor.
720 2678 818 2754 Ix).
854 2677 960 2732 Sed
989 2678 1091 2732 hoc
1118 2677 1259 2745 quod
1284 2676 1389 2730 ait:
1429 2675 1496 2729 In
1526 2676 1710 2730 timore
1737 2675 1954 2742 Christi,
1985 2680 2065 2734 sic

485 2770 963 2840 accipiendum,-ut
987 2768 1097 2837 ipsa
1119 2766 1378 2836 subjectio
1399 2782 1505 2821 non
1540 2775 1762 2837 propter
1782 2769 2061 2824 hominum

482 2860 728 2930 gloriam,
753 2859 844 2914 sed
873 2867 1092 2928 propter
1116 2857 1362 2912 timorem
1387 2855 1591 2912 Christi
1619 2855 1734 2922 ﬁat,
1763 2857 1888 2911 dum
1913 2857 2060 2911 illum

481 2953 733 3008 timemus
757 2950 1049 3007 otl‘endere.

789 3057 1120 3097 EVANGELIUM
1153 3057 1430 3105 ΙΙᾹΤΤΙΙίΕΙ,
1457 3056 1576 3096 CAP.
1607 3056 1740 3094 XXII.

554 3151 575 3182 ε
605 3133 955 3200 Loquebatur
977 3129 1133 3184 Jesus
1161 3145 1282 3184 cum
1308 3129 1583 3199 discipulis
1607 3131 1720 3184 suis
1743 3130 1797 3183 in
1825 3130 2052 3199 parabo-
2081 3108 2124 3168 C

487 3241 506 3274 ι
537 3223 606 3278 lis
635 3222 856 3277 dicens:
892 3219 1079 3275 Simile
1099 3219 1298 3274 factum
1325 3229 1409 3274 est
1430 3233 1652 3290 regnum
1677 3219 1936 3274 caelorum
1959 3222 2057 3275 ho-

485 3333 506 3368 c
544 3315 675 3370 mini
703 3315 838 3387 regi,
855 3315 946 3384 qui
964 3312 1088 3369 fecit
1104 3313 1315 3384 nuptias
1332 3312 1442 3366 filio
1470 3327 1586 3367 suo.
1605 3312 1674 3367 Et
1700 3313 1847 3367 misit
1871 3328 2056 3369 servos

483 3425 502 3458 ι
538 3423 665 3462 suos
683 3421 880 3462 vocare
901 3405 1152 3460 invitatos
1172 3404 1238 3458 ad
1258 3404 1496 3473 nuptias,
1511 3413 1564 3457 et
1583 3403 1837 3458 nolebant
1848 3405 2051 3458 venire.

481 3518 500 3550 ι
535 3498 734 3554 lterum
763 3497 910 3551 misit
940 3496 1074 3551 alios
1098 3511 1281 3552 servos
1315 3495 1534 3549 dicens:
1563 3495 1735 3550 Dicite
1768 3495 2011 3550 invitatis
2037 3512 2049 3548 :

483 3607 503 3641 ‹
538 3589 678 3644 Ecce
705 3588 990 3658 prandium
1013 3602 1190 3642 meum
1228 3585 1434 3656 paravi,
1473 3585 1611 3640 tauri
1649 3585 1755 3640 mei
1795 3594 1849 3640 et
1887 3586 2052 3642 altilia

481 3695 502 3728 ι
538 3677 716 3732 occisa
758 3685 902 3741 sunt,
945 3684 1001 3730 et
1045 3677 1226 3730 omnia
1262 3682 1475 3744 parata,
1504 3674 1686 3729 venite
1714 3675 1782 3728 ad
1813 3676 2048 3744 nuptias.

481 3784 500 3818 ι
532 3766 612 3820 llli
643 3776 826 3821 autem
856 3766 1206 3835 neglexerunt
1231 3773 1286 3818 et
1314 3764 1582 3828 abierunt,
1616 3765 1754 3819 alius
1783 3765 1837 3820 in
1869 3765 2050 3819 villam

478 3875 498 3907 ς
533 3871 706 3921 suam,
737 3852 873 3910 alius
900 3869 1030 3909 vero
1053 3855 1123 3908 ad
1166 3854 1583 3925 negotiationem
1628 3869 1800 3909 suam.
1837 3855 2049 3925 Reliqui

394 3995 399 4002 .
479 3965 499 3997 ι
531 3959 662 4000 vero
695 3953 982 4000 tenuerunt
1009 3959 1196 4000 servos
1230 3943 1348 4014 ejus
1373 3953 1428 3998 et
1453 3942 1793 4000 contumeliis
1828 3943 2050 4000 allectos

478 4054 498 4088 ‹
533 4037 864 4092 occiderunt.
891 4035 1005 4089 Rex
1035 4043 1215 4090 autem
1244 4050 1364 4090 cum
1394 4034 1656 4100 audisset,
1687 4035 1856 4090 iratus
1883 4044 1965 4091 est
1993 4045 2048 4092 et

476 4149 494 4181 4
533 4131 713 4186 missis
736 4131 1064 4186 exercitibus
1091 4131 1202 4185 suis
1229 4130 1464 4200 perdidit
1487 4131 1787 4188 homicidas
1821 4132 1962 4199 illos,
1991 4143 2048 4190 et

475 4240 493 4268 ι
525 4222 796 4275 civitatem
825 4220 1037 4276 illorum
1067 4220 1360 4276 succendit.
1391 4221 1544 4276 Tunc
1583 4223 1661 4277 ait
1687 4223 1869 4279 servis‘
1891 4205 2041 4280 suis:

474 4328 492 4360 ι
529 4311 735 4380 Nuptite
763 4311 979 4381 quidem
1008 4317 1210 4381 parata
1237 4319 1385 4377 sunt,
1415 4312 1508 4366 sed
1534 4314 1626 4382 qui
1654 4314 1861 4369 invitati
1890 4323 2044 4369 erant

475 4420 494 4452 ι
527 4418 632 4457 non
663 4401 881 4457 fuerunt
917 4405 1084 4473 digni.
1133 4403 1208 4458 Ite
1233 4418 1362 4474 ergo
1399 4407 1466 4461 ad
1498 4406 1678 4460 exitus
1705 4406 1913 4460 viarum
1936 4447 1950 4471 ,
1986 4419 2041 4461 et

471 4509 490 4542 ι
525 4505 870 4562 quoscunque
894 4491 1208 4547 inveneritis
1222 4502 1410 4548 vocate
1423 4494 1491 4549 ad
1506 4480 1737 4562 nuptias.
1753 4496 1822 4548 Et
1838 4499 2040 4565 egressi

475 4599 492 4631 ς
530 4580 671 4636 servi
705 4580 821 4649 ejus
849 4582 904 4634 in
930 4581 1066 4645 vias,
1097 4593 1557 4653 congregaveruut
1577 4599 1766 4638 omnes
1791 4600 1928 4653 quos
1960 4586 2042 4640 in-

473 4688 492 4721 ς
531 4683 808 4736 venerunt,
839 4673 1008 4727 bonus
1032 4681 1090 4726 et
1111 4673 1314 4738 malos,
1334 4681 1392 4728 et
1422 4673 1653 4742 impleta
1686 4685 1810 4728 sunt
1842 4677 2040 4744 nuptiae

475 4777 492 4808 ι
531 4760 996 4816 discumbentium.
1024 4761 1246 4816 Intravit
1280 4773 1460 4817 autem
1489 4777 1584 4817 rex
1614 4771 1674 4816 ut
1699 4764 1906 4819 videret
1929 4766 2042 4821 dis-

474 4867 491 4899 ι
524 4850 852 4913 cumbentes,
893 4860 950 4906 et
977 4851 1110 4906 vidit
1132 4851 1202 4906 ibi
1228 4853 1500 4908 hominem
1532 4869 1635 4908 non
1663 4855 1916 4908 vestitum
1944 4871 2038 4911 ve-

473 4960 491 4990 ε
530 4949 611 4994 ste
632 4943 874 5011 nuptiali.
915 4945 981 4998 Et
1009 4944 1086 4997 ait
1111 4944 1225 4998 illi:
1265 4942 1474 5010 Amice,
1509 4947 1782 5022 quomodo
1823 4946 1928 5002 huc
1956 4949 2037 5001 iu—

472 5048 492 5078 ι
529 5030 682 5083 trasti
709 5045 812 5085 non
841 5032 1040 5089 habens
1068 5042 1272 5089 vestem
1294 5035 1583 5104 nuptialem
1598 5029 1623 5083 ?
1641 5035 1709 5090 At
1737 5035 1826 5090 ille
1845 5038 2036 5091 obmu-

476 5139 496 5170 ς
530 5119 648 5173 tuit.
679 5120 828 5175 Tunc
848 5123 982 5178 dixit
1010 5141 1105 5179 rex
1128 5126 1389 5180 ministris
1417 5144 1430 5179 :
1471 5125 1648 5197 ligatis
1669 5128 1896 5196 pedibus
1918 5128 2036 5196 ejus

477 5227 496 5258 ο
537 5217 590 5264 et
617 5210 884 5277 manibus,
905 5214 1098 5269 mittite
1120 5230 1246 5270 eum
1269 5217 1320 5269 in
1347 5216 1599 5270 tenebras
1619 5218 1936 5273 exteriores.
1957 5218 2034 5274 lbi

474 5319 494 5352 ς
533 5301 639 5356 erit
661 5300 817 5357 ﬂetus
847 5311 902 5357 et
921 5305 1121 5360 stridor
1147 5307 1410 5362 dentium.
1444 5307 1594 5362 Multi
1621 5309 1764 5363 enim
1793 5319 1917 5365 sunt
1941 5326 2035 5365 vo—

477 5413 496 5446 ι
531 5393 659 5459 cati,
683 5394 835 5463 pauci
863 5411 991 5451 vero
1011 5397 1186 5454 electi.
1231 5419 1250 5451 ι

537 5485 864 5555 Loquebatur
897 5473 1052 5543 )esus
1080 5506 1196 5544 cum
1226 5491 1496 5562 discipulis
1526 5493 1635 5545 suis
1670 5501 1724 5546 tn
1749 5493 2032 5563 parabolis,

467 5577 643 5629 dicens
666 5593 682 5630 :
706 5577 906 5633 Simile
941 5581 1137 5650 factum
1183 5595 1256 5637 est
1305 5601 1515 5654 regnum
1561 5585 1805 5639 mulorum
1836 5587 2035 5642 homini

472 5671 596 5735 regi,
622 5673 709 5740 qni
737 5673 856 5740 [erit
884 5676 1088 5742 nuptias
1125 5676 1233 5744 [ilio
1266 5694 1378 5730 suo.
1412 5678 1522 5749 (lix
1565 5676 1762 5747 (ἶνας.)
1799 5678 2035 5748 Cougre-

2134 1929 2154 1947 .
2172 1854 2490 1925 incorrupto
2517 1863 2675 1910 utero
2690 1854 2918 1926 virginis
2944 1856 3130 1925 exivit.

2241 1942 2312 1995 Et
2342 1943 2482 1996 misit
2510 1960 2681 1998 seruos
2703 1961 2824 1998 suos
2849 1961 3030 1998 uocare
3055 1945 3299 2000 invitatos
3324 1947 3393 2001 ad
3421 1951 3656 2019 nuptias,
3702 1964 3755 2007 et

2171 2031 2412 2086 nolebant
2439 2033 2628 2087 uenire.
2652 2031 2799 2088 Misit
2827 2047 2954 2104 ergo
2977 2049 3184 2100 servos,
3207 2043 3267 2090 ut
3294 2037 3362 2091 ad
3386 2038 3514 2094 istas
3534 2042 3754 2110 nuptias

2170 2121 2376 2176 amicos
2407 2121 2717 2188 invitarent,
2755 2124 2902 2179 misit
2932 2124 3125 2190 'semel,
3169 2128 3318 2182 misit
3344 2128 3539 2184 iterum
3559 2171 3575 2196 ,
3621 2134 3753 2201 quia

2171 2214 2560 2270 incarnationis
2588 2216 2878 2272 Dominicaa
2910 2218 3314 2287 pradicatores,
3341 2230 3396 2275 et
3430 2223 3582 2293 prius
3615 2241 3752 2295 pro-

2168 2305 2380 2373 phetas,
2421 2313 2476 2358 et
2500 2306 2842 2376 postmodum
2871 2308 3160 2376 apostolos.
3207 2309 3299 2364 Bis
3337 2312 3518 2382 itaque
3557 2331 3755 2373 servos

2167 2392 2236 2446 ad
2260 2392 2594 2448 iuvitandum
2623 2396 2789 2461 misit,
2833 2399 2960 2467 quia
3004 2397 3430 2457 incarnationem
3462 2405 3751 2476 unigeniti,

2144 2491 2223 2542 .et
2245 2500 2342 2554 per
2369 2487 2658 2556 prophetas
2677 2485 2814 2542 dixit
2837 2487 3090 2555 futuram,
3113 2497 3170 2544 et
3193 2505 3290 2561 per
3314 2494 3585 2562 apostolos
3609 2513 3755 2552 nuti-

2170 2571 2325 2626 tiavit
2354 2572 2575 2628 factam.

2177 2690 2180 2691 ν
2237 2660 2347 2733 (Ea:
2374 2661 2624 2736 Hieron.)
2652 2664 2918 2735 Mittitque
2937 2681 3152 2722 servum
3187 2684 3342 2725 suum
3367 2671 3620 2729 invitatos
3648 2691 3755 2731 vo-

2163 2767 2292 2808 care
2317 2753 2386 2807 ad
2405 2754 2640 2823 nuptias,
2663 2755 2805 2810 haud
2825 2756 3066 2823 dubium,
3085 2759 3214 2828 quin
3239 2759 3444 2828 Mosen,
3462 2777 3562 2832 per
3579 2779 3753 2833 quem

2163 2844 2338 2914 legem
2365 2846 2607 2901 invitatis
2637 2847 2804 2903 dedit.
2831 2847 2887 2902 Si
2911 2857 3090 2905 autem
3119 2867 3307 2908 servos
3328 2853 3755 2924 legerimus,.ut

2161 2934 2420 3005 pleraque
2448 2937 2648 2991 habent
2675 2940 3023 3008 exemplaria,
3054 2943 3122 2997 ad
3163 2946 3458 3016 prophetas
3498 2947 3751 3003 referen-

2163 3025 2291 3079 dum
2314 3035 2420 3092 est,
2446 3029 2588 3096 quod
2607 3028 2817 3108 invitati
2838 3046 2937 3101 per
2954 3047 3050 3088 eos
3071 3036 3257 3090 venire
3282 3046 3747 3108 contemperunt.

2230 3115 2428 3172 Iterum
2443 3119 2581 3173 misit
2595 3120 2729 3175 alios
2743 3102 2914 3177 'servos
2928 3108 3070 3192 suos,
3084 3127 3262 3184 dicens
3275 3146 3296 3183 :
3307 3129 3479 3186 Dicite
3676 3136 3748 3202 is,

2157 3225 2271 3263 ecce
2295 3211 2577 3281 prandium
2609 3231 2778 3269 meum
2805 3219 3017 3287 parari,
3047 3226 3189 3276 tauri
3221 3222 3324 3279 mei
3349 3237 3400 3280 et
3438 3227 3608 3282 altilia
3651 3247 3750 3284 οτι

2156 3301 2286 3364 cisa,
2317 3310 2366 3354 et
2410 3303 2586 3356 omnia
2609 3315 2818 3373 parata,
2857 3310 3022 3363 venite
3065 3311 3136 3364 ad
3181 3315 3412 3384 nuptias,
3452 3317 3533 3371 illi
3560 3329 3746 3374 autem

2157 3391 2512 3463 neglexerunt.
2562 3394 2852 3452 Prandium
2891 3408 3172 3468 paratum,
3212 3413 3269 3458 et
3305 3407 3448 3461 tauri
3483 3417 3539 3462 et
3568 3409 3744 3465 altilia

2155 3486 2353 3551 occisa,
2390 3486 2474 3541 vel
2497 3501 2598 3556 per
2623 3491 2998 3558 metaphoram
3023 3508 3154 3563 opes
3180 3497 3341 3566 regite
3367 3497 3745 3571 intelligantur

2154 3576 2472 3645 spiritualis,
2525 3577 2610 3632 vel
2644 3587 2802 3648 certe
2850 3582 3160 3652 dogmatum
3201 3587 3515 3656 magnitudo
3545 3598 3603 3644 et
3637 3590 3745 3645 do-

2153 3666 2325 3719 ctrina
2351 3667 2446 3722 Dei
2472 3668 2592 3739 lege
2618 3669 2930 3739 plenissima
2953 3675 3154 3728 sentire
3179 3685 3377 3746 potest.

2225 3779 2244 3852 (
2253 3779 2334 3834 Ea:
2353 3779 2393 3835 (ἶ
2403 3781 2693 3852 reg.).Quid
2717 3783 2770 3837 in
2797 3785 2967 3840 tauris
2985 3785 3070 3840 vel
3091 3785 3352 3851 altilihus.
3383 3787 3582 3845 fratres
3599 3791 3740 3848 cha-

2151 3869 2376 3934 rissimi,
2407 3869 2511 3924 nisi
2538 3870 2672 3926 Novi
2698 3888 2762 3927 ac
2785 3874 2992 3930 Veteris
3014 3875 3346 3932 Testamenti
3374 3877 3562 3936 Patres
3585 3884 3739 3937 acci-

2148 3959 2345 4028 pimus.
2377 3958 2517 4026 Quid
2543 3975 2673 4032 ergo
2699 3977 2798 4033 per
2819 3971 3022 4030 tauros,
3049 3966 3150 4021 nisi
3175 3966 3368 4024 Patres
3395 3969 3736 4027 Testamenti

2151 4050 2362 4105 Veteris
2389 4050 2781 4120 significantur,
2811 4071 2937 4110 nam
2967 4057 3092 4111 dum
3120 4073 3187 4113 ex
3211 4060 3567 4130 promissione
3590 4062 3738 4136 legis

2146 4152 2488 4215 acceperant,
2535 4135 2800 4217 quatenus
2829 4149 3168 4205 adversarios
3207 4168 3333 4209 suos
3358 4155 3466 4210 odii
3491 4157 3736 4212 retribu-

2147 4234 2292 4288 tione
2316 4241 2678 4304 percuterent,
2696 4245 2755 4289 ut
2778 4237 2850 4291 ita
2873 4238 3067 4305 dicam,
3087 4241 3215 4310 quid
3235 4241 3379 4298 aliud
3402 4260 3560 4314 quam
3583 4247 3734 4302 tauri

2143 4331 2315 4385 erant,
2347 4325 2439 4394 qui
2463 4325 2711 4379 inimicos
2741 4341 2869 4382 suos
2901 4329 3119 4385 virtutis
3147 4346 3421 4401 corporea:
3449 4349 3614 4389 cornu
3643 4335 3740 4390 fe-

2068 4449 2120 4510 D
2147 4413 2378 4510 riebaut.
2402 4412 2541 4480 Quid
2567 4430 2696 4469 vero
2717 4430 2814 4485 per
2838 4417 3026 4483 altilia,
3049 4421 3149 4474 nisi
3176 4419 3367 4477 Patres
3388 4423 3740 4480 Testamenti‘

2144 4502 2276 4557 Novi
2305 4503 2626 4573 figurantur,
2651 4507 2742 4576 qui
2758 4507 2884 4561 dum
2899 4511 3123 4578 gratiam
3138 4511 3481 4582 pinguedinis
3495 4515 3734 4569 interna

2141 4595 2464 4664 percipiunt,
2502 4610 2533 4649 a
2564 4598 2794 4652 terrenis
2821 4599 3106 4655 desideriis
3143 4611 3324 4658 mente
3349 4605 3417 4658 ad
3445 4604 3738 4671 sublimia,

2141 4682 2612 4752 contemplationis
2648 4699 2758 4738 sua:
2793 4685 2957 4754 pinna
2999 4687 3368 4744 sublevantur.
3420 4691 3576 4746 Tauri
3607 4692 3734 4747 mei

2140 4781 2194 4828 et
2221 4775 2384 4829 altilia
2415 4777 2593 4832 occisa
2625 4786 2750 4832 sunt
2768 4787 2823 4832 et
2841 4781 3021 4834 omnia
3048 4792 3253 4850 parata,
3291 4799 3356 4840 ac
3397 4784 3442 4840 si
3479 4787 3734 4856 apertius

2140 4864 2385 4919 dicatur:
2423 4865 2641 4921 Patrum
2663 4870 3081 4936 prmeedentium
3123 4875 3330 4928 mortes
3376 4877 3630 4947 aspicite,
3661 4887 3734 4932 et

2142 4954 2379 5008 remedia
2403 4956 2526 5010 vitae
2557 4965 2749 5011 vestrm
2777 4959 3027 5029 cogitate.

2210 5045 2280 5099 Et
2307 5039 2568 5110 abierunt,
2594 5047 2732 5102 alius
2758 5049 2812 5102 in
2834 5049 3010 5104 villam
3031 5067 3204 5118 suam,
3227 5051 3367 5109 alius
3389 5071 3503 5110 vero
3527 5055 3596 5108 ad
3622 5072 3736 5110 ue-

2138 5135 2492 5202 gotiationem.
2529 5135 2585 5189 in
2614 5137 2737 5190 villa
2767 5138 2848 5192 ire
2872 5148 2958 5194 est
2991 5138 3162 5196 labori
3207 5152 3426 5200 terreno
3457 5144 3744 5198 immode-

2140 5231 2256 5276 rate
2290 5202 2700 5289 incumberefm
2731 5228 3152 5297 negotiationem
3195 5246 3328 5288 vero
3361 5235 3473 5300 ire.
3501 5242 3580 5288 cst
3617 5249 3742 5290 ao-

2139 5313 2283 5368 tione
2321 5314 2656 5369 saecularium
2687 5316 2850 5371 lucris
2878 5318 3106 5376 inhiare.
3141 5320 3276 5390 Quia
3303 5325 3446 5378 enim
3467 5323 3597 5378 alius
3631 5324 3748 5379 in-

2137 5414 2319 5462 tentus
2347 5407 2518 5461 labori
2547 5416 2779 5475 terreno,
2806 5411 2944 5466 alius
2969 5427 3100 5468 vero
3126 5416 3314 5470 mundi
3354 5416 3510 5484 hujus
3536 5415 3746 5470 actio-

2136 5499 2296 5552 nibus
2327 5499 2576 5563 deditus,
2626 5505 2940 5570 mysterium
2989 5504 3381 5561 incarnationis
3424 5505 3750 5561 Dominicze

2138 5603 2386 5658 pensare,
2423 5597 2479 5642 et
2518 5590 2812 5644 secundum
2841 5591 2968 5645 illud
2996 5594 3180 5648 vivere
3205 5594 3521 5659 dissimulat,
3549 5596 3747 5662 quasi

2135 5680 2202 5734 {Ml
2233 5680 2410 5735 villam
2442 5681 2521 5736 vel
2553 5683 2826 5752 negotium
2853 5699 3106 5756 pergens,
3136 5689 3321 5742 venire
3349 5689 3414 5742 ad
3444 5689 3574 5757 regis
3610 5704 3748 5741 nu.
