3936 6202
297 348 401 403 189

1095 346 1614 408 COLLECTIONES
1650 346 1719 402 IN
1756 346 2136 403 EPlSTOLAS
2174 326 2259 402 Er
2302 346 2712 402 evneum.

3418 354 3522 408 £91!

294 467 439 535 ptius
465 470 711 528 recusat,
758 472 812 516 et
860 462 1172 534 plerumque
1196 465 1340 534 quod
1363 471 1449 518 est
1473 463 1691 533 gravius
1730 476 1864 515 non-
1892 464 1941 522 Α
1967 460 2054 514 Sic
2077 461 2214 514 enim
2241 460 2424 515 dilexit
2453 460 2593 515 Deus
2636 460 2909 526 mundum,
2954 471 3008 514 ut
3039 461 3208 529 {idem
3235 478 3385 517 suum
3421 466 3540 521 uni-

292 555 427 613 nulli
445 554 688 610 vocantis
711 555 940 624 gratiam
960 570 1069 610 non
1095 555 1266 610 solum
1290 564 1565 626 respuunt,
1582 555 1675 608 sed
1697 554 1862 609 etiam

290 654 729 716 persequuntur;
759 645 901 701 unde
927 654 984 701 et
1005 647 1272 701 subditur.

369 736 575 807 Reliqui
603 751 722 790 vero
743 744 1018 790 tenuerunt
1057 752 1227 791 servos
1266 737 1415 807 ejus,
1454 746 1502 791 et
1536 735 1862 790 contumeliis

292 828 507 895 σπαρτα
528 826 846 880 occiderunt.
867 824 968 897 (Ex
992 808 1235 898 llieron.)
1262 827 1405 882 [nter
1423 841 1519 883 eos
1536 826 1627 896 qui
1649 843 1757 881 non
1786 841 1866 881 rc-

291 915 499 986 cipiunt
546 914 817 985 Evangelii
860 915 1173 981 veritatem,
1211 915 1381 971 multa
1420 916 1706 972 diversitas
1742 923 1859 981 est;

292 1004 521 1060 minoris
546 1004 692 1058 enim
717 1004 966 1059 criminis
991 1007 1233 1075 suntqui
1271 1006 1520 1076 occupati
1559 1005 1679 1060 aliis
1704 1006 1866 1060 rebus

290 1094 479 1149 venire
495 1093 806 1157 noluerunt,
826 1093 915 1149 his
932 1095 1023 1164 qui
1044 1103 1352 1166 contempto
1374 1095 1649 1151 imitantis
1664 1094 1862 1149 allecto

292 1189 574 1241 verterunt
612 1181 1000 1237 humanitatem
1043 1183 1099 1238 in
1146 1184 1550 1250 crudelitatem,
1597 1191 1864 1239 ctrtentos

290 1287 481 1328 servos
506 1272 685 1343 regis,
727 1271 814 1326 vel
850 1272 1190 1328 contumeliis
1236 1272 1565 1341 affecerunt,
1598 1273 1682 1328 vel
1716 1272 1863 1328 occi-

290 1364 509 1418 derunt.
1676 1384 1679 1387 λ

365 1454 479 1510 Rea:
505 1463 699 1521 autem,
730 1468 850 1509 cunt
873 1454 1315 1517 audisset,iratus
1339 1463 1436 1520 est,
1452 1463 1502 1508 et
1523 1454 1693 1509 missis
1715 1471 1865 1509 excr-

289 1543 484 1598 citibtts
510 1544 620 1598 suis
657 1542 882 1614 perdidit
920 1543 1209 1598 homicidas
1247 1542 1386 1607 illos,
1426 1552 1474 1597 et
1507 1544 1765 1599 civitatem
1793 1543 1865 1597 il-

286 1636 466 1690 lorum
489 1634 774 1689 succendit.
802 1635 1091 1691 Exercitus
1125 1650 1221 1691 seu
1258 1634 1461 1689 ultores
1504 1634 1759 1705 angelos,
1799 1634 1867 1690 de

286 1724 491 1794 quibus
510 1723 806 1780 inPsahuis
832 1724 1093 1781 scribitur
1106 1723 1279 1798 (Ρωι.
1302 1724 1505 1796 Lxxvu)
1532 1743 1547 1778 :
1574 1723 1867 1780 lmmissio—

1963 551 2193 620 genitum
2233 550 2381 605 daret
2419 566 2518 621 pro
2542 551 2700 608 nobis
2746 550 2927 625 (Joan.
2960 551 3065 623 tu).
3113 552 3215 619 Qui
3258 569 3387 625 ergo
3432 571 3530 624 per

1964 640 2283 695 charitatem
2320 642 2468 695 venit
2495 640 2564 695 ad
2590 642 2867 707 homines,
2916 642 3163 697 eamdem
3207 644 3529 702 charitatcm

1965 727 2197 781 innotuit
2223 736 2424 783 vestem
2456 745 2576 784 esse
2600 730 2913 800 nuptialem.
2941 731 3050 787 Nos
3074 748 3282 798 sumus,
3313 734 3528 801 fratres.

1963 817 2054 886 qui
2079 817 2132 872 in
2162 819 2364 888 nuptiis
2390 820 2548 875 Verbi
2577 820 2986 888 discumbintus,
3017 824 3108 894 qui
3131 823 3242 891 iam
3272 826 3325 880 in
3348 826 3533 885 Eccle-

1964 906 2044 962 sia
2074 906 2354 973 habemus,
2395 909 2488 978 qui
2520 911 2800 983 scripturae
2827 927 2995 969 sacrm
3018 913 3192 984 epulis
3238 917 3531 985 poscimur,

1963 995 2057 1065 qui
2072 994 2417 1064 coniunctam
2445 999 2555 1053 Deo
2578 998 2870 1059 Ecclesium
2895 1014 3017 1055 esse
3040 1001 3357 1071 gaudemus.
3394 1003 3533 1062 Ecce

1965 1099 2061 1140 rex
2087 1085 2158 1141 ad
2176 1085 2397 1156 nuptias
2437 1086 2757 1157 ingreditur,
2789 1096 2848 1143 et
2883 1089 3063 1144 cordis
3091 1091 3258 1145 nostri
3287 1091 3530 1148 habitum

1964 1176 2375 1246 contemplatur,
2405 1184 2567 1248 atque
2591 1179 2640 1235 ei
2669 1194 2828 1248 quem
2854 1180 3120 1236 charitste
3142 1182 3397 1237 vestitum
3425 1198 3532 1238 non

1965 1267 2190 1341 invenit,
2237 1268 2481 1338 protinus
2527 1270 2697 1325 iratus
2723 1270 2893 1326 dicit:
2922 1272 3123 1338 Amice,
3146 1274 3407 1344 quomodo
3429 1274 3533 1331 huc

1964 1356 2194 1422 intrasti,
2249 1373 2352 1412 non
2385 1357 2579 1413 habens
2620 1368 2805 1414 uestem
2856 1359 3186 1430 nuptialem?
3235 1362 3534 1419 Mirandum

1964 1446 2120 1502 valde
2162 1457 2272 1511 est,
2302 1447 2498 1504 fratres
2515 1450 2843 1513 charissimi,
2873 1450 3016 1519 quod
3039 1452 3183 1507 hunc
3218 1460 3275 1509 et
3298 1454 3535 1509 amicum

1964 1541 2122 1588 vocat
2143 1542 2198 1589 et
2225 1537 2532 1604 reprobum.
2559 1536 2638 1592 Ac
2659 1537 2707 1591 si
2734 1538 2783 1591 ei
2811 1538 3051 1607 apertius
3075 1538 3241 1604 dicat,
3278 1542 3455 1598 amice
3481 1554 3540 1598 ct

1965 1636 2073 1676 non
2101 1623 2291 1679 amice.
2316 1624 2502 1680 Amice
2528 1639 2624 1696 per
2646 1626 2804 1681 tidem
2827 1635 3012 1683 etnon
3038 1629 3211 1685 amice
3230 1644 3327 1698 per
3344 1645 3534 1701 opera—

1966 1711 2189 1768 tionem.
2232 1714 2341 1787 (Ea:
2393 1714 2634 1789 Hieron.)
2704 1717 2769 1773 Hi
2815 1718 2909 1789 qui
2950 1719 3163 1778 invitati
3213 1721 3429 1785 fuerant
3466 1730 3534 1784 ad

288 1828 417 1869 nem
445 1828 545 1885 per
565 1814 784 1885 angelos
822 1813 1012 1880 malos,
1055 1829 1151 1872 seu
1178 1814 1452 1871 Romanos
1480 1814 1859 1886 ίηωυίεαωιις,
1887 1798 1937 1858 Β
1963 1803 2178 1872 nuptias
2204 1804 2271 1860 de
2294 1805 2512 1876 sepibus
2544 1814 2599 1861 et
2637 1806 2848 1876 angulis
2886 1815 2941 1861 et
2964 1807 3178 1879 plateis,
3223 1817 3278 1864 et
3309 1809 3537 1865 diversis

287 1905 393 1959 sub
425 1904 565 1960 duce
586 1904 912 1974 Vespasiano
948 1910 1005 1960 et
1029 1904 1170 1970 Tito,
1197 1903 1291 1975 qui
1324 1903 1521 1960 occisis
1543 1902 1741 1959 ludam
1767 1920 1864 1975 po-

284 1995 454 2066 pulis,
482 1994 968 2065 praevarieau'iccm
992 1994 1390 2050 succenderunt
1411 1993 1706 2050 civitatem.

358 2082 472 2156 (Ea:
494 2079 674 2155 Greg.)
712 2082 1021 2139 Homicidas
1042 2083 1298 2152 perdidit,
1325 2083 1450 2154 quia
1477 2092 1863 2154 persequentes

1964 1893 2097 1952 locis
2122 1909 2331 1951 ctenam
2371 1896 2515 1967 regis
2555 1896 2925 1968 impleverant,
2962 1900 3054 1954 sed
3082 1909 3265 1970 postea
3285 1917 3409 1958 cum
3439 1917 3532 1957 vc-

1963 1984 2132 2041 uisset
2156 2000 2273 2051 rex,
2304 1995 2363 2041 ut
2401 1987 2606 2042 videret
2632 1988 3030 2045 discumbentes
3061 1990 3114 2045 in
3139 1991 3388 2048 convivio
3414 2008 3535 2054 suo.

1964 2073 2066 2130 hoc
2093 2082 2194 2139 est,
2222 2075 2275 2130 in
2303 2090 2399 2130 sua
2427 2077 2581 2146 quasi
2607 2077 2710 2132 ﬁde
2738 2079 3155 2147 rcquiescentes,
3206 2089 3265 2137 ut
3301 2082 3355 2139 in
3389 2082 3535 2137 diem

287 2173 587 2240 interimit;
621 2174 891 2229 civitatem
913 2187 1106 2228 eorum
1126 2173 1250 2245 igne
1269 2173 1571 2237 succendit,
1596 2174 1723 2242 quia
1746 2173 1865 2229 illo—
1955 2163 2146 2233 iudicii
2181 2166 2424 2223 visitaret
2451 2169 2727 2234 convivas,
2757 2177 2812 2225 et
2843 2170 3173 2228 discerneret
3205 2173 3396 2228 merita
3426 2174 3538 2228 sin—

286 2282 411 2322 rmu
439 2281 551 2322 non
575 2264 745 2321 solum
767 2265 961 2321 anim
977 2306 993 2332 ,
1030 2265 1127 2321 sed
1150 2279 1283 2320 caro
1304 2279 1519 2335 quoque
1546 2265 1603 2320 iu
1636 2280 1742 2335 qua
1767 2266 1871 2321 ba~

284 2353 603 2411 bitaverunt
622 2362 835 2410 caterua:
858 2354 1118 2425 gehennae
1136 2351 1349 2409 ﬂamma
1369 2353 1664 2410 cruciatur.
1687 2352 1865 2408 Missis

283 2460 420 2502 vero
448 2445 777 2503 exercitibus
802 2445 1128 2501 exstinxisse
1162 2445 1463 2501 homicidas
1489 2445 1708 2513 dicitur,
1737 2445 1875 2514 quia.

286 2535 346 2590 in
369 2534 625 2591 euntibus
648 2549 809 2591 otuue
829 2533 1093 2604 iudicium
1124 2548 1224 2604 per
1237 2533 1797 2606 .angelosexbibctur.
1868 2580 1873 2589 .

361 2624 409 2681 Τ
408 2642 511 2681 unc
534 2626 615 2679 ait
651 2627 843 2691 servis,
874 2626 1069 2697 nuptiat
1088 2625 1304 2698 quidem
1329 2635 1530 2697 paratae
1568 2636 1689 2682 sunt
1707 2666 1723 2690 ,
1754 2635 1860 2682 etc.

288 2716 349 2772 Si
370 2717 428 2772 in
446 2717 723 2789 Scriptura
737 2718 857 2775 vias
869 2719 1110 2774 actiones
1128 2718 1443 2788 accipimus,
1454 2719 1635 2774 exitus
1651 2719 1862 2775 viarum

286 2809 640 2879 intelligimus
663 2809 905 2866 defectus
929 2810 1224 2875 actionum,
1261 2808 1391 2879 quia
1432 2809 1512 2863 illi
1550 2809 1873 2880 plerumque

286 2899 449 2957 facile
494 2901 563 2956 ad
610 2901 778 2958 Deum
822 2902 1080 2968 veniunt,
1111 2917 1249 2975 quos
1286 2903 1341 2958 in
1379 2902 1612 2957 terrenis
1644 2901 1875 2957 actibus

286 3004 551 3062 prospera
571 2990 717 3047 nulla
738 2992 1088 3046 comitantur.

359 3080 574 3151 Egressi
610 3081 745 3136 servi
768 3081 886 3152 ejus
927 3083 982 3138 in
1020 3083 1151 3146 rius,
1202 3080 1639 3155 congregaverant
1684 3099 1864 3139 omnes

280 3186 419 3240 quos
446 3170 748 3227 invenerunt
769 3212 785 3238 ,
813 3182 923 3228 etc.
956 3172 1057 3244 (Ex
1087 3173 1335 3245 llieron.)
1367 3173 1657 3230 Gentilium
1685 3189 1861 3246 popu-

282 3260 371 3315 los
393 3276 502 3315 non
532 3269 650 3317 erat
678 3262 732 3316 in
769 3262 896 3328 viis,
933 3262 1031 3317 sed
1056 3262 1110 3318 in
1134 3262 1367 3319 exitibus
1390 3263 1622 3319 viarum.
1651 3263 1863 3332 Quatri-

285 3362 380 3407 tur
420 3362 602 3408 autem
640 3353 909 3424 quomodo
938 3354 993 3408 in
1023 3353 1111 3410 his
1133 3355 1226 3426 qui
1251 3354 1382 3410 foris
1405 3363 1561 3411 erant
1586 3355 1729 3413 inter
1752 3372 1863 3413 ma-

284 3440 391 3507 los,
426 3451 485 3497 et
507 3441 633 3498 boni
660 3442 825 3513 aliqui
864 3450 993 3497 sunt
1017 3442 1236 3514 reperti.
1265 3442 1420 3499 Hunc
1439 3444 1617 3500 locum
1649 3445 1862 3516 plenius

285 3539 488 3588 tractat
509 3531 795 3602 Apostolus
821 3532 888 3587 ad
913 3532 1202 3597 Romanos,
1240 3533 1384 3602 quod
1404 3541 1597 3603 gentes
1638 3541 1857 3589 natura-

286 3622 413 3678 liter
433 3623 770 3679 l’aeientesea
788 3638 910 3692 qua
928 3622 1064 3694 legis
1086 3632 1234 3689 sunt,
1248 3623 1607 3679 condemnem
1621 3620 1855 3687 Judatos,

284 3715 379 3784 qui
413 3714 672 3785 scriptam
693 3713 862 3784 legem
891 3730 996 3770 non
1027 3714 1273 3770 fecerint.
1311 3712 1456 3770 Inter
1478 3713 1622 3784 ipsos
1643 3728 1859 3785 quoque

282 3804 536 3860 ethnicos
558 3812 645 3860 cst
687 3802 897 3861 inﬁnita
923 3804 1245 3867 diversitas,
1292 3819 1416 3859 eum
1442 3804 1679 3861 sciamus
1723 3804 1859 3860 alios

283 3903 405 3949 esse
433 3892 700 3963 proclives
724 3894 791 3948 ad
817 3893 971 3958 vitia,
1002 3900 1058 3948 et
1082 3901 1300 3948 ruentes
1325 3892 1396 3949 ad
1422 3892 1583 3959 mala,
1627 3893 1761 3948 alios
1787 3895 1858 3949 ob

284 3984 625 4039 honestatem
655 3997 864 4037 morum
889 3981 1175 4038 virtutibus
1209 3981 1437 4037 deditos.

358 4072 468 4143 (Ea:
495 4070 678 4142 (ἔνθα.)
712 4071 850 4127 Ecce
870 4069 983 4140 iam
1012 4071 1128 4142 ipsa
1155 4069 1417 4141 qualitate
1455 4071 1854 4127 convivantium

287 4172 474 4234 aperte
514 4162 837 4227 ostenditur,
879 4162 1004 4231 quia
1034 4176 1130 4231 per
1158 4162 1255 4217 bas
1282 4162 1427 4230 regis
1456 4163 1672 4233 nuptias
1710 4178 1854 4232 pnn-

283 4270 412 4309 sens
442 4252 681 4308 Ecclesia
714 4251 810 4306 Dei
850 4251 1200 4322 designatur,
1253 4250 1304 4305 iu
1334 4265 1437 4320 qua
1467 4267 1589 4307 cum
1619 4252 1775 4308 bouis
1801 4260 1857 4307 et

286 4344 414 4399 mali
457 4342 807 4398 conveniunt.
860 4340 1133 4413 Permixta
1180 4340 1375 4411 quippe
1422 4348 1506 4396 est
1547 4340 1858 4396 diversitate

283 4435 544 4492 ﬁliorum.
581 4431 711 4490 Boni
743 4431 886 4489 enim
914 4431 1011 4488 soli
1041 4447 1306 4504 nusquam
1335 4441 1479 4497 sunt,
1500 4432 1604 4487 nisi
1626 4432 1681 4488 in
1696 4431 1853 4498 cmlo,

281 4536 342 4582 et
391 4523 518 4580 mali
549 4524 650 4581 soli
695 4538 957 4595 nusquam
997 4532 1162 4589 sunt,
1211 4525 1314 4580 nisi
1355 4525 1412 4583 in
1448 4524 1678 4581 inferno.
1734 4524 1860 4579 [hec

283 4623 469 4673 autem
515 4613 657 4678 vita.
688 4629 807 4684 qua:
846 4612 990 4671 inter
1016 4613 1211 4670 omium
1241 4621 1295 4669 et
1318 4613 1589 4670 infernum
1624 4615 1727 4669 sita
1754 4623 1860 4679 cst,

281 4707 431 4761 sicut
456 4704 512 4759 in
544 4704 720 4761 medio
746 4704 1016 4771 subsistit,
1046 4705 1120 4760 ita
1148 4713 1500 4775 utrarumque
1527 4705 1760 4774 partium
1790 4705 1862 4759 cio

287 4813 385 4852 res
405 4795 764 4854 communiter
791 4795 999 4865 recipit.
1470 4856 1477 4861 Α

358 4885 584 4944 Intravit
609 4895 782 4942 autem
812 4903 921 4951 rex,
948 4897 1006 4945 ut
1037 4887 1228 4944 videret
1255 4886 1631 4943 discumbentes
1655 4896 1703 4941 ct
1730 4886 1859 4941 vidit

289 4978 362 5032 ibi
382 4979 666 5042 hominem,
696 4985 803 5033 etc.
831 4977 969 5045 Quid
994 4993 1122 5050 ergo
1149 4978 1406 5034 debemus
1432 4976 1733 5048 intelligere
1756 4993 1860 5033 nu-

285 5070 513 5141 ptialem
542 5078 767 5135 vestem,
798 5070 900 5125 nisi
927 5071 1268 5125 charitatem.
1299 5068 1469 5126 intrat
1486 5068 1634 5126 enim
1665 5069 1733 5124 ad
1754 5084 1858 5126 nu-

286 5161 451 5232 ptias,
480 5159 575 5229 su
602 5174 722 5215 cum
755 5159 978 5230 nuptiali
1010 5169 1156 5216 veste
1183 5175 1289 5215 non
1313 5160 1502 5225 intrat,
1535 5160 1626 5229 qui
1654 5159 1709 5215 in
1730 5175 1861 5215 san-

289 5258 379 5307 cta
407 5248 655 5323 Ecclesia
678 5250 939 5306 assistens
968 5250 1125 5307 ﬁdem
1166 5251 1360 5315 lialrct,
1403 5251 1498 5306 sed
1536 5251 1860 5308 charitatetu

288 5354 397 5397 non
427 5339 612 5395 habet.
662 5337 828 5395 Recte
851 5340 995 5396 enim
1034 5340 1269 5396 charitas
1292 5341 1544 5411 nuptialis
1576 5341 1743 5397 vestis
1770 5357 1863 5397 vo—

286 5438 470 5496 catur,
497 5430 624 5501 quia
650 5430 790 5487 hanc
814 5430 868 5487 in
894 5443 954 5486 se
981 5431 1228 5487 conditor
1256 5440 1441 5488 noster
1464 5432 1652 5490 habuit
1671 5472 1687 5498 .
1732 5432 1858 5499 dum

284 5522 357 5578 ad
382 5520 654 5578 socianda:
676 5521 777 5576 sibi
803 5520 1053 5577 Ecclesia:
1078 5522 1294 5593 nuptias
1319 5523 1485 5580 venit.
1514 5522 1645 5579 Sola
1664 5523 1861 5593 quippe

291 5612 579 5669 dilectione
604 5611 698 5667 Dei
725 5611 926 5668 factum
949 5621 1056 5677 est,
1087 5620 1146 5668 ut
1174 5611 1292 5682 eius
1318 5613 1624 5685 unigenitus
1652 5621 1861 5671 mentes

291 5702 390 5761 sibi
417 5701 722 5760 electorum
743 5704 1019 5759 hominum
1047 5703 1242 5759 uniret.
1294 5703 1444 5761 Unde
1468 5702 1667 5759 Paulus
1692 5702 1857 5763 dicit:

688 5796 965 5857 Parant.
1004 5792 1131 5857 Cll.

1962 2250 2229 2325 gulorum,
2274 2256 2477 2312 invenit
2510 2273 2676 2311 unum
2712 2258 2805 2330 qui
2838 2267 2987 2317 veste
3028 2260 3245 2316 indutus
3287 2277 3395 2319 non
3420 2271 3540 2317 erat

1964 2347 2221 2416 nuptiali:
2250 2364 2390 2404 unus
2412 2348 2515 2405 iste
2542 2365 2731 2407 omnes
2758 2352 2848 2422 qui
2876 2352 3061 2407 sociati
3090 2363 3216 2408 sunt
3241 2354 3535 2410 malitiain-

1963 2435 2294 2508 telliguntur,
2327 2440 2494 2495 vestis
2518 2449 2702 2495 autem
2725 2441 2979 2512 nuptialis
3002 2451 3265 2514 pracccpta
3293 2452 3418 2499 sunt
3442 2445 3540 2500 Do-

1962 2526 2114 2592 mini,
2145 2537 2203 2583 et
2222 2544 2385 2600 opera
2408 2546 2529 2600 quas
2548 2531 2888 2602 complentur
2908 2547 2974 2588 ex
3001 2533 3117 2604 lege
3146 2546 3200 2589 et
3229 2534 3536 2607 Evangelio,

1962 2620 2194 2690 novique
2220 2621 2453 2676 hominis
2477 2621 2718 2678 efﬁciunt
2744 2624 3142 2681 vestimentum.
3192 2624 3249 2681 Si
3283 2625 3406 2696 quis
3436 2626 3539 2697 igi-

1963 2719 2053 2783 tur
2092 2713 2146 2768 in
2192 2721 2433 2784 tempore
2469 2713 2656 2783 iudicii
2707 2715 2956 2771 iuventus
2995 2713 3156 2773 fuerit
3193 2714 3297 2773 sub
3316 2715 3541 2771 nomine

1962 2800 2287 2866 Christiano,
2321 2818 2429 2859 non
2475 2804 2675 2859 habere
2704 2814 2905 2861 vestem
2935 2804 3250 2874 nuptialem,
3296 2805 3399 2859 hoc
3428 2814 3538 2868 est,

1962 2898 2167 2955 vestem
2197 2905 2391 2961 superc
2408 2910 2427 2946 ι
2444 2890 2593 2947 lcstis
2619 2892 2883 2956 hominis,
2912 2894 3005 2948 sed
3028 2901 3231 2948 vestem
3257 2893 3536 2962 pollutam,

1965 2980 2019 3035 id
2039 2989 2141 3043 est,
2174 2982 2375 3037 veteris
2399 2982 2633 3039 hominis
2655 2982 2934 3049 excubias,
2982 2983 3070 3039 hic
3095 2984 3276 3041 statim
3308 2984 3535 3056 corripi—

1968 3078 2056 3126 tur
2097 3080 2152 3126 et
2199 3071 2398 3127 dicitur
2439 3072 2489 3127 ci
2526 3090 2541 3125 ε
2589 3072 2800 3137 Amice,
2850 3074 3108 3145 quomodo
3145 3074 3246 3130 huc
3288 3073 3538 3130 intrasti?

1888 3139 1937 3201 Ο
1964 3159 2208 3215 Amicum
2233 3169 2414 3224 vocat,
2438 3161 2583 3231 quod
2613 3139 2874 3218 invitatus
2897 3163 2963 3217 ad
2986 3163 3196 3234 nuptias
3217 3172 3331 3229 est;
3363 3164 3536 3235 arguit

1964 3251 2327 3322 impudentiae,
2360 3249 2501 3322 quod
2538 3260 2686 3309 veste
2712 3252 2926 3310 sordida
2965 3254 3258 3313 munditias
3285 3254 3538 3326 polluerit

1962 3340 2250 3411 nuptiales.

2033 3432 2099 3486 At
2133 3420 2226 3486 ille
2252 3432 2528 3489 obmutuit.
2580 3432 2636 3489 lu
2686 3442 2927 3504 tempore
2974 3434 3117 3491 enim
3158 3436 3249 3492 illo
3293 3453 3398 3493 non
3434 3438 3537 3494 crit

1960 3522 2111 3578 locus
2137 3522 2501 3593 impudentirc,
2534 3540 2634 3579 nec
2660 3526 2885 3595 negandi
2919 3524 3164 3591 facultas,
3194 3542 3319 3583 cum
3351 3528 3537 3583 omnes

1959 3614 2138 3686 anguli
2167 3624 2221 3671 et
2247 3615 2480 3672 mundus
2501 3616 2616 3686 ipse
2644 3618 2792 3672 testis
2824 3617 2894 3670 sit
2914 3627 3284 3687 peccatorum.

2029 3705 2136 3777 (Ea:
2159 3701 2338 3778 (ἐι-σς.)
2361 3706 2517 3774 Quia,
2544 3708 2687 3777 quod
2709 3708 2813 3763 dici
2835 3708 2951 3764 sine
2972 3709 3175 3782 gemitu
3205 3725 3309 3766 non
3337 3720 3535 3783 potest,

1961 3797 2013 3852 in
2042 3796 2131 3853 illa
2157 3796 2494 3853 districtione
2528 3798 2729 3855 ultimae
2774 3800 3156 3873 increpationis
3182 3816 3341 3857 OlllllC
3368 3817 3532 3873 argu-

1959 3895 2195 3944 mentum
2227 3899 2404 3949 ccssat
2443 3891 2807 3948 excusationis
2834 3933 2852 3957 .
2900 3892 3099 3963 quippe
3120 3894 3246 3963 quia
3291 3894 3377 3949 ille
3409 3895 3537 3952 loris

1959 3980 2220 4050 increpat,
2263 3981 2353 4050 qui
2389 3989 2552 4036 testes
2599 3982 2943 4038 conscientia:
2993 3983 3140 4039 intus
3176 3983 3414 4041 animum
3444 4001 3536 4039 ac-

1958 4080 2126 4127 ςιινιιι.

2031 4159 2174 4214 Tum:
2197 4160 2331 4215 dixit
2354 4176 2468 4227 rex,
2492 4169 2598 4216 etc.
2626 4160 2889 4233 Ligantur
2918 4169 3045 4216 tunc
3066 4163 3230 4233 pedes
3253 4171 3309 4220 et
3335 4179 3532 4222 manus

1959 4266 2054 4321 per
2076 4250 2470 4306 districtioncm
2501 4253 2803 4318 scntcntim,
2830 4252 2920 4322 qui
2951 4253 3110 4307 modo
3136 4267 3168 4307 a
3196 4254 3380 4323 pravis
3404 4269 3534 4327 ope-

1961 4342 2109 4413 ribus
2135 4340 2289 4412 ligari
2337 4341 2626 4397 noluerunt
2667 4357 2764 4414 per
2790 4342 3216 4405 melinrationem
3245 4343 3401 4409 vitae;
3450 4346 3532 4401 vel

1962 4439 2110 4487 certe
2138 4440 2265 4486 tunc
2294 4432 2423 4501 ligat
2457 4448 2639 4505 plena,
2682 4450 2819 4504 quos
2848 4434 3007 4489 modo
3046 4450 3077 4491 a
3101 4435 3258 4494 bonis
3282 4437 3536 4506 operibus

1965 4522 2092 4593 ligat
2114 4521 2290 4591 culpa.
2336 4522 2503 4579 Pedes
2545 4523 2689 4579 enim
2733 4523 2824 4596 qui
2864 4523 3082 4580 visitare
3124 4540 3327 4596 aegrum
3369 4526 3532 4598 negli-

1960 4625 2114 4688 gunt,
2141 4631 2331 4672 manus
2353 4632 2473 4687 qua:
2496 4616 2629 4671 nihil
2656 4615 3019 4687 indigentibus
3050 4617 3304 4677 tribuunt.
3334 4634 3365 4674 a
3393 4618 3535 4675 bono

1962 4722 2125 4779 opere
2159 4707 2272 4779 iam
2300 4722 2367 4763 ex
2393 4707 2670 4763 voluntate
2713 4708 2858 4779 ligati
2906 4717 3052 4762 sunt.
3101 4709 3202 4777 Qui
3238 4726 3367 4782 ergo
3394 4728 3535 4767 nunc

1960 4807 2151 4867 sponte
2179 4798 2410 4869 ligantur
2453 4798 2505 4852 in
2542 4799 2706 4865 vitio,
2757 4808 2882 4854 tunc
2912 4799 2965 4853 in
3014 4801 3276 4871 supplicio
3301 4802 3536 4875 ligantur

1961 4887 2138 4942 inviti.
2472 4956 2475 4959 Α
2874 4960 2881 4965 1

2040 4978 2093 5032 Μ
2098 4979 2229 5034 inite
2241 4995 2378 5043 cum,
2393 4987 2498 5033 etc.
2523 4978 2807 5035 Interiores
2826 4979 3022 5051 quippe
3044 4981 3292 5037 tenebras
3306 4982 3535 5041 dicimus

1966 5067 2263 5122 crccitatcm
2291 5066 2493 5132 cordis,
2523 5068 2819 5124 exteriores
2845 5084 2973 5124 vero
2997 5070 3246 5125 tenebras
3274 5079 3532 5130 aeternam

1968 5168 2178 5213 noctem
2207 5157 2587 5215 damnationis.
2635 5157 2785 5215 Tunc
2823 5175 2953 5231 ergo
2983 5161 3267 5218 damnatus
3307 5166 3536 5235 quisque

1968 5266 2073 5306 non
2092 5250 2145 5305 in
2174 5250 2586 5315 interiores,scd
2603 5251 2653 5306 in
2678 5251 2980 5309 exteriores
3002 5256 3255 5310 tenebras
3279 5256 3533 5319 mittitur,

1966 5344 2091 5413 quia
2138 5342 2246 5398 illic
2277 5344 2478 5400 invitus
2518 5340 2798 5412 projicitur
2826 5343 2880 5398 in
2910 5355 3122 5401 noctem
3151 5347 3532 5410 damnationis,

1964 5431 2055 5501 qui
2099 5432 2186 5486 hic
2228 5439 2417 5501 sponte
2459 5431 2651 5487 cecidit
2679 5431 2730 5488 in
2756 5433 3047 5489 comitatem
3078 5435 3275 5490 cordis.
3313 5434 3414 5490 Ubi
3442 5432 3532 5489 lle-

1964 5530 2051 5576 tus
2092 5534 2304 5590 quoque
2332 5528 2387 5576 et
2428 5522 2629 5577 stridor
2668 5522 2907 5579 dentium
2935 5537 3057 5580 esse
3098 5523 3430 5594 perhibetur,
3475 5531 3531 5578 ut

1962 5612 2072 5667 illic
2100 5611 2286 5666 dentes
2332 5611 2623 5677 strideant,
2672 5614 2763 5683 qui
2794 5613 2884 5669 hic
2927 5614 2993 5667 de
3032 5613 3296 5667 edacitate
3326 5613 3532 5682 gaude-

1965 5704 2112 5763 bant.
2146 5701 2253 5759 Illic
2282 5703 2420 5760 oculi
2448 5701 2698 5770 deﬂeant,
2732 5704 2820 5773 qui
2846 5704 2930 5757 hic
2970 5718 3069 5771 per
3098 5702 3305 5760 illicitas
3334 5720 3530 5763 concuo

3012 5784 3139 5854 ’16
