  <div class='ocr_page' id='page_1' title='image "/cluster/home/n/w/nwhite01/storage/ocr_20150623/102/hvd.32044052820032/251.png"; bbox 0 0 1966 3102; ppageno 0'>
   <div class='ocr_carea' id='block_1_1' title="bbox 170 148 218 175">
    <p class='ocr_par' dir='ltr' id='par_1_1' title="bbox 170 148 218 175">
     <span class='ocr_line' id='line_1_1' title="bbox 170 148 218 175; baseline 0.021 -1"><span class='ocrx_word' id='word_1_1' title='bbox 170 148 218 175; x_wconf 72' lang='grc'><strong>491</strong></span> 
     </span>
    </p>
   </div>
   <div class='ocr_carea' id='block_1_2' title="bbox 804 143 1145 172">
    <p class='ocr_par' dir='ltr' id='par_1_2' title="bbox 804 143 1145 172">
     <span class='ocr_line' id='line_1_2' title="bbox 804 143 1145 172; baseline 0.003 -1"><span class='ocrx_word' id='word_1_2' title='bbox 804 144 979 171; x_wconf 67' lang='grc' dir='ltr'><strong>δΜΛῐὶΛϐῠΙ</strong></span> <span class='ocrx_word' id='word_1_3' title='bbox 998 143 1145 172; x_wconf 76' lang='lat' dir='ltr'><strong>ABBATiS</strong></span> 
     </span>
    </p>
   </div>
   <div class='ocr_carea' id='block_1_3' title="bbox 1746 149 1798 176">
    <p class='ocr_par' dir='ltr' id='par_1_3' title="bbox 1746 149 1798 176">
     <span class='ocr_line' id='line_1_3' title="bbox 1746 149 1798 176; baseline 0.019 -1"><span class='ocrx_word' id='word_1_4' title='bbox 1746 149 1798 176; x_wconf 64' lang='grc' dir='ltr'><strong>ωε</strong></span> 
     </span>
    </p>
   </div>
   <div class='ocr_carea' id='block_1_4' title="bbox 170 199 1800 239">
    <p class='ocr_par' dir='ltr' id='par_1_4' title="bbox 170 199 1800 239">
     <span class='ocr_line' id='line_1_4' title="bbox 170 199 1800 239; baseline -0.001 -8"><span class='ocrx_word' id='word_1_5' title='bbox 170 204 316 239; x_wconf 88' lang='lat' dir='ltr'><strong>pisccntias</strong></span> <span class='ocrx_word' id='word_1_6' title='bbox 337 202 514 230; x_wconf 81' lang='lat' dir='ltr'><strong>versabantur</strong></span> <span class='ocrx_word' id='word_1_7' title='bbox 527 221 533 233; x_wconf 93' lang='lat'><strong>,</strong></span> <span class='ocrx_word' id='word_1_8' title='bbox 559 204 691 235; x_wconf 85' lang='lat' dir='ltr'><strong>quatenus</strong></span> <span class='ocrx_word' id='word_1_9' title='bbox 715 199 818 234; x_wconf 81' lang='lat' dir='ltr'><strong>singula</strong></span> <span class='ocrx_word' id='word_1_10' title='bbox 843 207 955 234; x_wconf 78' lang='lat' dir='ltr'><strong>qureque</strong></span> <span class='ocrx_word' id='word_1_11' title='bbox 970 204 992 232; x_wconf 72' lang='grc' dir='ltr'><strong>Α</strong></span> <span class='ocrx_word' id='word_1_12' title='bbox 1006 199 1042 226; x_wconf 91' lang='lat' dir='ltr'><strong>sit</strong></span> <span class='ocrx_word' id='word_1_13' title='bbox 1063 203 1090 225; x_wconf 91' lang='lat' dir='ltr'><strong>ct</strong></span> <span class='ocrx_word' id='word_1_14' title='bbox 1110 199 1202 226; x_wconf 88' lang='lat' dir='ltr'><strong>lorica.</strong></span> <span class='ocrx_word' id='word_1_15' title='bbox 1227 199 1290 233; x_wconf 63' lang='lat' dir='ltr'><strong>Quae</strong></span> <span class='ocrx_word' id='word_1_16' title='bbox 1304 204 1394 227; x_wconf 88' lang='lat' dir='ltr'><strong>autem</strong></span> <span class='ocrx_word' id='word_1_17' title='bbox 1416 200 1467 228; x_wconf 88' lang='lat' dir='ltr'><strong>alia</strong></span> <span class='ocrx_word' id='word_1_18' title='bbox 1493 208 1568 228; x_wconf 86' lang='lat' dir='ltr'><strong>arma</strong></span> <span class='ocrx_word' id='word_1_19' title='bbox 1592 201 1638 228; x_wconf 88' lang='lat' dir='ltr'><strong>Dei</strong></span> <span class='ocrx_word' id='word_1_20' title='bbox 1654 209 1800 236; x_wconf 77' lang='lat' dir='ltr'><strong>possumus</strong></span> 
     </span>
    </p>
   </div>
   <div class='ocr_carea' id='block_1_5' title="bbox 171 245 958 282">
    <p class='ocr_par' dir='ltr' id='par_1_5' title="bbox 171 245 958 282">
     <span class='ocr_line' id='line_1_5' title="bbox 171 245 958 282; baseline -0.006 -6"><span class='ocrx_word' id='word_1_21' title='bbox 171 248 291 276; x_wconf 83' lang='lat' dir='ltr'><strong>membra</strong></span> <span class='ocrx_word' id='word_1_22' title='bbox 305 247 435 282; x_wconf 88' lang='lat' dir='ltr'><strong>supplicio</strong></span> <span class='ocrx_word' id='word_1_23' title='bbox 452 245 616 279; x_wconf 85' lang='lat' dir='ltr'><strong>subjaceant,</strong></span> <span class='ocrx_word' id='word_1_24' title='bbox 638 252 697 279; x_wconf 70' lang='lat' dir='ltr'><strong>qua:</strong></span> <span class='ocrx_word' id='word_1_25' title='bbox 714 245 759 272; x_wconf 92' lang='lat' dir='ltr'><strong>hic</strong></span> <span class='ocrx_word' id='word_1_26' title='bbox 773 245 886 279; x_wconf 81' lang='lat' dir='ltr'><strong>singulis</strong></span> <span class='ocrx_word' id='word_1_27' title='bbox 899 245 958 279; x_wconf 82' lang='lat' dir='ltr'><strong>qui-</strong></span> 
     </span>
    </p>
   </div>
   <div class='ocr_carea' id='block_1_6' title="bbox 170 289 957 327">
    <p class='ocr_par' dir='ltr' id='par_1_6' title="bbox 170 289 957 327">
     <span class='ocr_line' id='line_1_6' title="bbox 170 289 957 327; baseline -0.004 -8"><span class='ocrx_word' id='word_1_28' title='bbox 170 294 274 327; x_wconf 87' lang='lat' dir='ltr'><strong>bttsque</strong></span> <span class='ocrx_word' id='word_1_29' title='bbox 293 292 365 318; x_wconf 88' lang='lat' dir='ltr'><strong>vitiis</strong></span> <span class='ocrx_word' id='word_1_30' title='bbox 380 290 498 324; x_wconf 85' lang='lat' dir='ltr'><strong>subjecta</strong></span> <span class='ocrx_word' id='word_1_31' title='bbox 521 290 687 317; x_wconf 87' lang='lat' dir='ltr'><strong>serviebant.</strong></span> <span class='ocrx_word' id='word_1_32' title='bbox 711 289 766 325; x_wconf 78' lang='lat' dir='ltr'><strong>(Ea:</strong></span> <span class='ocrx_word' id='word_1_33' title='bbox 782 289 906 325; x_wconf 81' lang='lat' dir='ltr'><strong>Hieron.)</strong></span> <span class='ocrx_word' id='word_1_34' title='bbox 928 290 957 316; x_wconf 90' lang='lat' dir='ltr'><strong>in</strong></span> 
     </span>
    </p>
   </div>
   <div class='ocr_carea' id='block_1_7' title="bbox 170 335 957 372">
    <p class='ocr_par' dir='ltr' id='par_1_7' title="bbox 170 335 957 372">
     <span class='ocr_line' id='line_1_7' title="bbox 170 335 957 372; baseline -0.004 -8"><span class='ocrx_word' id='word_1_35' title='bbox 170 338 232 364; x_wconf 82' lang='lat' dir='ltr'><strong>ﬁetu</strong></span> <span class='ocrx_word' id='word_1_36' title='bbox 246 344 351 372; x_wconf 90' lang='lat' dir='ltr'><strong>quoque</strong></span> <span class='ocrx_word' id='word_1_37' title='bbox 369 336 508 364; x_wconf 79' lang='lat' dir='ltr'><strong>oculorum</strong></span> <span class='ocrx_word' id='word_1_38' title='bbox 522 339 549 361; x_wconf 91' lang='lat' dir='ltr'><strong>et</strong></span> <span class='ocrx_word' id='word_1_39' title='bbox 562 335 680 362; x_wconf 90' lang='lat' dir='ltr'><strong>stridore</strong></span> <span class='ocrx_word' id='word_1_40' title='bbox 692 335 823 367; x_wconf 88' lang='lat' dir='ltr'><strong>dentium,</strong></span> <span class='ocrx_word' id='word_1_41' title='bbox 836 341 885 369; x_wconf 86' lang='lat' dir='ltr'><strong>per</strong></span> <span class='ocrx_word' id='word_1_42' title='bbox 900 342 957 361; x_wconf 91' lang='lat' dir='ltr'><strong>me-</strong></span> 
     </span>
    </p>
   </div>
   <div class='ocr_carea' id='block_1_8' title="bbox 172 380 959 417">
    <p class='ocr_par' dir='ltr' id='par_1_8' title="bbox 172 380 959 417">
     <span class='ocr_line' id='line_1_8' title="bbox 172 380 959 417; baseline -0.004 -8"><span class='ocrx_word' id='word_1_43' title='bbox 172 383 310 417; x_wconf 83' lang='lat' dir='ltr'><strong>taphoram</strong></span> <span class='ocrx_word' id='word_1_44' title='bbox 323 382 505 409; x_wconf 83' lang='lat' dir='ltr'><strong>membrorum</strong></span> <span class='ocrx_word' id='word_1_45' title='bbox 512 381 695 416; x_wconf 72' lang='lat' dir='ltr'><strong>corporalium</strong></span> <span class='ocrx_word' id='word_1_46' title='bbox 708 380 862 415; x_wconf 78' lang='lat' dir='ltr'><strong>magnitudo</strong></span> <span class='ocrx_word' id='word_1_47' title='bbox 871 384 959 408; x_wconf 89' lang='lat' dir='ltr'><strong>osten-</strong></span> 
     </span>
    </p>
   </div>
   <div class='ocr_carea' id='block_1_9' title="bbox 169 428 707 455">
    <p class='ocr_par' dir='ltr' id='par_1_9' title="bbox 169 428 707 455">
     <span class='ocr_line' id='line_1_9' title="bbox 169 428 707 455; baseline -0.007 -1"><span class='ocrx_word' id='word_1_48' title='bbox 169 428 243 455; x_wconf 86' lang='lat' dir='ltr'><strong>ditur</strong></span> <span class='ocrx_word' id='word_1_49' title='bbox 256 430 462 454; x_wconf 84' lang='lat' dir='ltr'><strong>tormcntorum.</strong></span> <span class='ocrx_word' id='word_1_50' title='bbox 705 436 707 438; x_wconf 75' lang='grc'><strong>-</strong></span> 
     </span>
    </p>
   </div>
   <div class='ocr_carea' id='block_1_10' title="bbox 205 470 958 508">
    <p class='ocr_par' dir='ltr' id='par_1_10' title="bbox 205 470 958 508">
     <span class='ocr_line' id='line_1_10' title="bbox 205 470 958 508; baseline -0.001 -9"><span class='ocrx_word' id='word_1_51' title='bbox 205 472 283 499; x_wconf 71' lang='grc' dir='ltr'><strong>ΠειΗί</strong></span> <span class='ocrx_word' id='word_1_52' title='bbox 305 473 372 499; x_wconf 75' lang='lat' dir='ltr'><strong>enim</strong></span> <span class='ocrx_word' id='word_1_53' title='bbox 393 476 451 498; x_wconf 77' lang='lat' dir='ltr'><strong>sunt</strong></span> <span class='ocrx_word' id='word_1_54' title='bbox 473 472 578 504; x_wconf 80' lang='lat' dir='ltr'><strong>vocati,</strong></span> <span class='ocrx_word' id='word_1_55' title='bbox 605 472 682 507; x_wconf 82' lang='lat' dir='ltr'><strong>pauci</strong></span> <span class='ocrx_word' id='word_1_56' title='bbox 708 479 768 498; x_wconf 75' lang='lat' dir='ltr'><strong>vero</strong></span> <span class='ocrx_word' id='word_1_57' title='bbox 793 470 876 498; x_wconf 79' lang='lat' dir='ltr'><strong>electi.</strong></span> <span class='ocrx_word' id='word_1_58' title='bbox 907 470 958 508; x_wconf 75' lang='lat' dir='ltr'><strong>(Ex</strong></span> 
     </span>
    </p>
   </div>
   <div class='ocr_carea' id='block_1_11' title="bbox 169 515 956 552">
    <p class='ocr_par' dir='ltr' id='par_1_11' title="bbox 169 515 956 552">
     <span class='ocr_line' id='line_1_11' title="bbox 169 515 956 552; baseline -0.003 -8"><span class='ocrx_word' id='word_1_59' title='bbox 169 516 295 552; x_wconf 75' lang='lat' dir='ltr'><strong>August.)</strong></span> <span class='ocrx_word' id='word_1_60' title='bbox 308 516 410 543; x_wconf 79' lang='lat' dir='ltr'><strong>Paucos</strong></span> <span class='ocrx_word' id='word_1_61' title='bbox 423 515 593 549; x_wconf 86' lang='lat' dir='ltr'><strong>dicitjustos,</strong></span> <span class='ocrx_word' id='word_1_62' title='bbox 606 516 632 542; x_wconf 92' lang='lat' dir='ltr'><strong>in</strong></span> <span class='ocrx_word' id='word_1_63' title='bbox 645 516 845 551; x_wconf 82' lang='lat' dir='ltr'><strong>comparatione</strong></span> <span class='ocrx_word' id='word_1_64' title='bbox 858 515 956 542; x_wconf 94' lang='lat' dir='ltr'><strong>mullo-</strong></span> 
     </span>
    </p>
   </div>
   <div class='ocr_carea' id='block_1_12' title="bbox 170 562 957 597">
    <p class='ocr_par' dir='ltr' id='par_1_12' title="bbox 170 562 957 597">
     <span class='ocr_line' id='line_1_12' title="bbox 170 562 957 597; baseline -0.001 -7"><span class='ocrx_word' id='word_1_65' title='bbox 170 572 228 590; x_wconf 91' lang='lat' dir='ltr'><strong>rum</strong></span> <span class='ocrx_word' id='word_1_66' title='bbox 242 563 406 597; x_wconf 84' lang='lat' dir='ltr'><strong>iniquorum.</strong></span> <span class='ocrx_word' id='word_1_67' title='bbox 423 562 488 590; x_wconf 83' lang='lat' dir='ltr'><strong>Esse</strong></span> <span class='ocrx_word' id='word_1_68' title='bbox 502 567 590 590; x_wconf 89' lang='lat' dir='ltr'><strong>autem</strong></span> <span class='ocrx_word' id='word_1_69' title='bbox 604 570 653 597; x_wconf 83' lang='lat' dir='ltr'><strong>per</strong></span> <span class='ocrx_word' id='word_1_70' title='bbox 664 563 824 597; x_wconf 87' lang='lat' dir='ltr'><strong>semetipsos</strong></span> <span class='ocrx_word' id='word_1_71' title='bbox 836 563 957 589; x_wconf 83' lang='lat' dir='ltr'><strong>conside-</strong></span> 
     </span>
    </p>
   </div>
   <div class='ocr_carea' id='block_1_13' title="bbox 169 607 955 643">
    <p class='ocr_par' dir='ltr' id='par_1_13' title="bbox 169 607 955 643">
     <span class='ocr_line' id='line_1_13' title="bbox 169 607 955 643; baseline -0.001 -8"><span class='ocrx_word' id='word_1_72' title='bbox 169 613 243 636; x_wconf 86' lang='lat' dir='ltr'><strong>ratos</strong></span> <span class='ocrx_word' id='word_1_73' title='bbox 256 609 283 635; x_wconf 95' lang='lat' dir='ltr'><strong>in</strong></span> <span class='ocrx_word' id='word_1_74' title='bbox 296 615 392 643; x_wconf 78' lang='lat' dir='ltr'><strong>magno</strong></span> <span class='ocrx_word' id='word_1_75' title='bbox 402 615 525 639; x_wconf 83' lang='lat' dir='ltr'><strong>numero,</strong></span> <span class='ocrx_word' id='word_1_76' title='bbox 541 607 639 635; x_wconf 77' lang='lat' dir='ltr'><strong>diﬁuso</strong></span> <span class='ocrx_word' id='word_1_77' title='bbox 661 612 717 635; x_wconf 81' lang='lat' dir='ltr'><strong>toto</strong></span> <span class='ocrx_word' id='word_1_78' title='bbox 730 608 796 634; x_wconf 89' lang='lat' dir='ltr'><strong>orbe</strong></span> <span class='ocrx_word' id='word_1_79' title='bbox 814 611 955 640; x_wconf 87' lang='lat' dir='ltr'><strong>terrarum,</strong></span> 
     </span>
    </p>
   </div>
   <div class='ocr_carea' id='block_1_14' title="bbox 167 653 956 688">
    <p class='ocr_par' dir='ltr' id='par_1_14' title="bbox 167 653 956 688">
     <span class='ocr_line' id='line_1_14' title="bbox 167 653 956 688; baseline -0.004 -7"><span class='ocrx_word' id='word_1_80' title='bbox 167 658 306 681; x_wconf 87' lang='lat' dir='ltr'><strong>crescente</strong></span> <span class='ocrx_word' id='word_1_81' title='bbox 321 653 391 680; x_wconf 91' lang='lat' dir='ltr'><strong>inter</strong></span> <span class='ocrx_word' id='word_1_82' title='bbox 403 653 517 684; x_wconf 85' lang='lat' dir='ltr'><strong>zizania,</strong></span> <span class='ocrx_word' id='word_1_83' title='bbox 532 657 633 680; x_wconf 92' lang='lat' dir='ltr'><strong>etcum</strong></span> <span class='ocrx_word' id='word_1_84' title='bbox 645 653 721 688; x_wconf 83' lang='lat' dir='ltr'><strong>palea</strong></span> <span class='ocrx_word' id='word_1_85' title='bbox 735 660 820 687; x_wconf 87' lang='lat' dir='ltr'><strong>usque</strong></span> <span class='ocrx_word' id='word_1_86' title='bbox 840 653 873 679; x_wconf 89' lang='lat' dir='ltr'><strong>ad</strong></span> <span class='ocrx_word' id='word_1_87' title='bbox 887 653 956 679; x_wconf 84' lang='lat' dir='ltr'><strong>diem</strong></span> 
     </span>
    </p>
   </div>
   <div class='ocr_carea' id='block_1_15' title="bbox 168 697 958 732">
    <p class='ocr_par' dir='ltr' id='par_1_15' title="bbox 168 697 958 732">
     <span class='ocr_line' id='line_1_15' title="bbox 168 697 958 732; baseline 0 -8"><span class='ocrx_word' id='word_1_88' title='bbox 168 698 263 725; x_wconf 84' lang='lat' dir='ltr'><strong>messis</strong></span> <span class='ocrx_word' id='word_1_89' title='bbox 282 702 310 724; x_wconf 89' lang='lat' dir='ltr'><strong>et</strong></span> <span class='ocrx_word' id='word_1_90' title='bbox 323 697 516 729; x_wconf 84' lang='lat' dir='ltr'><strong>ventilationis,</strong></span> <span class='ocrx_word' id='word_1_91' title='bbox 542 704 603 723; x_wconf 78' lang='lat' dir='ltr'><strong>nam</strong></span> <span class='ocrx_word' id='word_1_92' title='bbox 617 697 643 724; x_wconf 93' lang='lat' dir='ltr'><strong>in</strong></span> <span class='ocrx_word' id='word_1_93' title='bbox 657 697 858 732; x_wconf 90' lang='lat' dir='ltr'><strong>comparatione</strong></span> <span class='ocrx_word' id='word_1_94' title='bbox 874 697 958 731; x_wconf 76' lang='lat' dir='ltr'><strong>palea:</strong></span> 
     </span>
    </p>
   </div>
   <div class='ocr_carea' id='block_1_16' title="bbox 168 743 956 780">
    <p class='ocr_par' dir='ltr' id='par_1_16' title="bbox 168 743 956 780">
     <span class='ocr_line' id='line_1_16' title="bbox 168 743 956 780; baseline 0.001 -9"><span class='ocrx_word' id='word_1_95' title='bbox 168 748 280 778; x_wconf 70' lang='lat' dir='ltr'><strong>mssunt</strong></span> <span class='ocrx_word' id='word_1_96' title='bbox 299 751 385 778; x_wconf 82' lang='lat' dir='ltr'><strong>pauca</strong></span> <span class='ocrx_word' id='word_1_97' title='bbox 397 751 480 778; x_wconf 78' lang='lat' dir='ltr'><strong>grana</strong></span> <span class='ocrx_word' id='word_1_98' title='bbox 496 743 559 774; x_wconf 88' lang='lat' dir='ltr'><strong>dici,</strong></span> <span class='ocrx_word' id='word_1_99' title='bbox 576 752 636 778; x_wconf 71' lang='lat' dir='ltr'><strong>qua:</strong></span> <span class='ocrx_word' id='word_1_100' title='bbox 649 748 739 771; x_wconf 84' lang='lat' dir='ltr'><strong>tamen</strong></span> <span class='ocrx_word' id='word_1_101' title='bbox 754 753 802 779; x_wconf 90' lang='lat' dir='ltr'><strong>per</strong></span> <span class='ocrx_word' id='word_1_102' title='bbox 816 752 845 772; x_wconf 89' lang='lat' dir='ltr'><strong>se</strong></span> <span class='ocrx_word' id='word_1_103' title='bbox 861 745 917 780; x_wconf 89' lang='lat' dir='ltr'><strong>ipsa</strong></span> <span class='ocrx_word' id='word_1_104' title='bbox 929 745 956 771; x_wconf 96' lang='lat' dir='ltr'><strong>in</strong></span> 
     </span>
    </p>
   </div>
   <div class='ocr_carea' id='block_1_17' title="bbox 168 789 853 825">
    <p class='ocr_par' dir='ltr' id='par_1_17' title="bbox 168 789 853 825">
     <span class='ocr_line' id='line_1_17' title="bbox 168 789 853 825; baseline 0 -8"><span class='ocrx_word' id='word_1_105' title='bbox 168 798 281 817; x_wconf 86' lang='lat' dir='ltr'><strong>massam</strong></span> <span class='ocrx_word' id='word_1_106' title='bbox 298 790 404 817; x_wconf 84' lang='lat' dir='ltr'><strong>redacta</strong></span> <span class='ocrx_word' id='word_1_107' title='bbox 419 789 531 825; x_wconf 87' lang='lat' dir='ltr'><strong>implent</strong></span> <span class='ocrx_word' id='word_1_108' title='bbox 542 790 704 817; x_wconf 90' lang='lat' dir='ltr'><strong>dominicum</strong></span> <span class='ocrx_word' id='word_1_109' title='bbox 716 790 853 818; x_wconf 87' lang='lat' dir='ltr'><strong>horreum.</strong></span> 
     </span>
    </p>
   </div>
   <div class='ocr_carea' id='block_1_18' title="bbox 203 834 954 871">
    <p class='ocr_par' dir='ltr' id='par_1_18' title="bbox 203 834 954 871">
     <span class='ocr_line' id='line_1_18' title="bbox 203 834 954 871; baseline 0.003 -10"><span class='ocrx_word' id='word_1_110' title='bbox 203 835 257 870; x_wconf 79' lang='lat' dir='ltr'><strong>(Ea:</strong></span> <span class='ocrx_word' id='word_1_111' title='bbox 269 834 358 870; x_wconf 79' lang='lat' dir='ltr'><strong>Greg.)</strong></span> <span class='ocrx_word' id='word_1_112' title='bbox 380 835 449 862; x_wconf 83' lang='lat' dir='ltr'><strong>Ecce</strong></span> <span class='ocrx_word' id='word_1_113' title='bbox 463 843 512 862; x_wconf 90' lang='lat' dir='ltr'><strong>nos</strong></span> <span class='ocrx_word' id='word_1_114' title='bbox 525 842 618 862; x_wconf 88' lang='lat' dir='ltr'><strong>omnes</strong></span> <span class='ocrx_word' id='word_1_115' title='bbox 629 836 684 870; x_wconf 85' lang='lat' dir='ltr'><strong>jam</strong></span> <span class='ocrx_word' id='word_1_116' title='bbox 699 837 785 863; x_wconf 79' lang='lat' dir='ltr'><strong>vocati</strong></span> <span class='ocrx_word' id='word_1_117' title='bbox 802 844 851 871; x_wconf 90' lang='lat' dir='ltr'><strong>per</strong></span> <span class='ocrx_word' id='word_1_118' title='bbox 864 836 954 868; x_wconf 76' lang='lat' dir='ltr'><strong>ﬁdem,</strong></span> 
     </span>
    </p>
   </div>
   <div class='ocr_carea' id='block_1_19' title="bbox 1008 244 1799 279">
    <p class='ocr_par' dir='ltr' id='par_1_19' title="bbox 1008 244 1799 279">
     <span class='ocr_line' id='line_1_19' title="bbox 1008 244 1799 279; baseline 0.005 -9"><span class='ocrx_word' id='word_1_119' title='bbox 1008 245 1160 277; x_wconf 64' lang='lat' dir='ltr'><strong>aestimare,</strong></span> <span class='ocrx_word' id='word_1_120' title='bbox 1185 244 1284 279; x_wconf 84' lang='lat' dir='ltr'><strong>quibus</strong></span> <span class='ocrx_word' id='word_1_121' title='bbox 1300 245 1448 272; x_wconf 86' lang='lat' dir='ltr'><strong>induendus</strong></span> <span class='ocrx_word' id='word_1_122' title='bbox 1470 249 1521 277; x_wconf 84' lang='lat' dir='ltr'><strong>est,</strong></span> <span class='ocrx_word' id='word_1_123' title='bbox 1545 246 1590 279; x_wconf 86' lang='lat' dir='ltr'><strong>qui</strong></span> <span class='ocrx_word' id='word_1_124' title='bbox 1607 246 1689 273; x_wconf 82' lang='lat' dir='ltr'><strong>habet</strong></span> <span class='ocrx_word' id='word_1_125' title='bbox 1704 247 1799 274; x_wconf 79' lang='lat' dir='ltr'><strong>adver—</strong></span> 
     </span>
    </p>
   </div>
   <div class='ocr_carea' id='block_1_20' title="bbox 1008 289 1799 328">
    <p class='ocr_par' dir='ltr' id='par_1_20' title="bbox 1008 289 1799 328">
     <span class='ocr_line' id='line_1_20' title="bbox 1008 289 1799 328; baseline 0.005 -12"><span class='ocrx_word' id='word_1_126' title='bbox 1008 297 1067 316; x_wconf 91' lang='lat' dir='ltr'><strong>sum</strong></span> <span class='ocrx_word' id='word_1_127' title='bbox 1083 289 1180 317; x_wconf 85' lang='lat' dir='ltr'><strong>diaboli</strong></span> <span class='ocrx_word' id='word_1_128' title='bbox 1198 290 1327 317; x_wconf 88' lang='lat' dir='ltr'><strong>dimicare</strong></span> <span class='ocrx_word' id='word_1_129' title='bbox 1341 291 1486 323; x_wconf 88' lang='lat' dir='ltr'><strong>versutias,</strong></span> <span class='ocrx_word' id='word_1_130' title='bbox 1501 295 1612 326; x_wconf 84' lang='lat' dir='ltr'><strong>excepta</strong></span> <span class='ocrx_word' id='word_1_131' title='bbox 1627 292 1728 319; x_wconf 88' lang='lat' dir='ltr'><strong>virtute</strong></span> <span class='ocrx_word' id='word_1_132' title='bbox 1739 301 1799 328; x_wconf 78' lang='lat' dir='ltr'><strong>qua:</strong></span> 
     </span>
    </p>
   </div>
   <div class='ocr_carea' id='block_1_21' title="bbox 1008 333 1799 372">
    <p class='ocr_par' dir='ltr' id='par_1_21' title="bbox 1008 333 1799 372">
     <span class='ocr_line' id='line_1_21' title="bbox 1008 333 1799 372; baseline 0.006 -12"><span class='ocrx_word' id='word_1_133' title='bbox 1008 333 1132 361; x_wconf 87' lang='lat' dir='ltr'><strong>Christus</strong></span> <span class='ocrx_word' id='word_1_134' title='bbox 1144 339 1195 367; x_wconf 84' lang='lat' dir='ltr'><strong>est,</strong></span> <span class='ocrx_word' id='word_1_135' title='bbox 1215 335 1288 362; x_wconf 86' lang='lat' dir='ltr'><strong>hunc</strong></span> <span class='ocrx_word' id='word_1_136' title='bbox 1304 335 1376 362; x_wconf 87' lang='lat' dir='ltr'><strong>enim</strong></span> <span class='ocrx_word' id='word_1_137' title='bbox 1395 335 1440 369; x_wconf 92' lang='lat' dir='ltr'><strong>qui</strong></span> <span class='ocrx_word' id='word_1_138' title='bbox 1451 333 1529 368; x_wconf 77' lang='lat' dir='ltr'><strong>juxta</strong></span> <span class='ocrx_word' id='word_1_139' title='bbox 1541 336 1633 362; x_wconf 79' lang='lat' dir='ltr'><strong>omnia</strong></span> <span class='ocrx_word' id='word_1_140' title='bbox 1647 344 1707 370; x_wconf 57' lang='lat' dir='ltr'><strong>quae</strong></span> <span class='ocrx_word' id='word_1_141' title='bbox 1719 345 1799 372; x_wconf 85' lang='lat' dir='ltr'><strong>super</strong></span> 
     </span>
    </p>
   </div>
   <div class='ocr_carea' id='block_1_22' title="bbox 1007 378 1798 414">
    <p class='ocr_par' dir='ltr' id='par_1_22' title="bbox 1007 378 1798 414">
     <span class='ocr_line' id='line_1_22' title="bbox 1007 378 1798 414; baseline 0.006 -9"><span class='ocrx_word' id='word_1_142' title='bbox 1007 385 1040 405; x_wconf 92' lang='lat' dir='ltr'><strong>eo</strong></span> <span class='ocrx_word' id='word_1_143' title='bbox 1056 378 1241 414; x_wconf 78' lang='lat' dir='ltr'><strong>intelliguntur</strong></span> <span class='ocrx_word' id='word_1_144' title='bbox 1266 378 1348 407; x_wconf 80' lang='lat' dir='ltr'><strong>fuerit</strong></span> <span class='ocrx_word' id='word_1_145' title='bbox 1371 379 1491 412; x_wconf 87' lang='lat' dir='ltr'><strong>indutus,</strong></span> <span class='ocrx_word' id='word_1_146' title='bbox 1516 385 1614 414; x_wconf 86' lang='lat' dir='ltr'><strong>potens</strong></span> <span class='ocrx_word' id='word_1_147' title='bbox 1634 381 1687 408; x_wconf 92' lang='lat' dir='ltr'><strong>erit</strong></span> <span class='ocrx_word' id='word_1_148' title='bbox 1704 386 1798 410; x_wconf 83' lang='lat' dir='ltr'><strong>contra</strong></span> 
     </span>
    </p>
   </div>
   <div class='ocr_carea' id='block_1_23' title="bbox 1008 423 1800 460">
    <p class='ocr_par' dir='ltr' id='par_1_23' title="bbox 1008 423 1800 460">
     <span class='ocr_line' id='line_1_23' title="bbox 1008 423 1800 460; baseline 0.008 -10"><span class='ocrx_word' id='word_1_149' title='bbox 1008 423 1148 451; x_wconf 86' lang='lat' dir='ltr'><strong>universas</strong></span> <span class='ocrx_word' id='word_1_150' title='bbox 1159 424 1270 452; x_wconf 83' lang='lat' dir='ltr'><strong>insidias</strong></span> <span class='ocrx_word' id='word_1_151' title='bbox 1283 424 1382 452; x_wconf 84' lang='lat' dir='ltr'><strong>diaboli</strong></span> <span class='ocrx_word' id='word_1_152' title='bbox 1396 433 1555 460; x_wconf 78' lang='lat' dir='ltr'><strong>repugnare.</strong></span> <span class='ocrx_word' id='word_1_153' title='bbox 1569 427 1697 455; x_wconf 78' lang='lat' dir='ltr'><strong>Diabolus</strong></span> <span class='ocrx_word' id='word_1_154' title='bbox 1709 433 1800 456; x_wconf 87' lang='lat' dir='ltr'><strong>autem</strong></span> 
     </span>
    </p>
   </div>
   <div class='ocr_carea' id='block_1_24' title="bbox 1007 469 1799 506">
    <p class='ocr_par' dir='ltr' id='par_1_24' title="bbox 1007 469 1799 506">
     <span class='ocr_line' id='line_1_24' title="bbox 1007 469 1799 506; baseline 0.009 -11"><span class='ocrx_word' id='word_1_155' title='bbox 1007 476 1104 496; x_wconf 83' lang='lat' dir='ltr'><strong>nomen</strong></span> <span class='ocrx_word' id='word_1_156' title='bbox 1120 469 1243 497; x_wconf 77' lang='lat' dir='ltr'><strong>Graecum</strong></span> <span class='ocrx_word' id='word_1_157' title='bbox 1259 475 1312 502; x_wconf 81' lang='lat' dir='ltr'><strong>est,</strong></span> <span class='ocrx_word' id='word_1_158' title='bbox 1329 471 1401 505; x_wconf 86' lang='lat' dir='ltr'><strong>quod</strong></span> <span class='ocrx_word' id='word_1_159' title='bbox 1418 471 1612 506; x_wconf 85' lang='lat' dir='ltr'><strong>interpretatur</strong></span> <span class='ocrx_word' id='word_1_160' title='bbox 1628 474 1799 502; x_wconf 82' lang='lat' dir='ltr'><strong>criminator.</strong></span> 
     </span>
    </p>
   </div>
   <div class='ocr_carea' id='block_1_25' title="bbox 1007 512 1800 553">
    <p class='ocr_par' dir='ltr' id='par_1_25' title="bbox 1007 512 1800 553">
     <span class='ocr_line' id='line_1_25' title="bbox 1007 512 1800 553; baseline 0.009 -14"><span class='ocrx_word' id='word_1_161' title='bbox 1007 512 1087 540; x_wconf 77' lang='lat' dir='ltr'><strong>Juxta</strong></span> <span class='ocrx_word' id='word_1_162' title='bbox 1101 513 1206 541; x_wconf 61' lang='lat' dir='ltr'><strong>Hebraei</strong></span> <span class='ocrx_word' id='word_1_163' title='bbox 1228 522 1291 542; x_wconf 90' lang='lat' dir='ltr'><strong>vero</strong></span> <span class='ocrx_word' id='word_1_164' title='bbox 1314 515 1447 542; x_wconf 80' lang='lat' dir='ltr'><strong>sermonis</strong></span> <span class='ocrx_word' id='word_1_165' title='bbox 1467 517 1670 551; x_wconf 78' lang='lat' dir='ltr'><strong>proprietatem,</strong></span> <span class='ocrx_word' id='word_1_166' title='bbox 1696 519 1759 553; x_wconf 92' lang='lat' dir='ltr'><strong>quia</strong></span> <span class='ocrx_word' id='word_1_167' title='bbox 1771 525 1800 547; x_wconf 89' lang='lat' dir='ltr'><strong>et</strong></span> 
     </span>
    </p>
   </div>
   <div class='ocr_carea' id='block_1_26' title="bbox 1007 558 1799 597">
    <p class='ocr_par' dir='ltr' id='par_1_26' title="bbox 1007 558 1799 597">
     <span class='ocr_line' id='line_1_26' title="bbox 1007 558 1799 597; baseline 0.009 -13"><span class='ocrx_word' id='word_1_168' title='bbox 1007 558 1094 585; x_wconf 88' lang='lat' dir='ltr'><strong>tribus</strong></span> <span class='ocrx_word' id='word_1_169' title='bbox 1105 558 1225 585; x_wconf 82' lang='lat' dir='ltr'><strong>Zabulon</strong></span> <span class='ocrx_word' id='word_1_170' title='bbox 1243 559 1387 594; x_wconf 83' lang='lat' dir='ltr'><strong>quamdam</strong></span> <span class='ocrx_word' id='word_1_171' title='bbox 1409 560 1613 589; x_wconf 86' lang='lat' dir='ltr'><strong>similitudinem</strong></span> <span class='ocrx_word' id='word_1_172' title='bbox 1627 562 1706 597; x_wconf 84' lang='lat' dir='ltr'><strong>hujus</strong></span> <span class='ocrx_word' id='word_1_173' title='bbox 1719 571 1799 591; x_wconf 84' lang='lat' dir='ltr'><strong>voca-</strong></span> 
     </span>
    </p>
   </div>
   <div class='ocr_carea' id='block_1_27' title="bbox 1006 603 1800 642">
    <p class='ocr_par' dir='ltr' id='par_1_27' title="bbox 1006 603 1800 642">
     <span class='ocr_line' id='line_1_27' title="bbox 1006 603 1800 642; baseline 0.005 -12"><span class='ocrx_word' id='word_1_174' title='bbox 1006 603 1061 630; x_wconf 89' lang='lat' dir='ltr'><strong>buli</strong></span> <span class='ocrx_word' id='word_1_175' title='bbox 1074 604 1163 635; x_wconf 91' lang='lat' dir='ltr'><strong>habet,</strong></span> <span class='ocrx_word' id='word_1_176' title='bbox 1177 603 1368 641; x_wconf 62' lang='grc' dir='ltr'><strong>ηταῇῥίων,ίά</strong></span> <span class='ocrx_word' id='word_1_177' title='bbox 1378 610 1420 632; x_wconf 85' lang='lat' dir='ltr'><strong>est</strong></span> <span class='ocrx_word' id='word_1_178' title='bbox 1435 605 1560 632; x_wconf 84' lang='lat' dir='ltr'><strong>deorsum</strong></span> <span class='ocrx_word' id='word_1_179' title='bbox 1574 605 1670 638; x_wconf 89' lang='lat' dir='ltr'><strong>ﬁucns,</strong></span> <span class='ocrx_word' id='word_1_180' title='bbox 1687 607 1739 634; x_wconf 89' lang='lat' dir='ltr'><strong>dici</strong></span> <span class='ocrx_word' id='word_1_181' title='bbox 1754 616 1800 642; x_wconf 86' lang='lat' dir='ltr'><strong>po-</strong></span> 
     </span>
    </p>
   </div>
   <div class='ocr_carea' id='block_1_28' title="bbox 1007 649 1797 684">
    <p class='ocr_par' dir='ltr' id='par_1_28' title="bbox 1007 649 1797 684">
     <span class='ocr_line' id='line_1_28' title="bbox 1007 649 1797 684; baseline 0.004 -9"><span class='ocrx_word' id='word_1_182' title='bbox 1007 652 1075 681; x_wconf 82' lang='lat' dir='ltr'><strong>test,</strong></span> <span class='ocrx_word' id='word_1_183' title='bbox 1099 649 1170 683; x_wconf 89' lang='lat' dir='ltr'><strong>quod</strong></span> <span class='ocrx_word' id='word_1_184' title='bbox 1193 649 1296 676; x_wconf 88' lang='lat' dir='ltr'><strong>scilicet</strong></span> <span class='ocrx_word' id='word_1_185' title='bbox 1319 650 1447 684; x_wconf 80' lang='lat' dir='ltr'><strong>paulatim</strong></span> <span class='ocrx_word' id='word_1_186' title='bbox 1471 651 1503 677; x_wconf 88' lang='lat' dir='ltr'><strong>de</strong></span> <span class='ocrx_word' id='word_1_187' title='bbox 1524 651 1623 677; x_wconf 81' lang='lat' dir='ltr'><strong>virtute</strong></span> <span class='ocrx_word' id='word_1_188' title='bbox 1646 652 1680 678; x_wconf 89' lang='lat' dir='ltr'><strong>ad</strong></span> <span class='ocrx_word' id='word_1_189' title='bbox 1703 652 1797 679; x_wconf 77' lang='lat' dir='ltr'><strong>vitium</strong></span> 
     </span>
    </p>
   </div>
   <div class='ocr_carea' id='block_1_29' title="bbox 1007 692 1690 723">
    <p class='ocr_par' dir='ltr' id='par_1_29' title="bbox 1007 692 1690 723">
     <span class='ocr_line' id='line_1_29' title="bbox 1007 692 1690 723; baseline 0.004 -3"><span class='ocrx_word' id='word_1_190' title='bbox 1007 692 1114 721; x_wconf 81' lang='lat' dir='ltr'><strong>ﬁnxerit</strong></span> <span class='ocrx_word' id='word_1_191' title='bbox 1126 698 1154 721; x_wconf 89' lang='lat' dir='ltr'><strong>et</strong></span> <span class='ocrx_word' id='word_1_192' title='bbox 1166 694 1199 721; x_wconf 82' lang='lat' dir='ltr'><strong>de</strong></span> <span class='ocrx_word' id='word_1_193' title='bbox 1211 694 1367 722; x_wconf 87' lang='lat' dir='ltr'><strong>ccclestibus</strong></span> <span class='ocrx_word' id='word_1_194' title='bbox 1380 695 1412 722; x_wconf 90' lang='lat' dir='ltr'><strong>ad</strong></span> <span class='ocrx_word' id='word_1_195' title='bbox 1431 701 1538 722; x_wconf 83' lang='lat' dir='ltr'><strong>terrena</strong></span> <span class='ocrx_word' id='word_1_196' title='bbox 1548 697 1690 723; x_wconf 86' lang='lat' dir='ltr'><strong>corruerit.</strong></span> 
     </span>
    </p>
   </div>
   <div class='ocr_carea' id='block_1_30' title="bbox 1043 737 1796 770">
    <p class='ocr_par' dir='ltr' id='par_1_30' title="bbox 1043 737 1796 770">
     <span class='ocr_line' id='line_1_30' title="bbox 1043 737 1796 770; baseline 0.004 -6"><span class='ocrx_word' id='word_1_197' title='bbox 1043 737 1174 770; x_wconf 75' lang='lat' dir='ltr'><strong>Quoniam</strong></span> <span class='ocrx_word' id='word_1_198' title='bbox 1184 746 1235 765; x_wconf 79' lang='lat' dir='ltr'><strong>non</strong></span> <span class='ocrx_word' id='word_1_199' title='bbox 1250 743 1287 765; x_wconf 70' lang='lat' dir='ltr'><strong>est</strong></span> <span class='ocrx_word' id='word_1_200' title='bbox 1301 739 1374 766; x_wconf 66' lang='lat' dir='ltr'><strong>nobis</strong></span> <span class='ocrx_word' id='word_1_201' title='bbox 1389 740 1540 766; x_wconf 78' lang='lat' dir='ltr'><strong>colluctatio</strong></span> <span class='ocrx_word' id='word_1_202' title='bbox 1555 741 1678 767; x_wconf 71' lang='lat' dir='ltr'><strong>adversus</strong></span> <span class='ocrx_word' id='word_1_203' title='bbox 1694 748 1796 768; x_wconf 75' lang='lat' dir='ltr'><strong>carnem</strong></span> 
     </span>
    </p>
   </div>
   <div class='ocr_carea' id='block_1_31' title="bbox 1006 777 1796 820">
    <p class='ocr_par' dir='ltr' id='par_1_31' title="bbox 1006 777 1796 820">
     <span class='ocr_line' id='line_1_31' title="bbox 1006 777 1796 820; baseline 0.005 -10"><span class='ocrx_word' id='word_1_204' title='bbox 1006 787 1030 811; x_wconf 82' lang='lat' dir='ltr'><strong>et</strong></span> <span class='ocrx_word' id='word_1_205' title='bbox 1042 777 1206 819; x_wconf 63' lang='lat' dir='ltr'><strong>sanguinem,</strong></span> <span class='ocrx_word' id='word_1_206' title='bbox 1222 789 1275 812; x_wconf 86' lang='lat' dir='ltr'><strong>etc.</strong></span> <span class='ocrx_word' id='word_1_207' title='bbox 1298 784 1415 812; x_wconf 64' lang='lat' dir='ltr'><strong>Estimo</strong></span> <span class='ocrx_word' id='word_1_208' title='bbox 1434 787 1531 820; x_wconf 86' lang='lat' dir='ltr'><strong>quippe</strong></span> <span class='ocrx_word' id='word_1_209' title='bbox 1544 787 1675 814; x_wconf 88' lang='lat' dir='ltr'><strong>adversus</strong></span> <span class='ocrx_word' id='word_1_210' title='bbox 1688 795 1796 814; x_wconf 77' lang='lat' dir='ltr'><strong>carnem</strong></span> 
     </span>
    </p>
   </div>
   <div class='ocr_carea' id='block_1_32' title="bbox 1007 829 1798 867">
    <p class='ocr_par' dir='ltr' id='par_1_32' title="bbox 1007 829 1798 867">
     <span class='ocr_line' id='line_1_32' title="bbox 1007 829 1798 867; baseline 0.005 -12"><span class='ocrx_word' id='word_1_211' title='bbox 1007 833 1035 855; x_wconf 88' lang='lat' dir='ltr'><strong>et</strong></span> <span class='ocrx_word' id='word_1_212' title='bbox 1047 829 1203 864; x_wconf 74' lang='lat' dir='ltr'><strong>sanguinem</strong></span> <span class='ocrx_word' id='word_1_213' title='bbox 1219 837 1279 857; x_wconf 86' lang='lat' dir='ltr'><strong>esse</strong></span> <span class='ocrx_word' id='word_1_214' title='bbox 1290 831 1455 863; x_wconf 82' lang='lat' dir='ltr'><strong>certamina,</strong></span> <span class='ocrx_word' id='word_1_215' title='bbox 1472 832 1579 865; x_wconf 82' lang='lat' dir='ltr'><strong>quando</strong></span> <span class='ocrx_word' id='word_1_216' title='bbox 1593 839 1657 859; x_wconf 80' lang='lat' dir='ltr'><strong>caro</strong></span> <span class='ocrx_word' id='word_1_217' title='bbox 1673 834 1798 867; x_wconf 85' lang='lat' dir='ltr'><strong>concupi-</strong></span> 
     </span>
    </p>
   </div>
   <div class='ocr_carea' id='block_1_33' title="bbox 167 875 953 915">
    <p class='ocr_par' dir='ltr' id='par_1_33' title="bbox 167 880 953 915">
     <span class='ocr_line' id='line_1_33' title="bbox 167 880 953 915; baseline 0.003 -9"><span class='ocrx_word' id='word_1_218' title='bbox 167 880 201 907; x_wconf 82' lang='lat' dir='ltr'><strong>ad</strong></span> <span class='ocrx_word' id='word_1_219' title='bbox 212 880 329 907; x_wconf 72' lang='lat' dir='ltr'><strong>cmlestis</strong></span> <span class='ocrx_word' id='word_1_220' title='bbox 343 880 413 915; x_wconf 74' lang='lat' dir='ltr'><strong>regis</strong></span> <span class='ocrx_word' id='word_1_221' title='bbox 432 880 542 914; x_wconf 83' lang='lat' dir='ltr'><strong>nuptias</strong></span> <span class='ocrx_word' id='word_1_222' title='bbox 560 880 690 913; x_wconf 86' lang='lat' dir='ltr'><strong>venimus,</strong></span> <span class='ocrx_word' id='word_1_223' title='bbox 706 881 751 915; x_wconf 90' lang='lat' dir='ltr'><strong>qui</strong></span> <span class='ocrx_word' id='word_1_224' title='bbox 764 881 953 909; x_wconf 83' lang='lat' dir='ltr'><strong>incarnationis</strong></span> 
     </span>
    </p>
   </div>
   <div class='ocr_carea' id='block_1_34' title="bbox 1005 875 1799 915">
    <p class='ocr_par' dir='ltr' id='par_1_34' title="bbox 1008 875 1799 912">
     <span class='ocr_line' id='line_1_34' title="bbox 1008 875 1799 912; baseline 0.004 -10"><span class='ocrx_word' id='word_1_225' title='bbox 1008 875 1060 902; x_wconf 89' lang='lat' dir='ltr'><strong>scit</strong></span> <span class='ocrx_word' id='word_1_226' title='bbox 1071 875 1199 902; x_wconf 86' lang='lat' dir='ltr'><strong>adversus</strong></span> <span class='ocrx_word' id='word_1_227' title='bbox 1214 876 1348 910; x_wconf 85' lang='lat' dir='ltr'><strong>spiritum,</strong></span> <span class='ocrx_word' id='word_1_228' title='bbox 1372 881 1399 903; x_wconf 90' lang='lat' dir='ltr'><strong>et</strong></span> <span class='ocrx_word' id='word_1_229' title='bbox 1410 881 1537 911; x_wconf 78' lang='lat' dir='ltr'><strong>provocat.</strong></span> <span class='ocrx_word' id='word_1_230' title='bbox 1551 884 1600 905; x_wconf 87' lang='lat' dir='ltr'><strong>nos</strong></span> <span class='ocrx_word' id='word_1_231' title='bbox 1614 877 1703 905; x_wconf 81' lang='lat' dir='ltr'><strong>facere</strong></span> <span class='ocrx_word' id='word_1_232' title='bbox 1715 886 1799 912; x_wconf 83' lang='lat' dir='ltr'><strong>opera</strong></span> 
     </span>
    </p>
   </div>
   <div class='ocr_carea' id='block_1_35' title="bbox 166 923 955 959">
    <p class='ocr_par' dir='ltr' id='par_1_35' title="bbox 166 923 955 959">
     <span class='ocr_line' id='line_1_35' title="bbox 166 923 955 959; baseline 0.003 -9"><span class='ocrx_word' id='word_1_233' title='bbox 166 925 225 958; x_wconf 75' lang='lat' dir='ltr'><strong>ejus</strong></span> <span class='ocrx_word' id='word_1_234' title='bbox 240 923 398 959; x_wconf 83' lang='lat' dir='ltr'><strong>mysterium</strong></span> <span class='ocrx_word' id='word_1_235' title='bbox 420 927 447 950; x_wconf 90' lang='lat' dir='ltr'><strong>et</strong></span> <span class='ocrx_word' id='word_1_236' title='bbox 468 924 621 957; x_wconf 82' lang='lat' dir='ltr'><strong>credimus,</strong></span> <span class='ocrx_word' id='word_1_237' title='bbox 644 928 671 952; x_wconf 85' lang='lat' dir='ltr'><strong>et</strong></span> <span class='ocrx_word' id='word_1_238' title='bbox 684 924 857 957; x_wconf 83' lang='lat' dir='ltr'><strong>conﬁtemur,</strong></span> <span class='ocrx_word' id='word_1_239' title='bbox 874 925 955 952; x_wconf 84' lang='lat' dir='ltr'><strong>divini</strong></span> 
     </span>
    </p>
   </div>
   <div class='ocr_carea' id='block_1_36' title="bbox 166 969 955 1005">
    <p class='ocr_par' dir='ltr' id='par_1_36' title="bbox 166 969 955 1005">
     <span class='ocr_line' id='line_1_36' title="bbox 166 969 955 1005; baseline 0 -8"><span class='ocrx_word' id='word_1_240' title='bbox 166 969 241 997; x_wconf 88' lang='lat' dir='ltr'><strong>verbi</strong></span> <span class='ocrx_word' id='word_1_241' title='bbox 256 969 350 1005; x_wconf 79' lang='lat' dir='ltr'><strong>epulas</strong></span> <span class='ocrx_word' id='word_1_242' title='bbox 367 969 508 996; x_wconf 86' lang='lat' dir='ltr'><strong>sumimus.</strong></span> <span class='ocrx_word' id='word_1_243' title='bbox 522 969 598 1003; x_wconf 84' lang='lat' dir='ltr'><strong>Quod</strong></span> <span class='ocrx_word' id='word_1_244' title='bbox 614 970 702 997; x_wconf 81' lang='lat' dir='ltr'><strong>vocati</strong></span> <span class='ocrx_word' id='word_1_245' title='bbox 716 978 808 998; x_wconf 88' lang='lat' dir='ltr'><strong>smnus</strong></span> <span class='ocrx_word' id='word_1_246' title='bbox 821 971 955 1003; x_wconf 89' lang='lat' dir='ltr'><strong>novimus,</strong></span> 
     </span>
    </p>
   </div>
   <div class='ocr_carea' id='block_1_37' title="bbox 165 1014 955 1051">
    <p class='ocr_par' dir='ltr' id='par_1_37' title="bbox 165 1014 955 1051">
     <span class='ocr_line' id='line_1_37' title="bbox 165 1014 955 1051; baseline 0.004 -9"><span class='ocrx_word' id='word_1_247' title='bbox 165 1014 188 1042; x_wconf 92' lang='lat' dir='ltr'><strong>si</strong></span> <span class='ocrx_word' id='word_1_248' title='bbox 210 1022 303 1042; x_wconf 88' lang='lat' dir='ltr'><strong>sumus</strong></span> <span class='ocrx_word' id='word_1_249' title='bbox 316 1014 411 1046; x_wconf 83' lang='lat' dir='ltr'><strong>electi,</strong></span> <span class='ocrx_word' id='word_1_250' title='bbox 433 1015 577 1042; x_wconf 82' lang='lat' dir='ltr'><strong>nescimus.</strong></span> <span class='ocrx_word' id='word_1_251' title='bbox 599 1015 686 1042; x_wconf 85' lang='lat' dir='ltr'><strong>Tanto</strong></span> <span class='ocrx_word' id='word_1_252' title='bbox 701 1024 765 1051; x_wconf 75' lang='lat' dir='ltr'><strong>ergo</strong></span> <span class='ocrx_word' id='word_1_253' title='bbox 778 1024 889 1044; x_wconf 90' lang='lat' dir='ltr'><strong>necesse</strong></span> <span class='ocrx_word' id='word_1_254' title='bbox 903 1021 955 1049; x_wconf 85' lang='lat' dir='ltr'><strong>est,</strong></span> 
     </span>
    </p>
   </div>
   <div class='ocr_carea' id='block_1_38' title="bbox 165 1060 954 1098">
    <p class='ocr_par' dir='ltr' id='par_1_38' title="bbox 165 1060 954 1098">
     <span class='ocr_line' id='line_1_38' title="bbox 165 1060 954 1098; baseline 0.005 -12"><span class='ocrx_word' id='word_1_255' title='bbox 165 1064 196 1087; x_wconf 90' lang='lat' dir='ltr'><strong>ut</strong></span> <span class='ocrx_word' id='word_1_256' title='bbox 219 1060 401 1095; x_wconf 90' lang='lat' dir='ltr'><strong>unusquisque</strong></span> <span class='ocrx_word' id='word_1_257' title='bbox 427 1064 551 1087; x_wconf 86' lang='lat' dir='ltr'><strong>nostrum</strong></span> <span class='ocrx_word' id='word_1_258' title='bbox 577 1061 727 1090; x_wconf 70' lang='lat' dir='ltr'><strong>humilitate</strong></span> <span class='ocrx_word' id='word_1_259' title='bbox 755 1069 785 1089; x_wconf 87' lang='lat' dir='ltr'><strong>se</strong></span> <span class='ocrx_word' id='word_1_260' title='bbox 811 1062 954 1098; x_wconf 84' lang='lat' dir='ltr'><strong>deprimat,</strong></span> 
     </span>
    </p>
   </div>
   <div class='ocr_carea' id='block_1_39' title="bbox 165 1105 601 1141">
    <p class='ocr_par' dir='ltr' id='par_1_39' title="bbox 165 1105 601 1141">
     <span class='ocr_line' id='line_1_39' title="bbox 165 1105 601 1141; baseline 0.007 -11"><span class='ocrx_word' id='word_1_261' title='bbox 165 1109 265 1139; x_wconf 86' lang='lat' dir='ltr'><strong>quanto</strong></span> <span class='ocrx_word' id='word_1_262' title='bbox 279 1105 302 1132; x_wconf 88' lang='lat' dir='ltr'><strong>si</strong></span> <span class='ocrx_word' id='word_1_263' title='bbox 317 1106 352 1132; x_wconf 87' lang='lat' dir='ltr'><strong>sit</strong></span> <span class='ocrx_word' id='word_1_264' title='bbox 365 1105 467 1133; x_wconf 89' lang='lat' dir='ltr'><strong>electus</strong></span> <span class='ocrx_word' id='word_1_265' title='bbox 485 1106 601 1141; x_wconf 77' lang='lat' dir='ltr'><strong>ignorat.</strong></span> 
     </span>
    </p>
   </div>
   <div class='ocr_carea' id='block_1_40' title="bbox 240 1171 874 1202">
    <p class='ocr_par' dir='ltr' id='par_1_40' title="bbox 240 1171 874 1202">
     <span class='ocr_line' id='line_1_40' title="bbox 240 1171 874 1202; baseline 0.005 -3"><span class='ocrx_word' id='word_1_266' title='bbox 240 1171 449 1200; x_wconf 78' lang='lat' dir='ltr'><strong>llEBDOMADA</strong></span> <span class='ocrx_word' id='word_1_267' title='bbox 468 1173 540 1200; x_wconf 76' lang='lat' dir='ltr'><strong>XXII</strong></span> <span class='ocrx_word' id='word_1_268' title='bbox 555 1173 642 1201; x_wconf 83' lang='lat' dir='ltr'><strong>POST</strong></span> <span class='ocrx_word' id='word_1_269' title='bbox 660 1174 874 1202; x_wconf 74' lang='lat' dir='ltr'><strong>PENTECOST.</strong></span> 
     </span>
    </p>
   </div>
   <div class='ocr_carea' id='block_1_41' title="bbox 404 1236 714 1262">
    <p class='ocr_par' dir='ltr' id='par_1_41' title="bbox 404 1236 714 1262">
     <span class='ocr_line' id='line_1_41' title="bbox 404 1236 714 1262; baseline 0 -6"><span class='ocrx_word' id='word_1_270' title='bbox 404 1237 440 1256; x_wconf 73' lang='grc' dir='ltr'><strong>ΔΙ)</strong></span> <span class='ocrx_word' id='word_1_271' title='bbox 453 1236 589 1262; x_wconf 62' lang='grc' dir='ltr'><strong>ειιιιεςιοε,</strong></span> <span class='ocrx_word' id='word_1_272' title='bbox 602 1237 662 1257; x_wconf 70' lang='lat' dir='ltr'><strong>CAP.</strong></span> <span class='ocrx_word' id='word_1_273' title='bbox 677 1238 714 1256; x_wconf 67' lang='grc' dir='ltr'><strong>γι.</strong></span> 
     </span>
    </p>
   </div>
   <div class='ocr_carea' id='block_1_42' title="bbox 204 1284 955 1321">
    <p class='ocr_par' dir='ltr' id='par_1_42' title="bbox 204 1284 955 1321">
     <span class='ocr_line' id='line_1_42' title="bbox 204 1284 955 1321; baseline 0.005 -10"><span class='ocrx_word' id='word_1_274' title='bbox 204 1293 215 1310; x_wconf 72' lang='grc' dir='ltr'>ι</span> <span class='ocrx_word' id='word_1_275' title='bbox 231 1284 271 1312; x_wconf 90' lang='lat' dir='ltr'><strong>De</strong></span> <span class='ocrx_word' id='word_1_276' title='bbox 281 1288 381 1312; x_wconf 66' lang='lat' dir='ltr'><strong>caetero</strong></span> <span class='ocrx_word' id='word_1_277' title='bbox 395 1284 585 1313; x_wconf 82' lang='lat' dir='ltr'><strong>coniortamini</strong></span> <span class='ocrx_word' id='word_1_278' title='bbox 600 1286 626 1313; x_wconf 92' lang='lat' dir='ltr'><strong>in</strong></span> <span class='ocrx_word' id='word_1_279' title='bbox 646 1286 767 1319; x_wconf 84' lang='lat' dir='ltr'><strong>Domino,</strong></span> <span class='ocrx_word' id='word_1_280' title='bbox 784 1287 850 1314; x_wconf 88' lang='lat' dir='ltr'><strong>etin</strong></span> <span class='ocrx_word' id='word_1_281' title='bbox 862 1292 955 1321; x_wconf 86' lang='lat' dir='ltr'><strong>poten-</strong></span> 
     </span>
    </p>
   </div>
   <div class='ocr_carea' id='block_1_43' title="bbox 171 1330 955 1366">
    <p class='ocr_par' dir='ltr' id='par_1_43' title="bbox 171 1330 955 1366">
     <span class='ocr_line' id='line_1_43' title="bbox 171 1330 955 1366; baseline 0.003 -8"><span class='ocrx_word' id='word_1_282' title='bbox 171 1340 180 1357; x_wconf 72' lang='grc' dir='ltr'><strong>θ</strong></span> <span class='ocrx_word' id='word_1_283' title='bbox 200 1331 237 1358; x_wconf 88' lang='lat' dir='ltr'><strong>tia</strong></span> <span class='ocrx_word' id='word_1_284' title='bbox 250 1331 358 1359; x_wconf 89' lang='lat' dir='ltr'><strong>virtutis</strong></span> <span class='ocrx_word' id='word_1_285' title='bbox 380 1330 448 1366; x_wconf 86' lang='lat' dir='ltr'><strong>ejus.</strong></span> <span class='ocrx_word' id='word_1_286' title='bbox 472 1331 576 1358; x_wconf 89' lang='lat' dir='ltr'><strong>lnduite</strong></span> <span class='ocrx_word' id='word_1_287' title='bbox 598 1339 645 1359; x_wconf 83' lang='lat' dir='ltr'><strong>vos</strong></span> <span class='ocrx_word' id='word_1_288' title='bbox 667 1336 832 1359; x_wconf 87' lang='lat' dir='ltr'><strong>armaturam</strong></span> <span class='ocrx_word' id='word_1_289' title='bbox 849 1333 910 1366; x_wconf 88' lang='lat' dir='ltr'><strong>Dei,</strong></span> <span class='ocrx_word' id='word_1_290' title='bbox 926 1338 955 1360; x_wconf 91' lang='lat' dir='ltr'><strong>ut</strong></span> 
     </span>
    </p>
   </div>
   <div class='ocr_carea' id='block_1_44' title="bbox 160 1377 954 1412">
    <p class='ocr_par' dir='ltr' id='par_1_44' title="bbox 160 1377 954 1412">
     <span class='ocr_line' id='line_1_44' title="bbox 160 1377 954 1412; baseline 0.005 -10"><span class='ocrx_word' id='word_1_291' title='bbox 160 1385 179 1402; x_wconf 48' lang='grc' dir='ltr'><strong>νο</strong></span> <span class='ocrx_word' id='word_1_292' title='bbox 199 1377 309 1412; x_wconf 88' lang='lat' dir='ltr'><strong>possitis</strong></span> <span class='ocrx_word' id='word_1_293' title='bbox 321 1380 394 1404; x_wconf 88' lang='lat' dir='ltr'><strong>stare</strong></span> <span class='ocrx_word' id='word_1_294' title='bbox 408 1377 537 1405; x_wconf 86' lang='lat' dir='ltr'><strong>adversus</strong></span> <span class='ocrx_word' id='word_1_295' title='bbox 552 1377 665 1405; x_wconf 88' lang='lat' dir='ltr'><strong>insidias</strong></span> <span class='ocrx_word' id='word_1_296' title='bbox 678 1378 781 1406; x_wconf 87' lang='lat' dir='ltr'><strong>Diaboli</strong></span> <span class='ocrx_word' id='word_1_297' title='bbox 794 1388 800 1406; x_wconf 89' lang='lat'><strong>:</strong></span> <span class='ocrx_word' id='word_1_298' title='bbox 823 1379 954 1412; x_wconf 77' lang='lat' dir='ltr'><strong>Quoniam</strong></span> 
     </span>
    </p>
   </div>
   <div class='ocr_carea' id='block_1_45' title="bbox 168 1424 954 1453">
    <p class='ocr_par' dir='ltr' id='par_1_45' title="bbox 168 1424 954 1453">
     <span class='ocr_line' id='line_1_45' title="bbox 168 1424 954 1453; baseline 0.001 -2"><span class='ocrx_word' id='word_1_299' title='bbox 168 1434 178 1450; x_wconf 76' lang='grc' dir='ltr'><strong>ε</strong></span> <span class='ocrx_word' id='word_1_300' title='bbox 200 1433 253 1453; x_wconf 91' lang='lat' dir='ltr'><strong>nou</strong></span> <span class='ocrx_word' id='word_1_301' title='bbox 266 1429 309 1453; x_wconf 87' lang='lat' dir='ltr'><strong>est</strong></span> <span class='ocrx_word' id='word_1_302' title='bbox 321 1424 398 1452; x_wconf 89' lang='lat' dir='ltr'><strong>nobis</strong></span> <span class='ocrx_word' id='word_1_303' title='bbox 410 1424 565 1452; x_wconf 87' lang='lat' dir='ltr'><strong>colluctatio</strong></span> <span class='ocrx_word' id='word_1_304' title='bbox 580 1425 710 1453; x_wconf 81' lang='lat' dir='ltr'><strong>adversus</strong></span> <span class='ocrx_word' id='word_1_305' title='bbox 726 1432 834 1453; x_wconf 89' lang='lat' dir='ltr'><strong>carnem</strong></span> <span class='ocrx_word' id='word_1_306' title='bbox 850 1430 877 1453; x_wconf 92' lang='lat' dir='ltr'><strong>ct</strong></span> <span class='ocrx_word' id='word_1_307' title='bbox 892 1433 954 1453; x_wconf 85' lang='lat' dir='ltr'><strong>san-</strong></span> 
     </span>
    </p>
   </div>
   <div class='ocr_carea' id='block_1_46' title="bbox 167 1470 954 1506">
    <p class='ocr_par' dir='ltr' id='par_1_46' title="bbox 167 1470 954 1506">
     <span class='ocr_line' id='line_1_46' title="bbox 167 1470 954 1506; baseline 0 -9"><span class='ocrx_word' id='word_1_308' title='bbox 167 1481 176 1496; x_wconf 71' lang='grc' dir='ltr'>σ</span> <span class='ocrx_word' id='word_1_309' title='bbox 199 1471 317 1506; x_wconf 76' lang='lat' dir='ltr'><strong>guinem,</strong></span> <span class='ocrx_word' id='word_1_310' title='bbox 333 1470 379 1498; x_wconf 84' lang='lat' dir='ltr'><strong>sed</strong></span> <span class='ocrx_word' id='word_1_311' title='bbox 390 1470 520 1498; x_wconf 86' lang='lat' dir='ltr'><strong>adversus</strong></span> <span class='ocrx_word' id='word_1_312' title='bbox 534 1470 670 1505; x_wconf 90' lang='lat' dir='ltr'><strong>principes</strong></span> <span class='ocrx_word' id='word_1_313' title='bbox 682 1474 709 1498; x_wconf 92' lang='lat' dir='ltr'><strong>et</strong></span> <span class='ocrx_word' id='word_1_314' title='bbox 723 1474 880 1505; x_wconf 82' lang='lat' dir='ltr'><strong>potestates,</strong></span> <span class='ocrx_word' id='word_1_315' title='bbox 905 1471 954 1498; x_wconf 86' lang='lat' dir='ltr'><strong>ad-</strong></span> 
     </span>
    </p>
   </div>
   <div class='ocr_carea' id='block_1_47' title="bbox 166 1515 953 1547">
    <p class='ocr_par' dir='ltr' id='par_1_47' title="bbox 166 1515 953 1547">
     <span class='ocr_line' id='line_1_47' title="bbox 166 1515 953 1547; baseline 0.003 -7"><span class='ocrx_word' id='word_1_316' title='bbox 166 1525 176 1540; x_wconf 78' lang='grc' dir='ltr'>ι</span> <span class='ocrx_word' id='word_1_317' title='bbox 197 1521 292 1543; x_wconf 88' lang='lat' dir='ltr'><strong>versus</strong></span> <span class='ocrx_word' id='word_1_318' title='bbox 306 1515 397 1541; x_wconf 90' lang='lat' dir='ltr'><strong>mundi</strong></span> <span class='ocrx_word' id='word_1_319' title='bbox 410 1518 530 1541; x_wconf 87' lang='lat' dir='ltr'><strong>rectores</strong></span> <span class='ocrx_word' id='word_1_320' title='bbox 547 1516 721 1542; x_wconf 85' lang='lat' dir='ltr'><strong>tenebrarum</strong></span> <span class='ocrx_word' id='word_1_321' title='bbox 738 1515 844 1547; x_wconf 87' lang='lat' dir='ltr'><strong>harum,</strong></span> <span class='ocrx_word' id='word_1_322' title='bbox 859 1521 953 1542; x_wconf 88' lang='lat' dir='ltr'><strong>contra</strong></span> 
     </span>
    </p>
   </div>
   <div class='ocr_carea' id='block_1_48' title="bbox 1007 919 1798 953">
    <p class='ocr_par' dir='ltr' id='par_1_48' title="bbox 1007 919 1798 953">
     <span class='ocr_line' id='line_1_48' title="bbox 1007 919 1798 953; baseline 0.004 -7"><span class='ocrx_word' id='word_1_323' title='bbox 1007 927 1065 953; x_wconf 89' lang='lat' dir='ltr'><strong>sua,</strong></span> <span class='ocrx_word' id='word_1_324' title='bbox 1081 919 1320 948; x_wconf 84' lang='lat' dir='ltr'><strong>fornicationcmct</strong></span> <span class='ocrx_word' id='word_1_325' title='bbox 1333 921 1539 953; x_wconf 83' lang='lat' dir='ltr'><strong>iuuuuuditiam,</strong></span> <span class='ocrx_word' id='word_1_326' title='bbox 1554 922 1687 948; x_wconf 85' lang='lat' dir='ltr'><strong>luxuriam</strong></span> <span class='ocrx_word' id='word_1_327' title='bbox 1699 926 1726 949; x_wconf 86' lang='lat' dir='ltr'><strong>et</strong></span> <span class='ocrx_word' id='word_1_328' title='bbox 1738 923 1798 949; x_wconf 91' lang='lat' dir='ltr'><strong>reli-</strong></span> 
     </span>
    </p>
   </div>
   <div class='ocr_carea' id='block_1_49' title="bbox 1006 964 1799 1000">
    <p class='ocr_par' dir='ltr' id='par_1_49' title="bbox 1006 964 1799 1000">
     <span class='ocr_line' id='line_1_49' title="bbox 1006 964 1799 1000; baseline 0.003 -9"><span class='ocrx_word' id='word_1_329' title='bbox 1006 972 1058 1000; x_wconf 84' lang='lat' dir='ltr'><strong>qua</strong></span> <span class='ocrx_word' id='word_1_330' title='bbox 1075 964 1117 991; x_wconf 87' lang='lat' dir='ltr'><strong>his</strong></span> <span class='ocrx_word' id='word_1_331' title='bbox 1127 964 1235 992; x_wconf 78' lang='lat' dir='ltr'><strong>similia.</strong></span> <span class='ocrx_word' id='word_1_332' title='bbox 1252 966 1336 993; x_wconf 82' lang='lat' dir='ltr'><strong>Porro</strong></span> <span class='ocrx_word' id='word_1_333' title='bbox 1352 974 1404 993; x_wconf 84' lang='lat' dir='ltr'><strong>non</strong></span> <span class='ocrx_word' id='word_1_334' title='bbox 1425 970 1467 992; x_wconf 80' lang='lat' dir='ltr'><strong>est</strong></span> <span class='ocrx_word' id='word_1_335' title='bbox 1480 967 1596 993; x_wconf 87' lang='lat' dir='ltr'><strong>humana</strong></span> <span class='ocrx_word' id='word_1_336' title='bbox 1611 967 1733 998; x_wconf 81' lang='lat' dir='ltr'><strong>teutatio,</strong></span> <span class='ocrx_word' id='word_1_337' title='bbox 1749 975 1799 993; x_wconf 86' lang='lat' dir='ltr'><strong>nec</strong></span> 
     </span>
    </p>
   </div>
   <div class='ocr_carea' id='block_1_50' title="bbox 1006 1010 1799 1046">
    <p class='ocr_par' dir='ltr' id='par_1_50' title="bbox 1006 1010 1799 1046">
     <span class='ocr_line' id='line_1_50' title="bbox 1006 1010 1799 1046; baseline 0.003 -10"><span class='ocrx_word' id='word_1_338' title='bbox 1006 1010 1136 1037; x_wconf 77' lang='lat' dir='ltr'><strong>adversus</strong></span> <span class='ocrx_word' id='word_1_339' title='bbox 1148 1018 1258 1038; x_wconf 82' lang='lat' dir='ltr'><strong>carnem</strong></span> <span class='ocrx_word' id='word_1_340' title='bbox 1280 1015 1307 1038; x_wconf 90' lang='lat' dir='ltr'><strong>et</strong></span> <span class='ocrx_word' id='word_1_341' title='bbox 1324 1012 1480 1046; x_wconf 74' lang='lat' dir='ltr'><strong>sanguinem</strong></span> <span class='ocrx_word' id='word_1_342' title='bbox 1496 1019 1584 1046; x_wconf 84' lang='lat' dir='ltr'><strong>pugna</strong></span> <span class='ocrx_word' id='word_1_343' title='bbox 1597 1032 1605 1043; x_wconf 87' lang='lat'><strong>,</strong></span> <span class='ocrx_word' id='word_1_344' title='bbox 1625 1011 1733 1046; x_wconf 85' lang='lat' dir='ltr'><strong>quando</strong></span> <span class='ocrx_word' id='word_1_345' title='bbox 1752 1018 1799 1038; x_wconf 86' lang='lat' dir='ltr'><strong>aut</strong></span> 
     </span>
    </p>
   </div>
   <div class='ocr_carea' id='block_1_51' title="bbox 1005 1054 1799 1091">
    <p class='ocr_par' dir='ltr' id='par_1_51' title="bbox 1005 1054 1799 1091">
     <span class='ocr_line' id='line_1_51' title="bbox 1005 1054 1799 1091; baseline 0.003 -10"><span class='ocrx_word' id='word_1_346' title='bbox 1005 1054 1063 1090; x_wconf 84' lang='lat' dir='ltr'><strong>ipse</strong></span> <span class='ocrx_word' id='word_1_347' title='bbox 1078 1054 1194 1082; x_wconf 80' lang='lat' dir='ltr'><strong>Satanas</strong></span> <span class='ocrx_word' id='word_1_348' title='bbox 1214 1057 1421 1090; x_wconf 80' lang='lat' dir='ltr'><strong>transﬁguratus</strong></span> <span class='ocrx_word' id='word_1_349' title='bbox 1435 1057 1461 1083; x_wconf 90' lang='lat' dir='ltr'><strong>in</strong></span> <span class='ocrx_word' id='word_1_350' title='bbox 1483 1057 1607 1091; x_wconf 83' lang='lat' dir='ltr'><strong>angelum</strong></span> <span class='ocrx_word' id='word_1_351' title='bbox 1628 1057 1712 1089; x_wconf 89' lang='lat' dir='ltr'><strong>lucis,</strong></span> <span class='ocrx_word' id='word_1_352' title='bbox 1736 1064 1799 1091; x_wconf 85' lang='lat' dir='ltr'><strong>per-</strong></span> 
     </span>
    </p>
   </div>
   <div class='ocr_carea' id='block_1_52' title="bbox 1005 1103 1798 1137">
    <p class='ocr_par' dir='ltr' id='par_1_52' title="bbox 1005 1103 1798 1137">
     <span class='ocr_line' id='line_1_52' title="bbox 1005 1103 1798 1137; baseline 0.001 -7"><span class='ocrx_word' id='word_1_353' title='bbox 1005 1103 1119 1130; x_wconf 82' lang='lat' dir='ltr'><strong>suadere</strong></span> <span class='ocrx_word' id='word_1_354' title='bbox 1133 1103 1239 1136; x_wconf 79' lang='lat' dir='ltr'><strong>nititur,</strong></span> <span class='ocrx_word' id='word_1_355' title='bbox 1250 1108 1279 1131; x_wconf 92' lang='lat' dir='ltr'><strong>ut</strong></span> <span class='ocrx_word' id='word_1_356' title='bbox 1293 1112 1353 1131; x_wconf 90' lang='lat' dir='ltr'><strong>eum</strong></span> <span class='ocrx_word' id='word_1_357' title='bbox 1367 1105 1490 1137; x_wconf 80' lang='lat' dir='ltr'><strong>angelum</strong></span> <span class='ocrx_word' id='word_1_358' title='bbox 1504 1104 1611 1130; x_wconf 87' lang='lat' dir='ltr'><strong>luminis</strong></span> <span class='ocrx_word' id='word_1_359' title='bbox 1622 1104 1798 1135; x_wconf 85' lang='lat' dir='ltr'><strong>arbitrentur,</strong></span> 
     </span>
    </p>
   </div>
   <div class='ocr_carea' id='block_1_53' title="bbox 1006 1147 1800 1182">
    <p class='ocr_par' dir='ltr' id='par_1_53' title="bbox 1006 1147 1800 1182">
     <span class='ocr_line' id='line_1_53' title="bbox 1006 1147 1800 1182; baseline 0.004 -9"><span class='ocrx_word' id='word_1_360' title='bbox 1006 1151 1053 1174; x_wconf 81' lang='lat' dir='ltr'><strong>aut</strong></span> <span class='ocrx_word' id='word_1_361' title='bbox 1076 1147 1176 1182; x_wconf 80' lang='lat' dir='ltr'><strong>aliquid</strong></span> <span class='ocrx_word' id='word_1_362' title='bbox 1204 1148 1300 1175; x_wconf 80' lang='lat' dir='ltr'><strong>horum</strong></span> <span class='ocrx_word' id='word_1_363' title='bbox 1325 1149 1414 1176; x_wconf 85' lang='lat' dir='ltr'><strong>simile</strong></span> <span class='ocrx_word' id='word_1_364' title='bbox 1435 1149 1516 1181; x_wconf 82' lang='lat' dir='ltr'><strong>facit,</strong></span> <span class='ocrx_word' id='word_1_365' title='bbox 1541 1149 1569 1176; x_wconf 87' lang='lat' dir='ltr'><strong>in</strong></span> <span class='ocrx_word' id='word_1_366' title='bbox 1592 1148 1666 1176; x_wconf 88' lang='lat' dir='ltr'><strong>omni</strong></span> <span class='ocrx_word' id='word_1_367' title='bbox 1686 1149 1800 1182; x_wconf 81' lang='lat' dir='ltr'><strong>virtute,</strong></span> 
     </span>
    </p>
   </div>
   <div class='ocr_carea' id='block_1_54' title="bbox 1005 1192 1801 1228">
    <p class='ocr_par' dir='ltr' id='par_1_54' title="bbox 1005 1192 1801 1228">
     <span class='ocr_line' id='line_1_54' title="bbox 1005 1192 1801 1228; baseline 0.004 -9"><span class='ocrx_word' id='word_1_368' title='bbox 1005 1192 1090 1227; x_wconf 77' lang='lat' dir='ltr'><strong>signis</strong></span> <span class='ocrx_word' id='word_1_369' title='bbox 1101 1198 1129 1219; x_wconf 88' lang='lat' dir='ltr'><strong>et</strong></span> <span class='ocrx_word' id='word_1_370' title='bbox 1141 1193 1275 1227; x_wconf 87' lang='lat' dir='ltr'><strong>portentis</strong></span> <span class='ocrx_word' id='word_1_371' title='bbox 1292 1194 1480 1227; x_wconf 86' lang='lat' dir='ltr'><strong>mendacibus,</strong></span> <span class='ocrx_word' id='word_1_372' title='bbox 1504 1194 1531 1221; x_wconf 94' lang='lat' dir='ltr'><strong>in</strong></span> <span class='ocrx_word' id='word_1_373' title='bbox 1546 1194 1620 1221; x_wconf 88' lang='lat' dir='ltr'><strong>omni</strong></span> <span class='ocrx_word' id='word_1_374' title='bbox 1639 1194 1801 1228; x_wconf 76' lang='lat' dir='ltr'><strong>deceptione</strong></span> 
     </span>
    </p>
   </div>
   <div class='ocr_carea' id='block_1_55' title="bbox 1005 1237 1801 1273">
    <p class='ocr_par' dir='ltr' id='par_1_55' title="bbox 1005 1237 1801 1273">
     <span class='ocr_line' id='line_1_55' title="bbox 1005 1237 1801 1273; baseline 0.001 -9"><span class='ocrx_word' id='word_1_375' title='bbox 1005 1237 1165 1271; x_wconf 83' lang='lat' dir='ltr'><strong>iniquitatis,</strong></span> <span class='ocrx_word' id='word_1_376' title='bbox 1189 1238 1237 1265; x_wconf 88' lang='lat' dir='ltr'><strong>sed</strong></span> <span class='ocrx_word' id='word_1_377' title='bbox 1252 1238 1329 1272; x_wconf 86' lang='lat' dir='ltr'><strong>quasi</strong></span> <span class='ocrx_word' id='word_1_378' title='bbox 1352 1238 1529 1273; x_wconf 83' lang='lat' dir='ltr'><strong>principatus,</strong></span> <span class='ocrx_word' id='word_1_379' title='bbox 1554 1242 1684 1273; x_wconf 75' lang='lat' dir='ltr'><strong>potestas,</strong></span> <span class='ocrx_word' id='word_1_380' title='bbox 1708 1242 1801 1266; x_wconf 78' lang='lat' dir='ltr'><strong>rector</strong></span> 
     </span>
    </p>
   </div>
   <div class='ocr_carea' id='block_1_56' title="bbox 1005 1282 1798 1318">
    <p class='ocr_par' dir='ltr' id='par_1_56' title="bbox 1005 1282 1798 1318">
     <span class='ocr_line' id='line_1_56' title="bbox 1005 1282 1798 1318; baseline 0.001 -9"><span class='ocrx_word' id='word_1_381' title='bbox 1005 1283 1178 1309; x_wconf 84' lang='lat' dir='ltr'><strong>tenebrarum</strong></span> <span class='ocrx_word' id='word_1_382' title='bbox 1203 1286 1230 1309; x_wconf 85' lang='lat' dir='ltr'><strong>et</strong></span> <span class='ocrx_word' id='word_1_383' title='bbox 1254 1283 1372 1317; x_wconf 77' lang='lat' dir='ltr'><strong>nequitia</strong></span> <span class='ocrx_word' id='word_1_384' title='bbox 1397 1283 1546 1317; x_wconf 80' lang='lat' dir='ltr'><strong>spiritualis</strong></span> <span class='ocrx_word' id='word_1_385' title='bbox 1567 1282 1639 1310; x_wconf 69' lang='lat' dir='ltr'><strong>dicat</strong></span> <span class='ocrx_word' id='word_1_386' title='bbox 1664 1283 1798 1318; x_wconf 75' lang='lat' dir='ltr'><strong>quispiam</strong></span> 
     </span>
    </p>
   </div>
   <div class='ocr_carea' id='block_1_57' title="bbox 1005 1326 1800 1361">
    <p class='ocr_par' dir='ltr' id='par_1_57' title="bbox 1005 1326 1800 1361">
     <span class='ocr_line' id='line_1_57' title="bbox 1005 1326 1800 1361; baseline 0.003 -8"><span class='ocrx_word' id='word_1_387' title='bbox 1005 1326 1065 1359; x_wconf 89' lang='lat' dir='ltr'><strong>ltoc,</strong></span> <span class='ocrx_word' id='word_1_388' title='bbox 1079 1328 1151 1361; x_wconf 82' lang='lat' dir='ltr'><strong>quod</strong></span> <span class='ocrx_word' id='word_1_389' title='bbox 1165 1327 1219 1354; x_wconf 85' lang='lat' dir='ltr'><strong>ait:</strong></span> <span class='ocrx_word' id='word_1_390' title='bbox 1235 1326 1295 1354; x_wconf 80' lang='lat' dir='ltr'><strong>Non</strong></span> <span class='ocrx_word' id='word_1_391' title='bbox 1306 1333 1343 1354; x_wconf 73' lang='lat' dir='ltr'><strong>est</strong></span> <span class='ocrx_word' id='word_1_392' title='bbox 1354 1327 1428 1355; x_wconf 67' lang='lat' dir='ltr'><strong>nobis</strong></span> <span class='ocrx_word' id='word_1_393' title='bbox 1442 1327 1591 1355; x_wconf 75' lang='lat' dir='ltr'><strong>colluctatio</strong></span> <span class='ocrx_word' id='word_1_394' title='bbox 1602 1327 1727 1355; x_wconf 60' lang='lat' dir='ltr'><strong>adversus</strong></span> <span class='ocrx_word' id='word_1_395' title='bbox 1740 1334 1800 1355; x_wconf 77' lang='grc' dir='ltr'><strong>σατ-</strong></span> 
     </span>
    </p>
   </div>
   <div class='ocr_carea' id='block_1_58' title="bbox 1005 1372 1799 1408">
    <p class='ocr_par' dir='ltr' id='par_1_58' title="bbox 1005 1372 1799 1408">
     <span class='ocr_line' id='line_1_58' title="bbox 1005 1372 1799 1408; baseline 0.003 -10"><span class='ocrx_word' id='word_1_396' title='bbox 1005 1379 1062 1398; x_wconf 70' lang='lat' dir='ltr'><strong>nem</strong></span> <span class='ocrx_word' id='word_1_397' title='bbox 1077 1377 1102 1398; x_wconf 79' lang='lat' dir='ltr'><strong>et</strong></span> <span class='ocrx_word' id='word_1_398' title='bbox 1121 1372 1288 1407; x_wconf 70' lang='lat' dir='ltr'><strong>sanguinem,</strong></span> <span class='ocrx_word' id='word_1_399' title='bbox 1308 1373 1353 1399; x_wconf 75' lang='lat' dir='ltr'><strong>sed</strong></span> <span class='ocrx_word' id='word_1_400' title='bbox 1373 1373 1498 1400; x_wconf 69' lang='lat' dir='ltr'><strong>adversus</strong></span> <span class='ocrx_word' id='word_1_401' title='bbox 1512 1373 1675 1408; x_wconf 74' lang='lat' dir='ltr'><strong>principatus</strong></span> <span class='ocrx_word' id='word_1_402' title='bbox 1690 1377 1715 1400; x_wconf 83' lang='lat' dir='ltr'><strong>et</strong></span> <span class='ocrx_word' id='word_1_403' title='bbox 1728 1379 1799 1401; x_wconf 75' lang='lat' dir='ltr'><strong>note-</strong></span> 
     </span>
    </p>
   </div>
   <div class='ocr_carea' id='block_1_59' title="bbox 1004 1418 1799 1453">
    <p class='ocr_par' dir='ltr' id='par_1_59' title="bbox 1004 1418 1799 1453">
     <span class='ocr_line' id='line_1_59' title="bbox 1004 1418 1799 1453; baseline 0.003 -10"><span class='ocrx_word' id='word_1_404' title='bbox 1004 1422 1096 1450; x_wconf 78' lang='lat' dir='ltr'><strong>uum,</strong></span> <span class='ocrx_word' id='word_1_405' title='bbox 1116 1422 1144 1444; x_wconf 88' lang='lat' dir='ltr'><strong>et</strong></span> <span class='ocrx_word' id='word_1_406' title='bbox 1157 1422 1255 1445; x_wconf 65' lang='lat' dir='ltr'><strong>cratera</strong></span> <span class='ocrx_word' id='word_1_407' title='bbox 1270 1425 1329 1452; x_wconf 72' lang='lat' dir='ltr'><strong>qua:</strong></span> <span class='ocrx_word' id='word_1_408' title='bbox 1347 1423 1506 1453; x_wconf 89' lang='lat' dir='ltr'><strong>sequuntur.</strong></span> <span class='ocrx_word' id='word_1_409' title='bbox 1527 1418 1589 1446; x_wconf 87' lang='lat' dir='ltr'><strong>ideo</strong></span> <span class='ocrx_word' id='word_1_410' title='bbox 1604 1418 1680 1451; x_wconf 84' lang='lat' dir='ltr'><strong>dicit,</strong></span> <span class='ocrx_word' id='word_1_411' title='bbox 1705 1423 1734 1445; x_wconf 87' lang='lat' dir='ltr'><strong>ut</strong></span> <span class='ocrx_word' id='word_1_412' title='bbox 1751 1419 1799 1446; x_wconf 90' lang='lat' dir='ltr'><strong>do-</strong></span> 
     </span>
    </p>
   </div>
   <div class='ocr_carea' id='block_1_60' title="bbox 1004 1463 1799 1499">
    <p class='ocr_par' dir='ltr' id='par_1_60' title="bbox 1004 1463 1799 1499">
     <span class='ocr_line' id='line_1_60' title="bbox 1004 1463 1799 1499; baseline 0.004 -11"><span class='ocrx_word' id='word_1_413' title='bbox 1004 1469 1114 1489; x_wconf 87' lang='lat' dir='ltr'><strong>ceamur</strong></span> <span class='ocrx_word' id='word_1_414' title='bbox 1128 1470 1162 1489; x_wconf 90' lang='lat' dir='ltr'><strong>nc</strong></span> <span class='ocrx_word' id='word_1_415' title='bbox 1176 1470 1207 1489; x_wconf 88' lang='lat' dir='ltr'><strong>ea</strong></span> <span class='ocrx_word' id='word_1_416' title='bbox 1221 1463 1329 1497; x_wconf 84' lang='lat' dir='ltr'><strong>quidem</strong></span> <span class='ocrx_word' id='word_1_417' title='bbox 1346 1471 1406 1498; x_wconf 68' lang='lat' dir='ltr'><strong>qua:</strong></span> <span class='ocrx_word' id='word_1_418' title='bbox 1416 1463 1494 1491; x_wconf 89' lang='lat' dir='ltr'><strong>nobis</strong></span> <span class='ocrx_word' id='word_1_419' title='bbox 1508 1463 1656 1491; x_wconf 86' lang='lat' dir='ltr'><strong>ministrari</strong></span> <span class='ocrx_word' id='word_1_420' title='bbox 1671 1464 1737 1491; x_wconf 82' lang='lat' dir='ltr'><strong>vitia</strong></span> <span class='ocrx_word' id='word_1_421' title='bbox 1748 1472 1799 1499; x_wconf 87' lang='lat' dir='ltr'><strong>pu-</strong></span> 
     </span>
    </p>
   </div>
   <div class='ocr_carea' id='block_1_61' title="bbox 1005 1509 1797 1545">
    <p class='ocr_par' dir='ltr' id='par_1_61' title="bbox 1005 1509 1797 1545">
     <span class='ocr_line' id='line_1_61' title="bbox 1005 1509 1797 1545; baseline 0.004 -11"><span class='ocrx_word' id='word_1_422' title='bbox 1005 1511 1093 1534; x_wconf 83' lang='lat' dir='ltr'><strong>tamus</strong></span> <span class='ocrx_word' id='word_1_423' title='bbox 1107 1527 1115 1540; x_wconf 94' lang='lat'><strong>,</strong></span> <span class='ocrx_word' id='word_1_424' title='bbox 1140 1515 1173 1535; x_wconf 79' lang='lat' dir='ltr'><strong>ex</strong></span> <span class='ocrx_word' id='word_1_425' title='bbox 1188 1516 1271 1536; x_wconf 85' lang='lat' dir='ltr'><strong>carne</strong></span> <span class='ocrx_word' id='word_1_426' title='bbox 1295 1510 1385 1536; x_wconf 86' lang='lat' dir='ltr'><strong>carnis</strong></span> <span class='ocrx_word' id='word_1_427' title='bbox 1405 1516 1465 1537; x_wconf 87' lang='lat' dir='ltr'><strong>esse</strong></span> <span class='ocrx_word' id='word_1_428' title='bbox 1482 1509 1524 1537; x_wconf 83' lang='lat' dir='ltr'><strong>vel</strong></span> <span class='ocrx_word' id='word_1_429' title='bbox 1547 1510 1696 1545; x_wconf 73' lang='lat' dir='ltr'><strong>sanguinis,</strong></span> <span class='ocrx_word' id='word_1_430' title='bbox 1716 1510 1763 1537; x_wconf 87' lang='lat' dir='ltr'><strong>sed</strong></span> <span class='ocrx_word' id='word_1_431' title='bbox 1782 1518 1797 1537; x_wconf 87' lang='lat' dir='ltr'><strong>a</strong></span> 
     </span>
    </p>
   </div>
   <div class='ocr_carea' id='block_1_62' title="bbox 167 1547 953 1595">
    <p class='ocr_par' dir='ltr' id='par_1_62' title="bbox 167 1558 953 1595">
     <span class='ocr_line' id='line_1_62' title="bbox 167 1558 953 1595; baseline 0.003 -10"><span class='ocrx_word' id='word_1_432' title='bbox 167 1570 176 1585; x_wconf 78' lang='grc' dir='ltr'><strong>ο</strong></span> <span class='ocrx_word' id='word_1_433' title='bbox 198 1558 328 1595; x_wconf 88' lang='lat' dir='ltr'><strong>spiritalia</strong></span> <span class='ocrx_word' id='word_1_434' title='bbox 342 1559 468 1594; x_wconf 77' lang='lat' dir='ltr'><strong>nequitia:</strong></span> <span class='ocrx_word' id='word_1_435' title='bbox 488 1560 514 1586; x_wconf 92' lang='lat' dir='ltr'><strong>in</strong></span> <span class='ocrx_word' id='word_1_436' title='bbox 536 1559 699 1587; x_wconf 80' lang='lat' dir='ltr'><strong>coelestibus.</strong></span> <span class='ocrx_word' id='word_1_437' title='bbox 718 1560 863 1595; x_wconf 81' lang='lat' dir='ltr'><strong>Propterea</strong></span> <span class='ocrx_word' id='word_1_438' title='bbox 883 1561 953 1587; x_wconf 89' lang='lat' dir='ltr'><strong>acci-</strong></span> 
     </span>
    </p>
   </div>
   <div class='ocr_carea' id='block_1_63' title="bbox 1005 1547 1799 1595">
    <p class='ocr_par' dir='ltr' id='par_1_63' title="bbox 1005 1552 1799 1590">
     <span class='ocr_line' id='line_1_63' title="bbox 1005 1552 1799 1590; baseline 0.005 -12"><span class='ocrx_word' id='word_1_439' title='bbox 1005 1552 1163 1586; x_wconf 82' lang='lat' dir='ltr'><strong>quibusdam</strong></span> <span class='ocrx_word' id='word_1_440' title='bbox 1174 1553 1356 1587; x_wconf 87' lang='lat' dir='ltr'><strong>spiritualibus</strong></span> <span class='ocrx_word' id='word_1_441' title='bbox 1369 1555 1498 1589; x_wconf 86' lang='lat' dir='ltr'><strong>nequitiis</strong></span> <span class='ocrx_word' id='word_1_442' title='bbox 1509 1555 1626 1590; x_wconf 74' lang='lat' dir='ltr'><strong>suggeri.</strong></span> <span class='ocrx_word' id='word_1_443' title='bbox 1641 1555 1710 1582; x_wconf 87' lang='lat' dir='ltr'><strong>Sunt</strong></span> <span class='ocrx_word' id='word_1_444' title='bbox 1724 1556 1799 1583; x_wconf 85' lang='lat' dir='ltr'><strong>enim</strong></span> 
     </span>
    </p>
   </div>
   <div class='ocr_carea' id='block_1_64' title="bbox 167 1604 956 1640">
    <p class='ocr_par' dir='ltr' id='par_1_64' title="bbox 167 1604 956 1640">
     <span class='ocr_line' id='line_1_64' title="bbox 167 1604 956 1640; baseline 0.003 -10"><span class='ocrx_word' id='word_1_445' title='bbox 167 1612 177 1629; x_wconf 75' lang='grc' dir='ltr'><strong><em>ι</em></strong></span> <span class='ocrx_word' id='word_1_446' title='bbox 197 1604 253 1639; x_wconf 86' lang='lat' dir='ltr'><strong>pite</strong></span> <span class='ocrx_word' id='word_1_447' title='bbox 275 1608 441 1631; x_wconf 84' lang='lat' dir='ltr'><strong>armaturam</strong></span> <span class='ocrx_word' id='word_1_448' title='bbox 464 1604 529 1637; x_wconf 85' lang='lat' dir='ltr'><strong>Dei,</strong></span> <span class='ocrx_word' id='word_1_449' title='bbox 557 1609 585 1631; x_wconf 90' lang='lat' dir='ltr'><strong>ut</strong></span> <span class='ocrx_word' id='word_1_450' title='bbox 599 1605 708 1640; x_wconf 89' lang='lat' dir='ltr'><strong>possitis</strong></span> <span class='ocrx_word' id='word_1_451' title='bbox 732 1606 857 1632; x_wconf 88' lang='lat' dir='ltr'><strong>resistere</strong></span> <span class='ocrx_word' id='word_1_452' title='bbox 873 1605 956 1633; x_wconf 84' lang='lat' dir='ltr'><strong>indie</strong></span> 
     </span>
    </p>
   </div>
   <div class='ocr_carea' id='block_1_65' title="bbox 167 1648 954 1686">
    <p class='ocr_par' dir='ltr' id='par_1_65' title="bbox 167 1648 954 1686">
     <span class='ocr_line' id='line_1_65' title="bbox 167 1648 954 1686; baseline 0.005 -12"><span class='ocrx_word' id='word_1_453' title='bbox 167 1658 176 1673; x_wconf 68' lang='lat' dir='ltr'>c</span> <span class='ocrx_word' id='word_1_454' title='bbox 199 1648 280 1681; x_wconf 79' lang='lat' dir='ltr'><strong>malo,</strong></span> <span class='ocrx_word' id='word_1_455' title='bbox 305 1653 332 1675; x_wconf 89' lang='lat' dir='ltr'><strong>et</strong></span> <span class='ocrx_word' id='word_1_456' title='bbox 355 1648 381 1675; x_wconf 93' lang='lat' dir='ltr'><strong>in</strong></span> <span class='ocrx_word' id='word_1_457' title='bbox 405 1649 531 1677; x_wconf 85' lang='lat' dir='ltr'><strong>omnibus</strong></span> <span class='ocrx_word' id='word_1_458' title='bbox 553 1650 665 1685; x_wconf 79' lang='lat' dir='ltr'><strong>perfecti</strong></span> <span class='ocrx_word' id='word_1_459' title='bbox 687 1655 769 1677; x_wconf 82' lang='lat' dir='ltr'><strong>stare.</strong></span> <span class='ocrx_word' id='word_1_460' title='bbox 795 1650 871 1678; x_wconf 80' lang='lat' dir='ltr'><strong>State</strong></span> <span class='ocrx_word' id='word_1_461' title='bbox 890 1659 954 1686; x_wconf 75' lang='lat' dir='ltr'><strong>ergo</strong></span> 
     </span>
    </p>
   </div>
   <div class='ocr_carea' id='block_1_66' title="bbox 167 1694 955 1730">
    <p class='ocr_par' dir='ltr' id='par_1_66' title="bbox 167 1694 955 1730">
     <span class='ocr_line' id='line_1_66' title="bbox 167 1694 955 1730; baseline 0.004 -10"><span class='ocrx_word' id='word_1_462' title='bbox 167 1704 176 1719; x_wconf 85' lang='grc'><strong><em>‹</em></strong></span> <span class='ocrx_word' id='word_1_463' title='bbox 198 1694 327 1730; x_wconf 77' lang='lat' dir='ltr'><strong>succincti</strong></span> <span class='ocrx_word' id='word_1_464' title='bbox 343 1694 449 1722; x_wconf 86' lang='lat' dir='ltr'><strong>lumbos</strong></span> <span class='ocrx_word' id='word_1_465' title='bbox 459 1697 564 1722; x_wconf 77' lang='lat' dir='ltr'><strong>vestros</strong></span> <span class='ocrx_word' id='word_1_466' title='bbox 587 1696 614 1722; x_wconf 90' lang='lat' dir='ltr'><strong>in</strong></span> <span class='ocrx_word' id='word_1_467' title='bbox 627 1696 749 1728; x_wconf 75' lang='lat' dir='ltr'><strong>veritate,</strong></span> <span class='ocrx_word' id='word_1_468' title='bbox 774 1700 801 1723; x_wconf 89' lang='lat' dir='ltr'><strong>et</strong></span> <span class='ocrx_word' id='word_1_469' title='bbox 815 1696 900 1723; x_wconf 91' lang='lat' dir='ltr'><strong>induti</strong></span> <span class='ocrx_word' id='word_1_470' title='bbox 916 1697 955 1724; x_wconf 84' lang='lat' dir='ltr'><strong>lo—</strong></span> 
     </span>
    </p>
   </div>
   <div class='ocr_carea' id='block_1_67' title="bbox 167 1738 954 1776">
    <p class='ocr_par' dir='ltr' id='par_1_67' title="bbox 167 1738 954 1776">
     <span class='ocr_line' id='line_1_67' title="bbox 167 1738 954 1776; baseline 0.003 -10"><span class='ocrx_word' id='word_1_471' title='bbox 167 1748 177 1766; x_wconf 85' lang='grc'>‹</span> <span class='ocrx_word' id='word_1_472' title='bbox 200 1739 283 1766; x_wconf 85' lang='lat' dir='ltr'><strong>ricam</strong></span> <span class='ocrx_word' id='word_1_473' title='bbox 293 1738 414 1774; x_wconf 70' lang='lat' dir='ltr'><strong>justitias,</strong></span> <span class='ocrx_word' id='word_1_474' title='bbox 433 1743 461 1766; x_wconf 90' lang='lat' dir='ltr'><strong>ct</strong></span> <span class='ocrx_word' id='word_1_475' title='bbox 473 1739 582 1767; x_wconf 87' lang='lat' dir='ltr'><strong>calceati</strong></span> <span class='ocrx_word' id='word_1_476' title='bbox 597 1741 678 1775; x_wconf 87' lang='lat' dir='ltr'><strong>pedes</strong></span> <span class='ocrx_word' id='word_1_477' title='bbox 692 1741 718 1767; x_wconf 92' lang='lat' dir='ltr'><strong>in</strong></span> <span class='ocrx_word' id='word_1_478' title='bbox 731 1742 954 1776; x_wconf 67' lang='lat' dir='ltr'><strong>prtuparationcm</strong></span> 
     </span>
    </p>
   </div>
   <div class='ocr_carea' id='block_1_68' title="bbox 168 1785 953 1820">
    <p class='ocr_par' dir='ltr' id='par_1_68' title="bbox 168 1785 953 1820">
     <span class='ocr_line' id='line_1_68' title="bbox 168 1785 953 1820; baseline 0.005 -9"><span class='ocrx_word' id='word_1_479' title='bbox 168 1795 176 1810; x_wconf 80' lang='grc' dir='ltr'>ι</span> <span class='ocrx_word' id='word_1_480' title='bbox 200 1785 335 1820; x_wconf 76' lang='lat' dir='ltr'><strong>Evangelii</strong></span> <span class='ocrx_word' id='word_1_481' title='bbox 362 1785 445 1820; x_wconf 88' lang='lat' dir='ltr'><strong>pacis.</strong></span> <span class='ocrx_word' id='word_1_482' title='bbox 478 1785 508 1813; x_wconf 90' lang='lat' dir='ltr'><strong>in</strong></span> <span class='ocrx_word' id='word_1_483' title='bbox 534 1787 659 1814; x_wconf 89' lang='lat' dir='ltr'><strong>onmihus</strong></span> <span class='ocrx_word' id='word_1_484' title='bbox 683 1791 822 1815; x_wconf 85' lang='lat' dir='ltr'><strong>sumentes</strong></span> <span class='ocrx_word' id='word_1_485' title='bbox 848 1792 953 1815; x_wconf 90' lang='lat' dir='ltr'><strong>scutum</strong></span> 
     </span>
    </p>
   </div>
   <div class='ocr_carea' id='block_1_69' title="bbox 168 1830 953 1869">
    <p class='ocr_par' dir='ltr' id='par_1_69' title="bbox 168 1830 953 1869">
     <span class='ocr_line' id='line_1_69' title="bbox 168 1830 953 1869; baseline 0.006 -13"><span class='ocrx_word' id='word_1_486' title='bbox 168 1839 179 1856; x_wconf 83' lang='grc'><em>‹</em></span> <span class='ocrx_word' id='word_1_487' title='bbox 202 1830 273 1863; x_wconf 90' lang='lat' dir='ltr'><strong>ﬁdei,</strong></span> <span class='ocrx_word' id='word_1_488' title='bbox 287 1830 315 1857; x_wconf 91' lang='lat' dir='ltr'><strong>in</strong></span> <span class='ocrx_word' id='word_1_489' title='bbox 328 1837 381 1864; x_wconf 90' lang='lat' dir='ltr'><strong>quo</strong></span> <span class='ocrx_word' id='word_1_490' title='bbox 393 1831 504 1865; x_wconf 87' lang='lat' dir='ltr'><strong>possitis</strong></span> <span class='ocrx_word' id='word_1_491' title='bbox 516 1832 605 1859; x_wconf 90' lang='lat' dir='ltr'><strong>omnia</strong></span> <span class='ocrx_word' id='word_1_492' title='bbox 629 1832 680 1859; x_wconf 90' lang='lat' dir='ltr'><strong>tela</strong></span> <span class='ocrx_word' id='word_1_493' title='bbox 695 1833 853 1867; x_wconf 88' lang='lat' dir='ltr'><strong>nequissimi</strong></span> <span class='ocrx_word' id='word_1_494' title='bbox 875 1833 953 1869; x_wconf 80' lang='lat' dir='ltr'><strong>ignea</strong></span> 
     </span>
    </p>
   </div>
   <div class='ocr_carea' id='block_1_70' title="bbox 167 1875 952 1914">
    <p class='ocr_par' dir='ltr' id='par_1_70' title="bbox 167 1875 952 1914">
     <span class='ocr_line' id='line_1_70' title="bbox 167 1875 952 1914; baseline 0.005 -12"><span class='ocrx_word' id='word_1_495' title='bbox 167 1885 177 1902; x_wconf 70' lang='grc' dir='ltr'>ι</span> <span class='ocrx_word' id='word_1_496' title='bbox 199 1875 379 1910; x_wconf 73' lang='lat' dir='ltr'><strong>exstinguere.</strong></span> <span class='ocrx_word' id='word_1_497' title='bbox 403 1875 437 1903; x_wconf 86' lang='lat' dir='ltr'><strong>Et</strong></span> <span class='ocrx_word' id='word_1_498' title='bbox 455 1875 557 1911; x_wconf 78' lang='lat' dir='ltr'><strong>galeam</strong></span> <span class='ocrx_word' id='word_1_499' title='bbox 578 1877 674 1905; x_wconf 86' lang='lat' dir='ltr'><strong>salutis</strong></span> <span class='ocrx_word' id='word_1_500' title='bbox 688 1878 826 1911; x_wconf 85' lang='lat' dir='ltr'><strong>assumite,</strong></span> <span class='ocrx_word' id='word_1_501' title='bbox 849 1883 875 1906; x_wconf 88' lang='lat' dir='ltr'><strong>et</strong></span> <span class='ocrx_word' id='word_1_502' title='bbox 897 1879 952 1914; x_wconf 81' lang='lat' dir='ltr'><strong>gla-</strong></span> 
     </span>
    </p>
   </div>
   <div class='ocr_carea' id='block_1_71' title="bbox 167 1921 778 1956">
    <p class='ocr_par' dir='ltr' id='par_1_71' title="bbox 167 1921 778 1956">
     <span class='ocr_line' id='line_1_71' title="bbox 167 1921 778 1956; baseline 0.003 -8"><span class='ocrx_word' id='word_1_503' title='bbox 167 1930 178 1948; x_wconf 75' lang='grc'><strong>(</strong></span> <span class='ocrx_word' id='word_1_504' title='bbox 200 1921 274 1949; x_wconf 91' lang='lat' dir='ltr'><strong>dium</strong></span> <span class='ocrx_word' id='word_1_505' title='bbox 287 1921 410 1956; x_wconf 86' lang='lat' dir='ltr'><strong>spiritus,</strong></span> <span class='ocrx_word' id='word_1_506' title='bbox 425 1922 495 1956; x_wconf 91' lang='lat' dir='ltr'><strong>quod</strong></span> <span class='ocrx_word' id='word_1_507' title='bbox 511 1927 553 1949; x_wconf 87' lang='lat' dir='ltr'><strong>est</strong></span> <span class='ocrx_word' id='word_1_508' title='bbox 565 1923 677 1950; x_wconf 85' lang='lat' dir='ltr'><strong>verbum</strong></span> <span class='ocrx_word' id='word_1_509' title='bbox 690 1921 748 1950; x_wconf 89' lang='lat' dir='ltr'><strong>Dei.</strong></span> <span class='ocrx_word' id='word_1_510' title='bbox 769 1932 778 1949; x_wconf 73' lang='grc' dir='ltr'><strong><em>ι</em></strong></span> 
     </span>
    </p>
   </div>
   <div class='ocr_carea' id='block_1_72' title="bbox 200 1966 952 2004">
    <p class='ocr_par' dir='ltr' id='par_1_72' title="bbox 200 1966 952 2004">
     <span class='ocr_line' id='line_1_72' title="bbox 200 1966 952 2004; baseline 0.004 -11"><span class='ocrx_word' id='word_1_511' title='bbox 200 1966 239 1994; x_wconf 78' lang='lat' dir='ltr'><strong>De</strong></span> <span class='ocrx_word' id='word_1_512' title='bbox 253 1972 346 1994; x_wconf 77' lang='lat' dir='ltr'><strong>ca&#39;tero</strong></span> <span class='ocrx_word' id='word_1_513' title='bbox 358 1967 543 2002; x_wconf 81' lang='lat' dir='ltr'><strong>canfortamini</strong></span> <span class='ocrx_word' id='word_1_514' title='bbox 558 1969 585 1995; x_wconf 81' lang='lat' dir='ltr'><strong>in</strong></span> <span class='ocrx_word' id='word_1_515' title='bbox 602 1968 723 1999; x_wconf 83' lang='lat' dir='ltr'><strong>Domino,</strong></span> <span class='ocrx_word' id='word_1_516' title='bbox 748 1973 772 1995; x_wconf 79' lang='lat' dir='ltr'><strong>et</strong></span> <span class='ocrx_word' id='word_1_517' title='bbox 790 1968 816 1995; x_wconf 82' lang='lat' dir='ltr'><strong>in</strong></span> <span class='ocrx_word' id='word_1_518' title='bbox 839 1970 952 2004; x_wconf 68' lang='lat' dir='ltr'><strong>potentia</strong></span> 
     </span>
    </p>
   </div>
   <div class='ocr_carea' id='block_1_73' title="bbox 165 2011 952 2049">
    <p class='ocr_par' dir='ltr' id='par_1_73' title="bbox 165 2011 952 2049">
     <span class='ocr_line' id='line_1_73' title="bbox 165 2011 952 2049; baseline 0.003 -10"><span class='ocrx_word' id='word_1_519' title='bbox 165 2012 266 2039; x_wconf 68' lang='lat' dir='ltr'><strong>uirtutis</strong></span> <span class='ocrx_word' id='word_1_520' title='bbox 279 2011 346 2047; x_wconf 79' lang='lat' dir='ltr'><strong>ejus.</strong></span> <span class='ocrx_word' id='word_1_521' title='bbox 366 2011 416 2048; x_wconf 78' lang='lat' dir='ltr'><strong>(Ex</strong></span> <span class='ocrx_word' id='word_1_522' title='bbox 430 2011 554 2048; x_wconf 86' lang='lat' dir='ltr'><strong>ilieron.)</strong></span> <span class='ocrx_word' id='word_1_523' title='bbox 574 2013 649 2047; x_wconf 84' lang='lat' dir='ltr'><strong>Quod</strong></span> <span class='ocrx_word' id='word_1_524' title='bbox 665 2014 745 2049; x_wconf 76' lang='lat' dir='ltr'><strong>igitur</strong></span> <span class='ocrx_word' id='word_1_525' title='bbox 766 2014 822 2041; x_wconf 86' lang='lat' dir='ltr'><strong>ait:</strong></span> <span class='ocrx_word' id='word_1_526' title='bbox 842 2013 952 2049; x_wconf 79' lang='lat' dir='ltr'><strong>Canfor—</strong></span> 
     </span>
    </p>
   </div>
   <div class='ocr_carea' id='block_1_74' title="bbox 164 2056 951 2094">
    <p class='ocr_par' dir='ltr' id='par_1_74' title="bbox 164 2056 951 2094">
     <span class='ocr_line' id='line_1_74' title="bbox 164 2056 951 2094; baseline 0.003 -10"><span class='ocrx_word' id='word_1_527' title='bbox 164 2056 257 2085; x_wconf 45' lang='lat' dir='ltr'><strong>ta‘mim‘</strong></span> <span class='ocrx_word' id='word_1_528' title='bbox 269 2058 296 2085; x_wconf 89' lang='lat' dir='ltr'><strong>in</strong></span> <span class='ocrx_word' id='word_1_529' title='bbox 314 2056 436 2091; x_wconf 85' lang='lat' dir='ltr'><strong>Domino,</strong></span> <span class='ocrx_word' id='word_1_530' title='bbox 450 2063 474 2085; x_wconf 83' lang='lat' dir='ltr'><strong>et</strong></span> <span class='ocrx_word' id='word_1_531' title='bbox 489 2059 516 2085; x_wconf 80' lang='lat' dir='ltr'><strong>in</strong></span> <span class='ocrx_word' id='word_1_532' title='bbox 534 2059 649 2093; x_wconf 70' lang='lat' dir='ltr'><strong>polentia</strong></span> <span class='ocrx_word' id='word_1_533' title='bbox 668 2059 770 2086; x_wconf 72' lang='lat' dir='ltr'><strong>virtutis</strong></span> <span class='ocrx_word' id='word_1_534' title='bbox 786 2059 853 2094; x_wconf 79' lang='lat' dir='ltr'><strong>ejus,</strong></span> <span class='ocrx_word' id='word_1_535' title='bbox 866 2063 951 2086; x_wconf 75' lang='lat' dir='ltr'><strong>toturn</strong></span> 
     </span>
    </p>
   </div>
   <div class='ocr_carea' id='block_1_75' title="bbox 164 2103 951 2139">
    <p class='ocr_par' dir='ltr' id='par_1_75' title="bbox 164 2103 951 2139">
     <span class='ocr_line' id='line_1_75' title="bbox 164 2103 951 2139; baseline 0.003 -9"><span class='ocrx_word' id='word_1_536' title='bbox 164 2103 279 2131; x_wconf 86' lang='lat' dir='ltr'><strong>sentitur</strong></span> <span class='ocrx_word' id='word_1_537' title='bbox 300 2103 326 2130; x_wconf 88' lang='lat' dir='ltr'><strong>in</strong></span> <span class='ocrx_word' id='word_1_538' title='bbox 342 2103 460 2137; x_wconf 83' lang='lat' dir='ltr'><strong>Christo,</strong></span> <span class='ocrx_word' id='word_1_539' title='bbox 483 2110 512 2132; x_wconf 94' lang='lat' dir='ltr'><strong>ut</strong></span> <span class='ocrx_word' id='word_1_540' title='bbox 536 2105 563 2131; x_wconf 95' lang='lat' dir='ltr'><strong>in</strong></span> <span class='ocrx_word' id='word_1_541' title='bbox 583 2105 708 2132; x_wconf 88' lang='lat' dir='ltr'><strong>omnibus</strong></span> <span class='ocrx_word' id='word_1_542' title='bbox 721 2105 868 2132; x_wconf 78' lang='lat' dir='ltr'><strong>virtutibus</strong></span> <span class='ocrx_word' id='word_1_543' title='bbox 892 2113 951 2139; x_wconf 78' lang='lat' dir='ltr'><strong>quze</strong></span> 
     </span>
    </p>
   </div>
   <div class='ocr_carea' id='block_1_76' title="bbox 164 2149 950 2184">
    <p class='ocr_par' dir='ltr' id='par_1_76' title="bbox 164 2149 950 2184">
     <span class='ocr_line' id='line_1_76' title="bbox 164 2149 950 2184; baseline 0.003 -8"><span class='ocrx_word' id='word_1_544' title='bbox 164 2156 245 2184; x_wconf 87' lang='lat' dir='ltr'><strong>super</strong></span> <span class='ocrx_word' id='word_1_545' title='bbox 255 2157 287 2176; x_wconf 88' lang='lat' dir='ltr'><strong>eo</strong></span> <span class='ocrx_word' id='word_1_546' title='bbox 299 2149 495 2184; x_wconf 76' lang='lat' dir='ltr'><strong>intelliguntur.</strong></span> <span class='ocrx_word' id='word_1_547' title='bbox 511 2150 562 2184; x_wconf 87' lang='lat' dir='ltr'><strong>Qui</strong></span> <span class='ocrx_word' id='word_1_548' title='bbox 577 2150 741 2178; x_wconf 87' lang='lat' dir='ltr'><strong>crediderint</strong></span> <span class='ocrx_word' id='word_1_549' title='bbox 755 2150 950 2178; x_wconf 82' lang='lat' dir='ltr'><strong>coniorteutur.</strong></span> 
     </span>
    </p>
   </div>
   <div class='ocr_carea' id='block_1_77' title="bbox 165 2194 951 2232">
    <p class='ocr_par' dir='ltr' id='par_1_77' title="bbox 165 2194 951 2232">
     <span class='ocr_line' id='line_1_77' title="bbox 165 2194 951 2232; baseline 0.004 -10"><span class='ocrx_word' id='word_1_550' title='bbox 165 2196 199 2222; x_wconf 82' lang='lat' dir='ltr'><strong>Et</strong></span> <span class='ocrx_word' id='word_1_551' title='bbox 213 2194 358 2230; x_wconf 88' lang='lat' dir='ltr'><strong>prudenter</strong></span> <span class='ocrx_word' id='word_1_552' title='bbox 370 2201 430 2230; x_wconf 88' lang='lat' dir='ltr'><strong>post</strong></span> <span class='ocrx_word' id='word_1_553' title='bbox 443 2197 569 2232; x_wconf 84' lang='lat' dir='ltr'><strong>specialia</strong></span> <span class='ocrx_word' id='word_1_554' title='bbox 590 2197 714 2224; x_wconf 87' lang='lat' dir='ltr'><strong>mandata</strong></span> <span class='ocrx_word' id='word_1_555' title='bbox 727 2217 735 2230; x_wconf 91' lang='lat'><strong>,</strong></span> <span class='ocrx_word' id='word_1_556' title='bbox 759 2198 823 2232; x_wconf 83' lang='lat' dir='ltr'><strong>quid</strong></span> <span class='ocrx_word' id='word_1_557' title='bbox 837 2197 903 2225; x_wconf 91' lang='lat' dir='ltr'><strong>viris</strong></span> <span class='ocrx_word' id='word_1_558' title='bbox 923 2202 951 2225; x_wconf 89' lang='lat' dir='ltr'><strong>et</strong></span> 
     </span>
    </p>
   </div>
   <div class='ocr_carea' id='block_1_78' title="bbox 164 2240 952 2275">
    <p class='ocr_par' dir='ltr' id='par_1_78' title="bbox 164 2240 952 2275">
     <span class='ocr_line' id='line_1_78' title="bbox 164 2240 952 2275; baseline 0.004 -8"><span class='ocrx_word' id='word_1_559' title='bbox 164 2240 304 2273; x_wconf 78' lang='lat' dir='ltr'><strong>uxoribus,</strong></span> <span class='ocrx_word' id='word_1_560' title='bbox 320 2242 442 2275; x_wconf 90' lang='lat' dir='ltr'><strong>patribus</strong></span> <span class='ocrx_word' id='word_1_561' title='bbox 454 2246 481 2269; x_wconf 88' lang='lat' dir='ltr'><strong>et</strong></span> <span class='ocrx_word' id='word_1_562' title='bbox 496 2241 568 2274; x_wconf 83' lang='lat' dir='ltr'><strong>ﬁliis,</strong></span> <span class='ocrx_word' id='word_1_563' title='bbox 582 2241 698 2270; x_wconf 88' lang='lat' dir='ltr'><strong>dominis</strong></span> <span class='ocrx_word' id='word_1_564' title='bbox 714 2246 742 2269; x_wconf 86' lang='lat' dir='ltr'><strong>et</strong></span> <span class='ocrx_word' id='word_1_565' title='bbox 758 2243 843 2270; x_wconf 91' lang='lat' dir='ltr'><strong>servis</strong></span> <span class='ocrx_word' id='word_1_566' title='bbox 859 2243 952 2270; x_wconf 84' lang='lat' dir='ltr'><strong>obser-</strong></span> 
     </span>
    </p>
   </div>
   <div class='ocr_carea' id='block_1_79' title="bbox 166 2285 951 2321">
    <p class='ocr_par' dir='ltr' id='par_1_79' title="bbox 166 2285 951 2321">
     <span class='ocr_line' id='line_1_79' title="bbox 166 2285 951 2321; baseline 0.004 -9"><span class='ocrx_word' id='word_1_567' title='bbox 166 2285 281 2312; x_wconf 81' lang='lat' dir='ltr'><strong>vandum</strong></span> <span class='ocrx_word' id='word_1_568' title='bbox 294 2286 340 2317; x_wconf 88' lang='lat' dir='ltr'><strong>sit,</strong></span> <span class='ocrx_word' id='word_1_569' title='bbox 357 2293 428 2312; x_wconf 92' lang='lat' dir='ltr'><strong>nunc</strong></span> <span class='ocrx_word' id='word_1_570' title='bbox 447 2286 606 2321; x_wconf 78' lang='lat' dir='ltr'><strong>generaliter</strong></span> <span class='ocrx_word' id='word_1_571' title='bbox 619 2287 743 2314; x_wconf 90' lang='lat' dir='ltr'><strong>omnibus</strong></span> <span class='ocrx_word' id='word_1_572' title='bbox 768 2287 794 2314; x_wconf 95' lang='lat' dir='ltr'><strong>in</strong></span> <span class='ocrx_word' id='word_1_573' title='bbox 809 2295 951 2315; x_wconf 88' lang='lat' dir='ltr'><strong>commune</strong></span> 
     </span>
    </p>
   </div>
   <div class='ocr_carea' id='block_1_80' title="bbox 166 2330 950 2366">
    <p class='ocr_par' dir='ltr' id='par_1_80' title="bbox 166 2330 950 2366">
     <span class='ocr_line' id='line_1_80' title="bbox 166 2330 950 2366; baseline 0.004 -9"><span class='ocrx_word' id='word_1_574' title='bbox 166 2330 287 2365; x_wconf 70' lang='lat' dir='ltr'><strong>prtecipit</strong></span> <span class='ocrx_word' id='word_1_575' title='bbox 301 2330 327 2357; x_wconf 88' lang='lat' dir='ltr'><strong>in</strong></span> <span class='ocrx_word' id='word_1_576' title='bbox 348 2330 476 2364; x_wconf 89' lang='lat' dir='ltr'><strong>Domino,</strong></span> <span class='ocrx_word' id='word_1_577' title='bbox 499 2334 526 2357; x_wconf 90' lang='lat' dir='ltr'><strong>et</strong></span> <span class='ocrx_word' id='word_1_578' title='bbox 547 2331 572 2358; x_wconf 92' lang='lat' dir='ltr'><strong>in</strong></span> <span class='ocrx_word' id='word_1_579' title='bbox 598 2331 654 2365; x_wconf 82' lang='lat' dir='ltr'><strong>ejus</strong></span> <span class='ocrx_word' id='word_1_580' title='bbox 666 2333 785 2366; x_wconf 83' lang='lat' dir='ltr'><strong>potentia</strong></span> <span class='ocrx_word' id='word_1_581' title='bbox 807 2333 950 2360; x_wconf 82' lang='lat' dir='ltr'><strong>confortati</strong></span> 
     </span>
    </p>
   </div>
   <div class='ocr_carea' id='block_1_81' title="bbox 166 2376 674 2411">
    <p class='ocr_par' dir='ltr' id='par_1_81' title="bbox 166 2376 674 2411">
     <span class='ocr_line' id='line_1_81' title="bbox 166 2376 674 2411; baseline 0 -8"><span class='ocrx_word' id='word_1_582' title='bbox 166 2380 317 2411; x_wconf 69' lang='lat' dir='ltr'><strong>prmparcnt</strong></span> <span class='ocrx_word' id='word_1_583' title='bbox 334 2384 363 2404; x_wconf 82' lang='lat' dir='ltr'><strong>se</strong></span> <span class='ocrx_word' id='word_1_584' title='bbox 376 2376 518 2404; x_wconf 86' lang='lat' dir='ltr'><strong>adversum</strong></span> <span class='ocrx_word' id='word_1_585' title='bbox 530 2376 674 2404; x_wconf 88' lang='lat' dir='ltr'><strong>diabolum.</strong></span> 
     </span>
    </p>
   </div>
   <div class='ocr_carea' id='block_1_82' title="bbox 202 2421 951 2456">
    <p class='ocr_par' dir='ltr' id='par_1_82' title="bbox 202 2421 951 2456">
     <span class='ocr_line' id='line_1_82' title="bbox 202 2421 951 2456; baseline 0.001 -8"><span class='ocrx_word' id='word_1_586' title='bbox 202 2421 308 2448; x_wconf 83' lang='lat' dir='ltr'><strong>Induite</strong></span> <span class='ocrx_word' id='word_1_587' title='bbox 331 2430 376 2449; x_wconf 74' lang='lat' dir='ltr'><strong>vos</strong></span> <span class='ocrx_word' id='word_1_588' title='bbox 391 2426 553 2449; x_wconf 84' lang='lat' dir='ltr'><strong>armaturam</strong></span> <span class='ocrx_word' id='word_1_589' title='bbox 574 2421 622 2448; x_wconf 76' lang='lat' dir='ltr'><strong>Dei</strong></span> <span class='ocrx_word' id='word_1_590' title='bbox 636 2442 642 2454; x_wconf 89' lang='lat'><strong>,</strong></span> <span class='ocrx_word' id='word_1_591' title='bbox 659 2426 686 2448; x_wconf 83' lang='lat' dir='ltr'><strong>ut</strong></span> <span class='ocrx_word' id='word_1_592' title='bbox 706 2422 810 2456; x_wconf 75' lang='lat' dir='ltr'><strong>possitis</strong></span> <span class='ocrx_word' id='word_1_593' title='bbox 832 2422 951 2450; x_wconf 78' lang='lat' dir='ltr'><strong>r:xistcre</strong></span> 
     </span>
    </p>
   </div>
   <div class='ocr_carea' id='block_1_83' title="bbox 167 2465 949 2502">
    <p class='ocr_par' dir='ltr' id='par_1_83' title="bbox 167 2465 949 2502">
     <span class='ocr_line' id='line_1_83' title="bbox 167 2465 949 2502; baseline 0.004 -11"><span class='ocrx_word' id='word_1_594' title='bbox 167 2465 292 2492; x_wconf 68' lang='lat' dir='ltr'><strong>adversus</strong></span> <span class='ocrx_word' id='word_1_595' title='bbox 304 2465 412 2492; x_wconf 73' lang='lat' dir='ltr'><strong>insidias</strong></span> <span class='ocrx_word' id='word_1_596' title='bbox 426 2465 533 2492; x_wconf 75' lang='lat' dir='ltr'><strong>diaboli.</strong></span> <span class='ocrx_word' id='word_1_597' title='bbox 554 2465 591 2493; x_wconf 81' lang='lat' dir='ltr'><strong>Ex</strong></span> <span class='ocrx_word' id='word_1_598' title='bbox 608 2466 651 2493; x_wconf 95' lang='lat' dir='ltr'><strong>his</strong></span> <span class='ocrx_word' id='word_1_599' title='bbox 670 2474 729 2501; x_wconf 62' lang='lat' dir='ltr'><strong>qua:</strong></span> <span class='ocrx_word' id='word_1_600' title='bbox 744 2466 812 2493; x_wconf 79' lang='lat' dir='ltr'><strong>infra</strong></span> <span class='ocrx_word' id='word_1_601' title='bbox 827 2467 949 2502; x_wconf 77' lang='lat' dir='ltr'><strong>legimus,</strong></span> 
     </span>
    </p>
   </div>
   <div class='ocr_carea' id='block_1_84' title="bbox 168 2509 950 2545">
    <p class='ocr_par' dir='ltr' id='par_1_84' title="bbox 168 2509 950 2545">
     <span class='ocr_line' id='line_1_84' title="bbox 168 2509 950 2545; baseline 0.004 -9"><span class='ocrx_word' id='word_1_602' title='bbox 168 2513 196 2537; x_wconf 90' lang='lat' dir='ltr'><strong>et</strong></span> <span class='ocrx_word' id='word_1_603' title='bbox 210 2509 253 2537; x_wconf 87' lang='lat' dir='ltr'><strong>hic</strong></span> <span class='ocrx_word' id='word_1_604' title='bbox 270 2516 329 2544; x_wconf 68' lang='lat' dir='ltr'><strong>qum</strong></span> <span class='ocrx_word' id='word_1_605' title='bbox 350 2510 376 2536; x_wconf 93' lang='lat' dir='ltr'><strong>in</strong></span> <span class='ocrx_word' id='word_1_606' title='bbox 399 2510 541 2545; x_wconf 87' lang='lat' dir='ltr'><strong>scripturis</strong></span> <span class='ocrx_word' id='word_1_607' title='bbox 554 2511 678 2538; x_wconf 85' lang='lat' dir='ltr'><strong>omnibus</strong></span> <span class='ocrx_word' id='word_1_608' title='bbox 691 2512 724 2539; x_wconf 88' lang='lat' dir='ltr'><strong>de</strong></span> <span class='ocrx_word' id='word_1_609' title='bbox 740 2510 853 2539; x_wconf 85' lang='lat' dir='ltr'><strong>Domino</strong></span> <span class='ocrx_word' id='word_1_610' title='bbox 866 2512 950 2539; x_wconf 86' lang='lat' dir='ltr'><strong>salva-</strong></span> 
     </span>
    </p>
   </div>
   <div class='ocr_carea' id='block_1_85' title="bbox 169 2554 950 2591">
    <p class='ocr_par' dir='ltr' id='par_1_85' title="bbox 169 2554 950 2591">
     <span class='ocr_line' id='line_1_85' title="bbox 169 2554 950 2591; baseline 0.004 -9"><span class='ocrx_word' id='word_1_611' title='bbox 169 2560 226 2582; x_wconf 89' lang='lat' dir='ltr'><strong>tore</strong></span> <span class='ocrx_word' id='word_1_612' title='bbox 239 2554 363 2582; x_wconf 88' lang='lat' dir='ltr'><strong>dicuutur</strong></span> <span class='ocrx_word' id='word_1_613' title='bbox 374 2575 382 2587; x_wconf 95' lang='lat'><strong>,</strong></span> <span class='ocrx_word' id='word_1_614' title='bbox 403 2555 621 2583; x_wconf 73' lang='lat' dir='ltr'><strong>manifestissime</strong></span> <span class='ocrx_word' id='word_1_615' title='bbox 635 2557 823 2591; x_wconf 84' lang='lat' dir='ltr'><strong>comprobatur</strong></span> <span class='ocrx_word' id='word_1_616' title='bbox 833 2578 840 2590; x_wconf 91' lang='lat'><strong>,</strong></span> <span class='ocrx_word' id='word_1_617' title='bbox 861 2558 950 2585; x_wconf 86' lang='lat' dir='ltr'><strong>omnia</strong></span> 
     </span>
    </p>
   </div>
   <div class='ocr_carea' id='block_1_86' title="bbox 168 2598 953 2638">
    <p class='ocr_par' dir='ltr' id='par_1_86' title="bbox 168 2598 953 2638">
     <span class='ocr_line' id='line_1_86' title="bbox 168 2598 953 2638; baseline 0.005 -12"><span class='ocrx_word' id='word_1_618' title='bbox 168 2607 244 2627; x_wconf 83' lang='lat' dir='ltr'><strong>arma</strong></span> <span class='ocrx_word' id='word_1_619' title='bbox 259 2598 318 2632; x_wconf 85' lang='lat' dir='ltr'><strong>Dei,</strong></span> <span class='ocrx_word' id='word_1_620' title='bbox 334 2599 430 2634; x_wconf 88' lang='lat' dir='ltr'><strong>quibus</strong></span> <span class='ocrx_word' id='word_1_621' title='bbox 445 2607 516 2627; x_wconf 87' lang='lat' dir='ltr'><strong>nunc</strong></span> <span class='ocrx_word' id='word_1_622' title='bbox 532 2600 603 2627; x_wconf 92' lang='lat' dir='ltr'><strong>indui</strong></span> <span class='ocrx_word' id='word_1_623' title='bbox 614 2600 752 2636; x_wconf 83' lang='lat' dir='ltr'><strong>jubetnur,</strong></span> <span class='ocrx_word' id='word_1_624' title='bbox 769 2601 880 2638; x_wconf 78' lang='lat' dir='ltr'><strong>intelligi</strong></span> <span class='ocrx_word' id='word_1_625' title='bbox 901 2604 953 2630; x_wconf 87' lang='lat' dir='ltr'><strong>sal-</strong></span> 
     </span>
    </p>
   </div>
   <div class='ocr_carea' id='block_1_87' title="bbox 168 2645 951 2679">
    <p class='ocr_par' dir='ltr' id='par_1_87' title="bbox 168 2645 951 2679">
     <span class='ocr_line' id='line_1_87' title="bbox 168 2645 951 2679; baseline 0.003 -7"><span class='ocrx_word' id='word_1_626' title='bbox 168 2649 299 2677; x_wconf 87' lang='lat' dir='ltr'><strong>vatorem,</strong></span> <span class='ocrx_word' id='word_1_627' title='bbox 323 2648 352 2670; x_wconf 94' lang='lat' dir='ltr'><strong>ut</strong></span> <span class='ocrx_word' id='word_1_628' title='bbox 365 2651 446 2670; x_wconf 86' lang='lat' dir='ltr'><strong>unum</strong></span> <span class='ocrx_word' id='word_1_629' title='bbox 471 2649 551 2679; x_wconf 86' lang='lat' dir='ltr'><strong>atque</strong></span> <span class='ocrx_word' id='word_1_630' title='bbox 572 2645 641 2672; x_wconf 89' lang='lat' dir='ltr'><strong>idem</strong></span> <span class='ocrx_word' id='word_1_631' title='bbox 657 2645 691 2672; x_wconf 92' lang='lat' dir='ltr'><strong>sit</strong></span> <span class='ocrx_word' id='word_1_632' title='bbox 708 2646 826 2674; x_wconf 78' lang='lat' dir='ltr'><strong>dixisse:</strong></span> <span class='ocrx_word' id='word_1_633' title='bbox 845 2646 951 2674; x_wconf 80' lang='lat' dir='ltr'><strong>Induite</strong></span> 
     </span>
    </p>
   </div>
   <div class='ocr_carea' id='block_1_88' title="bbox 168 2689 952 2725">
    <p class='ocr_par' dir='ltr' id='par_1_88' title="bbox 168 2689 952 2725">
     <span class='ocr_line' id='line_1_88' title="bbox 168 2689 952 2725; baseline 0 -6"><span class='ocrx_word' id='word_1_634' title='bbox 168 2697 212 2719; x_wconf 70' lang='lat' dir='ltr'><strong>tot</strong></span> <span class='ocrx_word' id='word_1_635' title='bbox 227 2690 314 2718; x_wconf 82' lang='lat' dir='ltr'><strong>omnia</strong></span> <span class='ocrx_word' id='word_1_636' title='bbox 330 2697 404 2716; x_wconf 86' lang='lat' dir='ltr'><strong>arma</strong></span> <span class='ocrx_word' id='word_1_637' title='bbox 421 2689 485 2722; x_wconf 81' lang='lat' dir='ltr'><strong>Dei,</strong></span> <span class='ocrx_word' id='word_1_638' title='bbox 512 2690 589 2725; x_wconf 89' lang='lat' dir='ltr'><strong>quasi</strong></span> <span class='ocrx_word' id='word_1_639' title='bbox 604 2690 721 2717; x_wconf 81' lang='lat' dir='ltr'><strong>dixerit:</strong></span> <span class='ocrx_word' id='word_1_640' title='bbox 745 2690 849 2719; x_wconf 80' lang='lat' dir='ltr'><strong>induite</strong></span> <span class='ocrx_word' id='word_1_641' title='bbox 860 2692 952 2719; x_wconf 80' lang='grc' dir='ltr'><strong>Βυιιιί-</strong></span> 
     </span>
    </p>
   </div>
   <div class='ocr_carea' id='block_1_89' title="bbox 168 2734 952 2771">
    <p class='ocr_par' dir='ltr' id='par_1_89' title="bbox 168 2734 952 2771">
     <span class='ocr_line' id='line_1_89' title="bbox 168 2734 952 2771; baseline 0.001 -8"><span class='ocrx_word' id='word_1_642' title='bbox 168 2741 231 2763; x_wconf 88' lang='lat' dir='ltr'><strong>num</strong></span> <span class='ocrx_word' id='word_1_643' title='bbox 253 2734 344 2763; x_wconf 68' lang='lat' dir='ltr'><strong>Iesum</strong></span> <span class='ocrx_word' id='word_1_644' title='bbox 356 2734 502 2762; x_wconf 87' lang='lat' dir='ltr'><strong>Christum.</strong></span> <span class='ocrx_word' id='word_1_645' title='bbox 517 2734 546 2762; x_wconf 89' lang='lat' dir='ltr'><strong>Si</strong></span> <span class='ocrx_word' id='word_1_646' title='bbox 559 2736 630 2762; x_wconf 89' lang='lat' dir='ltr'><strong>enim</strong></span> <span class='ocrx_word' id='word_1_647' title='bbox 641 2736 776 2771; x_wconf 71' lang='lat' dir='ltr'><strong>cingulum</strong></span> <span class='ocrx_word' id='word_1_648' title='bbox 790 2737 889 2764; x_wconf 83' lang='lat' dir='ltr'><strong>veritas</strong></span> <span class='ocrx_word' id='word_1_649' title='bbox 899 2741 952 2770; x_wconf 85' lang='lat' dir='ltr'><strong>est,</strong></span> 
     </span>
    </p>
   </div>
   <div class='ocr_carea' id='block_1_90' title="bbox 169 2780 953 2815">
    <p class='ocr_par' dir='ltr' id='par_1_90' title="bbox 169 2780 953 2815">
     <span class='ocr_line' id='line_1_90' title="bbox 169 2780 953 2815; baseline 0.004 -9"><span class='ocrx_word' id='word_1_650' title='bbox 169 2784 196 2806; x_wconf 75' lang='grc' dir='ltr'><strong>ει</strong></span> <span class='ocrx_word' id='word_1_651' title='bbox 209 2780 290 2808; x_wconf 90' lang='lat' dir='ltr'><strong>lorica</strong></span> <span class='ocrx_word' id='word_1_652' title='bbox 300 2780 404 2815; x_wconf 88' lang='lat' dir='ltr'><strong>justitia</strong></span> <span class='ocrx_word' id='word_1_653' title='bbox 415 2784 471 2813; x_wconf 87' lang='lat' dir='ltr'><strong>est,</strong></span> <span class='ocrx_word' id='word_1_654' title='bbox 487 2780 606 2807; x_wconf 85' lang='lat' dir='ltr'><strong>salvator</strong></span> <span class='ocrx_word' id='word_1_655' title='bbox 616 2784 705 2808; x_wconf 87' lang='lat' dir='ltr'><strong>autem</strong></span> <span class='ocrx_word' id='word_1_656' title='bbox 720 2785 747 2808; x_wconf 89' lang='lat' dir='ltr'><strong>et</strong></span> <span class='ocrx_word' id='word_1_657' title='bbox 758 2782 858 2809; x_wconf 82' lang='lat' dir='ltr'><strong>veritas</strong></span> <span class='ocrx_word' id='word_1_658' title='bbox 872 2786 899 2809; x_wconf 92' lang='lat' dir='ltr'><strong>ct</strong></span> <span class='ocrx_word' id='word_1_659' title='bbox 910 2782 953 2815; x_wconf 79' lang='lat' dir='ltr'><strong>ju-</strong></span> 
     </span>
    </p>
   </div>
   <div class='ocr_carea' id='block_1_91' title="bbox 171 2823 952 2862">
    <p class='ocr_par' dir='ltr' id='par_1_91' title="bbox 171 2823 952 2862">
     <span class='ocr_line' id='line_1_91' title="bbox 171 2823 952 2862; baseline 0.008 -14"><span class='ocrx_word' id='word_1_660' title='bbox 171 2823 243 2850; x_wconf 77' lang='lat' dir='ltr'><strong>szitia</strong></span> <span class='ocrx_word' id='word_1_661' title='bbox 258 2825 421 2857; x_wconf 89' lang='lat' dir='ltr'><strong>nominatur,</strong></span> <span class='ocrx_word' id='word_1_662' title='bbox 434 2824 499 2852; x_wconf 88' lang='lat' dir='ltr'><strong>nulli</strong></span> <span class='ocrx_word' id='word_1_663' title='bbox 512 2824 621 2852; x_wconf 86' lang='lat' dir='ltr'><strong>dubiqu</strong></span> <span class='ocrx_word' id='word_1_664' title='bbox 634 2825 698 2860; x_wconf 83' lang='lat' dir='ltr'><strong>quiti</strong></span> <span class='ocrx_word' id='word_1_665' title='bbox 710 2825 765 2859; x_wconf 83' lang='lat' dir='ltr'><strong>ipse</strong></span> <span class='ocrx_word' id='word_1_666' title='bbox 776 2830 802 2853; x_wconf 91' lang='lat' dir='ltr'><strong>et</strong></span> <span class='ocrx_word' id='word_1_667' title='bbox 816 2827 952 2862; x_wconf 75' lang='lat' dir='ltr'><strong>cingulum</strong></span> 
     </span>
    </p>
   </div>
   <div class='ocr_carea' id='block_1_92' title="bbox 1005 1597 1797 1632">
    <p class='ocr_par' dir='ltr' id='par_1_92' title="bbox 1005 1597 1797 1632">
     <span class='ocr_line' id='line_1_92' title="bbox 1005 1597 1797 1632; baseline 0.005 -8"><span class='ocrx_word' id='word_1_668' title='bbox 1005 1597 1115 1632; x_wconf 86' lang='lat' dir='ltr'><strong>quidam</strong></span> <span class='ocrx_word' id='word_1_669' title='bbox 1128 1598 1263 1626; x_wconf 67' lang='lat' dir='ltr'><strong>daemones</strong></span> <span class='ocrx_word' id='word_1_670' title='bbox 1276 1600 1412 1628; x_wconf 85' lang='lat' dir='ltr'><strong>amoribus</strong></span> <span class='ocrx_word' id='word_1_671' title='bbox 1423 1604 1450 1628; x_wconf 83' lang='lat' dir='ltr'><strong>et</strong></span> <span class='ocrx_word' id='word_1_672' title='bbox 1463 1601 1603 1628; x_wconf 80' lang='lat' dir='ltr'><strong>amatoriis</strong></span> <span class='ocrx_word' id='word_1_673' title='bbox 1615 1601 1729 1629; x_wconf 83' lang='lat' dir='ltr'><strong>canticis</strong></span> <span class='ocrx_word' id='word_1_674' title='bbox 1738 1608 1797 1628; x_wconf 86' lang='lat' dir='ltr'><strong>ser-</strong></span> 
     </span>
    </p>
   </div>
   <div class='ocr_carea' id='block_1_93' title="bbox 1004 1644 1796 1681">
    <p class='ocr_par' dir='ltr' id='par_1_93' title="bbox 1004 1644 1796 1681">
     <span class='ocr_line' id='line_1_93' title="bbox 1004 1644 1796 1681; baseline 0.004 -9"><span class='ocrx_word' id='word_1_675' title='bbox 1004 1644 1109 1673; x_wconf 87' lang='lat' dir='ltr'><strong>vientes</strong></span> <span class='ocrx_word' id='word_1_676' title='bbox 1122 1665 1130 1678; x_wconf 92' lang='lat'><strong>,</strong></span> <span class='ocrx_word' id='word_1_677' title='bbox 1151 1650 1178 1673; x_wconf 87' lang='lat' dir='ltr'><strong>et</strong></span> <span class='ocrx_word' id='word_1_678' title='bbox 1193 1645 1324 1681; x_wconf 87' lang='lat' dir='ltr'><strong>Propheta</strong></span> <span class='ocrx_word' id='word_1_679' title='bbox 1340 1654 1448 1681; x_wconf 89' lang='lat' dir='ltr'><strong>quoque</strong></span> <span class='ocrx_word' id='word_1_680' title='bbox 1465 1652 1661 1675; x_wconf 85' lang='lat' dir='ltr'><strong>commemorat</strong></span> <span class='ocrx_word' id='word_1_681' title='bbox 1682 1647 1796 1675; x_wconf 83' lang='lat' dir='ltr'><strong>dicens:</strong></span> 
     </span>
    </p>
   </div>
   <div class='ocr_carea' id='block_1_94' title="bbox 1005 1689 1798 1725">
    <p class='ocr_par' dir='ltr' id='par_1_94' title="bbox 1005 1689 1798 1725">
     <span class='ocr_line' id='line_1_94' title="bbox 1005 1689 1798 1725; baseline 0.005 -9"><span class='ocrx_word' id='word_1_682' title='bbox 1005 1689 1106 1725; x_wconf 84' lang='lat' dir='ltr'><strong>Spiritu</strong></span> <span class='ocrx_word' id='word_1_683' title='bbox 1121 1691 1306 1725; x_wconf 68' lang='lat' dir='ltr'><strong>fornicationis</strong></span> <span class='ocrx_word' id='word_1_684' title='bbox 1324 1692 1423 1719; x_wconf 70' lang='lat' dir='ltr'><strong>seducti</strong></span> <span class='ocrx_word' id='word_1_685' title='bbox 1436 1697 1507 1719; x_wconf 81' lang='lat' dir='ltr'><strong>sunt.</strong></span> <span class='ocrx_word' id='word_1_686' title='bbox 1531 1692 1585 1719; x_wconf 82' lang='lat' dir='ltr'><strong>Alii</strong></span> <span class='ocrx_word' id='word_1_687' title='bbox 1604 1700 1668 1720; x_wconf 86' lang='lat' dir='ltr'><strong>vero</strong></span> <span class='ocrx_word' id='word_1_688' title='bbox 1686 1692 1798 1720; x_wconf 82' lang='lat' dir='ltr'><strong>iracun-</strong></span> 
     </span>
    </p>
   </div>
   <div class='ocr_carea' id='block_1_95' title="bbox 1004 1736 1798 1774">
    <p class='ocr_par' dir='ltr' id='par_1_95' title="bbox 1004 1736 1798 1774">
     <span class='ocr_line' id='line_1_95' title="bbox 1004 1736 1798 1774; baseline 0.003 -10"><span class='ocrx_word' id='word_1_689' title='bbox 1004 1736 1063 1764; x_wconf 78' lang='lat' dir='ltr'><strong>dias</strong></span> <span class='ocrx_word' id='word_1_690' title='bbox 1074 1741 1102 1764; x_wconf 86' lang='lat' dir='ltr'><strong>et</strong></span> <span class='ocrx_word' id='word_1_691' title='bbox 1116 1737 1220 1765; x_wconf 82' lang='lat' dir='ltr'><strong>furores</strong></span> <span class='ocrx_word' id='word_1_692' title='bbox 1234 1743 1261 1765; x_wconf 90' lang='lat' dir='ltr'><strong>et</strong></span> <span class='ocrx_word' id='word_1_693' title='bbox 1274 1738 1344 1765; x_wconf 90' lang='lat' dir='ltr'><strong>bella</strong></span> <span class='ocrx_word' id='word_1_694' title='bbox 1357 1739 1541 1772; x_wconf 85' lang='lat' dir='ltr'><strong>committere,</strong></span> <span class='ocrx_word' id='word_1_695' title='bbox 1555 1739 1601 1766; x_wconf 84' lang='lat' dir='ltr'><strong>alii</strong></span> <span class='ocrx_word' id='word_1_696' title='bbox 1613 1747 1731 1774; x_wconf 68' lang='lat' dir='ltr'><strong>prmesse</strong></span> <span class='ocrx_word' id='word_1_697' title='bbox 1743 1739 1798 1766; x_wconf 74' lang='lat' dir='ltr'><strong>ini-</strong></span> 
     </span>
    </p>
   </div>
   <div class='ocr_carea' id='block_1_96' title="bbox 1004 1782 1798 1818">
    <p class='ocr_par' dir='ltr' id='par_1_96' title="bbox 1004 1782 1798 1818">
     <span class='ocr_line' id='line_1_96' title="bbox 1004 1782 1798 1818; baseline 0.003 -9"><span class='ocrx_word' id='word_1_698' title='bbox 1004 1782 1130 1814; x_wconf 85' lang='lat' dir='ltr'><strong>nticitiis,</strong></span> <span class='ocrx_word' id='word_1_699' title='bbox 1153 1787 1180 1810; x_wconf 87' lang='lat' dir='ltr'><strong>ct</strong></span> <span class='ocrx_word' id='word_1_700' title='bbox 1194 1784 1264 1810; x_wconf 88' lang='lat' dir='ltr'><strong>inter</strong></span> <span class='ocrx_word' id='word_1_701' title='bbox 1278 1784 1401 1811; x_wconf 68' lang='lat' dir='ltr'><strong>homines</strong></span> <span class='ocrx_word' id='word_1_702' title='bbox 1417 1785 1478 1812; x_wconf 88' lang='lat' dir='ltr'><strong>odia</strong></span> <span class='ocrx_word' id='word_1_703' title='bbox 1490 1785 1638 1812; x_wconf 85' lang='lat' dir='ltr'><strong>concitare.</strong></span> <span class='ocrx_word' id='word_1_704' title='bbox 1654 1785 1724 1818; x_wconf 81' lang='lat' dir='ltr'><strong>Quia</strong></span> <span class='ocrx_word' id='word_1_705' title='bbox 1738 1784 1798 1812; x_wconf 78' lang='lat' dir='ltr'><strong>vult</strong></span> 
     </span>
    </p>
   </div>
   <div class='ocr_carea' id='block_1_97' title="bbox 1003 1829 1797 1865">
    <p class='ocr_par' dir='ltr' id='par_1_97' title="bbox 1003 1829 1797 1865">
     <span class='ocr_line' id='line_1_97' title="bbox 1003 1829 1797 1865; baseline 0.004 -10"><span class='ocrx_word' id='word_1_706' title='bbox 1003 1835 1079 1863; x_wconf 75' lang='lat' dir='ltr'><strong>ergo,</strong></span> <span class='ocrx_word' id='word_1_707' title='bbox 1101 1829 1194 1862; x_wconf 76' lang='lat' dir='ltr'><strong>aiunt,</strong></span> <span class='ocrx_word' id='word_1_708' title='bbox 1216 1829 1361 1865; x_wconf 83' lang='lat' dir='ltr'><strong>Apostolus</strong></span> <span class='ocrx_word' id='word_1_709' title='bbox 1374 1838 1424 1858; x_wconf 85' lang='lat' dir='ltr'><strong>nos</strong></span> <span class='ocrx_word' id='word_1_710' title='bbox 1442 1831 1550 1863; x_wconf 87' lang='lat' dir='ltr'><strong>docere,</strong></span> <span class='ocrx_word' id='word_1_711' title='bbox 1575 1835 1629 1858; x_wconf 85' lang='lat' dir='ltr'><strong>non</strong></span> <span class='ocrx_word' id='word_1_712' title='bbox 1643 1839 1676 1858; x_wconf 82' lang='lat' dir='ltr'><strong>ex</strong></span> <span class='ocrx_word' id='word_1_713' title='bbox 1698 1836 1797 1859; x_wconf 85' lang='lat' dir='ltr'><strong>natura</strong></span> 
     </span>
    </p>
   </div>
   <div class='ocr_carea' id='block_1_98' title="bbox 1003 1874 1799 1912">
    <p class='ocr_par' dir='ltr' id='par_1_98' title="bbox 1003 1874 1799 1912">
     <span class='ocr_line' id='line_1_98' title="bbox 1003 1874 1799 1912; baseline 0.003 -10"><span class='ocrx_word' id='word_1_714' title='bbox 1003 1874 1124 1909; x_wconf 85' lang='lat' dir='ltr'><strong>corporis</strong></span> <span class='ocrx_word' id='word_1_715' title='bbox 1138 1878 1165 1901; x_wconf 87' lang='lat' dir='ltr'><strong>et</strong></span> <span class='ocrx_word' id='word_1_716' title='bbox 1180 1876 1293 1903; x_wconf 83' lang='lat' dir='ltr'><strong>materia</strong></span> <span class='ocrx_word' id='word_1_717' title='bbox 1316 1876 1407 1903; x_wconf 85' lang='lat' dir='ltr'><strong>carnis</strong></span> <span class='ocrx_word' id='word_1_718' title='bbox 1427 1880 1455 1903; x_wconf 88' lang='lat' dir='ltr'><strong>et</strong></span> <span class='ocrx_word' id='word_1_719' title='bbox 1469 1876 1623 1912; x_wconf 75' lang='lat' dir='ltr'><strong>sanguinis,</strong></span> <span class='ocrx_word' id='word_1_720' title='bbox 1645 1877 1703 1904; x_wconf 71' lang='lat' dir='ltr'><strong>htec</strong></span> <span class='ocrx_word' id='word_1_721' title='bbox 1719 1878 1799 1904; x_wconf 79' lang='lat' dir='ltr'><strong>vitio-</strong></span> 
     </span>
    </p>
   </div>
   <div class='ocr_carea' id='block_1_99' title="bbox 1003 1915 1801 1958">
    <p class='ocr_par' dir='ltr' id='par_1_99' title="bbox 1003 1915 1801 1958">
     <span class='ocr_line' id='line_1_99' title="bbox 1003 1915 1801 1958; baseline 0.005 -12"><span class='ocrx_word' id='word_1_722' title='bbox 1003 1915 1175 1956; x_wconf 54' lang='lat' dir='ltr'><strong>rum‘genera</strong></span> <span class='ocrx_word' id='word_1_723' title='bbox 1189 1922 1335 1955; x_wconf 85' lang='lat' dir='ltr'><strong>procreari,</strong></span> <span class='ocrx_word' id='word_1_724' title='bbox 1349 1923 1397 1950; x_wconf 82' lang='lat' dir='ltr'><strong>sed</strong></span> <span class='ocrx_word' id='word_1_725' title='bbox 1413 1923 1541 1950; x_wconf 89' lang='lat' dir='ltr'><strong>instinctu</strong></span> <span class='ocrx_word' id='word_1_726' title='bbox 1554 1923 1719 1954; x_wconf 69' lang='lat' dir='ltr'><strong>dtemonum,</strong></span> <span class='ocrx_word' id='word_1_727' title='bbox 1735 1930 1801 1958; x_wconf 82' lang='lat' dir='ltr'><strong>pro—</strong></span> 
     </span>
    </p>
   </div>
   <div class='ocr_carea' id='block_1_100' title="bbox 1002 1967 1799 2001">
    <p class='ocr_par' dir='ltr' id='par_1_100' title="bbox 1002 1967 1799 2001">
     <span class='ocr_line' id='line_1_100' title="bbox 1002 1967 1799 2001; baseline 0.004 -9"><span class='ocrx_word' id='word_1_728' title='bbox 1002 1970 1094 2001; x_wconf 85' lang='lat' dir='ltr'><strong>pterea</strong></span> <span class='ocrx_word' id='word_1_729' title='bbox 1109 1967 1163 1993; x_wconf 83' lang='lat' dir='ltr'><strong>ait:</strong></span> <span class='ocrx_word' id='word_1_730' title='bbox 1180 1967 1241 1994; x_wconf 77' lang='lat' dir='ltr'><strong>Non</strong></span> <span class='ocrx_word' id='word_1_731' title='bbox 1252 1968 1289 1994; x_wconf 77' lang='lat' dir='ltr'><strong>est</strong></span> <span class='ocrx_word' id='word_1_732' title='bbox 1303 1968 1377 1995; x_wconf 70' lang='lat' dir='ltr'><strong>nobis</strong></span> <span class='ocrx_word' id='word_1_733' title='bbox 1392 1967 1541 1995; x_wconf 85' lang='lat' dir='ltr'><strong>colluctatio</strong></span> <span class='ocrx_word' id='word_1_734' title='bbox 1553 1968 1677 1995; x_wconf 66' lang='lat' dir='ltr'><strong>adversus</strong></span> <span class='ocrx_word' id='word_1_735' title='bbox 1691 1976 1799 1995; x_wconf 77' lang='lat' dir='ltr'><strong>cantem</strong></span> 
     </span>
    </p>
   </div>
   <div class='ocr_carea' id='block_1_101' title="bbox 1002 2013 1798 2050">
    <p class='ocr_par' dir='ltr' id='par_1_101' title="bbox 1002 2013 1798 2050">
     <span class='ocr_line' id='line_1_101' title="bbox 1002 2013 1798 2050; baseline 0.003 -12"><span class='ocrx_word' id='word_1_736' title='bbox 1002 2017 1026 2038; x_wconf 82' lang='lat' dir='ltr'><strong>et</strong></span> <span class='ocrx_word' id='word_1_737' title='bbox 1037 2013 1190 2047; x_wconf 71' lang='lat' dir='ltr'><strong>sanguinem</strong></span> <span class='ocrx_word' id='word_1_738' title='bbox 1200 2033 1207 2045; x_wconf 92' lang='lat'><strong>,</strong></span> <span class='ocrx_word' id='word_1_739' title='bbox 1222 2014 1267 2040; x_wconf 71' lang='lat' dir='ltr'><strong>sed</strong></span> <span class='ocrx_word' id='word_1_740' title='bbox 1289 2014 1411 2041; x_wconf 68' lang='lat' dir='ltr'><strong>adversus</strong></span> <span class='ocrx_word' id='word_1_741' title='bbox 1422 2014 1589 2049; x_wconf 69' lang='lat' dir='ltr'><strong>principatu;</strong></span> <span class='ocrx_word' id='word_1_742' title='bbox 1606 2018 1629 2041; x_wconf 82' lang='lat' dir='ltr'><strong>et</strong></span> <span class='ocrx_word' id='word_1_743' title='bbox 1642 2019 1798 2050; x_wconf 68' lang='grc' dir='ltr'><strong>ροιειιαιη,</strong></span> 
     </span>
    </p>
   </div>
   <div class='ocr_carea' id='block_1_102' title="bbox 1002 2056 1799 2092">
    <p class='ocr_par' dir='ltr' id='par_1_102' title="bbox 1002 2056 1799 2092">
     <span class='ocr_line' id='line_1_102' title="bbox 1002 2056 1799 2092; baseline 0.004 -9"><span class='ocrx_word' id='word_1_744' title='bbox 1002 2061 1029 2084; x_wconf 90' lang='lat' dir='ltr'><strong>et</strong></span> <span class='ocrx_word' id='word_1_745' title='bbox 1050 2056 1099 2084; x_wconf 90' lang='lat' dir='ltr'><strong>rel.</strong></span> <span class='ocrx_word' id='word_1_746' title='bbox 1126 2057 1180 2084; x_wconf 91' lang='lat' dir='ltr'><strong>Sed</strong></span> <span class='ocrx_word' id='word_1_747' title='bbox 1202 2058 1332 2086; x_wconf 73' lang='lat' dir='ltr'><strong>adversus</strong></span> <span class='ocrx_word' id='word_1_748' title='bbox 1358 2063 1478 2086; x_wconf 87' lang='lat' dir='ltr'><strong>rectores</strong></span> <span class='ocrx_word' id='word_1_749' title='bbox 1499 2067 1592 2086; x_wconf 85' lang='lat' dir='ltr'><strong>carum</strong></span> <span class='ocrx_word' id='word_1_750' title='bbox 1610 2060 1799 2092; x_wconf 81' lang='lat' dir='ltr'><strong>tenebrarum,</strong></span> 
     </span>
    </p>
   </div>
   <div class='ocr_carea' id='block_1_103' title="bbox 1002 2103 1801 2137">
    <p class='ocr_par' dir='ltr' id='par_1_103' title="bbox 1002 2103 1801 2137">
     <span class='ocr_line' id='line_1_103' title="bbox 1002 2103 1801 2137; baseline 0.004 -9"><span class='ocrx_word' id='word_1_751' title='bbox 1002 2108 1061 2137; x_wconf 80' lang='lat' dir='ltr'><strong>qua:</strong></span> <span class='ocrx_word' id='word_1_752' title='bbox 1076 2103 1138 2129; x_wconf 89' lang='lat' dir='ltr'><strong>huic</strong></span> <span class='ocrx_word' id='word_1_753' title='bbox 1150 2103 1249 2130; x_wconf 85' lang='lat' dir='ltr'><strong>mundo</strong></span> <span class='ocrx_word' id='word_1_754' title='bbox 1264 2103 1402 2136; x_wconf 86' lang='lat' dir='ltr'><strong>incubant,</strong></span> <span class='ocrx_word' id='word_1_755' title='bbox 1414 2108 1441 2130; x_wconf 88' lang='lat' dir='ltr'><strong>et</strong></span> <span class='ocrx_word' id='word_1_756' title='bbox 1451 2111 1572 2132; x_wconf 87' lang='lat' dir='ltr'><strong>errorem</strong></span> <span class='ocrx_word' id='word_1_757' title='bbox 1587 2105 1741 2132; x_wconf 88' lang='lat' dir='ltr'><strong>hominibus</strong></span> <span class='ocrx_word' id='word_1_758' title='bbox 1755 2104 1801 2131; x_wconf 82' lang='lat' dir='ltr'><strong>iu—</strong></span> 
     </span>
    </p>
   </div>
   <div class='ocr_carea' id='block_1_104' title="bbox 1001 2147 1800 2185">
    <p class='ocr_par' dir='ltr' id='par_1_104' title="bbox 1001 2147 1800 2185">
     <span class='ocr_line' id='line_1_104' title="bbox 1001 2147 1800 2185; baseline 0.004 -11"><span class='ocrx_word' id='word_1_759' title='bbox 1001 2147 1168 2175; x_wconf 87' lang='lat' dir='ltr'><strong>credulitatis</strong></span> <span class='ocrx_word' id='word_1_760' title='bbox 1186 2148 1339 2181; x_wconf 86' lang='lat' dir='ltr'><strong>oil&#39;undunt,</strong></span> <span class='ocrx_word' id='word_1_761' title='bbox 1355 2153 1383 2176; x_wconf 88' lang='lat' dir='ltr'><strong>et</strong></span> <span class='ocrx_word' id='word_1_762' title='bbox 1397 2150 1541 2177; x_wconf 86' lang='lat' dir='ltr'><strong>adversum</strong></span> <span class='ocrx_word' id='word_1_763' title='bbox 1554 2150 1687 2185; x_wconf 79' lang='lat' dir='ltr'><strong>spiritalia</strong></span> <span class='ocrx_word' id='word_1_764' title='bbox 1702 2151 1800 2184; x_wconf 85' lang='lat' dir='ltr'><strong>nequi-</strong></span> 
     </span>
    </p>
   </div>
   <div class='ocr_carea' id='block_1_105' title="bbox 1002 2193 1801 2232">
    <p class='ocr_par' dir='ltr' id='par_1_105' title="bbox 1002 2193 1801 2232">
     <span class='ocr_line' id='line_1_105' title="bbox 1002 2193 1801 2232; baseline 0.004 -13"><span class='ocrx_word' id='word_1_765' title='bbox 1002 2193 1058 2225; x_wconf 69' lang='lat' dir='ltr'><strong>tiae,</strong></span> <span class='ocrx_word' id='word_1_766' title='bbox 1071 2200 1130 2227; x_wconf 78' lang='lat' dir='ltr'><strong>qua:</strong></span> <span class='ocrx_word' id='word_1_767' title='bbox 1150 2193 1272 2232; x_wconf 82' lang='lat' dir='ltr'><strong>habitant</strong></span> <span class='ocrx_word' id='word_1_768' title='bbox 1283 2194 1309 2221; x_wconf 89' lang='lat' dir='ltr'><strong>in</strong></span> <span class='ocrx_word' id='word_1_769' title='bbox 1321 2194 1486 2222; x_wconf 71' lang='lat' dir='ltr'><strong>cmlestibus.</strong></span> <span class='ocrx_word' id='word_1_770' title='bbox 1501 2194 1558 2221; x_wconf 86' lang='lat' dir='ltr'><strong>Non</strong></span> <span class='ocrx_word' id='word_1_771' title='bbox 1572 2195 1645 2229; x_wconf 86' lang='lat' dir='ltr'><strong>quod</strong></span> <span class='ocrx_word' id='word_1_772' title='bbox 1657 2195 1801 2222; x_wconf 67' lang='lat' dir='ltr'><strong>daemones</strong></span> 
     </span>
    </p>
   </div>
   <div class='ocr_carea' id='block_1_106' title="bbox 1003 2238 1801 2275">
    <p class='ocr_par' dir='ltr' id='par_1_106' title="bbox 1003 2238 1801 2275">
     <span class='ocr_line' id='line_1_106' title="bbox 1003 2238 1801 2275; baseline 0.004 -11"><span class='ocrx_word' id='word_1_773' title='bbox 1003 2238 1030 2264; x_wconf 94' lang='lat' dir='ltr'><strong>in</strong></span> <span class='ocrx_word' id='word_1_774' title='bbox 1046 2238 1200 2266; x_wconf 72' lang='lat' dir='ltr'><strong>cmicstibus</strong></span> <span class='ocrx_word' id='word_1_775' title='bbox 1222 2244 1440 2273; x_wconf 85' lang='lat' dir='ltr'><strong>commoremur,</strong></span> <span class='ocrx_word' id='word_1_776' title='bbox 1461 2240 1508 2267; x_wconf 88' lang='lat' dir='ltr'><strong>sed</strong></span> <span class='ocrx_word' id='word_1_777' title='bbox 1520 2247 1574 2275; x_wconf 91' lang='lat' dir='ltr'><strong>quo</strong></span> <span class='ocrx_word' id='word_1_778' title='bbox 1589 2247 1669 2275; x_wconf 85' lang='lat' dir='ltr'><strong>supra</strong></span> <span class='ocrx_word' id='word_1_779' title='bbox 1684 2247 1735 2267; x_wconf 84' lang='lat' dir='ltr'><strong>nos</strong></span> <span class='ocrx_word' id='word_1_780' title='bbox 1748 2248 1801 2267; x_wconf 85' lang='lat' dir='ltr'><strong>aer</strong></span> 
     </span>
    </p>
   </div>
   <div class='ocr_carea' id='block_1_107' title="bbox 1003 2284 1800 2323">
    <p class='ocr_par' dir='ltr' id='par_1_107' title="bbox 1003 2284 1800 2323">
     <span class='ocr_line' id='line_1_107' title="bbox 1003 2284 1800 2323; baseline 0.005 -12"><span class='ocrx_word' id='word_1_781' title='bbox 1003 2284 1055 2311; x_wconf 93' lang='lat' dir='ltr'><strong>hoc</strong></span> <span class='ocrx_word' id='word_1_782' title='bbox 1070 2292 1165 2312; x_wconf 90' lang='lat' dir='ltr'><strong>nomen</strong></span> <span class='ocrx_word' id='word_1_783' title='bbox 1181 2286 1326 2321; x_wconf 85' lang='lat' dir='ltr'><strong>acceperit,</strong></span> <span class='ocrx_word' id='word_1_784' title='bbox 1340 2288 1410 2314; x_wconf 89' lang='lat' dir='ltr'><strong>unde</strong></span> <span class='ocrx_word' id='word_1_785' title='bbox 1422 2291 1450 2314; x_wconf 92' lang='lat' dir='ltr'><strong>et</strong></span> <span class='ocrx_word' id='word_1_786' title='bbox 1460 2295 1524 2315; x_wconf 89' lang='lat' dir='ltr'><strong>aves</strong></span> <span class='ocrx_word' id='word_1_787' title='bbox 1537 2295 1596 2322; x_wconf 66' lang='lat' dir='ltr'><strong>qum</strong></span> <span class='ocrx_word' id='word_1_788' title='bbox 1609 2287 1726 2315; x_wconf 84' lang='lat' dir='ltr'><strong>volitant</strong></span> <span class='ocrx_word' id='word_1_789' title='bbox 1746 2296 1800 2323; x_wconf 79' lang='lat' dir='ltr'><strong>per</strong></span> 
     </span>
    </p>
   </div>
   <div class='ocr_carea' id='block_1_108' title="bbox 1002 2329 1797 2362">
    <p class='ocr_par' dir='ltr' id='par_1_108' title="bbox 1002 2329 1797 2362">
     <span class='ocr_line' id='line_1_108' title="bbox 1002 2329 1797 2362; baseline 0.006 -7"><span class='ocrx_word' id='word_1_790' title='bbox 1002 2335 1104 2362; x_wconf 84' lang='lat' dir='ltr'><strong>aerem,</strong></span> <span class='ocrx_word' id='word_1_791' title='bbox 1120 2329 1244 2358; x_wconf 90' lang='lat' dir='ltr'><strong>volucres</strong></span> <span class='ocrx_word' id='word_1_792' title='bbox 1253 2338 1288 2358; x_wconf 81' lang='lat' dir='ltr'><strong>ca</strong></span> <span class='ocrx_word' id='word_1_793' title='bbox 1297 2331 1314 2358; x_wconf 92' lang='lat' dir='ltr'><strong>li</strong></span> <span class='ocrx_word' id='word_1_794' title='bbox 1331 2339 1390 2359; x_wconf 86' lang='lat' dir='ltr'><strong>esse</strong></span> <span class='ocrx_word' id='word_1_795' title='bbox 1403 2332 1537 2360; x_wconf 88' lang='lat' dir='ltr'><strong>dicuntur.</strong></span> <span class='ocrx_word' id='word_1_796' title='bbox 1559 2332 1620 2360; x_wconf 65' lang='lat' dir='ltr'><strong>[huc</strong></span> <span class='ocrx_word' id='word_1_797' title='bbox 1633 2337 1724 2360; x_wconf 86' lang='lat' dir='ltr'><strong>autem</strong></span> <span class='ocrx_word' id='word_1_798' title='bbox 1736 2341 1797 2360; x_wconf 89' lang='lat' dir='ltr'><strong>om-</strong></span> 
     </span>
    </p>
   </div>
   <div class='ocr_carea' id='block_1_109' title="bbox 1001 2374 1796 2413">
    <p class='ocr_par' dir='ltr' id='par_1_109' title="bbox 1001 2374 1796 2413">
     <span class='ocr_line' id='line_1_109' title="bbox 1001 2374 1796 2413; baseline 0.008 -13"><span class='ocrx_word' id='word_1_799' title='bbox 1001 2374 1075 2400; x_wconf 87' lang='lat' dir='ltr'><strong>nium</strong></span> <span class='ocrx_word' id='word_1_800' title='bbox 1087 2374 1225 2402; x_wconf 84' lang='lat' dir='ltr'><strong>doctorum</strong></span> <span class='ocrx_word' id='word_1_801' title='bbox 1240 2376 1331 2410; x_wconf 88' lang='lat' dir='ltr'><strong>opinio</strong></span> <span class='ocrx_word' id='word_1_802' title='bbox 1346 2381 1403 2408; x_wconf 88' lang='lat' dir='ltr'><strong>est,</strong></span> <span class='ocrx_word' id='word_1_803' title='bbox 1427 2378 1496 2412; x_wconf 88' lang='lat' dir='ltr'><strong>quod</strong></span> <span class='ocrx_word' id='word_1_804' title='bbox 1511 2386 1557 2405; x_wconf 87' lang='lat' dir='ltr'><strong>aer</strong></span> <span class='ocrx_word' id='word_1_805' title='bbox 1571 2378 1622 2405; x_wconf 89' lang='lat' dir='ltr'><strong>istc</strong></span> <span class='ocrx_word' id='word_1_806' title='bbox 1635 2378 1681 2413; x_wconf 91' lang='lat' dir='ltr'><strong>qui</strong></span> <span class='ocrx_word' id='word_1_807' title='bbox 1695 2378 1796 2406; x_wconf 66' lang='lat' dir='ltr'><strong>caelum</strong></span> 
     </span>
    </p>
   </div>
   <div class='ocr_carea' id='block_1_110' title="bbox 1000 2420 1796 2458">
    <p class='ocr_par' dir='ltr' id='par_1_110' title="bbox 1000 2420 1796 2458">
     <span class='ocr_line' id='line_1_110' title="bbox 1000 2420 1796 2458; baseline 0.009 -14"><span class='ocrx_word' id='word_1_808' title='bbox 1000 2422 1028 2445; x_wconf 89' lang='lat' dir='ltr'><strong>et</strong></span> <span class='ocrx_word' id='word_1_809' title='bbox 1043 2423 1143 2446; x_wconf 86' lang='lat' dir='ltr'><strong>terram</strong></span> <span class='ocrx_word' id='word_1_810' title='bbox 1163 2421 1266 2448; x_wconf 70' lang='lat' dir='ltr'><strong>medius</strong></span> <span class='ocrx_word' id='word_1_811' title='bbox 1279 2420 1401 2449; x_wconf 88' lang='lat' dir='ltr'><strong>dividens</strong></span> <span class='ocrx_word' id='word_1_812' title='bbox 1422 2422 1502 2450; x_wconf 80' lang='lat' dir='ltr'><strong>inane</strong></span> <span class='ocrx_word' id='word_1_813' title='bbox 1520 2423 1682 2458; x_wconf 84' lang='lat' dir='ltr'><strong>appellatur,</strong></span> <span class='ocrx_word' id='word_1_814' title='bbox 1698 2423 1796 2458; x_wconf 85' lang='lat' dir='ltr'><strong>plenus</strong></span> 
     </span>
    </p>
   </div>
   <div class='ocr_carea' id='block_1_111' title="bbox 1002 2464 1421 2495">
    <p class='ocr_par' dir='ltr' id='par_1_111' title="bbox 1002 2464 1421 2495">
     <span class='ocr_line' id='line_1_111' title="bbox 1002 2464 1421 2495; baseline 0.01 -4"><span class='ocrx_word' id='word_1_815' title='bbox 1002 2464 1038 2491; x_wconf 90' lang='lat' dir='ltr'><strong>sit</strong></span> <span class='ocrx_word' id='word_1_816' title='bbox 1053 2466 1195 2493; x_wconf 88' lang='lat' dir='ltr'><strong>contrariis</strong></span> <span class='ocrx_word' id='word_1_817' title='bbox 1208 2466 1421 2495; x_wconf 75' lang='lat' dir='ltr'><strong>fortitudinibus.</strong></span> 
     </span>
    </p>
   </div>
   <div class='ocr_carea' id='block_1_112' title="bbox 1038 2510 1793 2549">
    <p class='ocr_par' dir='ltr' id='par_1_112' title="bbox 1038 2510 1793 2549">
     <span class='ocr_line' id='line_1_112' title="bbox 1038 2510 1793 2549; baseline 0.005 -13"><span class='ocrx_word' id='word_1_818' title='bbox 1038 2510 1093 2545; x_wconf 77' lang='lat' dir='ltr'><strong>(Ea:</strong></span> <span class='ocrx_word' id='word_1_819' title='bbox 1107 2510 1231 2547; x_wconf 74' lang='lat' dir='ltr'><strong>August.)</strong></span> <span class='ocrx_word' id='word_1_820' title='bbox 1245 2512 1303 2539; x_wconf 85' lang='lat' dir='ltr'><strong>Non</strong></span> <span class='ocrx_word' id='word_1_821' title='bbox 1319 2512 1448 2540; x_wconf 79' lang='lat' dir='ltr'><strong>adversus</strong></span> <span class='ocrx_word' id='word_1_822' title='bbox 1463 2521 1574 2541; x_wconf 87' lang='lat' dir='ltr'><strong>carnem</strong></span> <span class='ocrx_word' id='word_1_823' title='bbox 1594 2518 1621 2541; x_wconf 90' lang='lat' dir='ltr'><strong>et</strong></span> <span class='ocrx_word' id='word_1_824' title='bbox 1634 2514 1793 2549; x_wconf 77' lang='lat' dir='ltr'><strong>sanguinem</strong></span> 
     </span>
    </p>
   </div>
   <div class='ocr_carea' id='block_1_113' title="bbox 1002 2557 1792 2593">
    <p class='ocr_par' dir='ltr' id='par_1_113' title="bbox 1002 2557 1792 2593">
     <span class='ocr_line' id='line_1_113' title="bbox 1002 2557 1792 2593; baseline 0.009 -11"><span class='ocrx_word' id='word_1_825' title='bbox 1002 2562 1044 2583; x_wconf 89' lang='lat' dir='ltr'><strong>est</strong></span> <span class='ocrx_word' id='word_1_826' title='bbox 1056 2557 1132 2584; x_wconf 85' lang='lat' dir='ltr'><strong>nobis</strong></span> <span class='ocrx_word' id='word_1_827' title='bbox 1142 2557 1307 2591; x_wconf 84' lang='lat' dir='ltr'><strong>colluctatio,</strong></span> <span class='ocrx_word' id='word_1_828' title='bbox 1323 2559 1349 2585; x_wconf 89' lang='lat' dir='ltr'><strong>id</strong></span> <span class='ocrx_word' id='word_1_829' title='bbox 1362 2563 1415 2591; x_wconf 86' lang='lat' dir='ltr'><strong>est,</strong></span> <span class='ocrx_word' id='word_1_830' title='bbox 1430 2560 1560 2588; x_wconf 84' lang='lat' dir='ltr'><strong>adversus</strong></span> <span class='ocrx_word' id='word_1_831' title='bbox 1577 2561 1726 2593; x_wconf 68' lang='lat' dir='ltr'><strong>hominem,</strong></span> <span class='ocrx_word' id='word_1_832' title='bbox 1745 2561 1792 2588; x_wconf 84' lang='lat' dir='ltr'><strong>sed</strong></span> 
     </span>
    </p>
   </div>
   <div class='ocr_carea' id='block_1_114' title="bbox 1003 2603 1792 2640">
    <p class='ocr_par' dir='ltr' id='par_1_114' title="bbox 1003 2603 1792 2640">
     <span class='ocr_line' id='line_1_114' title="bbox 1003 2603 1792 2640; baseline 0.009 -12"><span class='ocrx_word' id='word_1_833' title='bbox 1003 2603 1130 2630; x_wconf 83' lang='lat' dir='ltr'><strong>adversus</strong></span> <span class='ocrx_word' id='word_1_834' title='bbox 1143 2604 1309 2638; x_wconf 88' lang='lat' dir='ltr'><strong>principatus</strong></span> <span class='ocrx_word' id='word_1_835' title='bbox 1322 2609 1349 2632; x_wconf 86' lang='lat' dir='ltr'><strong>et</strong></span> <span class='ocrx_word' id='word_1_836' title='bbox 1363 2610 1524 2640; x_wconf 87' lang='lat' dir='ltr'><strong>potestates,</strong></span> <span class='ocrx_word' id='word_1_837' title='bbox 1540 2607 1567 2634; x_wconf 85' lang='lat' dir='ltr'><strong>id</strong></span> <span class='ocrx_word' id='word_1_838' title='bbox 1579 2611 1630 2639; x_wconf 83' lang='lat' dir='ltr'><strong>est,</strong></span> <span class='ocrx_word' id='word_1_839' title='bbox 1645 2607 1792 2639; x_wconf 69' lang='lat' dir='ltr'><strong>dmmoncs.</strong></span> 
     </span>
    </p>
   </div>
   <div class='ocr_carea' id='block_1_115' title="bbox 1002 2648 1791 2687">
    <p class='ocr_par' dir='ltr' id='par_1_115' title="bbox 1002 2648 1791 2687">
     <span class='ocr_line' id='line_1_115' title="bbox 1002 2648 1791 2687; baseline 0.009 -14"><span class='ocrx_word' id='word_1_840' title='bbox 1002 2648 1048 2681; x_wconf 90' lang='lat' dir='ltr'><strong>qui</strong></span> <span class='ocrx_word' id='word_1_841' title='bbox 1075 2652 1138 2675; x_wconf 89' lang='lat' dir='ltr'><strong>sunt</strong></span> <span class='ocrx_word' id='word_1_842' title='bbox 1164 2649 1313 2683; x_wconf 89' lang='lat' dir='ltr'><strong>spiritualia</strong></span> <span class='ocrx_word' id='word_1_843' title='bbox 1342 2651 1485 2685; x_wconf 71' lang='lat' dir='ltr'><strong>nequitize,</strong></span> <span class='ocrx_word' id='word_1_844' title='bbox 1515 2652 1644 2687; x_wconf 82' lang='lat' dir='ltr'><strong>adversus</strong></span> <span class='ocrx_word' id='word_1_845' title='bbox 1672 2656 1791 2680; x_wconf 81' lang='lat' dir='ltr'><strong>rectores</strong></span> 
     </span>
    </p>
   </div>
   <div class='ocr_carea' id='block_1_116' title="bbox 1003 2692 1791 2731">
    <p class='ocr_par' dir='ltr' id='par_1_116' title="bbox 1003 2692 1791 2731">
     <span class='ocr_line' id='line_1_116' title="bbox 1003 2692 1791 2731; baseline 0.008 -13"><span class='ocrx_word' id='word_1_846' title='bbox 1003 2692 1105 2719; x_wconf 87' lang='lat' dir='ltr'><strong>mundi.</strong></span> <span class='ocrx_word' id='word_1_847' title='bbox 1130 2693 1245 2727; x_wconf 76' lang='lat' dir='ltr'><strong>Experti!</strong></span> <span class='ocrx_word' id='word_1_848' title='bbox 1256 2694 1320 2729; x_wconf 89' lang='lat' dir='ltr'><strong>quid</strong></span> <span class='ocrx_word' id='word_1_849' title='bbox 1335 2695 1371 2722; x_wconf 92' lang='lat' dir='ltr'><strong>sit</strong></span> <span class='ocrx_word' id='word_1_850' title='bbox 1383 2696 1507 2729; x_wconf 90' lang='lat' dir='ltr'><strong>mundus,</strong></span> <span class='ocrx_word' id='word_1_851' title='bbox 1521 2696 1597 2731; x_wconf 87' lang='lat' dir='ltr'><strong>cujus</strong></span> <span class='ocrx_word' id='word_1_852' title='bbox 1611 2701 1675 2724; x_wconf 88' lang='lat' dir='ltr'><strong>sunt</strong></span> <span class='ocrx_word' id='word_1_853' title='bbox 1696 2696 1734 2724; x_wconf 88' lang='lat' dir='ltr'><strong>illi</strong></span> <span class='ocrx_word' id='word_1_854' title='bbox 1751 2705 1791 2723; x_wconf 84' lang='lat' dir='ltr'><strong>re-</strong></span> 
     </span>
    </p>
   </div>
   <div class='ocr_carea' id='block_1_117' title="bbox 1003 2739 1789 2770">
    <p class='ocr_par' dir='ltr' id='par_1_117' title="bbox 1003 2739 1789 2770">
     <span class='ocr_line' id='line_1_117' title="bbox 1003 2739 1789 2770; baseline 0.003 -6"><span class='ocrx_word' id='word_1_855' title='bbox 1003 2741 1103 2770; x_wconf 89' lang='lat' dir='ltr'><strong>ctores,</strong></span> <span class='ocrx_word' id='word_1_856' title='bbox 1115 2746 1175 2765; x_wconf 90' lang='lat' dir='ltr'><strong>cum</strong></span> <span class='ocrx_word' id='word_1_857' title='bbox 1187 2739 1267 2766; x_wconf 90' lang='lat' dir='ltr'><strong>dicit:</strong></span> <span class='ocrx_word' id='word_1_858' title='bbox 1281 2739 1402 2767; x_wconf 73' lang='lat' dir='ltr'><strong>[tectores</strong></span> <span class='ocrx_word' id='word_1_859' title='bbox 1414 2742 1503 2768; x_wconf 77' lang='lat' dir='ltr'><strong>mundi</strong></span> <span class='ocrx_word' id='word_1_860' title='bbox 1511 2743 1673 2769; x_wconf 70' lang='lat' dir='ltr'><strong>latebrarum</strong></span> <span class='ocrx_word' id='word_1_861' title='bbox 1686 2742 1789 2769; x_wconf 66' lang='lat' dir='ltr'><strong>Irarum:</strong></span> 
     </span>
    </p>
   </div>
   <div class='ocr_carea' id='block_1_118' title="bbox 1005 2783 1791 2822">
    <p class='ocr_par' dir='ltr' id='par_1_118' title="bbox 1005 2783 1791 2822">
     <span class='ocr_line' id='line_1_118' title="bbox 1005 2783 1791 2822; baseline 0.003 -11"><span class='ocrx_word' id='word_1_862' title='bbox 1005 2783 1177 2812; x_wconf 87' lang='lat' dir='ltr'><strong>dilectoribus</strong></span> <span class='ocrx_word' id='word_1_863' title='bbox 1197 2785 1254 2812; x_wconf 86' lang='lat' dir='ltr'><strong>suis</strong></span> <span class='ocrx_word' id='word_1_864' title='bbox 1275 2789 1302 2812; x_wconf 86' lang='lat' dir='ltr'><strong>et</strong></span> <span class='ocrx_word' id='word_1_865' title='bbox 1322 2786 1473 2814; x_wconf 83' lang='lat' dir='ltr'><strong>inﬁdelibus</strong></span> <span class='ocrx_word' id='word_1_866' title='bbox 1493 2787 1589 2822; x_wconf 85' lang='lat' dir='ltr'><strong>plenus</strong></span> <span class='ocrx_word' id='word_1_867' title='bbox 1609 2792 1651 2815; x_wconf 87' lang='lat' dir='ltr'><strong>est</strong></span> <span class='ocrx_word' id='word_1_868' title='bbox 1665 2787 1791 2817; x_wconf 72' lang='lat' dir='ltr'><strong>mundos.</strong></span> 
     </span>
    </p>
   </div>
   <div class='ocr_carea' id='block_1_119' title="bbox 1006 2829 1780 2865">
    <p class='ocr_par' dir='ltr' id='par_1_119' title="bbox 1006 2829 1780 2865">
     <span class='ocr_line' id='line_1_119' title="bbox 1006 2829 1780 2865; baseline 0.005 -10"><span class='ocrx_word' id='word_1_869' title='bbox 1006 2829 1055 2856; x_wconf 88' lang='lat' dir='ltr'><strong>hos</strong></span> <span class='ocrx_word' id='word_1_870' title='bbox 1068 2830 1183 2864; x_wconf 86' lang='lat' dir='ltr'><strong>appellat</strong></span> <span class='ocrx_word' id='word_1_871' title='bbox 1194 2831 1338 2865; x_wconf 81' lang='lat' dir='ltr'><strong>Apostolus</strong></span> <span class='ocrx_word' id='word_1_872' title='bbox 1348 2832 1482 2865; x_wconf 87' lang='lat' dir='ltr'><strong>tenebras,</strong></span> <span class='ocrx_word' id='word_1_873' title='bbox 1497 2833 1592 2860; x_wconf 87' lang='lat' dir='ltr'><strong>horum</strong></span> <span class='ocrx_word' id='word_1_874' title='bbox 1608 2838 1727 2861; x_wconf 80' lang='lat' dir='ltr'><strong>rectores</strong></span> <span class='ocrx_word' id='word_1_875' title='bbox 1741 2833 1780 2860; x_wconf 74' lang='lat' dir='ltr'><strong>dia</strong></span> 
     </span>
    </p>
   </div>
  </div>
