3936 6202
347 382 456 438 493

1147 382 1665 443 COLLECTIONES
1699 385 1765 441 IN
1805 384 2185 443 erasmus
2220 384 2308 440 ετ
2344 368 2752 444 ΕνΑΝσειιΛ.

3491 388 3592 443 ΞΜ

345 493 501 550 bolus
522 499 609 548 est
633 500 691 548 et
716 491 893 563 angeli
933 484 1081 563 ejus,
1117 495 1232 550 haec
1258 497 1491 551 tenebrat
1524 512 1630 552 non
1668 507 1794 552 sunt
1837 499 1918 552 in—
1946 500 1995 560 Α
2022 514 2085 552 sv
2120 496 2165 569 ),
2191 512 2315 553 cum
2337 515 2463 555 arca
2493 501 2703 555 Domini
2731 498 2975 556 habitare
3004 490 3111 555 non
3146 509 3371 570 possunt
3393 504 3585 574 (urit.

343 583 758 642 commutabiles
775 624 791 648 ,
835 583 930 639 sed
956 583 1245 656 aliquando
1272 596 1571 653 mutantur,
1613 598 1669 643 et
1693 586 1783 643 lux
1810 587 1922 643 elli-

342 673 583 737 ciuntur,
612 678 667 725 et
708 670 902 726 dicitur
933 672 1052 727 eis:
1111 672 1310 729 Fuistis
1338 675 1623 745 aliquando
1672 676 1917 744 tenebar,

341 779 483 818 nunc
511 773 685 816 autem
714 759 809 815 lux
838 761 893 816 in
912 760 1159 818 Domino.

413 850 525 925 (Ea:
555 848 819 923 Primus.)
855 846 988 907 Item
1013 867 1143 909 caro
1164 861 1219 909 et
1245 855 1461 927 sanguis
1500 856 1661 912 homo
1701 856 1914 919 dicitur.

337 943 439 998 sed
464 944 724 999 adversus
760 944 1035 1016 principes
1058 956 1115 1002 et
1148 956 1464 1018 potestates,
1514 949 1604 1018 qui
1635 948 1735 1004 sibi
1760 950 1916 1019 prin-

341 1035 578 1106 cipatum
605 1037 658 1091 in
680 1036 841 1107 hujus
865 1035 1047 1094 mundi
1073 1039 1320 1097 homines
1340 1052 1684 1112 usurparunt.
1718 1044 1788 1099 Et
1825 1043 1917 1114 qui

342 1126 659 1198 ignorantes
702 1128 909 1183 animas
933 1140 1031 1199 per
1071 1138 1297 1199 peccata
1326 1132 1589 1188 seducunt
1629 1133 1917 1189 adversum

338 1215 528 1271 umndi
554 1224 797 1272 rectores
820 1218 1168 1274 tenebrarum
1205 1219 1418 1274 harum.
1451 1218 1653 1276 Fuistis
1679 1224 1816 1276 enim
1843 1233 1919 1277 te-

341 1304 535 1371 nebras,
577 1318 716 1359 nunc
741 1317 914 1361 autem
938 1302 1031 1362 lus:
1057 1309 1113 1363 in
1134 1308 1380 1376 Domino,
1425 1319 1614 1367 contra
1646 1314 1919 1384 spiritales

340 1396 545 1463 hostes,
571 1397 872 1467 spiritualia
908 1415 1057 1454 arma
1089 1402 1349 1456 sumenda
1377 1412 1526 1469 sunt,
1564 1412 1626 1459 ut
1644 1405 1917 1462 dissimili-

337 1487 471 1543 tudo
500 1495 708 1542 natura:
730 1500 1004 1544 armorum
1032 1489 1343 1547 fortitudine
1367 1500 1697 1564 protegatur,
1727 1499 1910 1553 adver-

338 1592 459 1632 sum
486 1592 621 1646 quos
650 1577 805 1634 nobis
838 1587 921 1635 est
943 1579 1254 1636 colluctatio
1280 1581 1334 1636 in
1361 1583 1692 1649 ctelestibus,
1734 1583 1787 1639 id
1809 1593 1912 1651 est,

334 1678 436 1738 pro
457 1669 760 1724 caelestium
780 1670 1137 1739 promissione
1154 1671 1515 1742 prmmiorum.
1543 1672 1651 1744 (Ea:
1668 1672 1912 1748 August.)

337 1760 529 1814 Adhuc
555 1768 776 1830 propter
801 1761 902 1817 hoc
929 1763 1070 1832 quod
1100 1763 1178 1817 ait
1204 1762 1257 1816 in
1302 1760 1589 1818 cmlestibus
1611 1778 1630 1816 :
1663 1763 1799 1832 Quia
1829 1765 1913 1820 vi-

2014 587 2158 655 xut),
2188 597 2244 643 et
2271 591 2562 644 secundum
2594 591 2647 645 id
2686 590 2901 662 quidem
2932 592 3075 660 quod
3119 591 3343 647 veritate
3367 593 3596 662 praecin-

2015 684 2136 731 ctus
2156 684 2259 742 est,
2287 678 2345 732 id
2374 688 2457 734 est
2495 679 2730 747 Christo,
2778 696 2884 737 non
2913 679 3073 737 facile
3097 684 3167 737 ad
3198 681 3451 738 falsitatis
3471 680 3596 752 dog-

2018 775 2163 821 mata
2192 768 2507 824 deducetur.

2087 855 2271 912 Induti
2308 858 2526 913 loricam
2547 860 2792 930 justitite.
2839 861 2939 932 (Ex
2964 862 3222 935 Primas.)
3242 862 3403 921 Sicut
3424 863 3593 922 lorica

2018 947 2200 1004 multis
2227 949 2450 1005 circulis
2476 950 2762 1016 intesitur,
2811 953 2891 1009 sic
2915 962 2973 1009 et
2992 953 3203 1023 justitia
3232 956 3461 1012 diversis
3485 955 3598 1012 vir-

2017 1045 2195 1092 tutum
2228 1041 2563 1095 connectitur
2585 1041 2864 1111 speciebus
2893 1083 2907 1107 ,
2945 1043 3001 1097 iu
3044 1045 3249 1099 unitate
3288 1060 3396 1098 non
3419 1044 3591 1100 solum

2015 1126 2250 1196 pectoris
2273 1128 2626 1195 conscientia,
2663 1129 2757 1185 sed
2785 1139 2839 1186 et
2863 1132 3070 1188 ventris
3094 1128 3442 1200 continentia,
3489 1148 3591 1189 nec

2016 1228 2122 1268 non
2179 1214 2248 1269 ad
2294 1212 2560 1272 femorum
2600 1233 2769 1289 usque
2809 1219 3064 1291 pertingit
3105 1219 3386 1276 libidinem
3441 1233 3594 1277 coer-

2015 1302 2263 1357 condam.

2083 1392 2197 1465 (Es
2224 1392 2469 1468 Hieron.)
2500 1396 2600 1465 Qui
2625 1398 2767 1453 enim
2802 1398 3169 1455 circumdatur
3192 1400 3474 1472 multiplici
3496 1416 3592 1458 ve-

2016 1488 2098 1537 ste
2119 1483 2361 1552 iustitiae,
2398 1500 2499 1540 nec
2520 1486 2586 1539 ad
2611 1487 3012 1542 similitudinem
3034 1488 3179 1543 cervi
3198 1488 3253 1542 in
3271 1486 3430 1555 jecur
3451 1489 3596 1545 acci-

2014 1573 2095 1643 pit
2108 1573 2384 1644 sagittam,
2414 1589 2516 1630 nec
2546 1576 2599 1629 iu
2628 1577 2891 1632 desideria
2918 1579 3140 1645 corruit,
3168 1589 3223 1634 et
3244 1580 3471 1645 furores,
3498 1580 3595 1638 sed

2014 1662 2120 1716 erit
2173 1663 2373 1719 mundo
2418 1666 2580 1721 corde
2628 1666 2833 1722 habens
2881 1668 3146 1724 artiﬁcem
3193 1670 3353 1742 hujus
3405 1671 3585 1727 lorica:

2015 1753 2207 1821 Deum,
2237 1756 2329 1824 qui
2352 1755 2641 1826 unicuique
2679 1768 2989 1814 sanctorum
3029 1761 3207 1815 omnia
3236 1774 3385 1816 arma
3412 1760 3586 1818 fabri-

337 1832 497 1905 detur
523 1848 851 1921 ambiguum,
880 1831 1164 1908 dicendum
1186 1847 1461 1908 subaudiri
1487 1868 1666 1922 posse,
1694 1831 1826 1909 illud
1847 1857 1915 1910 ad
1944 1831 1990 1891 Β
2017 1852 2190 1899 catur-

332 1941 522 1996 onmia
547 1947 606 1994 ut
626 1940 728 2006 sit,
756 1956 864 1997 non
889 1950 976 1997 est
1009 1943 1171 1999 nobis
1195 1944 1504 2000 eoiluctatio
1529 1944 1790 2001 adversus
1814 1960 1913 2016 po-

331 2037 563 2085 testates
589 2031 643 2086 in
685 2031 995 2087 caelestibus
1022 2041 1076 2087 et
1112 2042 1348 2089 rectores
1385 2035 1732 2089 tenebrarum
1778 2034 1913 2090 ista-

335 2135 455 2173 rum
479 2120 536 2174 in
560 2120 892 2188 caelestibus,
924 2129 978 2176 et
1001 2122 1303 2192 spiritualia
1329 2123 1581 2193 nequitia:
1607 2124 1660 2179 in
1686 2124 1917 2181 celestis

331 2210 454 2266 bus.
509 2210 758 2267 Sciamus
784 2220 962 2268 autem
1009 2214 1175 2282 quod,
1224 2223 1451 2286 excepto
1491 2217 1744 2284 praesenti
1774 2215 1912 2281 loco,

335 2314 437 2355 nec
460 2300 516 2354 in
542 2298 726 2356 Veteri
768 2316 869 2357 nec
896 2302 951 2356 in
980 2299 1130 2357 Novo
1160 2302 1505 2360 Testamento
1532 2304 1717 2360 mundi
1742 2312 1917 2361 recto-

332 2404 425 2445 res
465 2405 704 2460 unquam
744 2390 1055 2464 legerimus,
1095 2394 1238 2463 quod
1262 2406 1458 2448 nomen
1485 2395 1688 2451 idcirco
1714 2394 1916 2452 Paulus

328 2480 612 2553 apostolus
643 2482 832 2549 ﬁnxit,
875 2485 999 2555 quia
1034 2499 1255 2541 necesse
1281 2484 1514 2541 habebat
1560 2485 1628 2540 ad
1653 2485 1915 2556 Ephesios

333 2573 618 2644 disputans
645 2573 711 2630 de
757 2574 919 2630 rebus
946 2574 1100 2631 nobis
1125 2583 1179 2631 et
1215 2574 1569 2632 invisibilibus
1593 2616 1610 2642 ,
1651 2590 1789 2631 nova
1818 2589 1917 2631 nec

330 2664 481 2719 atina
505 2671 784 2733 coaptare.

406 2752 690 2826 Propterea
725 2752 957 2825 accipite,
1007 2762 1113 2811 etc.
1162 2748 1494 2825 Simpliciter
1538 2748 1800 2825 Ephesios
1844 2754 1917 2810 ad

334 2842 543 2899 futuras
572 2843 902 2899 tentatiooes
918 2851 978 2899 et
992 2845 1419 2920 persecutiones,
1448 2859 1582 2915 quas
1604 2844 1685 2900 eis
1712 2842 1917 2901 Paulus

329 2934 609 3004 apostolus
629 2941 753 3004 post
776 2934 917 2990 hanc
932 2934 1216 3004 epistolam
1246 2935 1541 3005 prophetiae
1565 2933 1781 2987 videbat
1809 2933 1915 3004 spi-

331 3024 441 3079 ritu
465 3025 752 3095 provenire
774 3032 1087 3080 coarctatur
1111 3031 1168 3079 et
1187 3033 1368 3079 monet
1391 3031 1452 3079 ut
1480 3023 1660 3078 omnia
1683 3022 1906 3092 faciam,

328 3133 429 3189 per
456 3132 576 3187 qua:
604 3117 816 3188 possint
843 3117 898 3173 iu
935 3116 1038 3172 ﬁde
1063 3124 1208 3173 stare
1236 3114 1543 3190 Evangelii,
1575 3130 1677 3171 nec
1710 3116 1769 3171 in
1784 3126 1913 3186 pera

331 3206 611 3261 secutione
655 3221 930 3262 corruere.
984 3205 1136 3261 Diem
1179 3206 1376 3261 malum
1426 3221 1664 3276 praesens
1721 3215 1904 3277 autem

328 3307 548 3368 tempus
572 3297 827 3362 ostendit,
859 3296 924 3353 de
953 3313 1060 3368 quo
1101 3312 1260 3368 supra
1293 3298 1540 3354 dixerat:
1574 3296 1906 3353 Redimam

330 3396 555 3457 tempus,
584 3387 833 3457 quoniam
861 3386 971 3441 dies
997 3387 1123 3444 mali
1164 3397 1314 3454 sunt,
1360 3396 1579 3459 propter
1602 3389 1906 3460 angustiam

332 3482 387 3529 et
426 3476 556 3530 vita:
596 3473 752 3544 hujus
781 3476 1022 3542 labores,
1069 3477 1194 3548 quia
1225 3492 1335 3533 non
1378 3478 1580 3548 absque
1626 3480 1822 3535 sudore
1851 3484 1908 3534 et

332 3565 630 3620 certanﬁne
654 3564 1028 3637 perveniamus
1065 3569 1132 3624 ad
1157 3570 1408 3640 palmam,
1460 3580 1555 3625 aut
1591 3580 1738 3627 certe
1776 3586 1906 3627 con-

334 3655 710 3711 summationis
749 3665 909 3728 atque
934 3655 1152 3727 iudicii,
1203 3661 1269 3716 de
1293 3675 1400 3731 quo
1424 3659 1576 3717 Joel:
1632 3660 1804 3733 Prope
1828 3670 1911 3716 est

332 3748 443 3802 dies
473 3747 803 3805 tenebrarum
827 3760 875 3805 et
911 3752 1152 3817 turbinis,
1192 3753 1302 3808 dies
1328 3753 1529 3809 nebulw
1566 3765 1613 3808 et
1642 3755 1902 3827 caliginis,

331 3847 387 3894 et
411 3840 513 3895 rel.
543 3838 708 3912 (Joel.
740 3840 826 3914 ll.)
855 3842 926 3900 Ut
946 3843 1114 3915 igitur
1135 3846 1307 3915 possit
1331 3847 1451 3915 quis
1473 3846 1525 3901 in
1556 3847 1660 3902 hac
1684 3848 1770 3902 die
1795 3847 1907 3904 dia-

334 3930 454 3986 bolo
497 3933 754 3989 resistere
776 3975 791 3999 ,
835 3936 957 4003 quia
986 3935 1097 4006 ipse
1117 3944 1205 3991 est
1234 3945 1515 3991 accusator
1555 3937 1780 3992 fratrum
1808 3953 1906 3993 no-

332 4031 596 4089 strorum,
624 4033 866 4078 assumat
905 4025 1083 4079 omnia
1108 4040 1256 4079 arma
1287 4025 1378 4080 Dei
1400 4066 1415 4091 ,
1455 4026 1555 4082 hoc
1580 4028 1723 4083 enim
1749 4036 1907 4084 sonat

332 4111 614 4176 πανοπλία,
656 4127 763 4166 non
795 4111 931 4167 utin
974 4111 1165 4169 Latino
1189 4114 1505 4184 simpliciter
1540 4126 1690 4170 arma
1729 4124 1905 4173 trans—

328 4198 444 4255 lata
466 4207 616 4263 sunt.
662 4209 721 4257 et.
740 4202 990 4258 omnibus
1025 4203 1141 4259 toﬁs
1165 4206 1439 4275 armisque
1482 4207 1810 4275 succinctus,
1838 4210 1906 4265 de

329 4288 529 4359 quibus
550 4290 604 4345 in
626 4292 973 4361 sequentibus
993 4294 1289 4364 explicatur
1312 4315 1325 4350 :
1361 4296 1510 4352 Sciat
1529 4306 1655 4354 tunc
1676 4314 1735 4354 se
1761 4307 1907 4356 stare

328 4395 513 4451 posse,
549 4380 595 4436 si
625 4382 871 4437 universa
901 4382 1062 4437 fuerit
1083 4394 1364 4456 Operatus,
1397 4396 1455 4443 ut
1483 4388 1671 4458 plenus
1699 4392 1906 4446 cunctis

1932 3168 1979 3232 C

2088 1934 2156 1988 Et
2182 1934 2400 1989 calceati
2423 1935 2597 2006 pedes,
2634 1942 2743 1994 etc.
2790 1937 3111 2009 Diligentius
3134 1941 3418 1997 observate
3446 1946 3591 2014 quod

2013 2023 2268 2079 virtutem
2296 2025 2581 2094 quamdam
2610 2027 2801 2080 anima:
2823 2028 3170 2098 appellaverit
3191 2031 3371 2101 pedes,
3396 2035 3592 2104 quibus

2016 2113 2368 2189 ingredimur,
2395 2115 2449 2169 in
2471 2130 2537 2171 eo
2554 2116 2646 2186 qui
2676 2117 2805 2172 dicit
2828 2134 2840 2171 :
2871 2117 2983 2189 Ego
3005 2135 3120 2173 sum
3142 2121 3221 2176 ria
3238 2120 3423 2193 (Joan.
3452 2124 3587 2195 xxv).

2013 2202 2156 2260 Etde
2169 2203 2364 2275 quibus
2389 2207 2666 2263 canimus:
2690 2209 2893 2280 Dirige,
2919 2211 3163 2276 Domine,
3192 2215 3354 2283 pedes
3376 2225 3592 2276 nostros

2016 2291 2071 2347 in
2117 2294 2259 2348 viam
2290 2296 2465 2365 pacis,
2497 2313 2634 2369 quos
2672 2307 2883 2370 oportet
2918 2300 3160 2358 caleeare
3197 2308 3592 2375 pratparatioue

2014 2382 2291 2454 Evangelii
2320 2387 2490 2456 pacis.
2542 2388 2645 2456 Qui
2678 2389 2840 2461 igitur
2882 2390 3046 2446 habet
3078 2402 3286 2460 pacem,
3320 2394 3591 2454 calceatus

2013 2481 2098 2529 est
2129 2472 2330 2530 Christi
2372 2472 2684 2549 Evangelio,
2733 2486 2787 2531 et
2812 2477 3013 2535 idcirco
3038 2479 3201 2536 homo
3239 2478 3392 2553 pacis
3419 2484 3594 2542 l'actus

2012 2571 2119 2630 est,
2166 2571 2222 2620 et
2266 2577 2368 2621 nec
2392 2566 2641 2622 bellicum
2669 2567 2869 2638 aliquid
2891 2609 2907 2634 ,
2959 2578 3014 2625 et
3047 2571 3430 2629 tumultuosum
3460 2576 3591 2647 agit,

2011 2670 2115 2711 nec
2143 2670 2265 2711 cum
2292 2658 2378 2713 his
2406 2658 2497 2727 qui
2534 2658 2875 2730 inprtcparati
2903 2668 3049 2727 sunt,
3088 2664 3551 2721 condemnabitur.

2082 2746 2151 2804 In
2175 2750 2412 2805 omnibus
2440 2760 2703 2806 sumentes
2734 2759 2937 2806 scutum
2981 2751 3144 2822 ﬁdei,
3178 2755 3232 2808 in
3255 2770 3356 2826 quo
3380 2759 3591 2827 possitis

2012 2841 2187 2893 omnia
2214 2838 2337 2903 tela,
2372 2848 2478 2896 etc.
2518 2840 2683 2908 Quasi
2711 2838 2907 2896 dixerit
2935 2840 2987 2894 in
3022 2843 3167 2897 omni
3198 2857 3360 2929 opere
3378 2854 3592 2916 portate

2010 2929 2257 3003 clypeum
2280 2928 2423 2995 ﬁdei,
2451 2939 2510 2986 ut
2530 2931 2750 3002 possitis
2776 2933 2901 2988 tecti
2926 2943 3087 3004 atque
3111 2934 3303 2989 muniti
3339 2928 3589 3005 excipere

2012 3022 2288 3077 venientes
2310 3021 2553 3093 sagittas,
2586 3029 2642 3077 et
2665 3022 2769 3077 huc
2797 3031 2958 3094 atque
2984 3023 3113 3081 illuc
3133 3032 3252 3079 arte
3277 3037 3371 3080 eas
3399 3023 3590 3082 bellica

2010 3108 2304 3167 declinare.
2332 3108 2624 3182 Perspicua
2650 3120 2829 3169 autem
2857 3122 2983 3168 sunt
2998 3108 3176 3183 jacula
3202 3112 3443 3187 maligni,
3471 3128 3592 3185 qua:

2010 3203 2122 3257 vult
2153 3203 2368 3259 mittere
2402 3203 2457 3257 in
2487 3203 2651 3259 corda
2680 3212 2864 3260 nostra
2911 3216 3009 3274 per
3037 3203 3390 3275 cogitationes
3421 3206 3593 3275 pessi-

2007 3308 2125 3348 mas
2148 3333 2164 3359 ,
2209 3293 2275 3348 de
2320 3291 2514 3363 quibus
2565 3308 2729 3348 unum
2759 3291 2895 3362 jecit
2944 3295 2998 3347 in
3039 3308 3135 3349 cor
3165 3291 3350 3360 Judtn,
3387 3302 3448 3349 ut
3482 3302 3591 3350 tra-

2006 3384 2159 3439 deret
2191 3384 2513 3440 salvatorem
2551 3382 2731 3457 (Joan.
2766 3384 3114 3455 xm).ltaque
3142 3386 3227 3440 vel
3259 3386 3582 3457 principium

2004 3477 2220 3547 quidem
2267 3476 2470 3532 habere
2509 3478 2711 3547 poterit
2748 3476 3003 3533 inimicus
3042 3477 3359 3533 vulnerandi
3382 3517 3398 3544 ,
3436 3478 3483 3533 si
3518 3487 3594 3533 te-
3634 3496 3643 3535 ξ

2005 3566 2280 3621 nuerimus
2323 3573 2533 3621 scutum
2580 3566 2703 3621 lidei
2729 3606 2744 3633 ,
2797 3567 2850 3622 iu
2886 3581 2994 3636 quo
3029 3578 3135 3622 nou
3166 3566 3338 3623 solum
3372 3568 3593 3624 venien-

2007 3657 2137 3712 tium
2172 3656 2275 3712 tela
2318 3657 2675 3728 franguntur,
2724 3658 2819 3713 sed
2854 3656 3019 3714 etiam
3047 3658 3274 3713 telorum
3312 3656 3425 3729 ipse
3448 3658 3591 3731 ignis

2004 3749 2398 3822 exstinguitur;
2430 3748 2717 3806 inﬁdelitas
2738 3758 2950 3822 quoque
2972 3743 3191 3805 inimica
3213 3759 3296 3806 est
3317 3746 3468 3818 ﬁdei,
3494 3750 3599 3807 ubi‘

2004 3848 2215 3896 scutum
2245 3848 2329 3896 est
2352 3839 2496 3906 ﬁdei,
2533 3840 2665 3896 nihil
2699 3841 2921 3897 valebit.

2074 3930 2146 3987 Et
2186 3932 2392 4003 galeam
2426 3932 2614 3988 salutis
2640 3935 2911 3989 assumite.
2954 3930 3182 4005 Propter
3214 3928 3353 3991 hanc
3380 3933 3589 4005 galeam

2003 4020 2298 4077 salutarem
2349 4034 2539 4079 omnes
2590 4023 2645 4078 in
2700 4024 2878 4094 capite
2934 4033 3120 4079 nostro
3164 4040 3353 4079 sensus
3396 4020 3592 4095 integri

2006 4118 2373 4182 perseverant.
2410 4108 2467 4166 Si
2496 4112 2642 4166 enim
2673 4119 2835 4181 caput
2863 4111 2963 4165 viri
2999 4110 3246 4167 Christus
3272 4118 3375 4176 est,
3412 4112 3590 4180 sequi~

2006 4210 2093 4257 tur
2125 4202 2301 4258 oumis
2326 4206 2512 4255 noster
2552 4216 2744 4257 sensus
2771 4242 2786 4266 ,
2836 4214 3009 4265 mens,
3039 4196 3296 4271 cogitatio
3320 4242 3336 4267 ,
3385 4215 3585 4265 sermo,

2005 4292 2310 4357 consilium,
2357 4291 2404 4347 si
2447 4297 2633 4346 tamen
2658 4292 2927 4362 sapientes
2968 4290 3248 4358 fuerimus,
3286 4292 3339 4346 in
3367 4290 3589 4347 Christo

2007 4383 2133 4438 sint.
2180 4383 2353 4452 Caput
2387 4383 2550 4437 etiam
2574 4425 2590 4449 ,
2628 4382 2770 4452 quod
2817 4391 2903 4439 est
2934 4382 3232 4454 principale
3270 4383 3482 4450 cordis,
3536 4385 3591 4439 in

330 4471 626 4527 virtutibus
652 4473 898 4531 stabilem
927 4472 1052 4546 ﬁgat
1079 4475 1321 4548 gradum,
1341 4484 1396 4533 et
1417 4494 1522 4533 non
1545 4488 1823 4536 moveatur
1840 4481 1908 4538 de

2020 4487 2118 4542 quo
2152 4488 2343 4527 sensus
2367 4487 2555 4529 omnes
2587 4472 2746 4529 locati
2778 4481 2923 4540 sunt,
2972 4472 3159 4530 salutis
3178 4474 3333 4548 galea
3355 4476 3591 4532 circum-

330 4577 475 4619 acre.

413 4653 560 4710 State
594 4673 717 4727 ergo
739 4658 992 4712 succincti
1019 4657 1220 4715 lumbos
1240 4671 1433 4717 vestros
1460 4664 1514 4717 in
1542 4665 1775 4720 veritate.
1809 4664 1909 4737 (Ex

335 4742 597 4817 Primus.)
657 4746 887 4804 Perfecli
934 4756 1107 4805 estote
1156 4751 1364 4808 lumbos
1414 4744 1612 4810 mentis
1662 4756 1911 4824 accincti,

337 4835 444 4890 hoc
471 4845 576 4902 est,
615 4834 668 4891 in
707 4838 854 4892 omni
879 4839 1063 4909 pnnlio
1108 4840 1337 4897 viriliter
1377 4844 1697 4914 prmparati,
1741 4855 1794 4902 ct
1844 4847 1913 4903 ab

335 4925 591 4981 omnibus
616 4926 763 4981 curis
791 4926 969 4981 smculi
996 4928 1247 4999 expediti.

407 5010 520 5086 (Ea:
549 5013 796 5089 Hieron.)
838 5015 990 5085 Quod
1024 5017 1181 5087 juxta
1225 5020 1465 5075 membra
1500 5023 1679 5079 carnis
1705 5033 1761 5079 et.
1800 5041 1917 5081 cor-

336 5107 487 5176 poris
508 5107 691 5162 omnia
741 5108 982 5164 membra
1016 5111 1208 5165 animae
1251 5110 1307 5166 in
1339 5111 1632 5184 Scripturis
1657 5127 1916 5173 vocentur

337 5196 471 5251 nulli
504 5198 723 5253 dubium
750 5207 851 5264 est,
900 5200 964 5255 de
993 5200 1187 5270 quibus
1222 5218 1388 5256 unum
1417 5214 1545 5273 puto
1573 5220 1724 5271 esse,
1770 5224 1913 5263 nunc

337 5287 640 5342 membrum
683 5288 923 5356 lumbos,
956 5306 1088 5361 quos
1120 5300 1179 5346 ut
1215 5294 1563 5366 accingamus
1604 5313 1635 5351 a
1673 5299 1913 5355 Veritate

338 5377 685 5448 prtecipitttr:
718 5378 836 5434 Sint
883 5379 1044 5435 lumbi
1092 5382 1248 5435 vestri
1291 5384 1554 5452 pra'cincti
1592 5390 1643 5439 et
1683 5384 1909 5441 lacerare

338 5468 578 5524 ardentes
608 5467 759 5542 (Luc.
803 5471 926 5541 xu),
957 5472 1061 5528 hoc
1108 5473 1250 5527 idem
1280 5490 1405 5528 reor
1437 5483 1493 5528 et
1537 5474 1668 5532 illud
1708 5475 1912 5547 signiﬁ-

340 5571 467 5613 care
493 5599 509 5623 ,
547 5560 690 5629 quod
717 5560 950 5617 Joannes
985 5577 1172 5617 zonam
1220 5564 1496 5633 pelliceam
1527 5566 1758 5621 habebat
1800 5556 1909 5622 cir—

342 5663 464 5703 cum
496 5649 708 5707 lumbos
727 5667 873 5716 suos,
904 5661 959 5708 et
986 5670 1090 5710 non
1118 5665 1233 5710 erat
1255 5656 1319 5711 de
1342 5657 1653 5722 immundis,
1683 5659 1773 5728 qui
1796 5675 1912 5730 pro-

345 5749 462 5810 pter
508 5742 707 5800 ﬂuxum
758 5746 980 5802 seminis
1025 5756 1179 5803 extra
1227 5758 1405 5807 castra
1456 5750 1679 5823 proiecti
1724 5750 1910 5825 (Lcrit.

2014 4560 2195 4616 datum
2226 4574 2333 4616 non
2369 4562 2735 4632 quassabitur.

2086 4672 2154 4728 Et
2199 4672 2433 4745 gladium
2480 4675 2699 4745 spiritus
2725 4714 2742 4742 ,
2771 4674 2913 4746 quod
2949 4684 3025 4729 est
3054 4674 3266 4731 uerbum
3315 4670 3455 4731 Dei.
3488 4668 3588 4749 (Ex

2014 4758 2268 4834 Primus.)
2319 4763 2486 4818 Nemo
2514 4764 2742 4819 militum
2766 4764 2927 4820 audet
2949 4763 3017 4820 ad
3041 4765 3238 4820 bellum
3270 4767 3387 4822 sine
3415 4765 3591 4838 gladio

2014 4852 2312 4922 proﬁcisci,
2351 4867 2410 4907 se
2443 4852 2588 4908 enim
2615 4863 2889 4924 utcunque
2933 4854 3071 4909 tueri
3115 4863 3325 4923 potest,
3374 4856 3468 4912 sed
3494 4856 3593 4911 ho-

2013 4950 2151 4996 stem
2179 4956 2284 4995 non
2308 4941 2448 4996 valet
2467 4942 3020 5009 occidere,,sicut'non
3044 4959 3316 5014 nunquam
3333 4945 3496 4999 etiam
3523 4944 3592 4999 ab

2017 5032 2208 5087 audaci
2247 5031 2464 5088 inimico
2492 5032 2742 5087 omnibus
2775 5032 2941 5087 armis
2966 5033 3248 5104 Spoliatur,
3285 5034 3590 5104 perimitur,

2016 5124 2093 5179 ita
2123 5123 2242 5179 sine
2272 5122 2365 5178 Dei
2395 5124 2560 5179 verbo
2581 5121 2793 5192 justitia
2816 5124 2993 5179 omnis
3027 5125 3199 5182 intuta
3239 5134 3341 5182 est.
3390 5125 3590 5181 Fidelis

2016 5213 2170 5283 quasi
2193 5214 2276 5268 vir
2300 5213 2531 5270 bellator
2568 5221 2623 5268 et
2644 5212 2822 5280 fortis,
2859 5229 3048 5269 omnes
3090 5224 3266 5271 sectas
3292 5217 3591 5270 contrarias

2015 5308 2232 5365 veritati
2254 5307 2521 5372 concidet,
2546 5305 2853 5370 interlicicl,
2879 5303 3162 5378 jugulabit.
3208 5306 3452 5381 Gladium
3487 5305 3590 5375 spi-

2014 5397 2174 5462 ritus,
2205 5396 2256 5451 id
2277 5404 2380 5461 cst,
2411 5396 2634 5453 verbum
2649 5395 2746 5452 Dei
2775 5412 2937 5451 manu
2966 5405 3154 5453 tenens
3176 5397 3410 5450 salvator
3427 5403 3482 5448 et
3505 5409 3593 5465 ve:

2015 5484 2150 5540 ritas
2175 5496 2230 5538 et
2254 5482 2465 5552 justitia
2494 5485 2822 5541 nominatur.
2868 5483 3009 5540 Nulli
3032 5484 3249 5539 dubium
3276 5522 3292 5547 ,
3323 5482 3451 5552 quin
3475 5482 3590 5552 ipse

2016 5583 2070 5630 et
2102 5575 2373 5647 cingulum
2418 5576 2491 5632 sit
2521 5585 2578 5631 et
2616 5577 2780 5634 lorica
2807 5618 2821 5641 ,
2862 5585 2918 5633 ct
2964 5574 3282 5648 praeparatio
3314 5572 3586 5645 Evangelii

2017 5666 2164 5736 pacis
2194 5674 2249 5721 et
2280 5674 2490 5722 scutum
2538 5666 2659 5723 ﬁdei
2710 5675 2764 5721 et
2797 5665 2944 5736 galea
2981 5661 3228 5719 salutaris
3265 5672 3317 5717 et
3354 5663 3587 5735 gladium

2016 5754 2257 5825 spiritus,
2293 5744 2435 5825 quod
2463 5763 2549 5810 est
2584 5753 2804 5808 verbum
2841 5749 2954 5819 Dei,
2989 5749 3261 5806 et'vivens
3291 5767 3492 5819 sermo,
3532 5759 3584 5807 et
