3932 6204
359 369 465 424 ιθῦ

1640 341 1997 409 SMARAGDI
2038 339 2330 396 ABBATlS

3102 278 3111 319 ι
3506 332 3606 389 ωε

356 485 565 547 enicas,
597 481 665 539 de
690 485 812 550 quo
851 471 1136 545 Apostolus
1165 470 1281 525 ait:
1317 468 1475 523 Virus
1516 474 1589 518 est
1616 478 1784 518 sermo
1820 459 1937 521 Dei,
1968 459 2015 516 Λ
2041 465 2095 511 et
2127 465 2304 510 tamen
2348 470 2404 510 se
2432 450 2783 523 corporaliter
2815 449 2895 504 ire
2933 446 3254 519 pollicetur;
3294 444 3463 516 reguli
3506 447 3613 504 ﬁlio

355 584 403 628 et
426 574 627 645 eﬁicax,
654 578 700 623 et
721 546 1093 638 penetrabilior
1124 559 1265 613 omni
1306 555 1484 626 gladio
1531 546 1785 620 ancipiti,
1814 561 1936 616 per-

357 638 565 734 tinguens
592 672 753 727 usque
772 652 841 707 ad
883 649 1186 705 dirisionem
1209 646 1421 707 animm,
1446 657 1507 695 ac
1526 638 1771 710 spiritus,
1799 649 1940 687 com-

359 726 745 822 paqumqueet
785 739 1134 795 medullarum
1176 744 1224 790 et
1270 735 1523 788 discretor
1568 726 1940 797 cogitationum

360 817 573 903 cordis,»
589 846 635 891 et
675 849 779 889 non
805 842 878 886 est
908 827 1017 883 ulla
1046 835 1287 880 creatura
1314 819 1596 876 invisibilis
1637 817 1690 870 in
1732 828 1942 882 conspe-

361 939 447 983 ctu
488 901 635 998 ejus,
676 923 851 980 omnia
897 927 1070 974 autem
1114 913 1256 969 nuda
1307 922 1355 966 et
1392 918 1571 982 aperta
1618 914 1737 959 sunt
1781 901 1944 955 oculis

362 1021 498 1089 ejus.

726 1114 1065 1158 ενλκεεωυη
1092 1109 1323 1157 ιολκκιε,
1356 1106 1474 1145 CAP.
1509 1102 1583 1142 ιν.

441 1217 459 1247 ι
496 1197 628 1251 Erat
673 1193 895 1263 quidam
918 1185 1146 1259 regulus
1170 1224 1184 1249 ,
1216 1182 1368 1253 cujus
1408 1177 1548 1232 ﬁlius
1574 1168 1951 1263 inﬁrmabatur

372 1306 390 1339 ς
433 1262 827 1355 Capharnaum.
858 1279 958 1335 llic
986 1292 1108 1333 cum
1148 1274 1407 1333 audisset,
1440 1268 1568 1339 quia
1597 1262 1756 1319 Iesus
1789 1262 1951 1316 adve-

372 1397 393 1437 s
436 1378 578 1432 niret
606 1391 637 1430 a
674 1373 856 1428 Iudaea
886 1371 941 1425 in
967 1368 1265 1430 Calilmam,
1312 1362 1449 1417 abiit
1484 1359 1551 1413 ad
1591 1370 1739 1419 eum,
1783 1361 1837 1407 et
1864 1366 1953 1403 ro-

375 1484 393 1518 ι
428 1464 596 1537 gabat
627 1477 773 1526 eum,
806 1468 868 1514 ut
895 1456 1250 1513 descenderet
1278 1459 1335 1506 et
1375 1454 1595 1505 sanaret
1621 1444 1788 1500 ﬁlium
1812 1438 1948 1509 ejus.

377 1574 395 1605 ι
439 1532 736 1622 incipiebat
781 1549 925 1604 enim
955 1545 1112 1601 mori.
1153 1542 1300 1597 Dixit
1320 1554 1454 1608 ergo
1493 1532 1649 1591 Iesus
1688 1534 1758 1587 ad
1789 1541 1951 1585 eum:

2040 558 2137 615 per
2183 542 2518 613 corporalem
2567 539 2909 612 praesentiam
2945 552 3051 591 non
3099 535 3358 605 dignatur
3404 534 3612 601 adesse,

2040 637 2372 692 centurionis
2415 649 2544 689 vero
2592 646 2747 688 servo
2788 645 2895 684 non
2942 627 3262 695 dedignatur
3287 640 3571 681 occanere
3596 643 3614 680 :

2042 725 2171 794 quid
2205 727 2441 789 esthoc,
2489 723 2593 777 nisi
2622 721 2764 792 quod
2792 717 3048 790 superbia
3081 723 3263 770 nostra
3289 715 3615 776 reconditur,

2043 817 2133 889 qui
2166 817 2219 871 in
2266 814 2573 869 hominibus
2600 828 2705 867 non
2749 816 3031 872 naturam,
3080 821 3184 875 qua
3216 805 3283 860 ad
3331 805 3617 875 imaginem

2044 908 2139 963 Dei
2173 906 2298 962 facti
2350 906 2484 967 sint,
2531 903 2626 959 sed
2671 902 2903 956 honores
2937 906 2991 951 ct
3020 896 3235 952 divitias
3279 909 3617 955 veneramur.

2049 998 2375 1066 Redemptor
2403 1009 2531 1049 vero
2558 1000 2763 1055 noster,
2787 997 2848 1043 ut
2869 986 3200 1047 ostenderet,
3221 983 3344 1055 quia
3371 997 3490 1052 quae
3514 982 3621 1036 alta

2046 1097 2175 1145 sunt
2196 1086 2498 1148 hominum,
2527 1081 2729 1138 sanctis
2757 1075 3099 1148 despicienda
3124 1082 3273 1139 sunt,
3303 1082 3357 1127 et
3383 1086 3503 1143 quae
3525 1069 3621 1126 de-

2047 1187 2228 1249 specta
2257 1187 2384 1234 sunt
2411 1175 2688 1232 hominum
2706 1214 2722 1240 ,
2751 1168 3091 1257 despicienda
3117 1181 3224 1222 non
3253 1172 3380 1221 sunt
3400 1204 3420 1230 ,
3467 1163 3535 1250 ad
3568 1162 3627 1217 ﬁ-

2048 1270 2179 1328 lium
2205 1269 2373 1343 reguli
2405 1269 2485 1324 ire
2511 1265 2707 1332 noluit,
2739 1263 2808 1319 ad
2830 1244 3046 1318 servum
3085 1266 3266 1314 autem
3290 1244 3628 1313 centurionis

2051 1362 2130 1417 ire
2155 1368 2377 1430 paratus
2402 1356 2523 1411 fuit.

2123 1448 2354 1503 Credidit
2384 1446 2535 1500 homo
2565 1456 2885 1506 sermonem,
2922 1453 3075 1510 quem
3109 1436 3244 1491 dixit
3270 1435 3318 1488 ei
3344 1434 3530 1497 Iesus,
3573 1443 3623 1488 et

2051 1540 2179 1595 ibat.
2210 1536 2505 1607 lncipiebat
2529 1534 2672 1589 enim
2700 1529 2856 1587 ﬁdem
2885 1530 3085 1585 habere
3115 1526 3168 1581 in
3199 1540 3449 1581 sermone
3474 1522 3625 1589 Iesu,

377 1663 394 1693 ι
438 1613 731 1712 Nisi-signa
769 1644 825 1692 et
846 1633 1090 1706 prodigia
1114 1629 1377 1692 videritis,
1406 1641 1516 1681 non
1548 1621 1791 1712 creditis.
1816 1617 1955 1672 Dicit

2071 1639 2110 1684 3t
2138 1628 2231 1699 qui
2258 1642 2322 1682 ex
2351 1633 2504 1697 parte
2533 1624 2726 1696 dubius
2750 1620 2917 1681 venit,
2951 1616 3123 1672 ﬁdelis
3148 1615 3402 1677 recessit,
3428 1623 3483 1669 et
3510 1613 3630 1669 ideo

378 1753 397 1785 ε
442 1733 510 1788 ad
542 1710 668 1785 eum
704 1724 959 1798 regulus:
1015 1721 1277 1783 Domine,
1329 1714 1595 1771 descende
1639 1710 1955 1781 priusquam
2057 1718 2341 1773 sanitatem
2372 1711 2464 1769 mii
2492 1713 2708 1768 meum,

377 1841 397 1873 ι
442 1818 706 1875 moriatur
735 1796 876 1869 ﬁlius
896 1825 1067 1868 meus.
1113 1807 1258 1862 Dixit
1301 1805 1348 1860 ei
1377 1803 1572 1858 Iesus:
1616 1800 1780 1860 Vade,
1814 1796 1954 1851 ﬁlius
1983 1816 2028 1875 Β
2123 1808 2248 1863 Iam
2284 1818 2455 1860 ηηιεηι
2492 1821 2552 1859 ea
2589 1801 2954 1865 deumdeum,
3003 1799 3135 1853 mg;
3173 1804 3512 1853 οεεηνεεηηι
3544 1798 3631 1860 εί,

377 1930 399 1961 ο
446 1918 569 1963 tuus
594 1904 747 1961 vivit.
800 1901 1040 1957 Credidit
1081 1899 1241 1953 homo
1287 1892 1521 1951 sermoni
1553 1905 1717 1959 quem
1743 1886 1880 1941 dixit
1904 1885 1955 1940 ei
2058 1902 2326 1956 dmum:
2364 1899 2502 1965 Qui“
2539 1897 2687 1968 ﬁlius
2722 1896 2834 1966 ej“,
2870 1894 3086 1958 υίυενει,
3124 1889 3476 1963 διαπορῶσι
3507 1906 3634 1959 ωηο

381 2021 400 2053 ι
444 1999 603 2057 Iesus
649 2004 705 2052 et
751 1995 883 2050 ibat.
923 1989 1040 2046 Iam
1089 1995 1269 2042 autem
1307 2000 1372 2040 eo
1408 1980 1767 2038 descendente
1814 1973 1954 2031 servi
2057 1993 2241 2047 hom",
2268 1991 2331 2045 αι,
2360 1990 2455 2055 eis,
2483 1989 2538 2043 ίη
2567 2004 2670 2059 qua
2694 1985 2880 2040 melius
2903 1985 3175 2048 habuerat,
3199 1991 3247 2037 ει
3270 1980 3517 2036 δίκα-,ωε
3541 1979 3635 2033 ei;

380 2110 399 2141 ι
444 2092 798 2145 occurrerunt
827 2082 912 2151 ei,
953 2088 1007 2136 et
1049 2078 1434 2134 nuntiaverunt
1478 2072 1720 2127 dicentes
1754 2084 1769 2123 :
1820 2066 1957 2135 Quia

382 2199 400 2230 ι
448 2179 591 2233 ﬁlius
615 2175 732 2246 ejus
753 2172 977 2226 viveret.
1006 2164 1376 2234 Interrogabat
1399 2175 1527 2232 ergo
1554 2159 1742 2213 horam
1770 2155 1838 2210 ab
1856 2154 1957 2219 eis,

379 2290 403 2322 ,ι
449 2272 502 2325 in
531 2245 653 2339 qua
672 2264 865 2321 melius
885 2262 1168 2316 habuerat.
1198 2256 1265 2310 Et
1286 2254 1539 2308 dixerunt
1558 2251 1607 2305 ei
1637 2268 1649 2303 :
1678 2248 1813 2315 Quia
1843 2245 1957 2302 heri

385 2381 405 2413 ι
451 2338 584 2416 hora
614 2355 841 2425 septima
876 2349 1095 2419 reliquit
1123 2361 1245 2401 eum
1299 2343 1482 2398 febris.
1531 2338 1798 2409 Cognovit
1825 2351 1956 2406 ergo

386 2470 405 2503 ι
451 2457 622 2520 pater,
656 2444 781 2516 quia
812 2440 904 2497 illa
927 2440 1254 2502 horaesset,
1291 2434 1344 2489 in
1371 2447 1477 2504 qua
1508 2431 1642 2487 dixit
1684 2428 1733 2484 ci
1763 2427 1954 2483 Iesus:

381 2561 403 2594 ι
450 2517 618 2597 ίῖὶιίυε
647 2544 774 2592 tuus
806 2533 962 2599 vivit,
998 2538 1057 2588 et
1078 2528 1306 2585 credidit
1333 2526 1478 2595 ipse,
1511 2530 1568 2578 et
1605 2522 1797 2578 domus
1844 2517 1960 2586 ejus

382 2650 407 2683 ι
453 2637 590 2687 tota.
630 2647 651 2682 ι

452 2719 586 2774 Erat
626 2716 846 2788 quidam
904 2708 1157 2782 regulus,
1208 2702 1542 2776 cujus/ilius
1590 2695 1963 2767 inﬁrmabatur

384 2807 782 2879 Capharnaum.
830 2796 932 2874 (Ex
978 2794 1167 2867 Greg.)
1198 2791 1431 2863 Regulus
1455 2788 1836 2879 diminutivum
1867 2799 1964 2839 no-

382 2877 503 2956 men
528 2903 611 2953 est
634 2910 664 2949 a
685 2907 815 2966 rege
832 2932 847 2958 ,
892 2897 949 2946 et
975 2887 1094 2944 ideo
1126 2884 1352 2941 forsitan
1381 2878 1597 2953 regulus
1622 2878 1822 2934 dicitur
1838 2877 1960 2941 iste,

382 2992 475 3061 qui
503 2983 1007 3057 salutempoposcit
1047 2980 1157 3055 ﬁlio
1186 2994 1306 3044 suo,
1336 2975 1461 3048 quia
1485 2972 1698 3061 plenam
1730 2986 1837 3061 non
1868 2968 1965 3061 ha-

382 3057 499 3136 buit
527 3080 707 3135 ﬁdem.
759 3074 1136 3146 Capharnaum
1178 3077 1357 3124 autem
1401 3078 1531 3135 ager
1558 3060 1641 3117 vel
1672 3059 1798 3115 villa
1846 3057 1966 3130 pul-

377 3169 657 3225 cherrima
693 3167 1099 3234 interpretatur.

456 3259 564 3315 llic
584 3273 711 3312 cum
740 3254 1016 3316 audisset,
1063 3249 1186 3321 quia
1224 3246 1381 3302 Iesus
1405 3243 1672 3300 adveniret
1713 3259 1745 3295 a
1771 3239 1963 3296 Juda’a

387 3353 444 3407 in
475 3346 780 3411 Calilmam,
819 3343 948 3397 abiit
981 3340 1225 3405 adeum,
1256 3346 1304 3392 et
1351 3334 1566 3406 rogabat
1594 3348 1733 3397 eum,
1778 3339 1834 3384 ut
1875 3328 1967 3383 de-

387 3439 654 3497 scenderet
711 3447 760 3492 et
808 3442 1020 3490 sanaret
1052 3428 1242 3504 ,filium
1293 3427 1426 3499 ejus.
1495 3424 1785 3495 Incipiebat
1830 3420 1965 3476 enim

390 3535 545 3590 mori.
585 3531 734 3591 Dixit
763 3543 886 3600 ergo
909 3524 1065 3581 Iesus
1096 3520 1165 3577 ad
1176 3534 1347 3575 eum:
1376 3516 1496 3572 Nisi
1527 3516 1676 3587 signa
1703 3523 1752 3569 et
1790 3510 1970 3583 prodi-

388 3626 473 3697 gia
519 3621 778 3685 videritis,
823 3635 928 3674 non
962 3614 1195 3671 creditis.
1238 3608 1417 3678 Quare
1464 3620 1592 3677 ergo
1634 3603 1799 3659 dicit:
1848 3600 1971 3655 Nisi

384 3693 536 3786 signa
569 3723 615 3768 et
640 3710 882 3785 prodigia
905 3704 1161 3769 videritis,
1184 3718 1288 3755 non
1310 3698 1543 3761 creditis,
1582 3712 1704 3751 cum
1735 3693 1824 3749 ille
1849 3700 1973 3747 ante

392 3783 566 3856 credit
596 3783 756 3870 quam
788 3796 1002 3867 signum
1025 3790 1254 3845 videret.
1281 3786 1384 3853 Qui
1412 3785 1558 3841 enim
1588 3783 1815 3839 salutem
1833 3797 1974 3852 qua:-

391 3890 547 3945 rebat
582 3885 709 3951 ﬁlio,
754 3879 944 3954 procul
981 3876 1144 3932 dubio
1175 3874 1464 3939 credebat,
1513 3871 1607 3927 sed
1649 3877 1976 3926 mementote

390 3982 518 4053 quid
552 3978 713 4051 petit,
757 3983 812 4030 et
836 3978 1021 4044 aperte
1058 3967 1414 4039 cognoscetis,
1445 3964 1569 4036 quia
1602 3961 1789 4017 inﬁde
1828 3960 1978 4014 dubi-

393 4075 561 4138 tavit,
602 4067 847 4141 poposcit
889 4079 1122 4135 namque
1174 4070 1235 4117 ut
1266 4059 1618 4118 descenderet
1666 4066 1721 4113 et
1755 4063 1977 4112 sanaret

399 4172 569 4226 filium
607 4166 744 4236 ejus.
801 4160 1147 4235 Corporalem
1197 4174 1325 4231 ergo
1366 4156 1710 4229 praesentiam
1764 4153 1978 4209 Domini

400 4258 700 4333 quzerebat,
739 4256 829 4328 qui
850 4270 952 4327 per
980 4253 1228 4325 spiritum
1268 4264 1532 4321 nusquam
1562 4248 1765 4312 deerat,
1802 4245 1980 4302 minus

400 4352 457 4406 in
503 4349 594 4406 illo
639 4346 900 4412 credidit,
949 4359 1109 4416 quem
1151 4357 1255 4397 non
1282 4340 1496 4411 putavit
1538 4353 1698 4409 posse
1752 4335 1979 4391 salutem

397 4442 548 4502 dare.
602 4437 705 4493 nisi
732 4450 973 4507 praesens
1011 4440 1157 4488 esset
1191 4445 1435 4500 corpore.
1475 4427 1532 4483 Si
1571 4428 1715 4484 enim
1742 4426 1980 4498 perfecte

396 4504 944 4596 credidissem—procul
967 4522 1128 4579 dubio
1152 4520 1337 4584 sciret,
1367 4517 1489 4588 quia
1514 4531 1618 4571 non
1654 4523 1798 4571 esset
1823 4514 1972 4569 locus
2000 4504 2049 4563 D

396 4621 488 4678 ubi
532 4636 639 4677 non
684 4625 826 4675 esset
874 4614 1037 4669 Deus.
1085 4610 1325 4665 Salutem
1358 4609 1538 4678 itaque
1564 4607 1674 4662 ﬁlio
1703 4605 1876 4677 petiit,
1921 4613 1977 4659 et

397 4721 575 4767 tamen
605 4711 658 4763 in
692 4707 795 4763 ﬁde
823 4701 1112 4765 dubitavit,
1147 4698 1275 4770 quia
1302 4712 1421 4752 eum
1450 4694 1517 4751 ad
1540 4710 1699 4767 quem
1730 4703 1971 4759 venerat,

395 4810 452 4855 et
488 4808 765 4871 potentem
811 4796 879 4851 ad
926 4790 1226 4850 curandum
1258 4788 1507 4853 credidit,
1541 4794 1597 4841 et
1641 4794 1819 4840 tamen
1862 4798 1976 4838 mo-

399 4892 571 4946 riente
601 4889 710 4945 ﬁlio
731 4901 850 4944 esse
881 4885 1159 4940 absentem
1183 4878 1392 4949 putavit
1414 4876 1604 4931 Deum.

468 4981 607 5035 Dicit
637 4978 835 5034 adeum
868 4972 1108 5047 regulus:
1126 4969 1367 5034 Domine,
1396 4964 1649 5021 descende
1670 4965 1973 5036 priusquam

398 5074 657 5129 moriatur
678 5070 820 5140 ﬁlius
846 5084 1009 5130 meus,
1041 5073 1146 5120 etc.
1178 5059 1294 5130 Qua
1320 5060 1373 5115 in
1398 5072 1456 5113 re
1480 5058 1583 5113 hoc
1607 5064 1690 5111 est
1714 5054 1870 5110 nobis
1895 5069 1978 5110 so-

403 5166 567 5221 lerter
596 5157 909 5217 intuendum
936 5198 952 5223 ,
998 5154 1139 5227 quod
1186 5154 1327 5210 sicut
1371 5150 1477 5206 alio
1522 5146 1846 5219 evangelista
1894 5154 1975 5201 tc-

402 5266 581 5311 stante
617 5251 935 5310 didicimus,
984 5245 1230 5302 centurio
1263 5243 1411 5299 venit
1431 5242 1497 5297 ad
1524 5238 1715 5302 Deum,
1748 5237 1973 5294 dicens:

402 5345 792 5414 Domine,puer
806 5355 949 5393 meas
967 5337 1109 5408 jacet
1140 5333 1459 5406 paralyticus
1486 5331 1541 5386 in
1566 5330 1741 5395 domo,
1770 5339 1816 5383 et
1842 5328 1978 5383 male

405 5444 690 5507 torquetur.
718 5430 866 5487 Cuia
886 5426 1016 5484 Iesu
1040 5426 1286 5498 protinus
1307 5423 1663 5495 respondetur
1691 5440 1705 5477 :
1750 5419 1865 5492 Ego
1895 5438 1980 5475 ve-

405 5528 548 5582 niam
577 5534 626 5580 et
660 5522 852 5582 curabo
882 5536 1020 5576 eum.
1073 5514 1210 5585 Quid
1240 5523 1324 5571 est
1363 5514 1505 5585 quod
1542 5513 1758 5585 regulus
1799 5519 1975 5583 rogat,

408 5623 469 5668 ut
507 5617 572 5670 ad
605 5616 721 5685 ejus
761 5613 927 5669 ﬁlium
956 5611 1154 5676 veniat,
1205 5616 1261 5664 et
1307 5616 1487 5664 tamen
1515 5604 1864 5676 corpbraliter
1896 5605 1975 5661 ire

414 5704 661 5757 recusat?
686 5702 763 5756 Ad
794 5717 1008 5758 servum
1034 5714 1164 5756 vero
1188 5696 1523 5755 centurionis
1548 5710 1656 5750 non
1692 5695 1972 5761 invitatur,

2061 2080 2198 2146 Quia
2225 2079 2338 2133 lteri
2365 2078 2497 2131 liora
2525 2072 2743 2146 septima
2771 2073 2973 2145 reliquit
2999 2088 3117 2127 eum
3146 2071 3323 2140 febris.
3362 2067 3633 2139 Septena-

2061 2170 2173 2224 rius
2200 2182 2458 2223 numerus
2487 2164 2856 2221 sanctiﬁcatus
2882 2171 2965 2219 est
2993 2164 3047 2218 in
3076 2162 3230 2218 donis
3259 2161 3431 2217 sancti
3460 2158 3640 2230 Spiri-

2060 2269 2186 2325 tus,
2237 2259 2293 2313 in
2340 2273 2448 2328 quo
2495 2256 2701 2311 sanitas
2747 2255 2997 2313 omnibus
3047 2252 3394 2310 credentibus
3440 2249 3635 2311 datur.

2059 2356 2292 2429 constat.
2331 2344 2464 2413 Quia
2494 2345 2547 2400 in
2578 2351 2766 2401 sancto
2792 2342 2995 2414 Spiritu
3013 2384 3027 2407 ,
3056 2341 3146 2414 qui
3175 2350 3261 2398 est
3285 2341 3485 2397 donum
3514 2339 3641 2406 Dei,

2061 2428 2312 2517 remissio
2342 2443 2427 2491 est
2455 2434 2697 2492 omnium
2736 2441 3083 2505 peccatorum
3118 2430 3483 2486 credentibus.
3536 2428 3640 2485 Se-

2059 2529 2446 2601 ptenarinsque
2462 2541 2725 2584 muneras
2751 2527 2799 2582 si
2826 2525 3085 2581 dividitur
3102 2525 3158 2580 in
3182 2523 3288 2580 tria
3302 2532 3361 2577 et
3378 2529 3639 2593 quatuor.

2060 2627 2303 2674 sanctam
2331 2618 2655 2673 Trinitatem
2692 2615 2978 2689 signiﬁcat.
3024 2613 3083 2669 In
3120 2613 3347 2668 trinario
3386 2624 3640 2673 numero,

2061 2717 2118 2766 et
2134 2710 2374 2765 omnium
2397 2715 2766 2764 creaturarum
2787 2703 3191 2776 perfectionem,
3215 2703 3269 2758 in
3290 2701 3643 2773 quaternario

2061 2808 2280 2871 propter
2305 2808 2539 2870 quatuor
2566 2796 2833 2854 elementa
2873 2794 3146 2866 plenaria,
3184 2800 3241 2849 et
3267 2800 3499 2863 quatuor
3524 2790 3643 2862 pla-

2063 2905 2160 2963 gas
2188 2890 2392 2955 mundi,
2421 2898 2475 2945 et
2499 2896 2735 2958 quatuor
2761 2886 2887 2941 anni
2917 2893 3183 2954 tempora,
3209 2897 3330 2954 quae
3355 2880 3536 2936 omnia
3573 2895 3638 2934 ex

2064 2982 2182 3054 ipso
2217 2989 2272 3037 et
2301 2997 2399 3052 per
2427 2980 2600 3052 ipsum
2631 2985 2697 3035 et
2731 2977 2788 3033 in
2815 2977 2933 3047 ipso
2966 2983 3149 3031 creata
3187 2981 3348 3037 sunt,
3388 2979 3642 3027 constant

2065 3083 2123 3132 et
2158 3075 2551 3145 gubernantur,
2592 3070 2845 3143 quoniam
2874 3069 2927 3123 in
2955 3068 3066 3138 ipso
3093 3066 3335 3128 vivimus,
3377 3077 3643 3116 movemur

1990 3152 2036 3216 C
2048 3171 2053 3176 ’
2067 3176 2113 3222 et
2144 3182 2345 3221 sumus.

2138 3254 2534 3326 Cognovitergo
2578 3260 2750 3323 pater,
2788 3251 2910 3323 quia
2950 3248 3044 3305 illa
3091 3249 3222 3303 liora
3259 3255 3397 3314 erat,
3443 3248 3495 3302 in
3540 3262 3647 3319 qua

2067 3348 2198 3402 dixit
2234 3347 2283 3401 ei
2303 3363 2322 3400 ι
2356 3342 2530 3399 Filius
2557 3353 2680 3397 tuus
2706 3342 2850 3407 vicit,
2886 3350 2938 3396 et
2967 3340 3187 3395 credidit
3215 3339 3344 3410 ipse,
3380 3347 3428 3393 et
3453 3337 3650 3392 domus

2067 3438 2182 3509 ejus
2205 3444 2333 3490 tota.
2362 3433 2496 3503 Quia
2520 3432 2798 3489 nuntiatus
2827 3441 2911 3487 est
2933 3431 2984 3486 ei
3007 3415 3148 3486 ﬁlius
3171 3446 3356 3496 sanus,
3379 3429 3445 3484 ad
3468 3428 3648 3484 solum

2070 3540 2200 3597 ergo
2228 3538 2533 3580 sermonem
2570 3522 2917 3578 crediderunt
2959 3520 3143 3591 plures
3169 3518 3527 3581 Samaritani,
3581 3518 3649 3573 al

2071 3616 2201 3671 illud
2225 3622 2407 3670 anteiri
2431 3611 2773 3677 miraculum,
2796 3611 2907 3666 SOIl
2929 3611 3119 3667 domus
3140 3609 3228 3664 illa
3250 3609 3502 3675 credidit,
3521 3625 3651 3680 qua:

2071 3720 2160 3762 res
2186 3703 2461 3776 protendit
2486 3702 2541 3757 in
2578 3701 2973 3757 multitudinem
3006 3699 3162 3756 ﬁdem
3194 3700 3466 3772 gentium,
3504 3710 3568 3756 et
3596 3701 3653 3754 in

2072 3796 2342 3868 paucitate
2368 3793 2489 3848 ﬁdei
2509 3790 2838 3849 Iudaeorum.
2868 3788 3067 3847 Gentes
3087 3805 3213 3846 veno
3234 3790 3349 3846 solo
3372 3805 3651 3853 sermone.

2076 3888 2127 3943 id
2157 3895 2270 3951 est,
2313 3884 2698 3956 praedicatione
2724 3883 3018 3955 apostolica
3046 3883 3424 3946 crediderunt,
3472 3880 3653 3940 Iudaei

2074 3994 2203 4033 vero
2231 3978 2379 4049 signa
2407 3975 2656 4031 viderunt
2685 3975 2859 4045 ipsum
2890 3972 2983 4029 Dei
3016 3972 3183 4028 ﬁlium
3224 3972 3509 4030 facientem
3531 4014 3554 4037 ,
3600 3983 3656 4026 et

2078 4077 2255 4124 tamen
2282 4067 2441 4137 pauci
2468 4064 2815 4121 crediderunt
2840 4078 2907 4118 ex
2931 4063 3030 4119 eis.

2219 4198 2638 4257 HEBDOMADA
2672 4196 2836 4253 XXIII
2872 4195 3046 4254 POST
3084 4194 3503 4253 PENTECOST.

2356 4325 2612 4368 EPISTOLA
2647 4325 2715 4364 AD
2752 4322 3138 4372 PIIILIPPENSES,
3176 4323 3292 4363 ων.
3320 4321 3359 4361 1.

2156 4443 2173 4474 ι
2207 4421 2536 4479 Conﬁdimus
2565 4418 2618 4474 in
2650 4418 2877 4473 Domino
2903 4417 3062 4481 Iesu,
3101 4417 3225 4488 quia
3262 4416 3352 4485 qui
3389 4416 3560 4485 erepit
3600 4417 3656 4472 in

2080 4534 2099 4566 ι
2133 4513 2286 4568 vobis
2314 4528 2451 4582 opus
2482 4510 2714 4574 bonum,
2755 4508 2870 4579 ipse
2898 4506 3175 4578 perﬁciet,
3212 4521 3383 4576 usque
3415 4504 3469 4559 in
3504 4506 3654 4560 diem

2080 4623 2098 4656 ι
2133 4603 2335 4681 Christi
2363 4600 2509 4657 Iesu.
2562 4599 2717 4656 Sicut
2755 4606 2840 4654 est
2879 4597 3012 4653 mihi
3050 4597 3255 4668 jus'um
3299 4596 3400 4650 hoc
3446 4596 3657 4650 sentire

2082 4713 2100 4748 ι
2133 4711 2231 4766 pro
2257 4693 2509 4749 omnibus
2537 4691 2712 4758 vobis,
2753 4705 2820 4745 eo
2849 4689 2993 4761 quod
3021 4689 3247 4744 habeam
3274 4700 3371 4743 vos
3399 4685 3453 4741 in
3485 4688 3657 4742 corde

2081 4805 2102 4839 ι
2133 4796 2189 4841 et
2219 4786 2271 4840 in
2297 4783 2525 4839 vinculis
2551 4782 2708 4837 meis.
2749 4781 2810 4837 Et
2848 4781 2900 4835 in
2929 4779 3239 4835 defensione
3272 4786 3327 4831 et
3363 4777 3658 4835 conﬁrma-

2082 4895 2101 4928 ι
2135 4877 2279 4931 tione
2303 4872 2602 4945 Evangelii,
2628 4871 2803 4928 socios
2827 4869 3005 4943 gaudii
3033 4868 3138 4924 mei
3166 4882 3352 4922 omnes
3376 4883 3473 4921 vos
3498 4882 3653 4922 esse.

2084 4985 2104 5019 ι
2135 4965 2312 5021 Testis
2340 4964 2497 5020 enim.
2522 4963 2652 5017 mihi
2683 4969 2763 5017 est
2793 4952 2967 5024 Deus,
3010 4956 3278 5028 quomodo
3314 4955 3527 5026 cupiam
3556 4971 3658 5009 vos

2084 5077 2104 5111 ί
2136 5073 2325 5113 omnes
2355 5055 2407 5110 in
2434 5053 2734 5109 visceribus
2761 5050 2887 5107 Iesu
2915 5047 3139 5105 Christi.
3195 5046 3261 5102 Et
3298 5046 3400 5102 hoc
3437 5060 3554 5107 oro,
3594 5057 3658 5100 ut

2084 5168 2105 5202 ε
2138 5149 2374 5205 charitas
2396 5153 2573 5200 vestra
2603 5143 2773 5214 magis
2795 5157 2857 5197 ac
2884 5140 3052 5210 magis
3079 5138 3314 5192 abundet
3340 5136 3393 5191 in
3420 5136 3655 5192 scientia

2085 5258 2104 5293 ε
2136 5249 2190 5296 et
2231 5240 2284 5294 in
2325 5237 2473 5293 omni
2512 5250 2708 5299 sensu,
2756 5242 2819 5288 ut
2863 5231 3104 5305 probetis
3142 5231 3384 5301 potiora,
3427 5237 3483 5283 et
3523 5228 3658 5283 sitis

2084 5348 2104 5382 ι
2136 5329 2367 5394 sinceri,
2404 5334 2459 5380 et
2498 5326 2614 5381 sine
2651 5323 2853 5379 offensa
2897 5324 2954 5377 in
2997 5321 3141 5375 diem
3183 5319 3414 5386 Christi,
3455 5316 3657 5387 repleti

2082 5439 2102 5473 ε
2135 5418 2310 5475 fntctu
2335 5416 2591 5487 justitize,
2622 5429 2719 5486 per
2745 5412 2927 5469 Iesum
2957 5410 3230 5467 Christum
3261 5410 3314 5465 in
3342 5408 3569 5481 gloriam
3598 5413 3657 5461 et

2081 5529 2102 5564 ι
2137 5510 2346 5565 laudem
2370 5506 2487 5562 Dei.
2524 5525 2543 5559 ι

2148 5597 2471 5669 Conﬁdimns
2496 5597 2549 5651 in
2579 5595 2797 5650 Domino
2823 5593 2973 5659 Iesu,
2995 5591 3117 5662 quia
3142 5590 3232 5663 qui
3256 5590 3402 5660 capit
3428 5588 3479 5641 in
3503 5585 3655 5641 vobis

2079 5706 2205 5764 opus
2226 5691 2441 5757 bonum,
2456 5690 2565 5759 ipse
2590 5686 2840 5758 ρει-βίοι.
2873 5685 2952 5741 Ac
2977 5683 3023 5740 si
3050 5683 3256 5764 diceret
3277 5696 3291 5736 :
3315 5676 3657 5737 Conmendo
