3932 6204
349 401 457 458 497

1161 403 1676 459 COLLECTIONES
1711 405 1777 458 IN
1816 405 2199 461 EPIS'I‘OL.\S
2234 408 2320 462 ET
2363 409 2772 468 EVANGELIA.

3503 423 3606 479 ‘98

346 515 643 584 impetrare
666 519 898 581 emptam
927 512 1246 575 doctrinam,
1279 511 1392 567 sive
1423 513 1652 582 gratiam
1687 513 1925 567 scientize
1953 518 2003 576 Α
2033 530 2051 562 ι
2084 515 2175 583 qui
2205 515 2434 572 debebat
2462 519 2512 573 ei
2541 529 2761 574 centum
2795 521 3064 578 denarios.
3119 525 3186 580 Et
3225 534 3415 583 tenens
3440 529 3604 584 δυσυ-

348 603 631 673 largiendo
655 601 1020 656 consummari
1050 602 1103 655 in
1127 601 1301 655 vobis.

420 690 598 764 Usque
624 694 679 746 in
705 691 844 745 diem
870 690 1084 745 Christi.
1117 692 1172 745 Id
1205 699 1311 754 est,
1340 707 1510 761 usque
1543 693 1596 746 in
1627 695 1794 759 diem,
1821 711 1928 764 quo

345 787 416 839 de
445 797 675 852 corpore
705 783 991 847 recedatis,
1027 796 1093 837 ex
1120 797 1229 852 quo
1258 782 1374 852 jam
1407 782 1475 837 ad
1508 783 1719 838 Domini
1755 801 1926 840 unus-

343 877 576 945 quisque
624 883 931 930 reservetur
975 876 1294 941 adventum,
1327 876 1441 931 sive
1489 891 1658 945 usque
1693 877 1747 931 in
1785 878 1924 932 diem

345 966 573 1031 Christi,
603 966 655 1020 id
682 973 787 1029 est,
815 981 984 1034 usque
1011 967 1065 1020 in
1090 967 1232 1022 diem
1253 966 1460 1035 jmlieii.

419 1053 570 1108 Sicut
597 1065 671 1108 est
704 1055 834 1108 mihi
855 1055 1062 1124 justum
1096 1055 1194 1109 hoc
1230 1059 1422 1111 sentire
1448 1074 1543 1128 pro
1571 1058 1807 1112 omnibus
1837 1076 1924 1112 vo-

345 1147 445 1200 bis.
481 1145 565 1201 Ae
596 1146 644 1200 si
679 1146 920 1200 diceret:
965 1145 1218 1201 Charitas
1262 1163 1348 1202 me
1388 1149 1504 1203 haec
1549 1150 1750 1204 sentire
1795 1149 1923 1205 facit

341 1251 448 1304 pro
470 1237 654 1299 vobis,
672 1237 815 1304 quod
840 1236 1132 1305 perﬁcietis
1158 1251 1293 1306 opus
1323 1239 1464 1308 quod
1489 1240 1730 1308 cmpistis
1755 1257 1922 1309 usque

343 1332 401 1384 in
431 1331 573 1386 diem
597 1373 611 1393 ,
659 1332 772 1386 sive
807 1332 1034 1396 mortis,
1086 1332 1201 1388 sive
1241 1332 1431 1402 jndieii
1454 1374 1474 1397 ,
1517 1334 1644 1403 quia
1682 1335 1921 1391 Charitas

337 1420 526 1475 omnia
565 1429 766 1490 sperat.

417 1509 496 1564 Eo
522 1511 663 1580 quod
696 1509 915 1564 habeant
949 1528 1038 1566 vos
1069 1513 1127 1565 in
1157 1512 1312 1567 corde
1345 1523 1396 1567 et
1427 1514 1483 1568 in
1515 1515 1733 1570 vinculis
1766 1519 1915 1571 meis.

337 1601 422 1656 Ac
444 1601 490 1656 si
512 1588 719 1675 diceret
737 1616 757 1654 :
787 1602 1018 1656 Tantum
1043 1619 1138 1658 vos
1161 1603 1344 1675 diligo,
1363 1615 1424 1660 ut
1443 1606 1573 1664 mihi
1603 1609 1916 1663 memoriam

335 1694 510 1747 vestri
541 1707 640 1746 nec
653 1673 750 1748 'vis
777 1693 1158 1760 tribulationis,
1190 1673 1292 1752 nec
1316 1698 1621 1754 sollicitudo
1649 1699 1916 1758 defensio-

334 1784 426 1838 nis
450 1781 684 1838 auferat.

409 1873 478 1926 Et
506 1875 562 1926 in
589 1873 892 1942 defensione
928 1883 976 1928 et
1007 1875 1404 1944 conﬁrmatione
1437 1875 1728 1949 Evangelii.
1775 1880 1916 1936 Con-

329 1965 576 2019 ﬁrmatio
625 1966 898 2036 Evangelii
944 1975 1031 2022 est
1074 1975 1330 2023 constans
1387 1969 1670 2025 tolerantia
1718 1973 1912 2041 praedi-

322 2058 534 2113 cautis.

405 2148 590 2205 Socios
627 2152 810 2221 gaudii
849 2154 950 2206 mei
988 2169 1166 2207 omnes
1194 2170 1283 2208 eos
1309 2170 1440 2208 esse.
1487 2154 1566 2210 Ac
1594 2157 1638 2209 si
1671 2156 1910 2212 diceret:

317 2241 449 2297 Hoc
478 2244 652 2298 sentio
680 2244 747 2298 de
772 2245 924 2300 vobis
951 2255 1005 2299 et
1031 2247 1216 2309 credo,
1249 2247 1373 2315 quia
1409 2247 1552 2301 sicut
1578 2262 1710 2302 meae
1740 2249 1912 2303 tribu-

319 2329 554 2387 Iationis
584 2334 717 2387 socii
748 2335 900 2397 estis,
949 2335 1024 2389 ita
1066 2336 1218 2390 eritis
1260 2345 1311 2390 et
1354 2337 1534 2406 gaudii
1577 2338 1910 2406 sempiterni.

319 2419 492 2485 Sive,
533 2423 676 2477 sicut
715 2426 827 2479 scio
854 2441 950 2479 vos
978 2426 1269 2494 Evangelio
1296 2427 1618 2492 credidisse,
1661 2436 1721 2482 ut
1748 2430 1911 2484 etiam

319 2506 388 2563 in
432 2510 868 2568 tribulationibus
908 2515 1068 2580 meis,
1114 2523 1172 2570 et
1211 2513 1329 2583 ejus
1357 2514 1671 2572 defensione
1699 2533 1912 2573 mecum

319 2600 542 2669 pariter
570 2605 869 2674 gaudeatis.

406 2691 574 2746 Testis
598 2696 736 2748 enim
767 2696 894 2750 mihi
922 2707 998 2751 est
1024 2697 1186 2760 Deus,
1215 2700 1476 2768 quomodo
1502 2700 1711 2770 cupiam
1736 2718 1913 2757 omines

319 2800 419 2837 ros
450 2785 504 2838 in
530 2787 810 2841 visceribus
836 2788 964 2843 Jesu
991 2789 1204 2844 Christi.
1241 2789 1322 2844 Ac
1351 2790 1397 2844 si
1429 2790 1672 2845 diceret:
1711 2791 1790 2847 Ita
1819 2809 1915 2850 vos

320 2874 604 2940 desidero,
652 2885 907 2948 tanquam
937 2880 1147 2935 viscera
1177 2879 1401 2945 Christi,
1431 2880 1546 2936 sive
1574 2881 1789 2951 cupiam
1819 2899 1914 2939 vos

319 2962 452 3032 ejus
479 2966 659 3020 inesse
686 2967 1009 3023 visceribus.

394 3055 471 3110 Et
514 3057 611 3111 hoc
659 3075 787 3122 oro,
843 3069 900 3113 ut
946 3061 1176 3114 charitas
1222 3069 1388 3115 vestra
1431 3062 1599 3132 magis
1637 3079 1699 3116 ac
1745 3064 1913 3134 magis

317 3146 563 3201 abundet
599 3147 653 3202 in
689 3149 905 3204 scientia
951 3159 999 3202 et
1037 3151 1177 3203 omni
1211 3167 1385 3204 sensu.
1438 3149 1741 3206 Notandum
1787 3154 1910 3223 quia

316 3235 630 3291 scientibus
661 3238 920 3307 majorem
965 3238 1242 3294 scientiam
1274 3241 1450 3296 adhuc
1478 3241 1816 3312 deprecetur,
1853 3250 1913 3297 ut

317 3327 532 3381 sinceri
565 3328 618 3382 in
645 3329 894 3384 omnibus
921 3345 1041 3386 esse
1065 3332 1421 3400 pnevaleant,
1458 3333 1572 3388 sive
1599 3333 1654 3386 in
1684 3335 1908 3389 scientia

315 3425 376 3472 et
405 3431 605 3482 sensu,
635 3417 688 3472 id
715 3427 830 3486 est,
864 3419 917 3474 in
952 3421 1302 3493 intelligentia
1335 3421 1532 3477 litterae
1557 3430 1614 3477 et
1639 3423 1906 3493 spirituali

317 3509 614 3580 mysterio.

393 3597 470 3652 Ut
505 3601 730 3669 probetis
768 3602 994 3672 potiora,
1020 3611 1124 3658 etc.
1178 3603 1476 3661 Sinceritas
1521 3606 1745 3660 ma'eria
1791 3615 1903 3670 est,

311 3705 446 3759 qua:
477 3697 728 3745 naturam
759 3705 907 3744 suam
937 3702 1134 3758 servat,
1161 3701 1219 3747 et
1244 3694 1388 3749 nulla
1419 3695 1758 3750 extrinsecus
1786 3710 1906 3750 con-

313 3779 580 3848 ruptione
609 3778 807 3844 fucata,
839 3788 896 3834 et
919 3796 1132 3850 semper
1161 3782 1215 3836 in
1246 3784 1436 3839 melius
1462 3785 1692 3854 proﬁcit,
1717 3801 1822 3839 non
1850 3786 1903 3839 in

309 3869 498 3938 pejus.
562 3868 684 3924 Sive
713 3871 986 3938 sincerus,
1021 3872 1071 3926 id
1096 3881 1210 3938 est,
1252 3889 1357 3928 non
1390 3875 1674 3930 reddentes
1703 3875 1901 3960 malum

309 3973 420 4028 pro
452 3958 617 4020 malo,
646 3959 758 4014 sive
785 3958 1133 4016 offensionem
1163 3978 1261 4032 per
1285 3963 1482 4018 malum
1511 3965 1839 4034 exemplum.

388 4050 597 4120 Περιεῑὶ
635 4052 806 4121 fructu
835 4054 1060 4122 justitite
1090 4072 1182 4125 per
1204 4055 1407 4120 Iesum,
1437 4065 1544 4112 etc.
1593 4057 1652 4111 LI
1680 4065 1798 4122 est,
1843 4067 1903 4113 ut

309 4157 426 4196 non
477 4139 651 4195 solum
698 4142 896 4198 sinceri
941 4145 1010 4200 ab
1047 4145 1194 4200 omni
1234 4148 1576 4217 corruptione
1607 4148 1760 4212 sitis,
1807 4149 1902 4202 sed

307 4234 490 4288 etiam
518 4231 696 4287 fructu
715 4231 940 4301 justitia:
967 4237 1270 4301 abundetis,
1297 4238 1542 4307 exemplo
1561 4237 1786 4304 Christi,
1808 4239 1899 4308 qui

308 4339 426 4378 non
461 4322 633 4377 solum
664 4323 922 4379 malitiam
963 4341 1068 4380 non
1098 4326 1288 4390 habet,
1335 4327 1428 4382 sed
1464 4329 1627 4382 etiam
1662 4328 1901 4383 bonitate

305 4411 607 4465 redundat.
656 4412 807 4480 Quod
836 4422 1018 4468 autem
1057 4414 1228 4468 dicit:
1263 4414 1331 4468 In
1364 4414 1588 4485 gloriam
1615 4426 1662 4470 et
1689 4416 1899 4470 laudem

2033 621 2052 654 ι
2085 605 2244 659 cabat
2273 621 2424 671 eum,
2455 607 2643 665 dicens
2669 628 2682 664 :
2717 610 2898 667 Redde
2925 614 3070 681 quod
3097 615 3304 672 debes?
3339 617 3407 672 Et
3430 622 3608 688 proci-

2032 713 2050 746 ι
2085 696 2219 751 dens
2243 713 2534 756 conservus
2555 702 2693 772 ejus,
2716 703 2942 774 rogabat
2962 720 3110 773 eum,
3135 706 3360 765 dicens:
3392 710 3608 768 Patien-

2032 804 2052 837 ‹
2087 788 2218 843 tiam
2247 790 2387 846 habe
2413 793 2467 846 in
2497 809 2602 860 me,
2625 803 2681 848 et
2706 797 2888 850 omnia
2913 798 3135 853 reddam
3158 801 3276 857 tibi.
3307 803 3409 860 Ille
3422 816 3606 860 autem

2030 897 2050 928 ‹
2083 879 2272 947 noluit,
2304 884 2397 938 sed
2425 885 2560 939 abiit
2585 894 2640 941 et
2664 888 2814 942 misit
2835 903 2960 944 eum
2991 890 3044 945 in
3073 906 3388 962 carcerem,
3431 899 3602 954 donec

2030 984 2050 1018 s
2083 969 2334 1026 redderet
2367 973 2626 1029 debitum.
2670 977 2926 1034 Videntes
2959 987 3143 1036 autem
3177 987 3426 1041 conservi
3463 987 3603 1058 ejus.

2027 1076 2048 1109 ί
2079 1075 2200 1129 qua:
2226 1061 2448 1127 ﬁebant,
2473 1067 2780 1122 contristati
2806 1079 2931 1124 sunt
2957 1072 3131 1128 valde.
3170 1075 3236 1129 Et
3259 1089 3525 1135 venerunt
3551 1095 3606 1135 et

2027 1168 2046 1201 ι
2082 1163 2450 1210 ηειηεινετυηι.
2468 1158 2686 1214 domino
2713 1175 2811 1215 suo
2839 1164 3022 1218 omnia
3047 1180 3170 1234 quae
3191 1165 3334 1223 facta
3370 1169 3601 1228 fuerant.

2027 1262 2046 1293 ι
2081 1242 2231 1299 'I'unc
2253 1248 2468 1302 vocavit
2495 1249 2644 1304 illum
2671 1252 2921 1313 dominus
2946 1271 3094 1323 suus,
3117 1266 3174 1313 et
3195 1261 3274 1315 ait
3296 1261 3373 1316 illi
3397 1281 3410 1317 :
3438 1262 3606 1319 Serve

2027 1349 2046 1383 ε
2079 1349 2342 1403 nequam,
2379 1351 2539 1394 omne
2563 1340 2802 1398 debitum
2839 1345 3016 1402 dimisi
3056 1348 3185 1415 tibi,
3235 1354 3490 1422 quoniam
3522 1373 3604 1410 ro-

2027 1439 2046 1472 c
2078 1425 2218 1491 gasti
2251 1441 2356 1481 me.
2398 1427 2585 1485 Nonne
2611 1446 2743 1504 ergo
2765 1437 3007 1504 oportuit
3035 1447 3090 1492 et
3118 1447 3170 1494 te
3198 1443 3442 1500 misereri
3473 1463 3600 1501 eon-

2025 1528 2044 1561 ‹
2077 1513 2216 1566 servi
2243 1515 2352 1579 tui,
2387 1517 2532 1573 sicut
2555 1527 2610 1573 et
2634 1535 2734 1590 ego
2771 1524 2847 1576 tui
2871 1525 3129 1581 misertus
3151 1532 3308 1584 sum?
3334 1533 3402 1587 Et
3427 1535 3600 1591 iratus

2025 1615 2044 1648 ι
2076 1599 2326 1656 dominus
2368 1603 2516 1673 ejus,
2565 1610 2782 1663 tradidit
2827 1627 2951 1666 cum
2995 1618 3331 1686 tortoribus,
3387 1627 3594 1692 quoad-

2025 1706 2046 1740 ι
2078 1706 2248 1760 usque
2285 1695 2532 1751 redderet
2559 1701 2868 1756 universum
2899 1704 3158 1761 debitum.
3214 1707 3308 1765 Sic
3344 1720 3400 1768 et
3435 1726 3590 1784 pater

2024 1797 2043 1829 ε
2077 1796 2229 1838 meus
2251 1785 2488 1842 caelestis
2514 1787 2678 1844 faciet
2696 1793 2870 1859 vobis,
2889 1796 2934 1850 si
2961 1813 3068 1852 non
3093 1801 3414 1860 remiseritis
3435 1822 3601 1862 unus-

1945 1863 1992 1922 B
2025 1888 2044 1922 ι
2078 1873 2304 1942 quisque
2329 1873 2484 1932 fratri
2511 1895 2610 1934 suo
2636 1882 2701 1936 de
2727 1886 2984 1942 cordibus
3012 1891 3226 1946 vestris.
3260 1911 3278 1944 ι

2085 1959 2270 2018 Simile
2297 1976 2371 2020 est
2400 1985 2616 2039 regnum
2646 1973 2894 2029 caelorum
2924 1979 3123 2035 homini
3153 1986 3278 2054 regi,
3314 1988 3405 2056 qui
3440 1989 3599 2042 voluit

2015 2052 2268 2108 rationem
2295 2073 2486 2125 ponere
2510 2077 2629 2115 cum
2654 2067 2814 2120 servis
2850 2069 2980 2123 suis.
3019 2071 3117 2143 (Ex
3144 2052 3400 2150 August.)
3437 2081 3598 2148 Quoi

2013 2141 2227 2199 oblatus
2261 2154 2346 2200 est
2373 2148 2584 2206 debitor
2619 2153 2838 2212 domino
2872 2141 3058 2216 decem
3099 2141 3324 2221 millium
3364 2141 3595 2226 talento—

2015 2244 2135 2284 rum
2158 2272 2173 2295 ,
2220 2243 2275 2289 et
2307 2234 2472 2303 jussit
2497 2253 2623 2296 eum
2651 2248 2950 2304 venundari
2977 2290 2992 2315 ,
3039 2262 3096 2308 et
3135 2270 3361 2312 uxorem
3385 2261 3504 2331 ejus
3539 2274 3594 2316 et

2015 2320 2158 2423 filios
2181 2333 2238 2379 et
2263 2329 2444 2384 omnia
2472 2347 2591 2402 quae
2621 2335 2856 2393 habebat
2886 2348 2944 2395 et
2978 2345 3150 2412 reddi,
3185 2320 3596 2423 intelligendum

2013 2420 2100 2468 est
2126 2415 2312 2472 decem
2340 2432 2730 2492 praeceptorum
2761 2428 2895 2501 legis
2921 2446 3045 2489 eum
3074 2435 3244 2495 fuisse
3274 2415 3594 2511 debitorem.

2013 2513 2072 2559 et
2094 2521 2194 2575 pro
2223 2511 2515 2603 cupiditate
2539 2525 2703 2588 atque
2726 2523 2982 2592 operibus
3009 2529 3142 2596 suis,
3176 2539 3435 2603 tanquam
3464 2553 3595 2592 uxo-

2013 2611 2129 2696 rem
2157 2608 2214 2696 et
2237 2601 2376 2696 ﬁlios
2399 2619 2592 2696 pmnas
2619 2609 2828 2668 solvere
2859 2614 3142 2684 debuisse,
3187 2601 3330 2691 quo—tl
3359 2633 3443 2680 est
3473 2641 3594 2696 prc-

2014 2685 2301 2780 tiumiejus.
2338 2693 2578 2751 Pretium
2599 2700 2743 2755 enim
2768 2704 2991 2772 venditi,
3015 2685 3334 2780 supplicium
3354 2685 3597 2772 dam-nati

2012 2774 2349 2850 intelligitur.
2402 2784 2555 2853 Quod
2599 2790 2772 2846 dixit:
2810 2794 2998 2850 Noluit
3042 2774 3310 2870 ignoscere
3347 2821 3593 2861 conservo

2011 2885 2129 2935 suo,
2163 2871 2254 2925 sed
2281 2873 2410 2928 abiit
2438 2886 2487 2930 et
2514 2879 2656 2933 misit
2685 2897 2806 2936 eum
2834 2884 2888 2938 in
2917 2902 3200 2955 carcerem,
3231 2898 3364 2959 etc.,
3398 2894 3592 2949 intelli-

2011 2961 2246 3031 gendum
2271 2978 2286 3017 :
2319 2965 2518 3022 Tenuit
2544 2979 2733 3026 contra
2761 2988 2884 3028 eum
2914 2975 3059 3032 hunc
3087 2979 3348 3047 animum,
3379 2991 3439 3037 ut
3471 3001 3594 3053 ευρ-

2011 3050 2170 3119 plicia
2202 3053 2275 3108 illi
2305 3055 2486 3112 vellet.
2539 3058 2801 3117 Conservi
2843 3074 3060 3134 autem,
3103 3070 3195 3138 qui
3237 3086 3592 3130 narravcrunt

2009 3141 2258 3234 domino,
2285 3162 2405 3216 qua:
2432 3147 2662 3217 ﬁebant,
2695 3162 2875 3223 potest
2903 3157 3126 3230 intelligi
3157 3159 3398 3217 Ecclesia
3421 3204 3436 3229 ,
3475 3180 3594 3234 qua:

2013 3241 2069 3287 et
2099 3232 2248 3289 illum
2281 3236 2456 3304 solvit,
2483 3247 2541 3294 et
2567 3241 2718 3296 illum
2747 3243 2898 3316 ligat.

2082 3324 2192 3418 (Ea:
2220 3326 2464 3403 Hieron.)
2514 3333 2776 3404 Praecepit
2814 3338 2996 3408 itaque
3035 3339 3210 3398 Petro
3237 3343 3339 3400 sub
3367 3361 3590 3418 compa»

2009 3416 2220 3472 ratione
2247 3419 2389 3490 regis
2415 3429 2472 3475 et
2497 3422 2696 3478 domini
2727 3433 2780 3479 et
2809 3429 2984 3493 servi,
3016 3430 3109 3500 qui
3140 3431 3372 3488 debebat
3402 3416 3586 3490 decem

2009 3506 2175 3561 millia
2193 3508 2540 3578 talentorum,
2566 3528 2596 3566 a
2621 3515 2839 3570 domino
2869 3533 3064 3588 rogans
3084 3522 3297 3577 veniam
3329 3525 3590 3594 impetra-

2008 3604 2179 3660 verat,
2207 3607 2267 3652 ut
2292 3599 2404 3668 ipse
2430 3617 2643 3671 quoque
2665 3604 2902 3660 dimittat
2930 3611 3209 3664 conservis
3239 3611 3352 3666 suis
3379 3614 3591 3668 minora

2006 3689 2375 3756 peccantibus.
2419 3691 2476 3747 Si
2512 3693 2655 3747 enim
2693 3694 2781 3750 ille
2819 3712 2913 3750 rex
2944 3706 2999 3752 et
3028 3699 3277 3756 dominus
3309 3718 3486 3760 servo
3500 3706 3591 3760 de-

2005 3776 2167 3832 bitori
2209 3779 2395 3835 decem
2433 3783 2600 3837 millia
2645 3785 2976 3843 talentorum
3016 3797 3122 3844 tam
3153 3790 3314 3847 facile
3345 3795 3588 3853 dimisit.

2003 3875 2208 3936 quanto
2253 3871 2426 3942 magis
2471 3874 2613 3929 servi
2647 3878 2926 3933 conservis
2975 3879 3090 3935 suis
3136 3881 3345 3938 delmnt
3385 3886 3590 3941 minora

2003 3957 2315 4016 dimittere!
2367 3957 2520 4030 Quod
2554 3974 2614 4020 ut
2652 3969 2992 4026 manifestius
3028 3973 3156 4038 ﬂat,
3199 3975 3444 4032 dicamus
3487 3980 3589 4032 sui»

2002 4049 2269 4118 exemplo.
2322 4050 2378 4104 Si
2415 4053 2508 4122 qui
2550 4064 2797 4110 nostrum
2826 4060 3588 4128 commiserint‘adulterium,

2002 4134 2391 4205 homicidium,
2431 4143 2777 4215 sacrilegium
2802 4187 2818 4212 ,
2859 4147 3063 4215 majora
3101 4151 3363 4218 crimina,
3401 4155 3588 4210 decem

2000 4226 2228 4283 millium
2259 4230 2605 4297 talentorum,
2637 4235 2949 4305 rogantibus
2979 4237 3514 4308 dimittantureis,ut
3536 4257 3588 4299 et

2001 4318 2104 4387 ipsi
2147 4319 2425 4375 dimittant
2471 4323 2682 4378 minora
2729 4326 3099 4394 peccantibus.
3155 4329 3251 4384 Sin
3297 4339 3480 4392 autem
3519 4338 3587 4389 ob

1999 4415 2203 4470 facerm
2229 4420 2614 4476 contumeliam
2646 4423 2819 4480 simus
2847 4425 3246 4496 implacabiles,
3285 4437 3342 4484 et
3369 4438 3588 4499 propter

308 4501 414 4555 Dei
434 4542 452 4564 ,
495 4517 562 4556 ac
602 4503 645 4557 si
689 4504 870 4559 dicat:
913 4504 983 4560 Ut
1023 4505 1280 4574 glorietur
1309 4514 1364 4560 et
1393 4507 1637 4562 laudetur
1665 4509 1805 4564 Deus
1845 4509 1896 4564 in
1929 4549 1978 4607 υ
2003 4509 2243 4564 amarius
2260 4511 2483 4566 verbum
2512 4521 2762 4584 perpetes
2789 4517 3085 4574 habeamus
3111 4520 3428 4587 discordias,
3453 4538 3586 4576 non-

302 4592 534 4647 actibus
559 4595 772 4659 vestris,
802 4596 915 4650 sive
943 4596 1013 4651 sit
1039 4597 1206 4667 gloria
1240 4599 1292 4651 in
1325 4598 1600 4668 operibus,
1623 4608 1678 4654 et
1703 4601 1818 4656 laus
1846 4601 1897 4656 in

305 4684 673 4739 sermonibus
695 4686 909 4740 vestris.

602 4787 936 4830 EVANGELIUI
976 4792 1263 4843 IATTII.£I,
1302 4794 1419 4833 CAP.
1457 4795 1610 4834 XVIII.

387 4878 409 4911 ε
449 4859 640 4915 Simile
675 4871 759 4917 est
796 4879 1016 4934 regnum
1057 4867 1320 4921 cmlorum
1358 4867 1562 4923 homini
1604 4869 1752 4940 regi,
1802 4870 1894 4939 qui

305 4973 328 5005 ε
364 4953 548 5007 voluit
586 4955 849 5009 rationem
888 4973 1088 5026 ponere
1129 4974 1253 5014 cum
1283 4961 1455 5016 servis
1494 4962 1625 5017 suis.
1672 4962 1740 5016 Et
1771 4978 1894 5017 cum

301 5062 326 5094 α
364 5043 633 5110 cepisset
676 5046 936 5101 rationem
967 5064 1195 5117 ponere.
1255 5050 1466 5106 oblatus
1512 5061 1594 5107 est
1640 5053 1690 5108 ei
1735 5069 1893 5118 unus,

302 5153 326 5184 ς
362 5134 466 5203 qui
499 5133 729 5189 debebat
755 5137 941 5192 decem
969 5139 1132 5194 millia
1165 5141 1382 5196 talenta.
1416 5141 1551 5197 Cum
1579 5151 1758 5198 autem
1791 5161 1896 5199 non

302 5246 323 5275 ι
363 5225 599 5279 haberet
637 5228 775 5282 unde
815 5229 1090 5294 redderet,
1133 5230 1298 5298 jussit
1335 5249 1457 5287 eum
1497 5234 1748 5290 dominus
1780 5235 1898 5304 ejus

300 5333 324 5366 α
365 5315 676 5370 venundari
708 5327 762 5371 et
793 5335 1017 5388 uxorem
1046 5330 1102 5375 et
1127 5321 1267 5378 ﬁlios
1291 5332 1349 5378 et
1373 5325 1553 5378 omnia
1580 5342 1703 5396 qua:
1731 5326 1898 5381 bal-e-

300 5422 322 5454 ς
363 5404 469 5458 bat
495 5412 554 5459 et
580 5406 752 5460 reddi.
789 5407 1080 5464 I’rocidcns
1108 5419 1289 5466 autem
1314 5427 1504 5468 servus
1533 5413 1643 5478 ille,
1667 5415 1892 5485 rogabat

298 5514 322 5547 α
359 5511 533 5561 eum,
570 5497 796 5555 dicens:
829 5501 1152 5557 Patientiam
1189 5504 1325 5560 habe
1363 5506 1416 5560 in
1454 5522 1571 5569 me,
1618 5515 1673 5561 et
1713 5507 1892 5561 omnia

299 5607 324 5639 s
363 5589 593 5644 reddam
625 5591 756 5660 tibi.
786 5592 1036 5648 Misertus
1063 5604 1243 5650 autem
1272 5595 1523 5653 dominus
1552 5598 1692 5652 servi
1729 5599 1889 5663 illius,

299 5697 322 5730 s
360 5678 578 5734 dimisit
611 5695 756 5746 eum,
785 5692 841 5737 et
867 5685 1106 5740 debitum
1135 5686 1338 5741 dimisit
1370 5686 1468 5741 illi.
1503 5688 1768 5757 Egressus
1795 5704 1890 5741 au—

299 5789 325 5823 s
365 5781 482 5825 tem
515 5788 700 5830 servus
747 5774 842 5830 ille
879 5777 1080 5833 invenit
1125 5795 1290 5833 untun
1332 5780 1397 5836 de
1439 5780 1712 5836 conservis
1755 5781 1885 5846 suis,

2006 4616 2076 4655 ne
2103 4600 2259 4655 nobis
2279 4601 2523 4656 videmur
2542 4612 2688 4660 recte
2708 4606 2986 4678 redigendi
3013 4607 3069 4663 in
3091 4625 3388 4676 carcerem,
3411 4620 3466 4666 et
3486 4613 3587 4665 sub

2003 4692 2253 4763 exemplo
2278 4695 2460 4764 operis
2499 4698 2669 4752 nostri
2697 4697 2799 4753 hoc
2824 4715 3008 4771 agere,
3040 4710 3101 4757 ut
3127 4701 3391 4772 majorum
3431 4705 3586 4764 nobis

2001 4780 2324 4837 delictorum
2349 4784 2504 4839 venia
2537 4802 2644 4842 non
2675 4788 2986 4864 relaxetur?

2539 4893 2671 4936 H’EI
2709 4895 3056 4937 AUGUSTINUS.

2071 4962 2429 5037 Interrogavit
2455 4969 2648 5026 Petrus
2677 4974 3018 5044 magistrum,
3046 4979 3259 5046 quoties
3284 4979 3588 5050 ignosceret
3657 4990 3659 4992 ’

1979 5039 2188 5117 'fratri,
2228 5053 2322 5122 qui
2360 5055 2414 5110 in
2454 5055 2602 5111 illum
2643 5039 2954 5129 peccasset,
2993 5039 3357 5135 tat-quaesivit
3403 5077 3586 5124 utrum

2001 5143 2271 5202 sufﬁceret
2313 5164 2484 5218 usque
2526 5152 2750 5221 septies.
2809 5153 3111 5226 Respondit
3154 5158 3232 5214 illi
3277 5159 3580 5215 Dominus:

2003 5237 2128 5292 Non
2173 5240 2344 5295 solum
2391 5244 2578 5312 septies
2603 5285 2618 5308 ,
2667 5245 2758 5299 sed
2806 5263 2970 5319 usque
3015 5252 3312 5322 septuagies
3359 5252 3579 5321 septies,

2000 5329 2196 5384 deinde
2220 5334 2464 5388 narravit
2484 5335 2897 5393 similitudinem
2919 5339 3079 5395 valde
3100 5341 3396 5396 terribilem
3415 5359 3426 5392 :
3445 5339 3581 5405 Quia

1997 5419 2174 5474 simile
2211 5431 2296 5476 est
2335 5439 2557 5494 regnum
2604 5426 2865 5482 caelorum
2907 5429 3115 5486 homini
3159 5429 3581 5498 patrifamilias,

1995 5511 2087 5580 qui
2117 5513 2300 5580 posuit
2325 5515 2591 5572 rationem
2633 5534 2758 5574 cum
2787 5523 2958 5576 servis
2997 5522 3142 5584 suis,
3184 5521 3237 5574 in
3268 5521 3464 5590 quibus
3493 5521 3580 5576 in-

1994 5600 2143 5653 venit
2171 5601 2471 5658 debitorem
2501 5607 2687 5662 decem
2725 5609 2952 5663 millium
2994 5609 3338 5663 talentorum.
3387 5610 3581 5669 Omnis

1994 5687 2156 5744 homo
2180 5698 2234 5745 et
2258 5691 2470 5749 debitor
2492 5706 2595 5760 est,
2627 5705 2680 5750 et
2707 5699 3006 5753 debitorem
3033 5699 3213 5752 habet.
3249 5699 3470 5756 Debitor
3494 5713 3580 5756 est

1993 5778 2110 5847 Dei,
2129 5790 2181 5837 ct
2201 5781 2502 5840 debitorem
2525 5785 2687 5839 habet
2708 5785 2929 5840 fratrem
2953 5801 3129 5840 suum.
3151 5787 3284 5853 Quis
3305 5800 3384 5846 est
3409 5790 3576 5851 enim.
