3932 6204
347 417 452 479 503'

1621 405 1970 468 SMARAGDI
2009 404 2298 464 ABBATIS

3489 400 3604 462 ἔρὓό

425 531 594 591 Etiam
622 543 762 602 rogo,
794 538 838 582 e'l
886 529 934 581 te
963 519 1222 580 Germane
1262 541 1490 595 compar.
1545 523 1696 591 Quod
1731 521 1870 576 di\it
1895 534 1908 573 :
1941 523 1988 581 Α
2016 518 2243 573 offerant
2269 519 2397 582 Deo,
2426 526 2481 573 ct
2515 515 2582 571 de
2603 516 2688 570 his
2713 513 3014 578 consulant,
3041 509 3259 581 etquod
3281 527 3348 566 eo
3369 512 3596 582 iubente

349 627 639 687 Germane,
684 617 960 688 proprium
991 613 1166 683 posuit
1209 628 1426 666 nomen.
1453 611 1755 666 Germanus
1774 607 1917 662 enim
2017 609 2344 678 implendum
2376 623 2496 662 esse
2520 605 2902 676 cognoverint,
2934 605 3076 658 sicut
3111 613 3365 672 Oportere
3395 617 3598 674 cogno-

347 715 659 769 vocabatur.
691 709 844 776 Quod
868 720 998 760 vero
1029 704 1164 759 dixit
1184 715 1425 773 compar,
1454 701 1772 772 intelligitur
1800 696 1921 753 olli-

349 806 418 861 cii
443 803 529 858 vel
562 800 706 855 lldci.

419 895 628 965 Adjuva
649 892 768 945 illas
795 905 910 961 qua:
935 895 1135 942 mecum
1163 885 1527 938 laboraret-unt
1547 882 1600 935 in
1615 877 1920 951 Evangelia.

351 987 446 1040 lla:
468 984 721 1039 mulieres
749 979 1014 1049 religiosa:
1067 985 1121 1030 et
1147 975 1382 1030 scientes
1403 980 1579 1035 erant,
1620 985 1755 1040 quas
1780 971 1923 1040 Apo-

350 1074 520 1131 stolus
547 1081 606 1126 ut
636 1070 852 1139 adjuvet
878 1077 970 1122 eas
995 1066 1325 1121 Germanum
1355 1063 1625 1116 admonet.
1659 1059 1815 1126 Quod
1844 1058 1920 1112 di-

352 1165 428 1221 cit
456 1183 468 1218 :
499 1158 705 1218 Mecum
730 1159 1119 1221 laboraverunt,
1151 1154 1476 1210 subauditur
1505 1152 1558 1207 in
1605 1153 1772 1206 verbo
1802 1151 1924 1205 fidei

352 1250 711 1324 prmdicando.
741 1245 1018 1302 Docebant
1050 1244 1194 1300 enim
1225 1244 1278 1298 in
1307 1257 1406 1297 suo
1429 1257 1562 1297 sexu
1587 1257 1686 1311 per
1711 1240 1922 1304 domos,

353 1345 408 1398 in
439 1341 681 1397 ecclesiis
722 1347 902 1393 autem
929 1337 1248 1391 reticebant.
1289 1333 1372 1387 Ab
1417 1334 1534 1402 ipso
1561 1333 1707 1386 enim
1761 1331 1928 1387 Paulo

352 1431 679 1502 praedicandi
699 1428 934 1504 ollicium
971 1425 1288 1481 mulieribus
1317 1425 1371 1478 in
1400 1423 1644 1478 Ecclesia
1675 1422 1887 1476 tollitur
1910 1463 1923 1484 ,

353 1521 444 1576 ubi
474 1520 552 1573 ait
580 1537 592 1571 :
633 1516 882 1572 Mulieres
911 1517 966 1569 in
994 1515 1234 1568 Ecclesia
1256 1523 1481 1567 taceant.

426 1611 557 1666 Cum
598 1607 860 1664 Clemente
905 1618 953 1662 et
999 1605 1203 1660 steteris
1249 1604 1581 1675 adiutoribus
1629 1604 1780 1656 meis.
1811 1602 1932 1657 Cle—

355 1711 510 1755 mens
540 1699 892 1770 philosophus
917 1706 974 1750 et
1015 1710 1222 1764 magum
1249 1693 1510 1749 doctrinae
1537 1692 1620 1746 vir
1647 1702 1788 1757 erat,
1839 1693 1930 1762 qui

355 1798 542 1860 postea
573 1790 830 1844 Romana:
861 1785 1059 1856 przesul
1083 1785 1339 1840 Ecclesiae
1367 1783 1487 1837 fuit.

2017 699 2216 761 vei-int,
2246 696 2350 752 hoc
2390 696 2548 750 nobis
2567 694 2653 749 vel
2683 694 2964 749 evidenter
2998 693 3082 747 vel
3111 692 3342 746 latenter
3389 708 3594 762 appor-

2021 792 2152 841 tent.
2177 785 2322 839 Dixit
2345 785 2488 840 enim
2515 782 2750 854 Angelus
2772 782 2976 836 homini
3005 799 3020 835 :
3052 781 3187 836 Cum
3206 783 3465 847 oraretis,
3491 798 3601 852 ego

2019 876 2188 930 obtuli
2241 875 2541 929 orationem
2587 880 2824 928 vestram
2875 872 2930 926 in
2981 881 3280 941 conspectu
3329 873 3601 928 claritatis

2022 967 2138 1021 Dei.

2095 1056 2162 1109 Et
2200 1063 2310 1126 ρας
2335 1055 2450 1117 Dei,
2480 1063 2597 1125 φατι»
2647 1063 2925 1124 exsuperat
2955 1063 3160 1108 munem
3209 1063 3439 1118 sensum,
3488 1061 3597 1107 etc.

2023 1145 2216 1212 Quem,
2245 1145 2349 1199 nisi
2381 1156 2652 1206 nostrum,
2679 1152 2770 1198 aut
2814 1143 3046 1199 fortasse
3086 1144 3251 1197 etiam
3285 1151 3601 1197 sanctorum

2025 1235 2368 1304 angelorum;
2396 1249 2501 1288 non
2527 1235 2668 1288 enim
2695 1243 2751 1288 et
2778 1234 2873 1288 Dei
2905 1244 2922 1286 :‘
2951 1234 2998 1288 si
3025 1249 3155 1304 ergo
3182 1233 3356 1286 sancti
3402 1241 3458 1286 et
3503 1230 3602 1287 Dei

2024 1337 2160 1396 pace
2192 1326 2388 1380 victuri
2435 1333 2578 1388 sunt,
2611 1323 2852 1394 profecto
2878 1323 2932 1378 in
2959 1339 3022 1378 ea
3050 1339 3181 1394 pace
3207 1323 3403 1377 victuri
3432 1331 3559 1376 sunt
3586 1363 3600 1382 ,

2027 1423 2148 1486 qua!
2169 1423 2386 1484 superat
2410 1430 2625 1469 omnem
2662 1427 2898 1478 sensum,
2928 1413 3182 1483 quoniam
3212 1420 3456 1467 nostrum
3481 1413 3606 1480 qui-

1936 1547 1940 1552 .
2029 1506 2150 1559 dem
2187 1511 2427 1575 sperat,
2463 1518 2570 1558 non
2613 1511 2695 1558 est
2728 1503 2970 1558 dubium.
3005 1502 3063 1556 Si
3101 1511 3282 1556 autem
3305 1509 3524 1571 superat
3551 1509 3608 1552 ιιι

2029 1596 2362 1665 angelorum,
2395 1604 2454 1649 nt
2484 1609 2584 1649 nec
2611 1595 2755 1662 ipsos
2780 1594 3060 1662 excepisse
3084 1592 3351 1654 videatur,
3379 1591 3468 1660 qui
3493 1589 3601 1643 ait:

2030 1683 2256 1740 Omnem
2280 1683 2632 1746 intellectum,
2663 1682 2960 1736 secundum
2991 1681 3096 1736 hoc
3123 1680 3326 1735 dictum
3357 1694 3481 1734 esse
3511 1680 3612 1733 de-

2031 1777 2221 1830 bemus
2246 1775 2512 1843 aecipere,
2535 1771 2658 1841 quia
2683 1785 2872 1842 pacem
2899 1767 3017 1835 Dei,
3049 1781 3155 1839 qua
3184 1769 3332 1824 Deus
3357 1769 3469 1838 ipse
3512 1780 3612 1838 pa-

427 1879 662 1945 Quorum
687 1878 898 1931 nomina
922 1884 1044 1929 sunt
1070 1876 1125 1928 in
1163 1875 1296 1928 libra
1323 1874 1459 1928 vim.
1488 1873 1541 1928 ld
1569 1881 1671 1937 est,
1724 1873 1780 1927 in
1811 1886 1928 1927 me-
1959 1866 2006 1924 B
2033 1875 2187 1922 catus
2211 1874 2314 1929 est,
2343 1866 2485 1921 sicut
2513 1865 2654 1919 Deus
2685 1863 2850 1925 novit,
2889 1875 2996 1917 non
3040 1873 3164 1917 eam
3191 1876 3292 1916 nos
3322 1861 3399 1916 sic
3426 1861 3612 1930 possi—

356 1969 527 2023 moria
560 1975 782 2022 aeterna.
815 1966 891 2020 De
915 1967 1016 2021 hoc
1065 1966 1211 2020 enim
1239 1965 1291 2017 in
1323 1964 1461 2018 libro
1486 1963 1775 2018 Psalmista
1826 1963 1932 2018 Do-

356 2059 506 2114 mino
533 2059 609 2112 ait
639 2074 652 2112 :
686 2056 1056 2127 Imperfectum
1106 2067 1278 2108 meum
1307 2054 1546 2107 viderunt
1577 2052 1716 2108 oculi
1756 2054 1857 2118 tui,
1884 2063 1932 2108 et

354 2151 411 2204 in
428 2149 559 2203 libro
581 2157 670 2202 tuo
694 2163 869 2201 manes
891 2146 1184 2200 scribentur
1204 2141 1375 2215 (Psat.
1400 2141 1685 2213 csxxvm).
1713 2143 1782 2197 Et
1806 2157 1935 2212 apo-

359 2239 516 2293 stolis
559 2239 816 2293 Dominus
845 2235 920 2289 ait
963 2253 977 2288 :
1023 2232 1278 2298 Gaudete,
1327 2233 1452 2303 quia
1499 2232 1713 2285 nomina
1766 2240 1934 2285 uestra

356 2330 551 2398 scripta
595 2337 715 2381 sunt
759 2327 811 2379 in
863 2324 989 2378 calo
1019 2323 1038 2396 (
1069 2319 1196 2376 Luc.
1262 2343 1293 2381 χ
1323 2322 1364 2394 ).
1398 2321 1466 2375 Et
1507 2336 1538 2376 c
1568 2321 1841 2376 contrario
1869 2321 1936 2375 de

357 2418 605 2489 reprobis
663 2416 832 2470 David
886 2417 1004 2469 ait:
1036 2413 1324 2467 Deleantur
1350 2411 1414 2465 de
1458 2411 1592 2464 libro
1635 2411 1930 2475 vivemium,

357 2519 405 2563 et
453 2524 570 2562 cum
596 2508 759 2578 justis
807 2522 908 2560 non
953 2505 1268 2558 scribantur.

430 2600 665 2655 Gaudete
702 2600 756 2654 in
785 2599 1006 2652 Domino
1043 2613 1261 2667 semper,
1312 2597 1501 2650 iterum
1529 2595 1646 2650 dico
1692 2595 1933 2666 gaudete.

357 2691 437 2746 Ac
456 2691 502 2745 si
527 2691 760 2745 diceret:
781 2688 1025 2744 Gaudete
1044 2687 1097 2742 in
1112 2687 1356 2750 Domino,
1375 2687 1465 2756 qui
1481 2686 1534 2740 in
1549 2685 1793 2741 smculari
1815 2699 1940 2756 gau-

358 2781 450 2836 dio
493 2795 599 2835 non
642 2780 907 2852 gaudetis.
946 2779 1099 2833 Beati
1131 2778 1276 2832 enim
1317 2777 1407 2847 qui
1445 2775 1651 2846 lugent,
1689 2775 1937 2847 quoniam

357 2870 460 2940 ipsi
505 2869 932 2925 consolabantur.
961 2867 1113 2935 Quod
1139 2866 1335 2937 repetit
1377 2866 1570 2920 iterum
1597 2883 1609 2918 :
1643 2865 1774 2919 Dico
1804 2881 1937 2935 gau-

359 2963 496 3028 dete,
535 2963 620 3018 vel
648 2971 710 3016 ut
739 2962 913 3033 magis
944 2977 1008 3016 ac
1034 2961 1206 3031 magis
1246 2959 1502 3030 gaudium
1543 2958 1895 3014 conﬁrmetur
1917 2996 1932 3022 ,

358 3052 445 3106 vel
460 3069 558 3122 pro
578 3053 772 3123 gaudio
797 3052 1040 3122 corporis
1069 3061 1124 3106 et
1153 3053 1348 3105 animm
1376 3051 1429 3104 in
1452 3050 1725 3120 prosperis
1761 3057 1816 3105 et
1840 3050 1937 3104 ad-

359 3143 550 3201 versis,
583 3151 644 3195 ut
667 3141 1038 3196 contortentur
1059 3142 1112 3195 in
1140 3141 1388 3194 Domino.

2032 1971 2154 2011 mus
2182 1971 2359 2021 nosse,
2387 1969 2489 2010 nec
2511 1953 2605 2008 ulli
2634 1952 2844 2024 Angeli.
2875 1951 3146 2021 Superant
3174 1952 3359 2022 itaque
3386 1967 3620 2006 omnem

2033 2059 2254 2101 sensum
2283 2059 2388 2099 non
2417 2043 2658 2106 dubium,
2709 2041 2852 2111 quod
2881 2049 3080 2111 praeter
3128 2056 3307 2106 suum,
3340 2041 3436 2096 sed
3481 2042 3616 2110 quia

2033 2143 2088 2190 et
2111 2149 2211 2190 nos
2238 2149 2336 2205 pro
2375 2133 2534 2188 modo
2563 2139 2749 2187 nostro
2777 2131 2927 2200 pacis
2972 2129 3090 2199 ejus
3117 2130 3411 2200 participes
3438 2129 3568 2185 facti
3592 2170 3613 2193 ,

2032 2240 2302 2284 summam
2325 2224 2381 2278 in
2406 2223 2561 2279 nobis
2586 2231 2750 2293 atque
2777 2223 2918 2278 inter
2953 2236 3072 2287 nos,
3099 2229 3155 2275 et
3181 2235 3306 2276 cum
3333 2221 3458 2290 ipso
3510 2236 3612 2291 pa-

2036 2333 2176 2384 cem,
2199 2325 2461 2386 quantum
2477 2325 2722 2371 nostrum
2737 2327 3008 2371 summum
3033 2320 3118 2368 est
3129 2312 3496 2368 obtinebimus
3507 2312 3618 2367 isto

2036 2407 2217 2472 modo,
2241 2421 2340 2476 pro
2365 2420 2462 2461 suo
2487 2406 2647 2460 modo
2682 2405 2861 2460 sciunt
2892 2417 3012 2458 eam
3059 2402 3232 2457 sancti
3269 2401 3466 2472 angeli,
3516 2402 3621 2456 ho-

2034 2501 2209 2556 mines
2230 2508 2409 2553 autem
2440 2513 2584 2554 nunc
2627 2497 2784 2567 longe
2822 2494 2983 2561 intra,
3040 2493 3437 2564 quantumlibet
3487 2507 3618 2564 pm-

2035 2600 2198 2646 ventu
2233 2590 2431 2646 mentis
2471 2588 2757 2644 excellant.
2809 2584 3272 2642 Considerandum
3313 2591 3395 2638 est
3427 2583 3616 2645 enim,

2035 2689 2270 2751 quantus
2309 2680 2395 2735 vir
2441 2679 2658 2735 dicebat
2688 2695 2702 2731 :
2732 2676 2818 2730 Ea:
2855 2685 3003 2747 parte
3037 2676 3251 2739 scimus,
3283 2684 3331 2728 et
3356 2690 3421 2729 ea:
3461 2687 3624 2743 parte

2035 2775 2426 2847 prophetamus,
2462 2772 2628 2826 donec
2650 2769 2821 2825 veniat
2845 2767 2986 2839 quod
3006 2766 3298 2839 perfectum
3319 2776 3416 2821 est.

2333 2921 2664 2964 EVANGELIUII
2702 2919 2979 2970 ΙΑΤἸἸΙΕῙ,
3008 2920 3124 2960 CAP.
3168 2919 3302 2958 XXII.

2113 3064 2131 3097 ι
2173 3046 2446 3101 Abeuntes
2466 3043 2746 3107 Phariszei,
2777 3041 3062 3098 consilium
3085 3040 3322 3095 inierunt
3344 3046 3405 3094 ut
3442 3052 3613 3110 cape-

2045 3157 2064 3190 ‹
2111 3146 2232 3192 rent
2275 3150 2396 3192 eam
2440 3136 2493 3191 in
2539 3149 2809 3192 sermone.
2858 3133 2925 3187 Et
2960 3132 3184 3187 mittunt
3223 3131 3274 3186 ei
3319 3130 3618 3200 discipulos

435 3229 695 3282 Modestia
731 3239 897 3283 uestra
943 3239 1067 3283 nota
1111 3230 1178 3283 sit
1206 3229 1445 3283 omnibus
1491 3229 1808 3284 hominibus.
1837 3229 1934 3285 Ju-
1963 3219 2007 3280 C
2044 3247 2063 3281 ‹
2109 3245 2238 3285 suos
2261 3245 2382 3285 cum
2413 3227 2753 3292 llerodianis,
2785 3226 3058 3280 dicentes:
3085 3223 3367 3294 Magister,
3405 3222 3617 3277 scimus

361 3323 496 3376 daeis
521 3323 728 3378 scilicet
761 3329 816 3379 et
840 3325 1108 3394 gentibus,
1135 3325 1492 3395 omnibusque
1543 3325 1633 3396 qui
1676 3342 1772 3381 vos
1818 3341 1940 3397 per-

362 3421 684 3482 sequuntur,
710 3423 836 3468 nota
859 3413 930 3470 sit
959 3415 1224 3470 modestia
1256 3424 1456 3470 vestra.
1489 3416 1747 3471 Modestia
1793 3418 1938 3472 enim

363 3507 722 3562 mansuetudo
764 3507 847 3560 vel
891 3507 1098 3577 pudor,
1152 3508 1264 3562 sive
1305 3508 1546 3578 probitas
1600 3507 1936 3579 intelligitur.

367 3598 638 3669 Scriptum
669 3607 751 3653 est
788 3599 935 3654 enim
970 3615 986 3653 :
1028 3597 1243 3652 Videant
1296 3615 1452 3669 Opera
1497 3608 1665 3652 vestra
1703 3599 1860 3666 bona,
1891 3610 1940 3654 et

364 3688 658 3758 gloriﬁcent
677 3698 877 3759 patrem
901 3698 1142 3752 uestrum,
1164 3691 1252 3760 qui
1281 3700 1353 3744 est
1377 3691 1430 3745 in
1455 3691 1596 3744 cmlis
1619 3690 1836 3758 (Matth.
1861 3691 1938 3762 v).

437 3777 696 3832 Dominus
723 3790 880 3848 prope
907 3787 1005 3844 est,
1030 3779 1159 3833 nihil
1187 3779 1398 3832 solliciti
1419 3779 1552 3833 sitis.
1587 3779 1666 3834 Ac
1711 3781 1757 3835 si
1798 3781 1944 3835 dice-

369 3873 456 3921 ret
483 3883 497 3919 :
524 3865 659 3932 Quia
694 3865 951 3921 Dominus
979 3881 1145 3936 prope
1173 3875 1257 3920 est
1285 3867 1388 3932 his,
1421 3868 1511 3936 qui
1535 3869 1791 3923 tribulato
1818 3878 1943 3923 sunt

369 3957 553 4021 corde,
588 3957 708 4012 ideo
735 3958 802 4012 de
839 3957 1215 4028 ingruentibus
1244 3959 1402 4014 malis
1435 3959 1571 4013 nihil
1617 3960 1834 4014 solliciti
1864 3961 1940 4015 si-

371 4051 483 4116 tis,
535 4065 656 4105 cum
702 4050 1039 4106 defensorem
1086 4051 1238 4105 vobis
1281 4051 1448 4105 Deum
1501 4067 1620 4106 esse
1661 4053 1938 4107 noveritis.

366 4141 556 4198 Potest
608 4144 664 4197 et
721 4143 800 4197 sic
853 4140 1109 4214 intelligi,
1147 4142 1300 4213 juxta
1351 4137 1716 4213 Evangelium.
1769 4142 1944 4201 Nolite

367 4237 606 4305 cogitare
652 4234 781 4305 quid
830 4235 1183 4300 manducetis,
1214 4244 1307 4288 aut
1343 4235 1470 4304 quid
1494 4234 1808 4300 induamini,
1842 4237 1945 4291 scit

368 4324 512 4392 quod
558 4339 694 4393 opus
741 4332 824 4378 est
869 4323 1043 4389 vobis,
1073 4334 1128 4378 et
1157 4331 1446 4395 antequam
1475 4325 1671 4394 petatis
1700 4327 1945 4395 agnoscit

368 4413 584 4485 (Matth.
611 4417 709 4484 τι).

439 4505 543 4561 Sed
570 4508 624 4562 in
651 4511 791 4563 omni
831 4511 1082 4564 oratione.
1113 4511 1169 4564 Id
1214 4519 1314 4575 est,
1345 4525 1450 4565 non
1482 4523 1606 4565 cum
1632 4525 1939 4569 murmura-

367 4602 534 4667 tione,
565 4611 726 4672 atque
752 4604 993 4667 tristitia,
1021 4615 1087 4658 ne
1122 4605 1258 4660 forte
1276 4607 1708 4662 tribulationibus
1735 4609 1936 4674 alllicti,

368 4693 424 4747 in
459 4685 639 4763 aliquo
668 4696 1036 4758 murmuretis,
1067 4703 1121 4749 et
1148 4705 1322 4750 vestra
1373 4692 1547 4751 oratio
1586 4697 1678 4752 liat
1719 4699 1937 4768 indigna

369 4787 590 4841 auribus
617 4786 731 4852 Dei,
769 4784 997 4843 obseCro
1029 4796 1086 4842 ut
1136 4789 1315 4843 Omnia
1344 4800 1464 4843 eum
1514 4791 1759 4845 oratione
1800 4790 1939 4860 apud

367 4887 466 4930 vos
490 4876 713 4946 paciﬁce
748 4876 898 4932 tlant.

439 4964 510 5018 Et
539 4964 891 5021 obsecratione
917 4979 1033 5021 cum
1062 4961 1354 5037 gratiarum
1390 4967 1610 5022 actione.
1649 4967 1833 5024 Oratio
1857 4965 1938 5023 di—

368 5057 530 5122 citur,
553 5072 673 5125 qute
697 5073 794 5127 pro
820 5060 1055 5126 peccatis
1077 5061 1364 5128 praeteritis
1387 5059 1464 5124 lit,
1491 5062 1794 5116 obsecratio
1813 5075 1941 5116 vero

367 5153 468 5215 pro
493 5145 785 5202 virtutibus
814 5144 1194 5218 adipiscendis,
1218 5136 1517 5219 gratiarum
1551 5149 1693 5204 actio
1718 5157 1816 5219 pro
1845 5149 1940 5204 be-

368 5237 580 5294 neﬁciis
613 5233 726 5293 Dei.

440 5329 726 5390 Petitiones
753 5343 933 5389 vestra
963 5334 1284 5390 innotescunt
1316 5329 1458 5405 apud
1489 5335 1672 5390 Deum.
1715 5336 1829 5390 Nan
1861 5333 1941 5391 sic

370 5423 740 5495 accipiendum
769 5433 872 5490 est,
908 5427 1159 5494 tanquam
1189 5424 1300 5480 Deo
1326 5426 1684 5488 innotescant,
1709 5425 1798 5496 qui
1847 5441 1941 5481 eas

367 5525 426 5572 et
452 5527 740 5587 antequam
771 5521 954 5571 essent
985 5523 1225 5570 noverat.
1269 5513 1373 5570 Sed
1404 5517 1560 5572 nobis
1605 5517 1945 5571 innotescant

370 5606 512 5676 apud
551 5601 739 5673 Deum,
792 5623 889 5679 per
942 5606 1304 5671 tolerantiam,
1352 5623 1457 5662 non
1506 5607 1646 5678 apud
1696 5604 1944 5662 homines

372 5703 469 5762 per
489 5698 824 5766 iactantiam.
857 5699 965 5754 Aut
1005 5698 1143 5753 forte
1183 5697 1546 5761 innotescant,
1596 5697 1761 5751 etiam
1801 5697 1941 5766 apud

380 5787 614 5852 angelos,
645 5791 733 5856 qui
767 5795 889 5844 sunt
919 5789 1054 5859 apud
1087 5789 1275 5852 Deum,
1316 5794 1373 5839 ut
1403 5785 1796 5856 quodammodo
1851 5798 1940 5839 eas

2045 3339 2066 3374 σ
2110 3321 2234 3391 quia
2250 3335 2414 3376 verax
2441 3333 2521 3383 es,
2537 3325 2592 3373 et
2611 3318 2753 3372 viam
2771 3316 2865 3372 Dei
2895 3316 2947 3370 in
2971 3315 3199 3370 veritate
3219 3314 3400 3377 doces,
3421 3319 3476 3367 et
3500 3327 3617 3365 non

2045 3430 2066 3465 ι
2106 3421 2190 3467 est
2218 3409 2313 3466 tibi
2341 3424 2470 3465 cura
2494 3409 2560 3464 de
2602 3407 2800 3478 aliquo.
2832 3406 2949 3462 Non
2975 3406 3118 3461 enim
3148 3403 3375 3474 respicis
3422 3417 3619 3472 perso-

2045 3523 2065 3556 σ
2109 3519 2234 3558 nam
2265 3503 2564 3558 hominum.
2588 3501 2687 3557 Die
2711 3514 2841 3571 ergo
2861 3498 3062 3555 nobis:
3088 3497 3228 3564 Quid
3254 3496 3352 3551 tibi
3376 3495 3614 3549 videtur.

2047 3614 2066 3647 ι
2110 3595 2260 3650 Licet
2282 3607 2504 3650 censum
2533 3591 2651 3646 dari
2681 3589 2905 3654 Caesari,
2943 3594 3036 3641 aut
3080 3586 3225 3641 non?
3251 3584 3473 3657 Cognita
3519 3598 3623 3636 au-

2047 3707 2068 3739 ‹
2113 3695 2220 3742 tem
2244 3683 2400 3741 Iesus
2433 3683 2674 3754 nequitia
2709 3695 2921 3745 eorum,
2944 3680 3020 3733 ait
3045 3693 3060 3731 :
3091 3677 3231 3744 Quid
3255 3691 3340 3730 me
3372 3674 3616 3737 tentatis,

2047 3798 2066 3830 ο
2111 3775 2446 3848 hypocrita?
2474 3773 2749 3830 Ostendite
2789 3770 2922 3825 mihi
2963 3767 3112 3822 numi
3143 3781 3231 3820 ma
3275 3779 3489 3819 census.
3541 3763 3621 3817 At

2048 3885 2066 3918 ι
2114 3867 2190 3921 illi
2212 3864 2524 3922 obtulerunt
2549 3863 2600 3918 ei
2631 3860 2933 3917 denarium.
2957 3857 3024 3914 Et
3044 3857 3120 3912 ait
3149 3856 3257 3911 illis
3282 3855 3438 3910 Jesus
3466 3871 3480 3906 :
3512 3853 3624 3908 Cu-

2048 3977 2067 4010 r
2107 3957 2196 4026 jus
2237 3965 2321 4012 cst
2340 3959 2515 4026 imago
2551 3955 2686 4017 luce,
2728 3959 2784 4007 et
2807 3947 3233 4021 superscriptio?
3271 3945 3466 4000 Dicunt
3511 3944 3563 3998 ei
3601 3962 3618 3996 :

2050 4067 2069 4100 ι
2109 4047 2358 4102 Cesaris.
2391 4044 2542 4099 Tune
2587 4043 2664 4097 ait
2710 4041 2818 4096 illis
2844 4057 2859 4093 :
2885 4037 3111 4094 Reddite
3151 4049 3281 4107 ergo
3321 4048 3442 4104 qua
3485 4041 3624 4088 sunt

2049 4159 2069 4194 ‹
2111 4138 2341 4198 Caesaris
2367 4135 2588 4200 Caesari,
2616 4143 2672 4190 et
2695 4147 2816 4204 qua:
2842 4137 2969 4186 sunt
2985 4129 3083 4184 Dei
3107 4128 3241 4183 Deo.
3289 4145 3309 4179 ι

2113 4230 2370 4285 Abeuntes
2399 4225 2660 4281 Pharisaei
2685 4221 2960 4277 consilium
2985 4219 3237 4284 inierunt,
3265 4224 3322 4270 ut
3371 4225 3624 4286 caperent

2043 4339 2161 4377 eum
2183 4323 2236 4376 in
2255 4335 2511 4383 sermone,
2534 4325 2640 4372 etc.
2665 4313 2768 4387 (Ex
2797 4310 3046 4384 Hieron.)
3072 4308 3255 4380 Nuper
3284 4307 3385 4362 sub
3402 4306 3625 4362 Caesare

2044 4414 2284 4484 Augusto
2301 4410 2482 4466 Judma
2499 4406 2738 4476 subjecta
2762 4404 3040 4468 Romanis,
3063 4401 3276 4472 quando
3296 4401 3475 4454 inloto
3487 4398 3626 4454 orbe

2043 4511 2127 4559 est
2151 4504 2417 4558 celebrata
2454 4498 2764 4568 descriptio,
2795 4494 3141 4565 stipendiaria
3169 4491 3311 4547 facta
3336 4489 3536 4554 fuerat,
3563 4498 3624 4544 et

2042 4595 2226 4649 eratin
2239 4591 2434 4663 populo
2444 4601 2638 4660 magna
2652 4587 2866 4652 seditio,
2880 4584 3185 4641 dicentibus
3195 4583 3316 4637 aliis
3332 4599 3345 4635 :
3360 4596 3460 4651 pro
3472 4594 3620 4635 seu].

2043 4686 2204 4740 ritate
2228 4693 2284 4740 et
2304 4684 2507 4754 quiete,
2536 4697 2641 4752 qua
2656 4677 2885 4734 Romani
2910 4691 3011 4748 pro
3033 4674 3284 4730 omnibus
3295 4672 3615 4733 militarent,

2041 4775 2236 4830 debere
2259 4775 2460 4829 tributa
2495 4770 2750 4844 persolvi.
2787 4757 3074 4823 Pharisteis
3103 4780 3252 4830 vero,
3282 4763 3375 4834 qui
3401 4763 3504 4818 sibi
3523 4763 3621 4816 ad-

2039 4868 2366 4940 plaudebant
2406 4868 2459 4921 in
2490 4865 2722 4937 justitia,
2749 4877 2779 4918 e
2810 4859 3087 4916 contrario
3135 4858 3450 4918 nitentibus,
3507 4871 3616 4910 non

2045 4962 2238 5018 debere
2263 4958 2520 5033 populum
2550 4959 2666 5024 Dei,
2697 4957 2788 5029 qui
2839 4956 3079 5012 decimas
3106 4952 3359 5017 solveret,
3410 4959 3466 5006 et
3504 4951 3620 5019 pri-

2043 5053 2227 5106 mitiva
2257 5053 2431 5116 daret,
2469 5059 2525 5106 et
2545 5057 2738 5106 cretera
2786 5062 2905 5118 qua:
2945 5047 2999 5101 in
3028 5046 3147 5116 lege
3199 5043 3400 5113 scripta
3447 5049 3616 5103 sunt,

2042 5143 2294 5197 humanis
2325 5141 2534 5212 legibus
2581 5139 2878 5209 subiacere.
2915 5137 3099 5193 Caesar
3142 5133 3417 5205 Augustus
3451 5130 3621 5186 Hero-

2044 5235 2165 5289 dem
2207 5233 2374 5288 lilium
2433 5231 2735 5302 Antipatris
2788 5228 3148 5299 alienigenam
3192 5232 3250 5280 et
3298 5222 3618 5295 proselitum

2043 5325 2243 5395 Regem
2269 5323 2468 5378 Iudaeis
2501 5323 2896 5385 constituerat,
2936 5318 3027 5387 qui
3060 5316 3278 5371 tributis
3323 5320 3615 5383 praeesset,

2043 5426 2100 5472 et
2127 5417 2368 5471 Romano
2389 5421 2606 5486 pareret
2639 5410 2884 5482 imperio.
2914 5409 3135 5462 Mittunt
3170 5406 3333 5476 igitur
3358 5401 3616 5459 Pbariszi

2045 5505 2336 5576 discipulos
2361 5521 2486 5561 suos
2538 5519 2663 5559 cum
2707 5500 3051 5562 llerodianis,
3092 5498 3144 5552 id
3194 5503 3312 5561 est,
3356 5493 3616 5549 militibus

2043 5597 2290 5661 Herodis,
2319 5611 2412 5651 seu
2428 5610 2563 5665 quos
2589 5593 2871 5648 illudentes
2898 5588 3182 5652 Pharisaei,
3211 5585 3336 5656 quia
3362 5581 3616 5639 Romanis

2045 5691 2242 5744 tributa
2270 5687 2567 5751 solvebant,
2616 5682 2948 5740 llerodianos
2979 5679 3265 5744 vocabant,
3303 5683 3359 5732 et
3398 5691 3504 5729 non
3539 5673 3605 5728 di-

2045 5781 2168 5834 vino
2197 5778 2356 5832 cultui
2381 5777 2607 5832 deditos.
2635 5775 2860 5842 Quidam
2897 5772 3208 5826 Latinorum
3242 5767 3463 5824 ridicule
3511 5766 3607 5820 lle-
