3936 6202
391 419 495 476 505

1201 382 1718 472 COLLECTIONES
1755 413 1820 467 is
1860 408 2239 468 EPISTULAS
2278 414 2365 468 ET
2403 415 2810 472 EVANGELIA.

3532 406 3638 474 δύο

390 534 646 590 rodianOs
673 535 883 602 putant,
910 528 1002 613 qui
1030 527 1294 582 Herodem
1324 526 1600 582 Christum
1629 540 1750 580 esse
1778 524 1964 579 (ει-θύου
1989 525 2040 584 Α
2072 541 2092 577 t
2135 528 2281 582 omni
2311 529 2577 598 sapientia
2607 538 2662 583 et
2688 528 2958 583 intellectu
2981 527 3229 598 Spit-itali,
3266 537 3325 582 ut
3351 528 3637 584 an-nbuletis

387 629 533 688 rent,
559 621 703 691 quod
729 633 996 688 nusquam
1018 617 1238 671 omnino
1266 615 1512 686 legimus.

463 713 735 785 Magister,
763 711 956 766 scimus
982 710 1108 781 quia
1131 724 1290 763 verax
1317 725 1370 762 es
1413 716 1462 761 ct
1506 706 1643 760 viam
1674 704 1770 759 Dei
1797 704 1852 758 in
1881 720 1966 759 re-

389 809 548 860 ritate
599 805 853 869 doces,“
877 818 981 856 non
1010 809 1084 855 est
1107 801 1199 854 tibi
1227 797 1448 854 curade
1477 795 1676 867 aliquo,
1706 795 1962 848 nonenim

387 897 604 966 respicis
621 909 894 966 personam
915 891 1205 945 hominum.
1237 889 1332 944 Die
1357 904 1479 958 ergo
1501 887 1648 942 nobis
1673 900 1692 938 :
1713 887 1840 957 quid
1867 886 1962 939 tibi

385 987 612 1048 videtur,
640 985 756 1038 licet
781 999 991 1038 censum
1015 982 1134 1036 dari
1156 980 1376 1044 Ctesari,
1404 997 1472 1033 an
1495 995 1599 1033 non
1616 979 1641 1032 .9
1661 978 1859 1032 Blanda
1909 983 1965 1031 et

388 1077 731 1132 fraudulenta
762 1073 1134 1145 interrogatio,
1185 1072 1310 1126 illuc
1334 1077 1596 1141 provocat
1639 1069 1964 1137 responden-

387 1179 522 1234 tem,
547 1175 607 1221 ut
633 1167 806 1237 magis
851 1167 1018 1220 Deum
1048 1178 1208 1232 quam
1255 1161 1524 1216 Cmsarem
1562 1161 1772 1222 timeat,
1802 1168 1858 1212 et
1882 1158 1962 1212 di-

383 1266 480 1313 cat
502 1273 611 1311 non
635 1257 834 1311 debere
873 1255 1074 1309 tributa
1123 1252 1286 1314 solvi,
1339 1259 1401 1305 ut
1449 1251 1632 1305 statim
1682 1249 1961 1303 audientes

384 1347 701 1411 Herodiani,
725 1345 1004 1401 seditionis
1025 1352 1298 1399 auctorem
1325 1349 1512 1398 contra
1533 1341 1804 1396 Romanos
1817 1339 1963 1410 prin-

383 1439 536 1508 cipes
564 1445 801 1492 teneant.

460 1529 678 1599 Cognita
716 1537 888 1582 autem
909 1526 1064 1581 Iesus
1087 1527 1313 1597 nequitia
1333 1541 1536 1589 eorum,
1566 1524 1639 1577 ait
1667 1537 1686 1575 :
1713 1522 1854 1588 Quid
1877 1538 1958 1575 me

383 1621 620 1684 tentatis,
650 1620 974 1690 hypocrita?
999 1618 1176 1672 Prima
1219 1619 1394 1671 virtus
1431 1626 1514 1672 est
1557 1614 1955 1685 respondentis,

381 1711 833 1781 interrogantium
867 1718 1099 1763 mentem
1127 1723 1473 1777 cognoscere,
1501 1715 1551 1761 et
1580 1722 1686 1760 non
1720 1705 1956 1773 discipu-

383 1799 488 1864 los,
517 1799 609 1854 sed
625 1806 920 1853 tentatores
935 1813 1149 1853 vocare.
1178 1796 1468 1867 ilypocrita
1484 1811 1614 1865 ergo
1636 1794 1952 1864 appellatur,

2071 637 2092 673 ι
2137 622 2298 693 digne
2335 625 2445 677 Deo
2477 639 2576 692 per
2598 623 2778 676 omnia
2824 623 3115 692 placentes,
3174 623 3227 676 in
3279 623 3425 676 omni
3472 636 3638 690 opere

2073 729 2092 764 α
2131 713 2274 768 bono
2301 712 2707 772 i'ruetiﬁcantes.
2736 722 2790 766 et
2825 721 3138 767 crescentes
3175 714 3227 766 in
3256 714 3482 767 scientia
3511 713 3634 777 Dei,

2071 820 2092 854 ‹
2134 803 2186 857 in
2215 802 2361 858 omni
2384 803 2580 856 virtute
2627 801 2943 865 coniux-tati,
2993 802 3287 856 secundum
3337 803 3633 870 potentiam

2071 910 2091 944 ς
2135 892 2402 946 claritatis
2429 889 2562 959 ejus,
2596 891 2649 944 in
2686 890 2830 944 omni
2855 891 3112 960 patientia
3150 899 3207 945 et
3229 890 3635 960 longanimitate

2069 1003 2088 1036 ι
2131 1001 2252 1039 cum
2281 985 2496 1055 gaudio.
2546 1004 2565 1036 ι
3007 990 3016 996 ’

2138 1074 2261 1130 Non
2289 1091 2549 1130 cessamus
2569 1092 2662 1145 pro
2699 1074 2836 1128 vobis
2864 1086 3068 1127 orantes
3097 1083 3144 1127 et
3177 1072 3523 1144 postulantes.
3575 1072 3631 1126 id

2062 1176 2164 1231 est,
2192 1181 2257 1220 ex
2289 1182 2395 1236 quo
2428 1166 2729 1220 audivimus
2757 1165 3097 1218 dilectionem
3125 1172 3363 1219 vestram
3409 1173 3463 1217 et
3497 1164 3629 1218 cha-

2063 1256 2299 1320 ritatem,
2327 1265 2382 1311 et
2408 1254 2564 1311 ﬁdem
2596 1271 2755 1324 quam
2782 1255 2993 1310 habetis
3020 1255 3072 1308 in
3125 1256 3313 1317 Deum,
3349 1270 3454 1308 non
3503 1269 3629 1308 ces-

2060 1360 2244 1400 samus
2270 1360 2458 1409 orare,
2485 1353 2544 1398 ut
2574 1344 2902 1414 impieamini
2946 1345 3240 1398 virtutibus
3276 1342 3629 1412 spiritalibus,

2060 1436 2128 1491 de
2155 1437 2349 1506 quibus
2377 1444 2431 1490 ct
2465 1437 2710 1505 sequitur
2737 1453 2751 1488 :

2133 1526 2198 1581 Ut
2231 1528 2546 1598 intpleamini
2588 1527 2852 1596 agnitione
2903 1526 3186 1578 voluntatis
3219 1525 3334 1593 ejus
3386 1525 3440 1577 in
3490 1524 3630 1577 omni

2059 1616 2315 1686 sapientia
2347 1625 2392 1669 et
2419 1614 2681 1668 intellec:u
2710 1613 2995 1683 spirituali.
3028 1612 3302 1682 Sapientia
3326 1620 3384 1665 et
3425 1611 3631 1673 intelle-

2057 1715 2145 1762 ctu
2175 1706 2446 1775 impletur,
2481 1705 2572 1773 qui
2600 1719 2706 1759 non
2731 1703 2904 1758 solum
2924 1703 3264 1766 historicum,
3282 1701 3375 1755 sed
3401 1711 3455 1755 et
3481 1700 3634 1770 spiri-

2058 1799 2260 1853 tnalcm
2295 1797 2698 1866 intelligentiam
2725 1795 3020 1864 cognoscit.

381 1889 478 1956 qui
505 1887 648 1942 aliud
675 1895 780 1952 est,
809 1893 864 1940 et
889 1887 1032 1941 aliud
1079 1885 1313 1950 simulat,
1356 1885 1410 1940 id
1445 1893 1548 1950 est,
1598 1885 1743 1939 aliud
1793 1899 1954 1955 opere
1984 1872 2032 1930 Β
2131 1887 2196 1943 Ut
2227 1887 2500 1942 ambuletis
2521 1887 2686 1957 digni,
2730 1886 2838 1940 Deo
2872 1902 2966 1955 per
3008 1885 3185 1938 omnia
3230 1882 3509 1953 placentes.
3550 1881 3629 1936 illi

381 1977 518 2048 agit,
555 1976 697 2031 aliud
724 1991 855 2031 voce
878 1976 1182 2044 praetendit.

455 2067 724 2124 Ostendite
763 2069 891 2122 mihi
918 2067 1178 2121 numisma
1203 2083 1411 2130 census,
1452 2075 1506 2118 at
1539 2063 1620 2118 illi
1659 2063 1956 2118 obtulerunt

380 2161 431 2213 ei
451 2160 745 2214 denarium.
768 2158 1038 2230 Sapientia
1067 2173 1277 2228 semper
1300 2158 1575 2228 sapienter
1603 2157 1732 2223 agit,
1757 2163 1817 2208 ut
1843 2155 1955 2210 suis

378 2251 722 2319 potissimum
795 2257 1090 2304 tentatores
1144 2249 1484 2303 sermonibus
1548 2245 1950 2301 confutantur:

381 2343 663 2399 Ostendite
693 2341 844 2406 mibi,
875 2341 1079 2410 inquit,
1122 2339 1432 2404 denarium,
1467 2337 1722 2393 denarius
1759 2336 1954 2405 quippe

381 2442 468 2488 est
494 2449 661 2504 genus
690 2433 916 2496 nummi,
963 2431 1102 2500 quod
1131 2445 1231 2500 pro
1259 2430 1444 2484 decem
1469 2429 1703 2484 nummis
1729 2428 1956 2496 imputa-

381 2526 560 2589 batur,
587 2533 640 2579 et
666 2524 898 2579 habebat
928 2525 1215 2593 imaginem
1254 2521 1502 2578 Caesaris.

455 2614 523 2668 Et
569 2615 641 2667 ait
671 2613 778 2668 illis
816 2612 974 2667 Iesus
1001 2627 1020 2664 :
1050 2612 1216 2682 Cujus
1260 2622 1334 2666 est
1362 2613 1534 2682 imago
1563 2611 1673 2665 lure
1702 2618 1750 2664 et
1773 2625 1954 2679 super-

381 2706 594 2775 scriptio
616 2707 641 2760 Ρ
671 2694 772 2773 Qui
793 2705 1470 2776 putantinterrogationem
1497 2703 1780 2758 salvatoris
1802 2703 1954 2773 igno-

385 2796 615 2850 rantiam
663 2809 803 2860 esse,
849 2803 904 2849 et
957 2811 1062 2849 non
1117 2795 1592 2864 dispensationem,
1632 2794 1842 2848 discant
1885 2808 1950 2848 ex

383 2887 636 2956 praesenti
672 2885 809 2950 loco,
838 2889 978 2956 quod
1009 2887 1196 2957 utique
1225 2887 1460 2957 potuerit
1488 2887 1628 2942 scire
1661 2884 1819 2940 Jesus
1851 2901 1950 2940 eu-

377 2977 468 3047 jus
510 2978 684 3048 imago
730 2985 872 3032 esset
919 2977 972 3031 in
1010 2993 1247 3042 nummo,
1301 2977 1394 3032 sed
1440 2978 1738 3045 interrogat
1791 2983 1851 3031 ut
1882 2976 1952 3030 ad

383 3082 686 3121 sermonem
715 3082 900 3121 eorum
930 3075 1296 3136 competenter
1315 3067 1652 3136 respondeat.

453 3156 644 3210 Dicunt
670 3157 718 3210 ei
743 3157 986 3211 (.‘a'saris.
1019 3156 1160 3211 Tunc
1188 3157 1261 3210 ait
1289 3155 1395 3211 illis
1418 3174 1436 3211 :
1455 3156 1674 3211 Reddite
1693 3174 1810 3228 quae
1829 3167 1949 3212 sunt

382 3243 609 3299 Ca'saris
632 3242 851 3310 Ctesari,
876 3255 924 3298 et
958 3263 1074 3316 qum
1103 3255 1225 3300 sunt
1252 3246 1348 3300 Dei
1382 3247 1516 3301 Deo.
1547 3246 1815 3302 Ctesarem
1840 3264 1947 3304 non

382 3341 630 3402 putemus
654 3334 971 3405 Augustum,
1019 3336 1113 3391 sed
1151 3336 1438 3407 Tyberium
1468 3337 1758 3408 signiﬁcari
1785 3338 1952 3407 privi-

380 3437 544 3491 gnum
569 3421 706 3490 ejus,
731 3424 821 3493 qui
852 3425 906 3478 in
933 3424 1106 3480 locum
1134 3435 1469 3480 successerat
1496 3427 1685 3497 ipsius,
1715 3429 1816 3483 sub
1843 3443 1950 3498 quo

379 3521 436 3564 et
455 3525 648 3579 passus
672 3520 755 3566 est
784 3513 1060 3568 Dominus.
1092 3513 1290 3570 Omnes
1315 3525 1496 3571 autem
1521 3516 1694 3587 Reges
1717 3517 1948 3572 Romani

379 3615 410 3652 a
440 3603 616 3668 primo
641 3598 700 3652 C.
731 3599 965 3667 Cmsare,
994 3603 1084 3672 qui
1125 3602 1410 3672 imperium
1459 3605 1783 3674 arripuerat,
1828 3605 1949 3661 Ca:-

379 3704 530 3743 sarcs
558 3692 804 3761 appellati
842 3703 985 3748 sunt.
1012 3695 1181 3749 Porro
1227 3697 1370 3765 quod
1412 3696 1488 3750 ait
1517 3714 1532 3750 :
1567 3696 1792 3753 Reddite
1830 3713 1950 3767 qtae

377 3789 506 3833 sunt
532 3780 759 3837 Caesaris
779 3783 998 3851 Cmsa‘ri,
1032 3787 1086 3841 id
1117 3795 1220 3852 est,
1249 3803 1548 3853 nummum,
1604 3788 1862 3843 tributum
1893 3797 1948 3844 ct

274 3923 276 3926 .
378 3872 683 3939 pecuniam,
709 3884 762 3930 et
788 3891 908 3945 qua:
931 3885 1056 3931 sunt
1084 3879 1178 3934 Dei
1226 3880 1356 3945 Deo,
1394 3880 1656 3945 decimas,
1677 3881 1948 3950 primitias

376 3971 430 4016 et
457 3963 757 4020 oblationes
769 3983 832 4021 ac
856 3968 1103 4024 victimas
1115 3970 1434 4036 sentiamus,
1461 3972 1733 4040 quomodo
1756 3981 1811 4026 et
1833 3973 1947 4041 ipse

377 4055 609 4109 reddidit
637 4057 836 4113 tributa
863 4075 960 4128 pro
989 4075 1047 4116 se
1076 4069 1131 4115 et
1175 4061 1356 4125 Petro,
1389 4070 1444 4117 et
1479 4063 1592 4118 Deo
1620 4063 1794 4118 reddit
1825 4079 1946 4133 qua:

375 4143 470 4200 Dei
499 4156 641 4208 smn,
675 4150 846 4218 patris
877 4149 1080 4206 iaciens
1105 4151 1456 4207 voluntatem.
1900 4139 1906 4156 ’

446 4236 557 4307 (Ea:
580 4238 768 4312 Beda.)
796 4241 989 4308 Aliter,
1021 4243 1228 4298 reddite
1253 4259 1374 4312 qua:
1399 4251 1525 4298 sunt
1557 4244 1788 4300 Caesaris
1832 4244 1947 4300 Cte-

376 4332 504 4395 sari,
533 4339 588 4387 et
613 4349 733 4402 qua:
761 4342 886 4388 sunt
911 4335 1030 4398 Dei_
1051 4336 1184 4390 Deo.
1211 4335 1674 4403 Quemadmodum
1706 4336 1888 4391 Cmsar
1913 4353 1943 4391 a

374 4421 530 4474 vobis
556 4422 722 4492 exigit
748 4423 1153 4492 impressionem
1180 4425 1430 4496 imaginis
1453 4441 1585 4490 sum,
1607 4426 1686 4480 sic
1708 4434 1763 4480 et
1781 4425 1940 4480 Deus.

1975 3209 2020 3271 (Ἰ

2057 1977 2332 2033 ambulant
2356 1977 2499 2046 digni
2525 1977 2657 2039 Deo,
2713 1975 2830 2044 qui,
2861 1989 2959 2043 per
3007 1973 3187 2028 omnia
3216 1973 3268 2027 ei
3311 1972 3586 2042 placentes
3609 2011 3625 2038 ,

2055 2074 2309 2122 exercent
2331 2080 2389 2121 se
2415 2066 2555 2120 sicut
2587 2065 2852 2118 subditur.

2124 2156 2192 2210 In
2217 2157 2357 2212 omni
2383 2155 2699 2225 operegbono
2733 2154 3135 2224 fructiﬁcantes,
3163 2162 3211 2206 et
3253 2161 3536 2206 crescentes
3572 2152 3626 2206 in

2053 2248 2272 2300 scientia
2306 2247 2424 2301 Dei.
2450 2245 2550 2300 Hic
2577 2252 2761 2315 aperte
2786 2244 3052 2315 exposuit,
3092 2243 3233 2313 quod
3256 2243 3506 2311 superius
3527 2242 3625 2296 ob-

2054 2352 2212 2391 scure
2237 2337 2470 2401 dicebat,
2497 2336 2768 2405 quomodo
2793 2336 2936 2390 Deus
2973 2335 3064 2389 det
3105 2341 3162 2390 et
3202 2334 3341 2388 bene
3367 2332 3525 2396 velle,
3575 2341 3629 2387 et

2051 2427 2192 2486 bene
2219 2443 2398 2498 posse,
2428 2435 2490 2482 ut
2513 2428 2725 2498 possint
2752 2426 3078 2483 fructiﬁcare
3095 2425 3387 2480 virtutibus
3405 2465 3426 2492 ,
3465 2432 3523 2480 et
3547 2425 3629 2480 in-

2050 2525 2351 2573 veteratam
2374 2518 2594 2574 vincere
2627 2517 3097 2582 consuetudinem,
3125 2516 3239 2572 sive
3270 2516 3326 2570 in
3365 2515 3629 2585 passioni-

2050 2608 2154 2662 bus
2173 2608 2354 2663 carnis
2382 2608 2750 2663 inﬁrmitatem
2777 2623 3032 2676 superare
3060 2607 3276 2662 mentis.

2126 2695 2191 2750 In
2233 2699 2374 2750 omni
2422 2699 2612 2757 virtute
2663 2697 2961 2766 conﬁrmati
3013 2698 3298 2751 secundum
3339 2697 3625 2767 potentiam

2051 2787 2308 2842 claritatis
2342 2788 2475 2857 ejus.
2506 2788 2563 2842 id
2590 2797 2692 2848 est.
2724 2789 3019 2843 secundum
3040 2788 3366 2844 voluntatem
3394 2787 3535 2856 ejus,
3565 2795 3625 2842 ut

2049 2885 2106 2932 et
2130 2892 2227 2932 vos
2249 2878 2389 2932 sicut
2411 2878 2498 2931 ille
2527 2877 2653 2933 fecit
2678 2878 2947 2947 patienter
2981 2876 3254 2932 sulleratis
3276 2878 3476 2931 omnia.

2119 2968 2188 3023 In
2225 2970 2364 3022 omni
2391 2971 2640 3039 patientia
2669 2978 2718 3022 et
2765 2968 3184 3038 longanimitate,
3233 2984 3352 3022 cum
3407 2969 3622 3038 gaudio,

2049 3061 2106 3114 in
2141 3057 2352 3114 Christo
2379 3059 2536 3125 Iesu,
2566 3069 2675 3115 etc.
2704 3060 2780 3114 lbi
2822 3059 2966 3114 enim
3007 3069 3092 3114 est
3133 3074 3260 3113 vera
3306 3058 3627 3128 longanimi-

2051 3159 2170 3217 tas,
2199 3160 2254 3206 et
2299 3150 2558 3220 patientia
2587 3148 2911 3213 exhibenda,
2948 3149 3038 3203 ubi
3088 3148 3293 3204 malitia
3336 3149 3402 3203 ab
3437 3147 3621 3216 aliquo

2053 3251 2352 3298 exercetur.

2366 3349 2704 3390 EVANGBLIUI
2742 3349 3026 3400 ΙᾹΤΤΗΕΙ,
3063 3348 3180 3389 CAP.
3223 3347 3298 3385 IX.

2126 3447 2146 3480 ι
2192 3428 2318 3484 Haec
2345 3427 2436 3482 illo
2480 3427 2732 3496 loquente
2775 3425 2844 3479 ad
2869 3439 2984 3489 eos,
3029 3438 3150 3478 esse
3191 3423 3442 3492 princeps
3484 3435 3625 3475 unus

2055 3538 2074 3570 ι
2121 3517 2352 3574 accessit
2389 3525 2445 3571 et
2471 3517 2734 3570 adorabat
2758 3529 2904 3579 eum,
2949 3514 3135 3569 dicens
3168 3529 3181 3566 :
3214 3511 3460 3574 Domine,
3513 3509 3623 3562 ﬁlia

2057 3630 2075 3662 ι
2120 3626 2240 3666 mea
2268 3610 2428 3665 modo
2451 3607 2702 3665 defuncta
2729 3616 2834 3673 est,
2866 3607 2962 3662 sed
2990 3603 3130 3666 veni,
3161 3603 3376 3672 impone
3402 3616 3620 3656 manum

2057 3718 2075 3752 ι
2122 3707 2268 3754 tuam
2294 3714 2456 3770 super
2475 3713 2596 3753 eam
2617 3706 2674 3752 et
2698 3697 2861 3752 vivet.
2899 3697 2964 3750 Et
2987 3709 3214 3765 surgens
3237 3692 3393 3748 Jesus
3437 3706 3623 3760 seque.

2055 3809 2074 3842 ο
2119 3792 2279 3846 batur
2318 3807 2440 3845 eum
2489 3798 2545 3846 et
2591 3788 2840 3859 discipuli
2862 3787 2999 3858 ejus.
3029 3786 3096 3840 Et
3123 3799 3251 3841 ecce
3274 3783 3470 3838 mulier
3506 3796 3623 3851 qua:

2054 3900 2071 3932 c
2119 3881 2394 3951 sanguinis
2409 3879 2607 3934 ﬂuxum
2621 3880 2929 3949 patiebatur
2947 3875 3230 3931 duodecim
3253 3873 3428 3935 annis,
3444 3885 3624 3928 acces-

2053 3991 2072 4026 ι
2109 3972 2178 4026 sit
2193 3979 2338 4026 retro
2349 3979 2403 4025 et
2425 3970 2598 4041 tetigit
2625 3969 2891 4025 ﬁmbriam
2928 3965 3238 4022 vestimenti
3252 3963 3387 4032 ejus.
3401 3961 3621 4017 Dicebat

2053 4081 2071 4114 ι
2109 4063 2251 4117 enim
2272 4063 2410 4116 intra
2427 4077 2484 4116 se
2511 4079 2524 4116 :
2553 4060 2609 4115 Si
2634 4061 2856 4129 tetigero
2873 4066 3080 4112 tantum
3094 4055 3471 4112 vestimentum
3485 4052 3620 4120 eius,

2052 4171 2070 4201 4
2117 4151 2262 4206 salva
2294 4130 2492 4206 erodit
2511 4149 2668 4204 Jesus
2681 4163 2974 4205 conversus
2985 4156 3040 4202 et
3063 4147 3253 4201 videns
3273 4160 3413 4208 eam,
3439 4142 3575 4198 dixit
3602 4157 3619 4196 :

2053 4263 2072 4297 ι
2118 4244 2340 4299 Conﬁde
2362 4243 2493 4308 ﬁlia,
2527 4243 2659 4296 ﬁdes
2677 4251 2765 4296 tua
2781 4242 2981 4296 salvam
3004 4248 3054 4294 te
3079 4239 3229 4304 iecit,
3243 4246 3297 4292 et
3311 4235 3459 4290 salva
3479 4233 3617 4290 facta

2053 4354 2071 4388 ι
2117 4345 2200 4392 est
2219 4335 2414 4392 mulier
2446 4350 2514 4389 ex
2545 4334 2633 4387 illa
2661 4334 2812 4387 liora.
2855 4356 2872 4385 ο

2119 4429 2249 4483 lIa'c
2270 4428 2361 4482 illo
2390 4427 2626 4498 loquente
2652 4426 2719 4480 ad
2744 4442 2854 4491 eos,
2883 4441 2998 4478 ecce
3026 4424 3262 4494 princeps
3289 4436 3424 4474 unus
3452 4434 3620 4473 accesp

377 4511 449 4566 Ut
497 4514 944 4580 quemadmodum
981 4514 1055 4568 illi
1107 4515 1348 4570 redditur
1383 4532 1654 4580 nummus,
1711 4517 1792 4571 sic
1835 4517 1944 4572 Deo
1969 4551 2022 4611 Β
2047 4520 2114 4573 sit
2146 4528 2191 4572 et
2220 4516 2474 4572 adorabat
2500 4534 2640 4582 eum,
2671 4517 2848 4570 dicens
2877 4530 2896 4568 :
2922 4515 3166 4580 Domine,
3192 4511 3304 4582 ﬁlia
3328 4528 3443 4565 mea
3463 4509 3618 4564 modo

375 4601 575 4665 anima,
605 4601 804 4657 lumine
832 4602 1012 4658 vultus
1038 4604 1154 4674 ejus
1194 4604 1459 4660 illustrata
1491 4615 1657 4676 atque
1686 4607 1898 4677 signata
1923 4647 1938 4671 ,

374 4693 519 4748 unde
547 4693 826 4750 Psalmista
856 4713 868 4748 :
895 4693 1170 4764 Signatum
1211 4705 1306 4762 est,
1351 4697 1546 4765 inquit,
1597 4697 1652 4751 in
1679 4697 1824 4751 nobis
1861 4697 1942 4751 lu-

375 4798 493 4835 men
523 4781 692 4837 vultus
721 4784 818 4846 tui,
843 4782 1062 4837 Domine
1083 4781 1253 4854 (Psal.
1285 4783 1380 4856 ιν).
1405 4785 1518 4840 lloc
1538 4786 1732 4854 quippe
1760 4786 1938 4840 lumen

374 4877 460 4926 est
485 4879 655 4926 totum
684 4873 935 4940 hominis,
967 4883 1022 4930 et
1044 4889 1235 4930 verum
1259 4876 1480 4939 bonum,
1513 4877 1656 4946 quod
1681 4892 1789 4930 non
1814 4891 1942 4931 ocu-

374 4961 461 5025 lis,
517 4962 612 5017 sed
654 4972 832 5018 mente
883 4965 1232 5034 conspicitur.
1267 4963 1548 5034 Signatum
1581 4973 1761 5020 autem
1805 4965 1944 5020 dixit

375 5052 430 5104 in
466 5052 636 5116 nobis,
677 5061 929 5123 tanquam
951 5055 1202 5110 denarius
1230 5055 1475 5125 signatur
1507 5056 1650 5125 regis
1684 5057 1936 5128 imagine.

372 5139 546 5194 Homo
569 5142 712 5196 enim
740 5142 914 5199 lactus
941 5151 1024 5198 est
1042 5145 1108 5198 ad
1131 5145 1420 5214 imaginem
1455 5153 1510 5200 et
1531 5146 1939 5202 similitudinem

372 5230 490 5296 Dei,
514 5247 674 5300 quam
696 5234 969 5303 peccando
1005 5236 1266 5305 corrupit.
1298 5237 1504 5290 Bonum
1531 5251 1660 5308 ergo
1689 5239 1807 5308 ejus
1833 5246 1938 5306 est,

368 5335 556 5381 verum
585 5333 752 5395 atque
772 5335 1055 5393 aeternum,
1081 5329 1128 5384 si
1157 5331 1488 5386 renaseendo
1507 5332 1776 5402 signetur.

521 5456 941 5515 HEBDOMADA
977 5461 1124 5516 XXV
1162 5463 1338 5518 POST
1375 5463 1797 5521 PENTECOST.

887 5591 955 5628 an
993 5589 1224 5640 cor.oss.,
1265 5591 1383 5630 car.
1426 5593 1464 5631 ι.

443 5698 463 5732 ‹
509 5677 626 5737 Non
661 5697 958 5740 cessamus
992 5700 1092 5754 pro
1125 5685 1276 5740 vobis
1317 5694 1536 5741 orantes
1585 5694 1639 5741 et
1667 5686 1942 5756 postulan-

375 5790 392 5822 t
434 5780 540 5838 tes,
583 5783 640 5830 ut
690 5775 1015 5845 impleatnini
1059 5776 1331 5847 agnitione
1384 5778 1672 5833 voluntatis
1721 5777 1837 5843 ejus
1887 5779 1936 5833 in

2049 4607 2295 4677 def-uncta
2309 4617 2406 4673 est,
2429 4607 2519 4662 sed
2543 4609 2674 4673 veni,
2692 4609 2895 4677 impone
2916 4615 3285 4661 manumtuam
3306 4619 3460 4673 super
3477 4617 3615 4666 eam,

2049 4709 2097 4753 et
2123 4698 2270 4752 uiuet.
2295 4697 2364 4750 Et
2393 4714 2610 4768 surgens
2642 4695 2800 4752 Iesus
2821 4696 3130 4768 sequebatur
3155 4711 3270 4748 cum
3299 4703 3347 4746 et
3375 4689 3617 4763 discipuli

2049 4789 2182 4859 ejus.
2211 4789 2470 4845 Octavum
2497 4788 2710 4858 signum
2737 4797 2840 4852 est,
2873 4789 2927 4843 in
2955 4803 3061 4856 quo
3092 4786 3342 4855 princeps
3367 4783 3616 4839 suscitari

2049 4883 2284 4952 postulat
2309 4881 2472 4935 ﬁliam
2498 4896 2670 4946 suam,
2715 4880 2904 4934 nolens
2931 4879 2997 4935 de
3028 4879 3287 4948 mysterio
3327 4891 3469 4932 verae
3511 4875 3617 4930 cir-

2050 4970 2396 5026 cumcisionis
2417 4971 2650 5025 excludi.
2685 4970 2790 5024 Sed
2827 4970 3096 5025 subintrat
3131 4969 3326 5024 mulier
3357 4969 3614 5040 sanguine

2047 5057 2236 5123 ﬂuens,
2266 5069 2320 5112 et
2342 5067 2534 5114 octavo
2568 5067 2792 5114 sanatur
2822 5058 2959 5122 loco,
3018 5067 3075 5113 ut
3101 5059 3357 5130 principis
3395 5058 3523 5122 ﬁlia,
3549 5058 3614 5111 de

2048 5149 2150 5204 hoc
2175 5148 2390 5203 exclusa
2440 5163 2687 5212 numero,
2719 5148 2898 5201 veniat
2927 5148 2991 5202 ad
3035 5165 3259 5215 nonum,
3295 5149 3447 5219 juxta
3483 5147 3610 5202 illud

2048 5239 2188 5307 quod
2217 5239 2269 5292 in
2292 5237 2759 5292 Psalmodicitur:
2787 5237 3060 5308 .Ethiopia
3123 5242 3404 5310 pra'veniat
3425 5253 3611 5291 manus

2049 5327 2292 5396 ejuLDeo
2335 5325 2508 5399 (Psai.
2534 5327 2702 5396 valt)
2725 5365 2739 5390 ,
2784 5335 2840 5380 et
2867 5325 2998 5381 Cum
3037 5328 3306 5382 intraverit
3345 5323 3610 5394 plenitudo

2049 5417 2296 5487 gentium,
2316 5427 2439 5470 tunc
2459 5418 2626 5470 omnis
2659 5416 2826 5472 lsrael
2846 5418 3019 5472 saluus
3041 5417 3129 5485 [iet
3158 5417 3325 5486 (Rom.
3348 5411 3452 5482 xl).

2122 5505 2229 5577 (Ea:
2266 5503 2522 5579 Primos.)
2561 5507 2819 5578 Princeps
2853 5509 3034 5577 itaque
3075 5517 3378 5576 synagoga),
3434 5500 3612 5556 nullus

2051 5596 2242 5651 melius
2271 5611 2430 5664 quam
2465 5598 2580 5668 ipse
2621 5599 2795 5654 Moses
2825 5597 3160 5666 intelligitur,
3189 5593 3330 5646 unde
3351 5591 3487 5646 bene
3523 5605 3612 5646 se-

2047 5689 2280 5742 cundum
2313 5688 2511 5744 Lucam
2537 5689 2734 5752 Jairus,
2772 5689 2823 5742 id
2863 5697 2944 5742 est
2973 5685 3302 5749 illuminans,
3333 5683 3446 5739 sive
3491 5683 3610 5738 illu-

2048 5777 2284 5834 minatus
2307 5786 2544 5833 vocatur.
2576 5778 2709 5843 Quia
2753 5777 2843 5842 qui
2874 5775 3081 5845 accep‘t
3113 5775 3273 5831 verba
3321 5775 3442 5831 vita:
3479 5776 3610 5832 dare
