3932 6204
313 407 421 467 ὅθ’]

1615 405 1893 462 ΒΜᾹΚΜΞ
1903 406 1964 461 Dl
2000 407 2290 464 ABDATIS

3474 411 3580 468 508

321 523 501 586 nobis,
529 530 585 576 et
615 535 710 591 per
738 521 852 574 hmc
871 525 1097 574 ueteres
1121 517 1406 582 illuminat,
1433 520 1612 588 etipse
1640 535 1671 573 a
1695 519 1889 589 spiritu
1917 519 1967 577 Δ
1998 536 2017 570 ι
2051 517 2296 585 Domini,
2323 522 2505 578 salvus
2533 521 2653 576 erit.
2692 521 2972 590 Quomodo
3001 536 3130 591 ergo
3159 522 3496 580 iuvocabu'nt
3521 526 3583 580 in

321 621 536 678 sancto,
563 629 672 682 quo
697 609 1097 664 vitaliamonita
1123 609 1363 664 scribere
1376 609 1458 665 vel
1484 611 1678 664 docere
1704 611 1896 678 possit,

323 705 678 758 illuminatur.
708 702 827 766 Cui,
861 701 1152 756 secundum
1185 700 1384 755 Lucam
1413 700 1522 754 ﬁlia
1549 702 1707 755 unica
1737 709 1857 756 erat
1881 741 1897 766 ,

324 795 382 847 id
405 802 508 856 est,
536 806 826 863 synagoga,
850 806 971 860 qua:
1007 791 1121 845 sola
1173 791 1329 860 legali
1373 791 1710 846 institutione
1757 807 1902 846 com-

323 885 520 951 posita,
551 885 703 952 quasi
730 883 890 936 unica
914 881 1047 937 Mosi
1079 890 1202 936 nata
1224 893 1360 936 erat.
1380 884 1546 950 Quasi
1577 883 1900 938 duodecimo

326 977 502 1031 a:tatis
527 991 689 1039 anno,
717 975 821 1028 hoc
845 981 948 1037 est,
995 980 1234 1041 tempore
1278 973 1578 1042 pubertatis
1614 974 1902 1042 appmpin-

326 1073 544 1135 quante,
574 1065 923 1125 moriebatur,
957 1063 1083 1132 quia
1114 1062 1368 1117 nobiliter
1393 1079 1423 1115 a
1470 1062 1750 1131 prophetis
1776 1063 1905 1116 edu-

329 1165 472 1220 cata,
499 1166 786 1226 postquam
813 1155 881 1209 ad
909 1154 1274 1222 intelligibiles
1317 1169 1492 1208 annos
1537 1163 1862 1222 pervenerat
1884 1193 1900 1219 ,

329 1256 615 1318 postquam
648 1246 959 1316 spirituales
986 1246 1097 1300 Deo
1135 1243 1343 1297 fructus
1383 1244 1604 1313 gignere
1633 1244 1902 1308 debebat,

330 1341 510 1395 subito
555 1354 802 1395 errorum
855 1338 1113 1407 languore
1159 1344 1540 1399 consternata,
1607 1336 1906 1403 spiritualis

330 1431 455 1484 vita:
503 1431 620 1484 vias
647 1429 857 1498 ingredi
903 1426 1315 1496 desperabiliter
1365 1426 1568 1480 omisit.
1613 1426 1680 1479 Et
1719 1426 1904 1480 sinon

331 1533 361 1574 a
385 1519 604 1574 Christo
633 1523 1064 1581 succurreretur,
1099 1515 1423 1572 horrendam
1449 1529 1548 1583 per
1573 1514 1754 1569 omnia
1779 1529 1904 1568 cor-

333 1616 535 1669 ruisset
564 1615 616 1668 in
647 1619 899 1668 mortem.

403 1706 471 1759 Et
517 1721 632 1759 ecce
677 1703 866 1758 mulier
901 1717 1018 1774 qua:
1057 1702 1330 1772 sanguinis
1367 1691 1570 1771 ﬂuxum
1609 1701 1909 1770 patiebatur

332 1795 604 1848 duodecim
626 1795 800 1857 annis,
823 1792 1036 1846 accessit
1064 1801 1198 1846 retro
1227 1801 1275 1844 et
1303 1792 1487 1860 tetigit,
1511 1799 1618 1845 etc.
1650 1791 1706 1845 In
1732 1791 1906 1844 Evan-

2009 630 2028 662 ι
2059 627 2220 681 quem
2255 630 2359 668 non
2388 616 2772 670 crediderunt?
2825 615 2932 669 Aut
2961 615 3236 684 quomodo
3261 617 3488 679 credent
3527 619 3584 672 ei‘

2007 721 2027 755 ι
2059 717 2217 772 quem
2241 722 2345 760 non
2375 709 2696 762 audierunt?
2719 707 3000 774 Quomodo
3019 715 3203 761 autem
3227 707 3449 762 audient
3465 709 3592 764 sine

2005 809 2027 844 ε
2057 794 2426 862 praedicante?
2456 797 2740 864 Quomodo
2761 810 2892 848 vero
2913 794 3304 863 pmdicabunt,
3329 797 3433 850 nisi
3462 797 3585 851 mit-

2005 899 2027 934 ι
2062 892 2267 948 tantur,
2306 885 2446 940 sicut
2485 887 2745 956 scriptum
2783 894 2901 939 est:
2927 884 3104 951 Quam
3141 887 3368 953 speciosi
3419 889 3588 956 pedes

2001 989 2028 1023 ε
2059 972 2556 1043 Evangelizantium
2588 991 2779 1045 pacem
2803 1018 2816 1041 ,
2860 976 3366 1046 Evangeiizantium
3401 978 3585 1034 bona!

2009 1079 2028 1112 ι
2062 1062 2169 1118 Sed
2211 1079 2320 1122 non
2362 1080 2555 1120 omnes
2589 1067 2846 1120 olediunt
2873 1066 3184 1137 Evangelia.
3234 1067 3406 1123 lsaias
3437 1071 3584 1124 enim

2009 1171 2029 1203 ι
2062 1153 2229 1208 dicit:
2264 1155 2510 1221 Domine,
2539 1157 2662 1226 quis
2691 1155 2922 1214 credidit
2946 1156 3154 1209 auditni
3187 1159 3414 1213 nostra?
3440 1159 3592 1227 Ergo

2007 1262 2028 1294 ι
2065 1243 2196 1300 ﬁdes
2217 1261 2282 1299 ex
2307 1247 2514 1311 auditu,
2539 1247 2754 1301 auditus
2783 1256 2965 1300 autem
2994 1262 3092 1315 per
3115 1247 3338 1302 vetitum
3353 1248 3582 1304 Elnisti.

2011 1351 2030 1383 ι
2065 1333 2170 1388 Sed
2206 1334 2366 1389 dico:
2411 1335 2662 1404 Nunquid
2703 1350 2812 1390 non
2854 1335 3186 1389 audierunt?
3231 1335 3498 1404 Equidem
3529 1337 3591 1390 in

2011 1441 2029 1473 ι
2065 1440 2280 1478 omnem
2314 1433 2512 1480 terram
2541 1425 2710 1480 exivit
2737 1441 2903 1480 sonus
2929 1440 3144 1490 eorum,
3165 1431 3229 1479 .ct
3255 1425 3312 1481 in
3339 1425 3476 1482 ﬁnes
3500 1443 3586 1480 or-

2013 1532 2032 1564 ι
2065 1513 2155 1568 bis
2177 1523 2340 1570 terra:
2364 1516 2528 1570 verba
2551 1531 2760 1570 eorum.
2791 1535 2815 1580 ,ι

2079 1601 2249 1657 Corde
2274 1604 2412 1657 enim
2441 1605 2672 1658 creditur
2695 1605 2766 1658 ad
2785 1605 3082 1674 justitiam,
3124 1621 3214 1662 ore
3253 1614 3427 1663 autem
3465 1623 3589 1662 con-

2012 1693 2168 1764 fessio
2209 1695 2270 1762 ﬁt
2314 1695 2383 1748 ad
2414 1695 2660 1749 salutem.
2711 1696 2814 1767 (Ex
2857 1694 3034 1766 Orig.)
3082 1694 3188 1761 Qui
3223 1709 3352 1752 vere
3391 1703 3588 1753 etnon

2011 1782 2148 1836 falso
2173 1783 2463 1848 conﬁtetur
2481 1798 2575 1839 ore
2599 1785 2884 1840 Dominum
2910 1783 3116 1847 Jcstun,
3147 1793 3203 1840 et
3227 1787 3392 1842 corde
3415 1786 3594 1842 credit

333 1886 472 1956 gciio
501 1883 795 1939 secundum
817 1881 1022 1936 Lucam
1047 1880 1325 1943 scribitur,
1347 1858 1490 1948 quod
1516 1880 1776 1949 principis
1801 1879 1907 1933 ﬁlia
1937 1858 1984 1916 Β
2012 1875 2219 1942 pariter
2243 1882 2300 1928 et
2326 1874 2632 1933 conﬁtetur.
2666 1877 2837 1931 Debet
2857 1874 3138 1944 subjeaus
3161 1890 3284 1932 esse
3309 1877 3590 1946 sapientia:

333 1977 614 2031 duodecim
635 1989 815 2030 annos
841 1975 1067 2029 haberet
1089 1975 1286 2028 relatis.
1335 1973 1468 2028 Nota
1507 1990 1638 2043 ergo
1672 1989 1739 2028 eo
1778 1983 1912 2030 tem-
2012 1971 2068 2018 ει
2088 1962 2313 2032 ἱιΙδιίῑίτῐὶ
2338 1974 2394 2020 ei
2421 1966 2660 2031 νενίιίιιίν
2690 1975 2746 2022 ει
2771 1969 3024 2022 omna-103
3050 1983 3172 2037 quae
3197 1967 3451 2023 Chriﬁms
3483 1979 3590 2034 εει,

333 2083 464 2137 pore
494 2068 612 2122 haec
644 2066 859 2129 mulier,
906 2064 959 2120 id
1001 2073 1114 2126 est,
1163 2064 1402 2135 gentium
1433 2064 1660 2134 populus
1684 2066 1912 2134 errperit
2010 2071 2113 2112 nec
2139 2057 2243 2112 Sibi
2275 2059 2418 2113 υιιΐει
2445 2059 2708 2115 dominari
2737 2061 3017 2129 peratum
3043 2076 3373 2127 mammona.
3405 2063 3457 2117 id
3481 2073 3591 2128 εει,

333 2166 617 2227 tegi-ctare,
648 2171 756 2225 quo
784 2171 917 2227 gens
945 2154 1236 2209 crediderit
1259 2153 1588 2207 Judteorum.
1623 2153 1737 2208 Nisi
1765 2155 1908 2210 enim
2007 2162 2189 2216 neque
2214 2148 2496 2207 avaritiam
2525 2149 2627 2205 sibi
2659 2149 2820 2215 ultra,
2843 2166 3019 2218 neque
3044 2149 3386 2220 iniustitiam,
3415 2167 3597 2222 neque

332 2263 399 2301 cx
439 2247 844 2316 comparatione
878 2246 1172 2309 virtutum,
1212 2244 1402 2298 vitium
1441 2259 1548 2298 non
1584 2246 1908 2300 ostenditur.

333 2336 469 2391 ‘Hzec
514 2346 694 2390 autem
741 2336 936 2389 mulier
962 2336 1222 2404 sanguine
1263 2335 1432 2390 ﬂuens
1473 2351 1578 2389 non
1631 2337 1683 2388 in
1731 2336 1909 2401 domo,

315 2441 449 2487 non
481 2427 537 2482 in
567 2429 702 2481 urbe
731 2427 941 2480 accedit
969 2425 1035 2479 ad
1063 2426 1346 2480 Dominum
1366 2467 1379 2490 ,
1409 2426 1533 2495 quia
1555 2424 1706 2493 juxta
1737 2426 1912 2496 legent

339 2518 994 2574 urbibuscxcludebatur.
1036 2519 1142 2572 Sed
1180 2519 1231 2572 in
1260 2520 1454 2573 itinere
1484 2519 1780 2572 ambulanti
1811 2519 1916 2572 Do—

342 2610 514 2672 mino,
545 2617 605 2662 ut
631 2609 758 2663 dum
788 2610 964 2679 pergit
993 2611 1057 2662 ad
1087 2609 1268 2673 aliaat,
1301 2609 1404 2662 alia
1434 2616 1737 2672 curaretur,
1773 2611 1916 2662 unde

339 2697 528 2752 dicunt
548 2706 604 2751 et
624 2699 863 2767 Apostoli
891 2717 903 2752 :
929 2697 1084 2752 Vobis
1108 2699 1313 2768 quidem
1338 2699 1605 2769 oportebat
1627 2700 1916 2769 prtedicare

339 2788 550 2842 uerbum
569 2829 583 2851 ,
630 2789 718 2842 sed
758 2790 1005 2859 quoniam
1035 2790 1277 2858 indignos
1306 2807 1391 2844 uos
1411 2790 1694 2860 judicastis
1730 2791 1912 2859 saluti,

335 2880 755 2947 transgredimur
781 2880 849 2933 ad
877 2889 1050 2950 gentes
1078 2879 1215 2951 (Act.
1245 2881 1384 2952 xttt).

410 2969 626 3024 Dicebat
654 2972 790 3024 enim
818 2971 957 3025 intra
983 2988 1056 3036 se,
1087 2973 1132 3026 si
1161 2973 1372 3042 tetigero
1401 2983 1604 3027 tantum
1634 2975 1912 3030 vestimen-

338 3068 452 3112 tum
483 3061 617 3129 ejus,
658 3059 804 3115 salva
846 3078 955 3116 ero.
1006 3063 1226 3118 Accedit
1267 3064 1333 3117 ad
1376 3064 1692 3130 Dominum,
1744 3069 1916 3137 tangit

340 3147 615 3212 Ecclesia,
651 3150 775 3218 quia
802 3165 868 3205 eo
897 3165 995 3220 per
1022 3150 1142 3204 ﬁdei
1171 3151 1457 3205 veri-tatem
1498 3154 1913 3223 appropinquat.

343 3238 566 3292 Accedit
589 3249 765 3294 autem
792 3250 936 3295 retro
957 3240 1070 3294 sive
1089 3238 1266 3308 juxta,
1290 3241 1342 3294 id
1364 3249 1467 3305 est,
1491 3244 1634 3311 quod
1659 3243 1775 3312 ipse
1801 3245 1909 3298 ait:
1939 3238 1946 3257 ‘

346 3327 407 3382 Si
433 3329 548 3396 quis
577 3329 705 3381 mihi
733 3331 1025 3393 ministrat,
1069 3346 1150 3383 me
1178 3341 1433 3400 sequatur
1455 3330 1639 3402 (Joan.
1673 3332 1771 3404 xu)
1797 3349 1811 3399 ;
1862 3341 1918 3388 et

344 3418 472 3473 alibi
508 3421 855 3491 prateipitur:
894 3420 1022 3476 Post
1053 3423 1334 3476 Dominum
1363 3423 1531 3478 Deunt
1557 3433 1704 3479 tuum
1733 3426 1917 3480 ambu-

344 3509 500 3574 labis,
532 3512 666 3576 sive,
698 3513 822 3581 quia
851 3524 1172 3582 praesentem
1212 3515 1264 3568 in
1299 3531 1463 3572 carne
1491 3517 1776 3573 Dominum
1811 3536 1916 3576 non

343 3599 553 3666 videns,
577 3603 813 3671 peractis
837 3605 1146 3674 temporalis
1168 3606 1586 3676 dispensationis
1611 3599 1919 3666 sacramen-

346 3689 455 3753 tis,
504 3689 623 3757 ejus
664 3693 774 3760 jam
824 3707 922 3761 per
965 3695 1126 3748 ﬁdem
1175 3698 1338 3765 cmpit
1375 3698 1600 3769 vestigia
1641 3701 1914 3771 subsequi.

349 3779 546 3849 Tangit
565 3789 747 3835 autem
771 3781 1036 3836 ﬁmbriam
1058 3785 1386 3851 vestimenti,
1406 3797 1461 3842 et
1483 3790 1678 3843 undam
1702 3795 1922 3847 restrin-

347 3870 426 3940 git
454 3871 756 3940 sanguinis,
798 3873 924 3941 quia
952 3874 1145 3928 beatus
1171 3883 1228 3929 et
1254 3891 1381 3931 vere
1410 3878 1781 3946 mundandus,
1825 3883 1920 3951 qui

345 3960 432 4015 vel
468 3970 768 4017 extremam
806 3964 957 4018 verbi
995 3971 1206 4034 partem
1246 3963 1370 4020 ﬁdei
1407 3982 1569 4020 manu
1608 3971 1916 4041 contigerit.

349 4053 482 4111 Nam
507 4069 664 4110 rarus
683 4055 858 4122 valde,
882 4057 972 4126 qui
1002 4056 1118 4126 ejus
1139 4056 1222 4111 vel
1252 4057 1305 4111 in
1330 4067 1551 4128 pectore
1578 4062 1916 4130 recumbere,

346 4144 430 4199 vel
461 4153 625 4217 caput
653 4156 926 4202 mereatur
951 4147 1146 4219 pistica
1175 4150 1346 4204 nardo
1373 4164 1694 4222 perungere,
1716 4169 1840 4208 cum
1867 4164 1922 4210 et

345 4235 436 4294 ille
460 4252 687 4308 magnus
714 4237 896 4305 quit,
919 4239 1010 4310 qui
1041 4254 1101 4294 se
1122 4239 1401 4310 indignum
1430 4241 1642 4296 dicebat
1669 4243 1785 4313 ejus
1812 4245 1922 4299 cal—

348 4339 632 4384 ccameuta
661 4341 910 4401 portare,
944 4347 1140 4402 magna
1167 4340 1224 4387 et
1253 4332 1341 4386 illa
1374 4349 1494 4402 qua:
1523 4349 1724 4406 ungere
1756 4335 1922 4406 pedes

346 4422 482 4492 ejus,
510 4430 563 4476 et
589 4423 798 4493 capillis
821 4425 934 4482 suis
959 4433 1172 4496 tergere
1195 4425 1516 4494 promeruit.

418 4511 484 4563 At
512 4511 668 4567 Iesus
694 4531 970 4570 conversus
1012 4525 1060 4569 et
1085 4516 1260 4570 uidens
1299 4534 1435 4581 eam,
1477 4517 1611 4573 dixit
1633 4533 1652 4570 :
1682 4517 1919 4587 Conﬁdc,

349 4599 482 4671 ﬁlia,
510 4602 637 4670 ﬁdes
665 4614 756 4658 tua
784 4615 833 4658 te
857 4604 1056 4658 saluam
1097 4606 1237 4674 fecit,
1281 4617 1331 4660 et
1360 4607 1504 4662 salva
1535 4609 1677 4677 [arta
1704 4620 1778 4662 est
1805 4626 1922 4662 ntu-

348 4689 466 4753 lier,
495 4697 599 4744 etc.
647 4693 750 4760 (Ex
778 4693 1024 4764 Hieron.)
1057 4694 1188 4752 ideo
1237 4694 1374 4761 ﬁlia,
1401 4697 1529 4766 quia
1564 4697 1699 4751 ﬁdes
1744 4705 1834 4750 tua
1871 4706 1924 4752 te

343 4777 554 4832 salvam
584 4779 728 4838 lecit.
763 4781 873 4836 Nec
897 4781 1032 4840 dixit
1057 4800 1070 4834 :
1099 4781 1260 4835 Fides
1287 4790 1375 4836 tua
1404 4795 1456 4838 te
1483 4785 1686 4840 salvam
1710 4785 1923 4840 tactura

349 4875 464 4933 est,
493 4870 590 4924 sed
618 4871 821 4926 salvam
849 4872 1005 4939 fecit,
1042 4873 1094 4928 in
1123 4887 1210 4938 eo,
1239 4875 1381 4943 quod
1409 4875 1465 4928 in
1495 4890 1584 4931 me
1609 4876 1920 4943 credidisti,

347 4955 461 5028 jam
487 4957 632 5012 salva
660 4953 801 5014 facta
827 4975 906 5015 es.

622 5087 691 5142 IN
727 5088 975 5147 NATALI
1013 5091 1256 5148 SANCTI
1294 5093 1625 5151 ANDREJ‘I.

355 5214 610 5258 ειυιεῑοιι
646 5218 806 5258 ΒΕΛἸῚ
843 5221 996 5259 PAULI
1030 5221 1284 5262 APOS'I'OLI
1320 5225 1388 5262 AD
1423 5223 1686 5274 ROIANOS,
1717 5225 1834 5265 CAP.
1865 5225 1921 5264 Σ.

423 5330 451 5366 s
477 5313 656 5372 Corde
696 5315 841 5369 enim
880 5316 1121 5371 creditur
1159 5317 1224 5372 ad
1265 5316 1531 5386 justitiam
1555 5359 1570 5385 ,
1620 5335 1716 5374 ore
1744 5328 1926 5374 autem

362 5423 382 5456 ς
414 5405 681 5462 confessio
725 5406 785 5462 ﬁt
825 5409 892 5463 ad
935 5409 1184 5464 salutem.
1242 5411 1384 5466 Dicit
1413 5412 1556 5465 enim
1599 5411 1924 5482 Scriptura:

363 5515 384 5546 ι
411 5493 604 5551 Omnis
634 5497 726 5568 qui
753 5499 926 5553 credit
959 5498 1014 5552 in
1045 5498 1192 5553 illum
1214 5539 1228 5564 ,
1261 5516 1365 5554 non
1397 5500 1773 5556 confundetur.
1809 5501 1926 5556 Non

365 5605 387 5638 ι
416 5590 562 5643 enim
604 5598 689 5644 est
728 5590 1003 5648 distinctio
1047 5590 1215 5646 Judtei
1264 5601 1320 5648 et
1362 5594 1556 5649 Graeci.
1610 5594 1744 5650 Nam
1783 5596 1926 5650 idem

371 5689 392 5724 ι
425 5676 676 5734 Dominus
702 5683 971 5747 omnium,
1016 5683 1166 5738 dives
1205 5683 1257 5736 in
1291 5699 1509 5747 omnes,
1549 5684 1642 5752 qui
1679 5685 1928 5739 invocant

375 5779 397 5814 ι
428 5763 596 5818 illum.
639 5767 824 5825 Omnis
853 5774 996 5830 enim
1028 5774 1330 5844 quicunque
1368 5775 1697 5828 ittvocaverit
1735 5791 1928 5829 nomen

2011 2237 2438 2307 impudicitiam,
2475 2255 2651 2310 neque
2687 2241 3031 2296 mendacium
3057 2243 3354 2297 dominari.
3410 2242 3594 2298 Semel

2014 2331 2159 2388 enim
2181 2329 2656 2390 lesumChristum
2681 2333 2965 2388 Dominum
2989 2333 3236 2390 confessa
3255 2336 3438 2390 anima
3463 2335 3595 2390 nulli

2013 2419 2206 2481 horum
2234 2421 2392 2476 debet
2418 2423 2644 2478 servire.

2087 2511 2222 2565 Dicit
2251 2513 2388 2566 enim
2417 2511 2709 2584 Scriptura,
2741 2523 2846 2570 etc.
2882 2515 2994 2580 line
3019 2523 3198 2570 autem
3228 2515 3367 2584 apud
3395 2515 3591 2570 Isaiam

2017 2603 2220 2664 dictatum
2260 2611 2381 2658 est:
2425 2603 2580 2670 Quod
2625 2606 2671 2660 si
2714 2607 2880 2665 omnis
2909 2608 2998 2677 qui
3025 2607 3190 2661 credit
3232 2608 3287 2660 in
3326 2625 3443 2660 eum
3483 2625 3595 2662 non

2016 2692 2370 2761 confundetur
2387 2692 2549 2764 (Ιεαὶ.
2578 2695 3165 2768 xxvu»,eonfunditur
3196 2704 3377 2750 autem
3415 2698 3595 2751 omnis

2013 2784 2109 2852 qui
2154 2790 2344 2853 peccat
2373 2784 2525 2840 sicut
2549 2793 2610 2840 et
2633 2782 2808 2839 Adam
2839 2787 3119 2856 peccavit,
3157 2793 3219 2840 et
3246 2787 3498 2850 erubuit,
3541 2795 3596 2841 et

2017 2875 2304 2930 abscondit
2327 2890 2408 2942 se,
2447 2875 2541 2947 qui
2584 2876 2763 2930 adhuc
2803 2876 3057 2931 ruborem
3089 2875 3301 2946 peccati
3343 2876 3592 2943 incurrit,

2011 2965 2243 3021 credere
2268 2981 2375 3026 non
2402 2967 2632 3021 videtur.

2091 3056 2216 3111 Non
2245 3058 2383 3112 enim
2417 3069 2490 3112 est
2527 3059 2812 3125 distinctio,
2843 3067 2950 3114 etc.
3008 3057 3164 3113 Nulla
3187 3098 3202 3124 ,
3252 3058 3466 3128 inquit,
3513 3067 3595 3114 est

2019 3149 2302 3204 distinctio
2327 3191 2342 3216 ,
2394 3151 2536 3205 inter
2565 3149 2781 3206 Iudaeos
2821 3159 2878 3206 et
2913 3150 3134 3205 Graecos
3157 3189 3172 3215 ,
3220 3164 3343 3203 cum
3388 3158 3598 3204 constet

1975 3233 1989 3256 ¹
2015 3255 2209 3296 omnes
2239 3242 2393 3310 prius
2419 3243 2520 3296 sub
2546 3251 2774 3311 peccato
2798 3241 2990 3307 fuisse,
3018 3249 3074 3294 et
3099 3255 3290 3294 omnes
3313 3241 3404 3310 qui
3436 3240 3593 3295 modo

2017 3331 2247 3390 credunt
2285 3345 2385 3400 per
2408 3329 2569 3388 ﬁdem
2606 3330 2733 3385 Iesu
2765 3329 2966 3385 Christi
3007 3329 3243 3385 salvatus
3267 3343 3410 3384 esse.
3466 3329 3596 3382 Nam

2010 3419 2224 3490 justitia
2267 3420 2364 3476 Dei
2408 3435 2508 3490 per
2545 3420 2825 3476 Christum
2849 3461 2861 3484 ,
2911 3420 2980 3474 ad
3025 3435 3216 3474 omnes
3243 3419 3468 3477 veniens
3503 3418 3594 3488 qui

2015 3511 2266 3575 credunt,
2299 3511 2414 3567 sive
2438 3511 2610 3566 Judmi
2640 3513 2768 3576 sint,
2797 3512 2912 3566 sive
2940 3511 3192 3581 gentiles,
3222 3518 3480 3579 purgatos
3504 3523 3600 3562 eos

2021 3617 2050 3656 a
2079 3602 2350 3671 prioribus
2371 3602 2673 3658 sceleribus
2690 3601 2973 3673 justiticat,
2994 3611 3052 3656 et
3078 3615 3307 3670 capaces
3333 3599 3460 3652 facit
3486 3597 3592 3668 glo-

2019 3697 2116 3751 ria:
2141 3695 2259 3750 Dei.

2094 3785 2237 3838 Nam
2263 3785 2424 3849 idem,
2448 3792 2556 3839 etc.
2593 3784 2649 3839 Si
2675 3785 2885 3854 iustitia
2911 3785 3070 3840 nobis
3103 3792 3160 3838 et
3190 3784 3390 3837 veritas
3424 3789 3479 3834 et
3503 3796 3590 3834 sa-

2013 3875 2223 3944 pientis
2261 3885 2317 3930 et
2355 3875 2748 3940 sanctiﬁcatio,
2790 3876 2933 3944 quod
2980 3884 3152 3932 totum
3193 3872 3443 3927 Christus
3485 3879 3597 3933 est,

2021 3966 2350 4031 dominetur,
2373 3975 2504 4026 tunc
2525 3967 2687 4021 nobis
2707 3966 2966 4021 Dominus
2994 3966 3052 4020 ﬁt
3076 3965 3228 4019 dives
3254 3964 3307 4018 in
3330 3962 3594 4017 omnibus.

2016 4055 2149 4111 Haec
2177 4056 2324 4110 enim
2353 4065 2477 4110 sunt
2505 4055 2622 4125 ejus
2646 4057 2870 4122 divitiae,
2897 4065 2958 4110 ut
2983 4064 3108 4126 pote
3136 4056 3193 4110 in
3223 4071 3330 4124 quo
3357 4053 3598 4108 thesauri

2021 4149 2298 4220 sapientia:
2341 4157 2398 4204 et
2436 4149 2677 4204 scientiae
2717 4158 2844 4205 sunt
2871 4148 3195 4204 absconditi.
3243 4147 3390 4214 Quas
3419 4152 3598 4198 tamen

2021 4239 2237 4296 divitias
2265 4254 2372 4294 non
2400 4240 2538 4294 dixit
2581 4240 2762 4310 largiri
2807 4255 2934 4294 eum
2969 4239 3229 4295 omnibus
3270 4235 3598 4297 hominibus,

2016 4333 2118 4388 sed
2159 4333 2414 4386 omni-bus
2454 4332 2768 4401 quicunque
2809 4330 3182 4387 invocaverint
3225 4342 3420 4382 nomen
3463 4324 3604 4395 ejus.

2019 4425 2209 4494 Neque
2239 4427 2384 4480 enim
2421 4439 2611 4480 omnes
2645 4425 2737 4494 qui
2775 4423 3148 4478 invocaverint
3170 4437 3367 4475 nomen
3391 4419 3603 4473 Domini

2025 4515 2159 4570 salvi
2186 4531 2308 4571 esse
2342 4523 2598 4586 possunt,
2632 4515 2728 4570 sed
2757 4515 2850 4586 qui
2879 4529 3045 4584 opera
3073 4513 3416 4569 invocatione
3445 4513 3605 4582 digna

2022 4606 2238 4671 fecerit,
2269 4607 2383 4676 ipse
2409 4605 2724 4661 salvabitur.

2104 4699 2211 4770 (Ea:
2240 4699 2420 4770 Vulg.)
2452 4698 2590 4754 Dicit
2616 4717 2630 4752 :
2663 4696 2836 4768 Prope
2865 4707 2942 4752 est
2966 4697 3222 4752 Dominus
3259 4695 3498 4750 omnibus
3526 4695 3606 4750 in-

2021 4789 2329 4843 vocantibus
2365 4805 2484 4843 eum
2519 4789 2577 4842 in
2613 4789 2846 4842 ueritate.
2877 4787 2975 4847 Ubi
2999 4793 3604 4856 tetragrammatoum't’

2030 4890 2136 4946 est,
2160 4881 2302 4949 quod
2333 4880 2541 4936 Hebraei
2569 4880 2794 4934 tradunt
2821 4879 2913 4934 Dei
2941 4894 3138 4934 nomen
3167 4877 3437 4933 ineliabile
3462 4875 3604 4931 desi-

2032 4970 2219 5042 gnari,
2255 4979 2313 5024 et
2342 4971 2396 5024 in
2429 4971 2536 5025 alia
2571 4971 2842 5041 scriptura
2872 4968 3108 5039 legitur:
3146 4965 3472 5020 Invocabunt
3497 4980 3603 5028 nte,

2021 5070 2076 5114 et
2099 5076 2202 5115 non
2228 5059 2510 5114 exaudiam
2536 5075 2659 5125 eos;
2691 5060 2783 5128 qui
2807 5059 2967 5113 modo
2991 5059 3076 5113 hic
3099 5057 3346 5113 absolute
3367 5055 3600 5127 ponitur,

2023 5149 2118 5217 qui
2162 5147 2493 5203 invocaverit
2525 5164 2723 5203 nomen
2751 5148 2966 5203 Domini
3005 5147 3188 5203 salvus
3228 5147 3363 5210 erit,
3406 5145 3510 5200 nisi
3549 5144 3602 5198 in

2021 5240 2131 5294 hac
2154 5238 2494 5294 invocatione
2517 5237 2884 5308 intelligamus
2923 5237 3281 5308 signiﬁcatam
3306 5235 3474 5289 fuisse
3497 5233 3604 5287 sin-

2028 5343 2236 5393 ceram,
2265 5328 2319 5382 id
2336 5335 2446 5392 est,
2469 5343 2592 5381 cum
2618 5327 2925 5382 humilitate
2949 5327 3128 5381 cordis
3153 5340 3411 5396 expressa
3439 5324 3530 5388 sit,
3551 5329 3604 5376 et

2035 5417 2178 5472 Deus
2205 5432 2328 5471 cum
2355 5415 2696 5472 confessione
2720 5417 2835 5472 veri
2859 5417 3128 5488 dogmatis
3153 5417 3453 5471 invocetur.

2105 5505 2375 5572 Quomodo
2415 5523 2537 5577 ergo
2579 5506 2911 5570 invocabant,
2953 5507 3009 5559 in
3049 5522 3200 5576 quem
3237 5522 3341 5558 non
3378 5501 3604 5557 credide-

2034 5599 2200 5652 runt?
2235 5599 2457 5654 Christo
2485 5599 2630 5654 enim
2659 5599 2830 5654 Judmi
2858 5615 2964 5653 non
2993 5599 3364 5661 crediderunt,
3400 5607 3456 5652 et
3490 5597 3602 5650 ideo

2033 5705 2139 5744 non
2172 5691 2422 5745 invocant
2450 5707 2571 5745 eum
2591 5731 2606 5756 ,
2649 5692 2702 5745 in
2733 5707 2892 5761 quem
2923 5708 3028 5746 non
3058 5693 3422 5747 crediderunt.
3473 5689 3599 5744 Nam

2037 5779 2181 5846 quod
2231 5780 2476 5846 superius
2507 5781 2675 5835 dicit:
2711 5779 2894 5834 Omnis
2947 5781 3036 5853 qui
3077 5781 3386 5835 iurocarerit
3423 5793 3598 5833 nomen
