3936 6202
317 419 427 479 509

1121 414 1635 479 COLLECTIONES
1668 419 1739 478 IN
1774 420 2158 483 EPISTOLAS
2195 420 2285 476 ΕΤ
2324 421 2749 478 EVANGELIA.

3453 429 3560 484 510

319 535 568 600 nam;
602 532 671 588 ad
696 531 972 587 Christum
1000 530 1289 587 hominum
1313 530 1498 590 demit
1525 532 1889 593 referendum.
1918 535 1970 595 Α
1995 532 2098 589 hoc
2122 533 2300 603 ipsum
2343 534 2485 603 quod
2524 532 2688 601 dicit,
2730 511 3135 609 evangelizare,
3177 540 3563 610 interpretetur
3646 562 3649 565 ·

319 625 457 681 Nam
483 632 540 679 et
562 623 710 678 Eoos
751 630 808 678 et
848 621 1020 677 Moses
1044 633 1102 677 et
1129 621 1307 679 Aaron
1336 633 1395 679 et
1422 622 1641 681 Samuel
1676 623 1891 680 invoca-

319 714 455 770 bant
478 712 796 778 hostium,
828 720 885 766 et
920 714 1035 783 ipse
1058 713 1386 769 exaudiebat
1410 729 1524 770 eos.
1574 712 1704 773 Sine
1731 714 1892 771 dubio

318 805 599 865 Christum
619 803 807 867 desum
832 804 1189 870 invocabant,
1227 814 1284 860 et
1319 806 1367 861 si
1402 806 1657 867 invocare
1692 821 1891 865 nomen

318 895 537 951 Domini
556 935 573 960 ,
612 903 670 950 et
702 910 865 951 omne
900 896 1189 955 Domhmm
1217 912 1382 953 unum
1410 905 1574 967 atque
1602 897 1744 957 idem
1774 905 1887 962 est.

314 988 465 1043 sicut
490 988 777 1044 invocatur
796 986 1072 1051 Christus,
1097 996 1152 1041 et
1175 987 1413 1045 oratum
1437 997 1523 1046 est
1542 987 1814 1053 Christus,
1837 996 1893 1044 et

317 1078 466 1134 sicut
490 1077 767 1134 offerimus
803 1078 913 1133 Deo
944 1076 1084 1133 Patri
1120 1076 1300 1144 primo
1327 1077 1565 1137 omium
1597 1077 1889 1141 orationes,

319 1168 400 1224 ita
439 1175 494 1225 et
529 1167 759 1229 Domino
783 1166 911 1231 Jesu
943 1167 1183 1231 Christo.
1224 1175 1280 1227 et
1313 1166 1758 1235 sicptoﬁ‘erimus
1790 1182 1890 1236 po-

318 1257 647 1314 stulationes
672 1256 836 1327 patri,
862 1256 938 1310 ita
967 1255 1241 1312 oderimus
1267 1255 1656 1326 postulationes
1682 1266 1735 1312 et
1759 1255 1888 1320 ﬁlio,

317 1356 381 1404 ct
422 1348 565 1404 sicut
606 1347 883 1402 olferimus
922 1347 1216 1417 gratiarum
1250 1347 1499 1403 actiones
1537 1349 1679 1410 Deo,
1725 1347 1798 1402 ita
1839 1355 1897 1402 et

316 1437 528 1507 gratias
558 1436 845 1492 referimm
877 1435 1157 1495 edntuli.
1208 1436 1391 1492 Umtm
1416 1453 1649 1507 numine
1678 1438 1893 1506 utrique

317 1525 587 1580 honorem
616 1522 995 1589 deferendum,
1035 1525 1089 1579 id
1115 1532 1229 1590 est,
1263 1526 1407 1582 Patri
1435 1523 1653 1592 etFilio,
1684 1526 1895 1581 divinus

316 1616 515 1670 edocet
541 1630 741 1678 sermo,
769 1630 891 1669 cum
920 1613 1081 1670 dicit:
1116 1612 1307 1669 Omnes
1335 1610 1889 1685 honoriﬁcentFi'ium,

316 1704 457 1757 sicut
487 1701 831 1778 honoriﬁcam
852 1697 1061 1757 Patrem
1089 1702 1271 1774 (Joan.
1300 1704 1376 1775 ν).

392 1791 499 1845 Aut
533 1792 792 1861 quomodo
834 1792 1042 1847 aedem
1088 1794 1165 1857 ei,
1214 1811 1366 1865 quem
1411 1811 1517 1850 non
1561 1794 1840 1849 audierunt
1867 1794 1894 1849 .’

1990 621 2133 678 bona
2178 624 2535 689 annuntiare,
2587 635 2769 681 tamen
2817 627 2956 683 bona
3000 629 3395 700 intelliguntur,
3438 646 3562 701 qua

1991 712 2275 766 annuntiat
2304 714 2564 782 apostolis
2592 723 2778 770 sancta
2812 717 3069 783 Trinitas,
3103 718 3157 772 id
3186 727 3291 783 est,
3320 718 3483 777 Pater
3505 729 3564 775 et

1991 798 2161 857 Filius
2187 809 2242 854 et
2264 799 2505 869 Spiritus
2532 811 2775 863 sanctus.
2817 804 2932 859 Hoc
2960 813 3045 884 est
3070 808 3213 867 enim
3233 847 3249 873 ,
3276 810 3421 884 quod
3454 825 3561 873 an-

1978 889 2245 947 nuntiant
2275 889 2634 961 Evangelistae
2663 894 2955 953 secundum
2979 880 3317 967 praeceptum
3342 898 3561 977 Domini

1991 980 2220 1037 dicentis
2245 999 2260 1035 :
2295 980 2397 1048 Ite,
2421 982 2596 1037 docete
2623 1000 2797 1039 omnes
2819 995 3016 1055 gentes,
3045 986 3364 1057 baptisantes
3391 1005 3476 1047 eos
3506 988 3562 1043 in

1992 1070 2198 1125 nomine
2243 1070 2424 1134 Patris
2472 1081 2521 1131 et
2566 1070 2699 1127 Filii
2747 1082 2797 1135 et
2846 1072 3075 1149 Spiritus
3123 1077 3296 1131 sancti
3343 1076 3559 1148 (Matth.

1993 1157 2219 1231 ultimo).

2064 1248 2168 1305 Sed
2198 1268 2302 1307 non
2328 1268 2507 1309 omnes
2536 1252 2778 1315 obediunt
2810 1253 3111 1328 Emngelio.
3158 1256 3345 1326 Neque
3368 1272 3565 1317 omnes

1993 1356 2058 1405 ex
2084 1343 2340 1412 gentibus
2367 1344 2657 1416 Evangelio
2682 1347 3049 1412 ermlidenmt,
3078 1364 3251 1418 neque
3278 1364 3468 1405 omttes
3495 1364 3563 1411 ex

1992 1432 2157 1487 Israel
2175 1473 2195 1499 ,.
2230 1433 2413 1502 plures
2439 1443 2646 1500 tanien,
2682 1444 2744 1491 et
2776 1436 2944 1493 multo
2968 1437 3157 1508 plures
3182 1452 3251 1493 es
3270 1438 3527 1508 gentibus
3544 1477 3561 1504 ,

1994 1539 2156 1594 quam
2183 1539 2250 1579 ex
2281 1524 2464 1579 lsrael.

2064 1610 2241 1666 Isaias
2267 1622 2441 1669 autem
2476 1612 2601 1669 dicit
2623 1626 2642 1663 :
2672 1613 2909 1679 Domine,
2946 1615 3066 1684 quis
3102 1615 3320 1677 credidit
3359 1617 3568 1677 auditui

1995 1705 2220 1760 nostra!
2261 1704 2423 1772 Quis,
2461 1720 2563 1777 pro
2596 1720 2721 1763 raro
2748 1705 2957 1761 dictum
2986 1713 3107 1772 .est,
3142 1707 3354 1767 videtur
3383 1716 3563 1765 tamen

1994 1793 2161 1848 isaias
2197 1793 2314 1849 haec
2353 1809 2421 1853 ex
2458 1809 2689 1869 persona
2713 1791 3335 1864 Apostoli,prophetare,
3367 1797 3566 1866 quibus

313 1880 619 1941 Pcesumus
654 1880 732 1937 sic
766 1881 1102 1954 intelligere,
1145 1885 1274 1955 quia
1301 1885 1382 1943 vel
1424 1886 1598 1959 ipsum
1637 1885 1693 1940 in
1724 1900 1894 1966 carne
1919 1874 1967 1934 B
1990 1884 2258 1947 creditum
2285 1883 2460 1947 fuerat
2488 1884 2884 1953 prmdicationis
2907 1883 3172 1949 oﬁicium,
3215 1894 3271 1942 et
3306 1887 3407 1955 ipsi
3438 1903 3563 1951 cum

306 1972 590 2041 positum,
626 1971 711 2037 vel
736 1970 1023 2043 Apostolos
1046 1973 1170 2045 ejus
1198 1974 1555 2044 praedicantes
1591 1974 1659 2029 de
1690 1990 1759 2030 eo
1795 1990 1894 2035 au-

310 2063 444 2119 dire
469 2057 760 2117 noluerint.
820 2063 911 2118 Sic
956 2064 1098 2121 enim
1148 2074 1204 2120 et
1253 2065 1367 2135 ipse
1414 2064 1674 2125 Dominus
1724 2064 1892 2121 dicit:

312 2155 435 2221 Qui
459 2171 549 2209 uos
569 2155 743 2220 audit,
776 2171 861 2213 nte
886 2155 1059 2221 audit,
1089 2165 1138 2210 et
1163 2156 1253 2227 qui
1279 2173 1367 2215 vos
1390 2157 1611 2227 spernit,
1638 2172 1721 2211 me
1746 2172 1894 2226 sper-

314 2244 401 2298 nit
431 2243 580 2315 (Luc.
616 2243 695 2316 ι).
742 2242 930 2299 Potest
972 2252 1152 2301 autem
1200 2253 1256 2302 et
1287 2244 1398 2317 hoc
1436 2244 1704 2316 intelligi,
1752 2244 1897 2314 quod

308 2336 492 2393 etiam
518 2351 665 2393 nilne
696 2343 752 2391 et
778 2350 996 2410 semper
1018 2335 1268 2392 Christus
1300 2343 1557 2406 tauquam
1584 2337 1809 2393 verbum
1841 2343 1899 2395 et

314 2426 470 2483 ratio
492 2426 788 2497 unicuique
808 2426 1052 2498 loquitur
1079 2427 1133 2482 in
1159 2428 1352 2493 corde,
1382 2434 1439 2483 et
1471 2426 1538 2480 de
1571 2426 1773 2495 pietate
1799 2426 1896 2489 do-

310 2526 472 2584 seat.
500 2518 567 2582 de
588 2517 799 2590 justitia
824 2518 1067 2574 suadeat.
1106 2517 1185 2575 De
1211 2517 1487 2584 castitate,
1514 2516 1584 2573 de
1612 2515 1893 2587 pudicitia,

320 2618 387 2663 et
421 2607 486 2662 de
520 2608 770 2664 omnibus
796 2608 952 2662 simul
986 2608 1272 2670 virtutibus
1299 2615 1647 2678 protestetur,
1679 2608 1819 2667 sicut
1844 2613 1900 2662 et

322 2699 446 2770 ipse
468 2700 634 2756 dicit:
664 2699 802 2756 Oves
832 2717 957 2756 mea:
982 2716 1156 2763 vocent
1182 2716 1352 2755 meum
1382 2700 1625 2759 audiunt.

406 2790 676 2863 Quomodo
704 2800 878 2846 autem
904 2792 1116 2846 audient
1148 2791 1259 2851 sine
1292 2790 1660 2861 praedicante?
1702 2788 1761 2847 In
1796 2789 1900 2845 hoc

320 2882 508 2952 magis
528 2897 626 2952 per
650 2882 1055 2953 praedicandum
1086 2897 1391 2943 sermonem
1418 2881 1693 2941 Christum
1719 2890 1901 2937 osten-

318 2968 414 3024 dit
432 2971 655 3037 Audire,
691 2971 749 3033 in
777 2972 976 3043 Quibus
1001 2972 1296 3029 secundum
1327 2986 1391 3029 ea
1426 2987 1545 3043 qua:
1570 2987 1734 3033 Supra
1762 2972 1901 3031 dixi-

318 3073 454 3121 mus
477 3057 725 3124 Christus
742 3059 893 3137 loqui
923 3069 978 3119 et
1000 3060 1199 3123 docere
1226 3069 1582 3118 monstratur.

396 3148 679 3217 Quomodo
706 3167 829 3207 aera
862 3152 1221 3222 pmdicabunt
1252 3152 1353 3211 nisi
1380 3153 1701 3209 mittantur!
1752 3150 1901 3208 1)ὶῶ-

322 3236 510 3299 eultas
548 3240 681 3297 mihi
718 3240 779 3295 in
810 3242 922 3296 hoc
963 3256 1217 3298 sermone
1251 3243 1466 3299 videtur
1491 3259 1805 3315 exsurgere.
1838 3241 1897 3300 Si

319 3329 483 3389 .enim
524 3331 599 3393 ita
642 3331 1026 3403 intelligamus,
1070 3333 1212 3401 quod
1245 3341 1537 3403 propterea
1567 3349 1682 3389 non
1710 3334 1905 3404 prmdi-

323 3427 495 3486 cent,
531 3421 660 3495 quia
686 3437 797 3478 non
823 3422 1135 3489 mittantur,
1174 3422 1323 3478 nullo
1354 3433 1535 3485 autem
1575 3425 1904 3494 prtedicante

326 3526 442 3573 non
467 3511 717 3577 audient,
746 3528 854 3569 non
882 3514 1167 3569 credentes
1193 3520 1373 3569 autem
1405 3529 1513 3568 non
1543 3513 1866 3569 invocabunt
1884 3555 1900 3580 ,

334 3618 443 3658 non
483 3602 814 3669 invocantes,
855 3620 963 3660 non
1003 3604 1368 3660 salvahuutur.
1418 3603 1699 3675 Colligitur
1724 3620 1792 3660 ex
1820 3604 1907 3663 bis

334 3708 499 3761 causa
518 3734 534 3761 ,
578 3709 684 3765 qua
715 3709 822 3753 non
851 3702 979 3755 sunt
1006 3693 1197 3755 salvati
1217 3735 1233 3762 ,
1276 3695 1345 3751 ad
1372 3695 1559 3753 vitium
1597 3694 1783 3750 redeat
1809 3709 1907 3747 au-

328 3783 525 3848 ctoris,
565 3783 658 3852 qui
699 3799 807 3839 non
843 3784 1051 3841 miserit
1079 3786 1455 3854 prcedicantes.
1506 3784 1613 3845 Sed
1638 3785 1808 3855 magis
1838 3784 1907 3845 ad

329 3870 489 3937 illum
509 3887 609 3929 nos
623 3873 719 3942 qui
744 3875 1031 3931 rectiorem
1053 3874 1327 3945 itueliigen
1335 3875 1423 3940 tia:
1438 3875 1714 3935 tramitem
1738 3874 1908 3930 conti-

330 3970 434 4021 inet
469 3962 838 4023 deﬂectemus.
893 3966 962 4022 Et
996 3968 1148 4038 quod
1198 3967 1372 4023 dixit:
1417 3966 1692 4033 Quomodo
1732 3976 1907 4022 autem

336 4054 730 4135 praedicabunt,
769 4057 871 4111 nisi
902 4058 1202 4126 mittantur,
1252 4058 1333 4119 sic
1364 4058 1721 4130 accipiamus,
1752 4057 1909 4127 quasi

292 4204 299 4209 .
330 4145 485 4203 dicat
506 4146 825 4217 Apostolus:
854 4148 963 4205 Nos
982 4165 1281 4222 praxcones,
1302 4151 1688 4225 prmdimtores
1707 4149 1909 4206 Christi

296 4286 299 4289 λ
338 4248 447 4291 non
496 4251 788 4306 possumus
834 4239 1152 4310 prazdicare,
1202 4255 1309 4299 nec
1351 4240 1705 4303 annuntiandi
1753 4238 1910 4295 nobis

338 4323 514 4383 virtus
541 4325 650 4383 ulla
678 4327 1033 4396 subsisteret,
1077 4329 1180 4385 nisi
1211 4330 1427 4386 adesset
1467 4329 1621 4385 nobis
1665 4328 1779 4398 ipse
1817 4328 1909 4401 qui

339 4414 509 4469 misit.
546 4414 698 4482 Quod
726 4417 772 4471 si
802 4418 1221 4487 prvedicantibus
1256 4419 1414 4475 nobis
1440 4418 1631 4473 audire
1653 4433 1759 4481 non
1787 4415 1908 4472 vul-

1994 1975 2216 2030 raritate
2236 1976 2594 2038 credentium,
2618 1975 2882 2044 praecipue
2911 1976 2977 2031 de
3004 1977 3201 2046 populo
3226 1977 3389 2032 Israel
3416 1978 3563 2034 vide-

1996 2072 2154 2129 runt,
2199 2063 2440 2125 dicentes
2479 2064 2549 2119 ad
2578 2064 2906 2129 Dominum,
2936 2062 3171 2132 Domine,
3192 2067 3310 2137 quis
3348 2066 3567 2120 credidit

1994 2154 2200 2213 auditui
2230 2153 2444 2213 nostra?

2064 2245 2208 2316 Ergo
2241 2244 2373 2314 ﬁdes
2408 2260 2479 2303 eo
2517 2244 2725 2309 auditu,
2765 2244 2978 2305 auditus
3016 2255 3189 2309 atatem
3228 2264 3321 2318 per
3356 2247 3570 2302 verbum

1994 2335 2210 2397 Christi.
2248 2334 2346 2393 Hic
2371 2334 2594 2399 verbum
2619 2333 2820 2395 Christi
2849 2343 3015 2393 totam
3040 2335 3476 2406 prtedicationcm
3503 2336 3574 2392 de

1997 2426 2213 2487 Christo
2240 2426 2535 2499 signiﬁcat,
2571 2441 2747 2496 neque
2775 2426 2922 2488 enim
2952 2426 3028 2482 illi
3058 2427 3156 2487 soli
3187 2428 3571 2495 crediderunt,

1999 2520 2089 2590 qui
2116 2518 2341 2585 verbum
2368 2518 2437 2579 ab
2462 2518 2583 2586 ipso
2618 2516 2847 2577 Domino
2887 2518 3207 2583 audierunt,
3260 2517 3356 2577 sed
3400 2518 3571 2577 multo

1997 2609 2181 2681 plures
2207 2615 2362 2673 sunt,
2391 2607 2482 2678 qui
2504 2606 2631 2665 aliis
2656 2620 2781 2667 eum
2806 2606 3231 2677 praedicantibus
3257 2607 3569 2673 audierunt,

1997 2699 2140 2759 sicut
2177 2698 2295 2769 ipse
2330 2695 2593 2759 Dominus
2626 2695 2702 2750 ait
2735 2711 2750 2748 :
2790 2693 2945 2750 Beati
2981 2695 3071 2766 qui
3108 2711 3212 2749 non
3251 2694 3488 2749 viderunt
3523 2704 3570 2748 et

1986 2789 2352 2849 crediderant.
2398 2786 2570 2848 Omne
2597 2801 2728 2857 ergo
2756 2786 2980 2845 verbum
3010 2786 3154 2856 quod
3183 2785 3409 2856 apostoli
3442 2794 3497 2839 et
3522 2785 3570 2840 si

1994 2883 2097 2955 qui
2135 2881 2229 2937 alii
2266 2881 2336 2941 de
2369 2879 2589 2939 Christe
2620 2876 3097 2948 praedicaverunt,
3145 2876 3236 2940 hic
3281 2874 3571 2947 Apostolus

1999 2976 2225 3039 verbum
2246 2971 2452 3029 Christi
2481 2985 2601 3026 esse
2620 2968 2965 3038 pronuntiat,

2073 3065 2179 3131 Sed
2217 3065 2380 3124 dico:
2426 3061 2681 3133 Nunquid
2710 3075 2815 3119 non
2853 3056 3178 3115 audierunt?
3225 3055 3480 3128 Equidem
3516 3056 3571 3111 in

2002 3172 2208 3215 omnem
2244 3162 2442 3211 terram
2479 3151 2604 3213 exiit
2640 3165 2797 3209 sonus
2832 3162 3045 3213 eorum,
3088 3154 3134 3200 et
3174 3145 3229 3199 in
3263 3144 3394 3213 ﬁnes
3433 3142 3572 3197 orbis

2000 3258 2159 3309 terra:
2183 3244 2337 3300 verba
2362 3259 2561 3298 eorum.
2590 3240 2706 3297 Hoc
2731 3240 2795 3296 de
2815 3237 3032 3295 Psalmo
3055 3243 3327 3307 sumptum
3352 3242 3456 3300 est,
3481 3234 3570 3289 ubi

2004 3338 2119 3395 ait:
2155 3334 2278 3391 Non
2306 3342 2425 3391 sunt
2454 3330 2670 3402 loquelis
2700 3344 2862 3400 neque
2882 3342 3182 3391 sermones,
3219 3340 3440 3396 quorum
3471 3340 3574 3378 non

2003 3427 2292 3485 audiantur
2319 3438 2461 3479 voces
2502 3408 2682 3479 comm
2710 3415 2882 3490 (Psal.
2913 3418 3164 3490 xvtn),in
3192 3430 3298 3484 quo
3334 3429 3435 3486 pro
3472 3413 3572 3467 lin-

2003 3529 2231 3587 parum
2274 3521 2329 3567 et
2373 3523 2680 3569 sermonum
2714 3506 2978 3569 varietate
3016 3512 3207 3575 gentes
3249 3503 3366 3558 sine
3407 3502 3570 3557 dubio

2006 3604 2400 3673 intelliguntur.
2446 3601 2515 3656 Et
2540 3597 2870 3665 notandum,
2912 3595 3140 3667 quodin
3180 3602 3383 3650 terram
3413 3607 3568 3648 sonus

2006 3692 2219 3757 exierit,
2246 3699 2303 3745 et
2343 3692 2401 3745 in
2423 3690 2559 3745 lines
2582 3688 2730 3743 orbis
2752 3695 2932 3753 terra,
2954 3701 3062 3743 non
3089 3700 3277 3750 sonus,
3300 3683 3395 3740 sed
3417 3682 3574 3738 verba

2002 3780 2368 3854 pervenerint.
2414 3778 2583 3837 Terra
2624 3791 2858 3847 namque
2904 3776 3007 3831 hoc
3059 3775 3176 3831 loco
3213 3774 3491 3845 imperitos
3524 3782 3574 3828 ct

2006 3870 2321 3933 indoeibiles
2360 3868 2613 3931 homines
2653 3866 2814 3932 dicit,
2855 3865 2924 3921 ad
2962 3880 3099 3936 quos
3139 3879 3244 3919 non
3284 3864 3478 3929 verba,
3523 3864 3576 3917 in

2007 3960 2202 4030 quibus
2224 3959 2362 4021 ratio
2386 3957 2508 4017 ﬁdei
2535 3956 2843 4029 contipetur
2867 3964 2922 4010 et
2947 3953 3255 4025 explanatio
3281 3953 3575 4021 sapientiae,

2000 4046 2101 4109 sed
2143 4063 2309 4107 sonus
2354 4044 2476 4099 ﬁdei
2525 4061 2648 4103 cum
2683 4052 2883 4111 manet,
2924 4042 3154 4111 simplici
3199 4039 3577 4112 prmdicatione

2006 4139 2334 4215 pervenerit.
2378 4136 2567 4190 Finem
2593 4150 2722 4195 vero
2751 4134 2898 4195 orbis
2932 4140 3222 4195 terrarum,
3255 4129 3578 4184 eruditiores

2008 4243 2251 4298 quosque
2300 4234 2354 4280 et
2398 4224 2778 4295 prudentiores
2819 4219 3186 4292 appellaverit.
3243 4217 3393 4275 Finis
3431 4218 3576 4281 enim

2002 4316 2397 4393 perfectionem
2426 4316 2630 4370 indicat
2660 4328 2860 4367 rerum.
2909 4309 2989 4364 Ad
3023 4310 3123 4363 hos
3149 4322 3277 4380 ergo
3304 4307 3436 4362 tales
3470 4324 3576 4366 non

2004 4408 2185 4474 solum
2210 4422 2393 4477 voces,
2422 4405 2521 4471 sed
2548 4401 2711 4457 verba
2741 4408 2796 4457 et
2822 4398 3088 4460 rationem
3117 4397 3428 4475 pervenisse
3456 4411 3578 4469 pro-

342 4505 433 4572 tis,
457 4516 641 4563 vestra
660 4505 772 4576 jam
800 4508 953 4579 culpa
975 4518 1080 4575 est,
1101 4509 1203 4565 etsi
1227 4510 1506 4567 audientes
1531 4524 1635 4564 non
1664 4506 1905 4572 creditis,
1934 4550 1988 4608 Β
2013 4498 2245 4561 nuntiat-

341 4605 535 4655 etnon
569 4600 855 4659 credentes
883 4616 989 4656 non
1017 4600 1308 4667 invocatis,
1354 4608 1410 4656 et
1448 4616 1557 4658 non
1599 4599 1914 4659 invocantes

339 4688 480 4747 salvi
518 4704 642 4745 esse
682 4691 942 4763 nequitis,
980 4690 1109 4761 quia
1143 4705 1271 4761 ergo
1312 4690 1463 4749 missi
1501 4698 1632 4751 sunt
1669 4691 1737 4745 ad
1772 4706 1915 4765 pra:-

343 4780 702 4851 dicatiouem,
736 4780 948 4841 idcirco
976 4778 1043 4836 de
1068 4780 1156 4838 bis
1182 4780 1274 4857 qui
1300 4780 1369 4836 ab
1390 4780 1513 4853 ipso
1553 4779 1706 4843 missi
1750 4787 1909 4844 sunt,

345 4873 605 4942 scriptum
630 4881 755 4936 est:

419 4962 592 5029 Quam
606 4962 828 5033 speciosi
847 4961 999 5031 pedes
1018 4957 1482 5030 euangelizandum
1503 4957 1655 5015 bona.
1680 4957 1764 5019 Illi
1787 4966 1913 5015 sunt

348 5054 532 5117 decori
564 5061 621 5108 et
645 5052 874 5124 speciosi
906 5052 1098 5119 pedes,
1127 5048 1220 5120 qui
1247 5048 1621 5119 perambulant
1644 5063 1741 5119 per
1764 5049 1907 5105 viam

346 5146 494 5201 vitat.
526 5143 837 5201 Secundum
865 5142 1008 5197 enim
1034 5139 1181 5201 illum
1208 5138 1298 5208 qui
1326 5138 1489 5199 dixit:
1517 5138 1629 5209 Ego
1655 5156 1772 5197 sum
1799 5138 1907 5207 via,

344 5236 585 5306 intellige
602 5234 831 5290 decoros
851 5240 905 5291 et
923 5231 1196 5302 speciosus
1214 5228 1709 5299 evangelizantibus
1724 5229 1907 5299 pedes,

342 5324 435 5396 qui
478 5339 579 5397 per
620 5323 781 5383 talem
818 5321 960 5381 viam
1007 5327 1282 5379 merentur
1322 5318 1571 5373 incedere
1609 5316 1905 5389 (Isai.t.u).

338 5415 431 5478 lsti
462 5420 592 5473 sunt
619 5414 806 5487 pedes,
846 5412 1042 5481 quibus
1072 5417 1129 5464 et
1154 5424 1377 5465 cursum
1408 5408 1717 5469 cucurrisse
1742 5408 1902 5474 dicit,

329 5514 395 5566 .ct
412 5506 495 5561 sic
514 5519 738 5561 currere
762 5512 820 5560 ut
843 5501 1283 5572 comprehendat,
1319 5498 1374 5559 id
1394 5506 1496 5564 est,
1520 5498 1670 5569 vigor
1689 5497 1902 5564 animm,

338 5610 448 5672 quo
480 5594 720 5653 tenditur
748 5601 803 5647 ct
827 5598 1163 5663 praeparatur
1191 5589 1257 5644 ad
1287 5586 1502 5643 ctelum.
1533 5585 1787 5642 Gratilice
1811 5602 1905 5641 au—

339 5692 447 5740 tem
474 5684 641 5759 pedes
678 5683 813 5738 istos
848 5697 967 5738 esse
1002 5680 1265 5745 ﬁrmabis,
1292 5695 1427 5750 quos
1451 5676 1607 5734 Jcsus
1632 5677 1907 5747 discipulis

339 5768 504 5843 lavat,
542 5783 599 5839 et
624 5774 801 5837 linteo
830 5788 937 5844 quo
976 5772 1302 5843 praecinctus
1331 5780 1412 5843 est
1443 5770 1619 5842 tergit.
1654 5768 1906 5836 Quamvis

2326 4598 2659 4640 EVANGELIUI
2698 4597 2988 4653 IATTILEI,
3025 4597 3141 4639 CAP.-
3178 4595 3251 4634 IV.

2080 4700 2108 4735 α
2138 4679 2435 4739 Ambulans
2466 4685 2646 4735 autem
2676 4674 2835 4732 Jesus
2856 4675 3008 4747 juxta
3038 4688 3187 4729 mare
3213 4671 3471 4737 Galilaeae,
3500 4672 3584 4727 vi-

2020 4793 2039 4826 ι
2071 4773 2151 4829 dit
2178 4772 2313 4833 duos
2338 4768 2556 4835 fratres,
2586 4768 2860 4823 Simonem
2877 4807 2894 4834 ,
2926 4767 3017 4837 qui
3042 4773 3264 4820 vocatur
3284 4765 3499 4833 Petrus,
3525 4776 3590 4822 et

2018 4882 2038 4917 ‹
2069 4863 2339 4925 Andream
2381 4858 2604 4915 fratrem
2644 4855 2793 4925 ejus,
2838 4857 3115 4912 mittentes
3160 4864 3271 4911 rete
3314 4855 3367 4909 in
3407 4872 3585 4922 mare,

2020 4970 2039 5004 ι
2071 4957 2230 5005 erant
2248 4950 2392 5015 enim
2413 4948 2731 5021 piscatores.
2769 4945 2836 4999 Et
2854 4944 2928 4997 ait
2953 4942 3082 4998 illis:
3113 4940 3304 4997 Venite
3327 4952 3447 5015 post
3472 4960 3584 5007 me,

2021 5060 2040 5094 ι
2074 5049 2131 5096 et
2171 5039 2367 5094 faciam
2408 5052 2505 5093 vos
2552 5034 2669 5089 ﬁeri
2715 5034 3012 5107 piscatores
3057 5031 3353 5093 hominum.
3404 5031 3474 5086 At
3506 5033 3581 5087 illi

2020 5151 2039 5185 ‹
2073 5130 2329 5187 continuo
2356 5127 2560 5182 relictis
2584 5124 2810 5189 retibus,
2843 5121 3013 5181 secuti
3038 5129 3167 5177 sunt
3189 5137 3331 5186 eum.
3369 5121 3435 5177 Et
3458 5139 3581 5192 pri»

2019 5242 2037 5276 ε
2069 5222 2264 5278 cedens
2310 5218 2438 5283 inde
2483 5217 2622 5274 vidit
2673 5216 2810 5270 alios
2857 5214 2992 5269 duos
3038 5212 3271 5281 fratres,
3321 5213 3580 5284 Jacobum

2018 5333 2037 5366 ι
2068 5313 2316 5369 Zehedrei
2355 5321 2412 5367 et
2447 5308 2710 5365 Joannem
2742 5306 2968 5367 fratrem
3001 5305 3117 5377 ejus
3161 5308 3214 5363 in
3256 5308 3414 5375 navi,
3456 5323 3579 5363 crun

2017 5421 2038 5457 α
2070 5402 2328 5458 Ζεὺεάωο
2353 5409 2505 5471 patre
2532 5413 2741 5465 eorum,
2772 5395 3075 5457 reﬁcientes
3103 5398 3236 5461 retia
3263 5412 3381 5461 sua,
3411 5403 3465 5450 et
3490 5411 3582 5449 vo-

2017 5515 2038 5549 (
2071 5496 2215 5552 cavit
2234 5511 2345 5552 eos.
2374 5494 2451 5548 Illi
2474 5502 2654 5547 autem
2678 5492 2862 5553 statim
2884 5492 3086 5549 relictis
3107 5492 3311 5546 retibus
3330 5498 3383 5543 et
3398 5497 3578 5560 patre,

2017 5605 2036 5637 ι
2071 5585 2244 5642 secuti
2274 5591 2402 5642 sunt
2428 5598 2572 5638 cum.
2607 5601 2628 5637 ο

2085 5677 2368 5733 Ambulans
2405 5687 2577 5733 autem
2614 5673 2771 5731 Iesus
2804 5673 2963 5745 juxta
3004 5686 3148 5725 mare
3184 5666 3441 5725 Galilwa’.
3475 5670 3576 5742 (Ex

2018 5766 2326 5842 Eucherio.)
2347 5766 2454 5822 [loc
2474 5781 2621 5821 mare
2641 5771 2860 5835 propter
2880 5769 3054 5823 terras
3073 5756 3381 5829 adjaceutes
3397 5761 3586 5818 multis
