3936 6202
389 410 487 468 Sil

1666 396 1945 455 SMARAG
1954 396 2021 452 Di
2058 395 2348 453 ABBATIS

3533 382 3635 440 ειε-

389 533 616 584 vocatur
637 520 961 584 nominibus,
986 517 1038 572 id
1065 524 1147 571 est
1176 530 1322 570 mare
1347 513 1600 576 Galilzcm,
1626 513 1775 566 lacus
1797 510 1957 566 Cina-
1986 507 2031 566 Α
2057 514 2291 576 quatuor
2332 504 2722 577 principalibus
2769 500 3043 573 intelligen
3064 500 3115 554 la
3165 504 3292 555 sunt
3324 495 3619 553 virtutibus.

290 660 294 665 .
392 616 538 683 rcth,
565 623 810 684 stagnum
855 610 1117 672 Genesar,
1159 622 1311 660 mare
1339 603 1662 668 Tiberiadis,
1694 602 1845 657 lacus
1871 616 1953 656 sa-

391 706 644 767 linarum,
671 711 725 757 et
752 701 850 755 rel.

463 793 607 849 Vidit
628 794 761 847 duo:
780 792 992 862 fratres,
1007 789 1272 845 Simonem
1290 787 1380 859 qui
1400 794 1615 843 vocatur
1627 782 1837 846 Petrus,
1851 793 1957 839 etc.

376 888 560 948 Quare
590 884 890 958 piscatores
908 881 1208 936 vocantur?
1237 897 1305 935 ne
1329 879 1452 951 quis
1477 879 1796 941 aestimaret,
1818 876 1963 947 quod

392 992 493 1048 per
516 976 874 1045 eloquentiam
897 973 1311 1045 przedicatorum
1340 986 1518 1027 sermo
1542 969 1636 1025 Dei
1665 970 1826 1024 latius
1847 966 1965 1024 exi-

395 1075 500 1123 ret.
531 1066 649 1123 Non
673 1064 766 1122 ﬁlii
788 1080 996 1138 regum,
1019 1080 1125 1119 non
1147 1064 1337 1121 scribae
1355 1064 1533 1136 primo
1554 1063 1732 1119 vocati
1758 1075 1965 1117 memo-

394 1167 603 1222 rantur,
633 1158 725 1213 sed
755 1158 1081 1229 piscatores."
1180 1226 1186 1232 ⁸

466 1245 573 1318 (Ea:
604 1246 844 1318 Hieron.)
879 1246 1185 1301 Piscatores
1214 1252 1267 1299 et
1297 1243 1558 1299 illitterati
1582 1240 1873 1296 mittuntur
1893 1238 1963 1292 ad

391 1337 813 1408 przedicandum,
845 1352 914 1392 ne
936 1336 1076 1403 ﬁdes
1105 1335 1460 1397 credentium,
1481 1347 1590 1386 non
1615 1331 1813 1385 virtute
1839 1327 1961 1393 Dei,

394 1427 487 1484 sed
515 1426 815 1496 eloquentia
844 1434 1007 1495 atque
1031 1424 1275 1479 doctrina
1302 1422 1419 1476 ﬁeri
1446 1427 1751 1491 putaretur.

467 1517 574 1582 (Ex
613 1517 793 1588 Fulg.)
846 1517 959 1570 Bini
990 1524 1271 1578 vocantur,
1320 1514 1540 1582 binique
1587 1512 1875 1564 mittuntur
1911 1510 1967 1560 et

397 1617 520 1680 apte
542 1627 555 1640 ·
593 1606 682 1664 Va:
710 1609 851 1665 enim
871 1649 884 1672 ,
920 1606 998 1661 ait
1024 1606 1321 1676 scriptura,
1354 1603 1484 1668 soli,
1514 1602 1641 1671 quia
1670 1614 1790 1653 cum
1823 1596 1966 1651 ceci-

398 1678 559 1769 derit,
587 1718 692 1758 non
721 1702 880 1755 habet
911 1697 1301 1753 sublevantem.
1333 1695 1465 1748 Bina
1491 1692 1689 1748 etcnim
1721 1678 1977 1744 doctrina'

396 1804 518 1858 est,
573 1793 785 1848 dilectio
829 1791 925 1845 Dei
975 1798 1031 1844 et
1080 1788 1294 1844 dilectio
1340 1786 1613 1856 proximi,
1666 1798 1770 1853 qua
1818 1779 1961 1850 pleni

394 1884 595 1938 bonum
647 1883 1050 1937 Testamentum
1092 1878 1407 1948 praedicant,
1458 1876 1510 1930 id
1551 1883 1665 1939 est,
1716 1871 1874 1942 chis
1913 1877 1967 1925 et

396 1970 690 2043 Evangelii.

470 2060 637 2118 Erant
668 2065 803 2118 enim
831 2064 1139 2134 piscatores,
1169 2070 1217 2115 et
1247 2061 1322 2114 ait
1349 2058 1476 2122 illis,
1503 2066 1610 2112 etc.
1661 2054 1761 2126 (Ex
1789 2051 1966 2125 Orig.)

397 2154 526 2211 Mihi
572 2157 788 2211 videtur
833 2170 939 2209 non
1007 2154 1228 2209 fortuitu
1279 2151 1610 2221 contigisse,
1666 2158 1727 2201 ut
1770 2145 1968 2201 Petrus

396 2249 613 2318 quidem
653 2256 708 2304 et
738 2247 979 2302 Andreas
1018 2254 1075 2301 et
1117 2245 1208 2299 ﬁlii
1237 2243 1479 2299 Zcbedaei
1516 2249 1634 2296 arte
1668 2240 1969 2312 piscatores

397 2338 792 2393 invenirentur.
845 2335 1043 2390 Paulus
1070 2350 1202 2389 vero
1244 2340 1362 2387 arte
1404 2331 1558 2385 faber
1595 2327 1971 2383 tabernaculo-

399 2443 553 2492 rum,
598 2434 653 2481 et
693 2426 766 2481 illi
797 2426 973 2481 vocati
1015 2426 1083 2479 ab
1123 2433 1240 2478 arte
1279 2421 1663 2491 capiendorum
1702 2418 1965 2490 piscium,

396 2525 675 2573 mutantur
702 2524 757 2570 et
785 2514 919 2569 ﬁunt
946 2514 1246 2584 piscatores
1273 2510 1583 2573 hominum,
1614 2508 1828 2564 dicente
1855 2506 1965 2561 Do-

397 2606 581 2662 mino:
614 2603 794 2659 Venite
821 2613 935 2674 post
963 2620 1064 2669 me,
1108 2602 1302 2673 faciam
1345 2616 1432 2655 vos
1470 2599 1757 2670 piscatores
1792 2597 1964 2652 homi-

397 2713 542 2763 num,
573 2713 680 2752 non
706 2695 948 2760 dubium,
985 2695 1114 2764 quin
1143 2702 1199 2748 ct
1223 2691 1445 2758 Paulus,
1480 2689 1608 2761 quia
1638 2699 1694 2744 et
1721 2688 1837 2758 ipse
1867 2700 1967 2758 per

1996 1842 2044 1902 B

2060 601 2211 655 Tunc
2236 601 2383 655 enim
2412 597 2782 667 unusquisque
2811 593 3068 649 obediens
3092 599 3209 654 est,
3249 603 3374 645 cum
3402 588 3632 658 pruden-

2062 692 2188 747 tiam
2218 689 2542 763 agnoscendi
2569 694 2794 758 peccata
2828 682 3099 741 habuerit.
3150 680 3305 735 Tunc
3338 678 3515 734 virilis
3552 688 3634 735 est

2061 798 2183 839 cum
2214 782 2627 853 temperantiam
2669 778 2968 836 sustinendi
2999 777 3240 832 laborem
3268 772 3630 844 apprehende-

2063 876 2153 929 rit.
2205 874 2357 928 Tunc
2394 873 2792 943 supplantator,
2831 884 2956 925 cum
2986 866 3359 923 fortitudinem
3386 862 3628 918 vincendi

2061 966 2190 1020 vitia
2216 966 2499 1035 receperit.
2533 963 2687 1018 Tunc
2708 962 2801 1017 Dei
2824 960 2998 1033 gratia
3017 973 3140 1015 cum
3162 971 3347 1012 veram
3371 954 3631 1025 justitiam
3686 994 3689 995 γ

2063 1055 2318 1126 implendi
2347 1055 2598 1108 mandata
2628 1051 2914 1107 invenerit.

2264 1178 2823 1258 INCIPIUNT
2893 1171 3461 1255 LECTIONES

2314 1317 2495 1375 ςΡΕιι
2545 1312 2988 1374 ADVENTUM
3031 1306 3345 1371 DOMINI.

2152 1432 2563 1490 IIEBDOMADA
2599 1432 2668 1487 Ν
2699 1430 2885 1487 ANTE
2923 1426 3250 1484 NATALEM
3286 1423 3549 1490 DOMINI,

2724 1542 2829 1598 ho'c
2862 1547 2974 1606 est,

2347 1654 2557 1711 PRIMA
2599 1651 2924 1711 DOMINICA
2957 1647 3352 1713 ADVENTUS,

2561 1783 2630 1823 AD
2666 1781 2830 1830 Βοίο,
2867 1780 2987 1820 CAP.
3021 1777 3143 1818 XIII.

2150 1897 2168 1929 ι
2201 1877 2445 1933 Scientes
2472 1876 2597 1947 quia
2631 1877 2765 1932 hora
2804 1883 2890 1931 est
2925 1871 3039 1943 jam
3078 1885 3180 1928 nos
3207 1870 3277 1929 de
3301 1884 3491 1927 somno
3517 1885 3635 1926 sur-

2075 1989 2095 2022 ι
2127 1984 2272 2042 gere.
2308 1967 2461 2025 Nunc
2489 1976 2669 2024 autem
2708 1967 2930 2039 propior
2955 1974 3041 2022 est
3078 1973 3267 2022 nostra
3300 1963 3446 2019 salus
3474 1978 3636 2033 quam

2075 2079 2094 2113 ι
2127 2075 2250 2116 cum
2281 2059 2629 2115 credidimus.
2686 2057 2801 2112 Nox
2832 2055 3147 2128 przrcessit,
3195 2055 3312 2110 dies
3341 2062 3517 2109 autem
3546 2068 3638 2124 ap—

2075 2171 2094 2205 σ
2126 2152 2523 2223 propinquavit.
2557 2150 2889 2220 Alijiciamus
2927 2165 3055 2219 ergo
3089 2163 3252 2219 opera
3291 2146 3638 2202 tenebrarum

2074 2259 2094 2294 σ
2126 2248 2183 2297 ct
2210 2242 2498 2296 induamur
2523 2255 2669 2295 arma
2699 2240 2855 2303 lucis,
2894 2239 3036 2295 sicut
3063 2240 3117 2294 in
3145 2238 3230 2292 die
3267 2238 3495 2292 honeste
3526 2250 3640 2289 am-

2076 2351 2094 2383 ι
2128 2332 2393 2387 bulemus.
2448 2329 2566 2386 Non
2621 2330 2674 2385 in
2726 2328 3213 2386 comessationibus
3262 2334 3317 2382 et
3364 2325 3643 2380 ebrietati-

2074 2447 2093 2480 ς
2127 2428 2245 2481 bus.
2279 2424 2397 2481 Non
2425 2425 2479 2480 in
2509 2416 2778 2480 cubilibus
2800 2430 2854 2477 et
2881 2420 3246 2493 impudicitiis.
3283 2418 3401 2473 Non
3429 2418 3485 2472 in
3508 2431 3642 2472 con—

2074 2537 2093 2570 i
2131 2519 2375 2574 tentione
2404 2527 2461 2573 et
2486 2514 2859 2579 :emulatione,
2902 2513 2997 2569 sed
3036 2509 3321 2567 induimini
3352 2509 3638 2564 Dominum

2073 2627 2094 2661 ι
2126 2615 2370 2667 nostrum
2400 2606 2585 2662 Jesum
2612 2606 2907 2661 Christum.
2942 2623 2963 2656 ι

2139 2698 2374 2753 Scz'enm
2401 2698 2526 2768 quia
2564 2696 2695 2751 hora
2730 2704 2807 2750 est
2834 2695 2953 2765 jam
2982 2710 3077 2748 nos
3104 2691 3169 2747 de
3193 2706 3375 2747 somno
3408 2705 3639 2759 surge".

395 2784 682 2844 Dominum
714 2802 892 2842 meum
920 2785 1101 2843 Iesum
1128 2784 1400 2841 Christum
1427 2792 1650 2838 vocatus
1677 2778 1966 2853 Apostolus
2069 2786 2167 2859 (Ex
2195 2785 2369 2857 Orig.)
2415 2786 2554 2842 Sunt
2582 2785 2806 2850 animm,
2836 2784 3010 2848 oculi,
3046 2794 3238 2847 aures,
3280 2795 3506 2846 manus,
3550 2795 3643 2849 pe-

393 2888 497 2944 cst,
531 2877 695 2935 simili
724 2879 858 2933 artis
885 2893 996 2933 suae
1021 2875 1476 2932 transmutatione
1508 2881 1747 2929 mutatus
1775 2874 1868 2940 sit,
1904 2880 1967 2928 ut
2068 2878 2185 2943 des,
2212 2885 2319 2933 etc.
2370 2875 2502 2944 Quae
2536 2874 2748 2948 singula
2776 2890 2885 2931 non
2916 2875 3158 2929 membra
3188 2871 3518 2941 corporalia,
3551 2869 3641 2926 sed

394 2972 537 3027 sicut
570 2971 643 3027 illi
673 2985 740 3026 ex
774 2968 1136 3040 piscatoribus
1161 2967 1424 3038 piscium,
1464 2965 1759 3035 piscatores
1785 2963 1965 3019 homi-
2065 2968 2297 3024 virtutes
2346 2967 2580 3023 dicimus
2635 2981 2793 3033 esse,
2864 2965 3061 3035 quibus
3108 2965 3176 3020 ad
3222 2961 3643 3033 unumquodque

397 3080 524 3118 num
564 3062 691 3118 facti
731 3071 895 3123 sunt,
942 3061 1016 3114 ita
1064 3069 1121 3115 et
1166 3060 1268 3113 iste
1306 3056 1571 3113 faciendis
1599 3054 1965 3111 tabernaculis
2066 3074 2285 3115 movere
2310 3073 2446 3128 opus
2471 3066 2572 3112 est.
2624 3056 2768 3128 Ergo
2805 3056 3000 3112 anima:
3037 3069 3259 3111 soranus
3296 3053 3512 3123 quidem
3551 3067 3641 3108 se-

396 3153 645 3216 terrenis,
671 3152 737 3207 ad
767 3150 1004 3207 cmlestia
1034 3147 1379 3204 tabernacula
1405 3146 1763 3202 construenda
1787 3155 1965 3200 trans—
1989 3172 2035 3235 α
2066 3149 2300 3203 cundum
2325 3146 2508 3202 oculos
2534 3162 2680 3211 suos,
2695 3147 2740 3201 si
2766 3145 2910 3202 enim
2928 3161 3034 3200 non
3052 3145 3165 3217 agit
3187 3150 3431 3214 tempore
3452 3157 3642 3214 oppor-

392 3243 536 3296 latus
566 3243 653 3295 sit.
688 3240 964 3295 Construit
988 3239 1131 3294 enim
1161 3238 1400 3293 caelestia
1432 3234 1813 3300 tabernacula,
1862 3236 1958 3291 do-
2004 3234 2033 3235 "
2068 3248 2196 3294 tuno
2234 3252 2354 3308 quze
2395 3236 2491 3293 Dei
2536 3249 2693 3299 sunt,
2743 3237 2837 3293 scd
2876 3236 3077 3292 desidia
3110 3235 3397 3305 torpescit,
3444 3234 3647 3306 merito

396 3348 526 3388 cens
571 3343 1008 3399 unumquemque
1035 3329 1177 3383 viam
1207 3326 1426 3392 salutis,
1485 3334 1542 3382 et
1581 3327 1862 3381 heatarum
1904 3325 1960 3379 in
2063 3329 2303 3383 dormire
2325 3326 2557 3393 dicitur;
2586 3324 3642 3398 idcircoPaulusprtecoCbristicircum-

394 3420 706 3477 ccelcstibus
745 3419 1083 3474 mansionum
1125 3418 1232 3472 iter
1265 3418 1582 3482 ostendens,
1626 3415 1756 3472 facit
1782 3417 1963 3472 taber-

397 3510 585 3566 nacula
618 3507 813 3563 Paulus
838 3550 853 3573 ,
901 3516 957 3564 et
1003 3523 1123 3564 cum
1166 3508 1233 3563 ab
1270 3505 1604 3562 Hierusalem
1645 3506 1699 3562 in
1728 3505 1961 3562 circuitu

393 3616 565 3670 usque
595 3599 663 3653 ad
687 3598 953 3669 Illyricum
984 3597 1153 3669 replet
1176 3597 1522 3669 Evangelium
1546 3596 1664 3663 Dei,
1686 3595 1961 3652 Ecclesias

395 3685 776 3750 construendo,
807 3684 936 3740 facit
960 3692 1016 3740 et
1043 3686 1159 3757 ipse
1185 3686 1554 3741 tabernacula.

468 3777 536 3831 Et
573 3777 852 3848 procedens
889 3777 1031 3842 inde,
1057 3786 1161 3831 etc.
1201 3777 1301 3850 (Ex
1344 3777 1671 3850 Fulgentio.)
1717 3777 1960 3833 Primum

397 3867 543 3922 enim
582 3868 743 3922 homo
781 3867 916 3922 retia
952 3868 1201 3923 desiderii
1232 3869 1312 3923 sui
1342 3869 1507 3923 mittit
1541 3869 1595 3924 in
1624 3884 1774 3924 mare
1803 3868 1963 3938 hujus

396 3957 610 4023 smculi,
659 3966 720 4013 ut
753 3957 901 4013 velut
936 3958 1110 4028 pisces
1147 3974 1311 4029 opera
1357 3967 1571 4015 mortua
1609 3960 1819 4030 capiat,
1867 3961 1958 4016 sed

396 4047 818 4104 misericorditer
845 4048 1134 4104 adveniens
1158 4047 1428 4114 Christus,
1467 4065 1563 4120 per
1593 4051 1965 4119 compunctio—

395 4157 517 4196 nem
542 4141 707 4197 animi
736 4142 915 4214 priora
937 4148 1110 4198 mutat
1129 4141 1510 4208 instrumenta,
1531 4150 1593 4196 ut
1618 4143 1814 4197 iterum
1844 4151 1962 4198 rete

393 4231 517 4287 boni
537 4231 788 4288 desiderii
814 4233 865 4287 in
887 4232 1066 4288 saeculi
1086 4231 1483 4305 marejactans,
1504 4232 1677 4303 pisces
1694 4231 1961 4288 bonarum

392 4322 653 4377 virtutum
683 4323 805 4378 navi
834 4323 1016 4379 carnis
1045 4323 1111 4379 ad
1136 4332 1349 4392 portum
1377 4324 1502 4378 vitae
1538 4322 1760 4389 alferat,
1794 4323 1963 4380 relin-

338 4480 339 4485 η
394 4428 566 4482 quens
587 4412 868 4484 fugitivum
892 4415 1181 4479 diabolum,
1205 4416 1285 4471 sic
1312 4416 1455 4471 enim
1480 4416 1768 4472 Zebedzeus
1795 4417 1962 4472 inter—

391 4512 655 4571 pretatur.
688 4503 927 4572 Quatuor
950 4505 1312 4574 apostolorum
1339 4505 1557 4561 nomina
1581 4506 1714 4562 duos
1733 4505 1958 4577 populos

2065 3418 2182 3474 iens
2222 3419 2478 3474 mundum
2521 3418 2575 3472 in
2619 3434 2809 3474 somno
2834 3417 3054 3473 desidiae
3087 3416 3319 3488 positum
3361 3415 3641 3470 annuntiat

2065 3509 2384 3579 adessedam
2408 3509 2601 3573 lucem,
2625 3518 2682 3564 et
2705 3517 2915 3580 tempus
2937 3518 3000 3563 ut
3025 3515 3278 3579 iurgatur
3300 3522 3331 3561 a
3356 3520 3570 3573 somno,
3590 3512 3639 3562 et

2065 3606 2275 3671 tempus
2303 3599 2620 3672 ignorantiae
2645 3599 3007 3670 relinquatur.

2138 3689 2295 3745 Nunc
2342 3690 2477 3745 enim
2527 3691 2743 3760 propior
2782 3697 2858 3745 est
2906 3698 3085 3744 nostra
3128 3688 3274 3743 salus
3316 3703 3474 3759 quant
3522 3704 3639 3741 cum

2064 3783 2401 3837 credidimus.
2443 3773 2637 3837 Nostra
2662 3780 2833 3848 salus,
2854 3782 2908 3837 id
2927 3789 3029 3843 est,
3050 3781 3163 3835 vita
3188 3779 3365 3835 futura
3393 3779 3448 3834 in
3474 3779 3636 3842 emit),

2062 3887 2182 3943 qua:
2208 3871 2447 3941 quotidie
2476 3870 2869 3927 labescentibus
2897 3870 3087 3927 diebus
3123 3869 3546 3940 appropinquat,
3587 3856 3657 3923 et.

2063 3963 2235 4033 spatia
2274 3977 2394 4032 quae
2422 3962 2715 4033 praeteritis
2742 3970 3026 4031 augentur,
3072 3960 3272 4016 futuris
3314 3961 3432 4016 sine
3473 3962 3639 4016 dubio

2064 4050 2488 4114 imminuantur,
2544 4059 2602 4105 et
2642 4050 2764 4105 ideo
2806 4050 3026 4121 propior
3068 4049 3130 4105 ﬁt
3169 4050 3413 4121 quotidie
3453 4060 3637 4106 nostra

2061 4138 2231 4205 salus,
2262 4139 2315 4193 id
2344 4147 2450 4205 est,
2480 4139 2780 4209 redemptio
2806 4149 3019 4202 nostra,
3052 4155 3173 4210 qua:
3199 4149 3283 4196 est
3310 4141 3422 4196 vita
3448 4156 3640 4212 perpe—

2061 4237 2151 4284 tua
2172 4271 2187 4295 ,
2219 4245 2380 4299 quam
2409 4246 2531 4286 cum
2563 4231 2925 4297 credidimus,
2967 4232 3110 4287 unde
3143 4241 3197 4287 et
3227 4231 3486 4288 Dominus
3519 4235 3635 4288 ait:

2060 4318 2248 4375 Levate
2269 4321 2442 4390 capita
2468 4330 2655 4387 vestra,
2681 4321 2931 4392 quoniam
2956 4323 3333 4395 appropinquat
3358 4323 3636 4395 redemptio

2057 4420 2231 4465 uestra
2256 4408 2408 4481 (Luc.
2434 4410 2569 4481 xm).

2133 4500 2258 4555 No.1:
2282 4501 2568 4572 prwcessit,
2590 4501 2701 4555 dies
2729 4512 2902 4557 autent
2933 4503 3383 4576 appropinquavit.
3411 4503 3636 4560 Noctem

391 4590 718 4662 significant.
773 4591 960 4649 Simon
1007 4595 1152 4649 enim
1197 4595 1484 4659 obediens,
1534 4596 1728 4653 Petrus
1776 4606 1957 4654 autem
1981 4590 2032 4607 ν
2060 4592 2192 4648 dicit
2223 4600 2435 4662 tempus
2464 4592 2621 4659 illud,
2652 4608 2760 4663 quo
2797 4593 3101 4665 ignorantia
3127 4595 3436 4651 hominibus
3463 4596 3637 4652 domi-

394 4693 689 4748 agnoscens
721 4682 1123 4751 interpretatur,
1156 4684 1423 4754 signiﬁcat
1463 4686 1718 4756 populum
1748 4686 1960 4744 Judzeo-
2060 4689 2185 4735 Mla
2214 4689 2318 4737 εει·
2366 4681 2518 4736 Diem
2548 4698 2681 4738 vero
2710 4683 2954 4739 nominat
2982 4692 3194 4755 tempus
3224 4685 3385 4750 illud.
3417 4702 3524 4756 quo
3544 4685 3635 4757 iu-

395 4786 534 4836 rum,
558 4773 649 4841 qui
672 4773 821 4844 prius
842 4774 1080 4829 obedivit
1103 4777 1387 4846 praeceptis
1407 4776 1644 4843 Domini,
1666 4784 1720 4832 et
1742 4779 1962 4848 agnovit
2057 4770 2206 4825 stitia
2228 4771 2358 4827 solis
2383 4771 2679 4828 adventura
2710 4774 3147 4830 decrescentibus
3173 4777 3412 4832 tenebris
3434 4776 3634 4848 agnitio

392 4871 690 4918 creatorem
718 4880 891 4919 suum.
944 4864 1001 4920 ιιι
1031 4867 1237 4937 ipsum,
1278 4876 1334 4922 et
1357 4867 1620 4933 lacubus,
1661 4869 1752 4938 qui
1788 4869 1960 4926 inter-
2060 4862 2306 4919 veritatis
2335 4864 2572 4919 advenit.
2616 4864 2743 4920 Sive
2768 4882 2874 4921 uox
2901 4873 2986 4921 est
3012 4865 3322 4930 infidelitas,
3358 4866 3449 4923 lux
3477 4867 3629 4924 ﬁdes.

392 4960 638 5023 pretatur
662 4954 1051 5024 supplantator,
1094 4955 1382 5028 signiﬁcat.
1436 4958 1680 5014 Andreas
1712 4974 1841 5015 vero
1880 4961 1961 5015 in-

393 5052 723 5123 terpretatur
746 5046 937 5114 virilis,
977 5048 1242 5120 significat
1270 5050 1526 5121 populum
1563 5052 1832 5122 gentium,
1863 5054 1955 5124 qui

393 5136 448 5191 in
476 5136 580 5193 ﬁde
604 5138 804 5195 Christi
829 5140 1057 5197 viriliter
1082 5143 1210 5213 agit.
1245 5143 1479 5212 ldipsum
1507 5152 1562 5197 et
1586 5141 1841 5211 Joannes,
1864 5147 1957 5217 qui

392 5227 604 5283 Domini
639 5229 811 5301 gratia
850 5230 1234 5302 interpretatur
1259 5232 1544 5304 signiﬁcat.
1592 5232 1776 5289 Gratia
1811 5235 1957 5291 enim

390 5318 484 5375 Dei
511 5319 733 5377 salvata:
759 5329 885 5377 sunt
910 5331 1119 5394 gentes.
1170 5323 1309 5379 Nam
1353 5333 1409 5380 et
1447 5326 1563 5381 hinc
1601 5335 1837 5397 quatuor
1862 5344 1961 5383 no-

387 5411 531 5466 mina
559 5411 614 5466 in
639 5411 878 5467 moribus
897 5412 1314 5482 uniuscujusque
1335 5414 1568 5470 hominis
1590 5417 1955 5483 continentur,

386 5500 575 5559 Simon
608 5503 907 5559 obediendo
935 5503 1065 5569 Deo,
1093 5503 1284 5559 Petrus
1312 5507 1649 5576 agnoscendo
1674 5516 1955 5577 peccatum

386 5606 542 5648 suum
564 5634 580 5659 ,
622 5592 866 5650 Andreas
891 5593 1120 5649 viriliter
1154 5596 1468 5653 sustinendo
1506 5597 1738 5654 labores.
1790 5597 1957 5655 Iacob

389 5683 516 5738 vitia
536 5686 716 5742 carnis
732 5685 1143 5757 supplantando,
1164 5685 1399 5744 Joannes
1423 5689 1516 5743 Dei
1543 5690 1772 5760 gratiam
1791 5691 1959 5746 susci-

390 5770 583 5839 piendo
630 5773 912 5831 habentur.
978 5775 1103 5833 Sive
1152 5777 1265 5833 lucc
1314 5788 1546 5850 quatuor
1591 5779 1805 5835 nomina
1854 5796 1952 5850 pro

2060 4954 2187 5011 Sive
2214 4972 2318 5013 nox
2347 4972 2585 5028 praesens
2622 4960 2855 5015 mundus
2882 4975 3053 5030 usque
3091 4961 3159 5017 ad
3188 4960 3473 5030 judicium,
3514 4962 3634 5017 dies

2063 5058 2273 5120 tempus
2310 5059 2436 5121 post
2462 5049 2623 5107 ﬁnem
2655 5051 2857 5107 seculi.
2894 5051 3094 5107 Verum
3123 5052 3400 5108 sciendum
3426 5061 3509 5109 est
3534 5053 3633 5107 ad-

2059 5150 2278 5195 ventum
2298 5139 2434 5196 lucis
2452 5137 2629 5209 huius,
2646 5150 2703 5195 et
2717 5141 2823 5197 diei
2843 5141 3041 5211 duplici
3061 5143 3220 5199 modo
3236 5143 3628 5213 accipiendum.

2060 5228 2395 5284 Generaliter
2414 5230 2689 5297 omnibus,
2711 5240 2767 5285 et
2790 5232 3082 5302 unicuique
3106 5234 3436 5304 specialiter.
3464 5233 3635 5291 Gene-

2060 5320 2249 5376 raliter
2272 5337 2394 5376 cum
2432 5320 2548 5377 dies
2586 5320 2753 5377 futuri
2792 5324 2973 5379 sazculi
3014 5324 3331 5391 advenerit,
3375 5325 3442 5380 ad
3479 5324 3636 5397 cujus

2062 5414 2519 5483 comparationem
2544 5416 2832 5484 prmsentis
2864 5415 3024 5484 huius
3060 5418 3245 5473 mundi
3282 5419 3509 5489 spatium
3555 5425 3633 5471 te-

2063 5503 2243 5559 nebrae
2289 5504 2648 5574 appellantur.
2722 5504 3080 5578 Singulariter
3126 5508 3456 5578 unicuique,
3503 5522 3633 5561 cum

2062 5595 2310 5651 Christus
2335 5596 2390 5651 in
2415 5597 2578 5653 corde
2602 5605 2710 5661 est,
2734 5597 2874 5653 diem
2902 5597 2978 5652 illi
3005 5596 3157 5665 facit,
3183 5614 3305 5654 cum
3333 5596 3631 5670 ignorantia

2065 5688 2315 5743 tenebras
2340 5687 2417 5744 illi
2444 5696 2688 5760 generat.
2742 5736 2751 5741 .

2134 5777 2452 5851 Abjiciamas
2492 5795 2614 5850 ergo
2652 5796 2804 5850 opera
2846 5779 3206 5846 tenebrarum,
3255 5789 3303 5835 ct
3348 5778 3634 5835 induantur
