3932 6204
305 343 406 398 Sili

1110 334 1623 391 COI.I.ECTIONES
1660 336 1724 391 IN
1765 336 2146 394 EPISTOLAS
2185 340 2273 394 ET
2316 338 2728 395 EVANGELIA.

3445 347 3552 402 5H

299 468 451 506 arma
482 449 651 512 lueis,
689 447 822 502 sicut
862 447 916 499 in
954 446 1039 500 die
1075 447 1284 500 honeste
1320 448 1664 502 ambulemus.
1710 449 1884 518 Opera
1914 457 1964 514 Α
1991 450 2238 525 fessionis
2265 455 2511 523 portabat
2541 465 2721 525 typum
2745 495 2759 520 ,
2779 463 2974 510 cterat
2995 454 3131 510 situs
3161 455 3212 510 in
3243 468 3422 515 nionte
3451 461 3557 517 Oli-

304 541 653 596 tenebrarum
692 545 820 592 sunt
857 544 1012 590 actus
1053 537 1162 599 illi,
1204 537 1295 605 qui
1329 555 1358 590 a
1388 537 1498 591 Deo
1535 537 1694 592 alieni
1725 549 1884 606 sunt,

301 646 426 700 qua:
460 629 644 686 carnis
684 642 849 696 opera
897 627 1256 696 appellantur,
1305 627 1356 680 in
1401 627 1486 680 his
1529 626 1619 694 qui
1665 643 1887 682 carnem

301 736 458 773 suam
489 719 717 772 luxuriae
749 726 804 772 et
834 716 1212 785 impudicitiae,
1244 732 1348 769 non
1378 717 1685 782 sanctitati,
1714 734 1888 786 neque

307 811 535 864 Domino
557 809 956 878 manciparunt.
986 808 1150 862 Arma
1173 823 1302 862 vero
1322 807 1478 871 lucis,
1502 817 1626 864 sunt
1643 811 1884 864 omnium

300 883 603 970 assumptio
632 901 891 954 virtutum
911 939 926 963 ,
969 899 1025 952 in
1051 899 1249 967 quibus
1275 900 1429 968 quasi
1461 900 1514 952 in
1547 901 1634 955 die
1665 901 1888 956 honeste

300 1001 358 1047 et
392 992 732 1047 conﬁdenter
756 989 1114 1044 ambulamus.

379 1081 504 1135 Non
551 1082 607 1135 in
650 1079 1114 1134 comessationibus
1163 1087 1211 1132 et
1267 1079 1625 1133 ebrietatibus.
1675 1081 1890 1136 Comes-

299 1174 449 1228 satio
509 1187 710 1227 mensa:
761 1171 980 1227 collatio
1028 1178 1130 1224 est.
1186 1169 1311 1224 Sive
1350 1172 1772 1227 comessationes
1811 1173 1889 1226 di-

300 1273 507 1316 cuntur
529 1262 812 1315 inhonesta
837 1268 890 1313 et
911 1259 1188 1314 luxuriosa
1210 1259 1475 1324 convivia,
1493 1262 1689 1328 quibus
1710 1277 1890 1316 eomes

300 1361 394 1406 est
425 1351 736 1421 turpissima
767 1349 1106 1404 temulentia.

384 1440 510 1494 Non
536 1441 590 1492 in
615 1438 872 1492 cubilibus
895 1448 942 1492 et
966 1438 1326 1509 impudicitiis.
1355 1439 1400 1492 Α
1427 1440 1586 1496 {mdis
1606 1442 1890 1496 cubitatio—

303 1530 473 1584 nibus
500 1529 696 1583 cubilia
726 1528 991 1598 appellata
1019 1535 1176 1592 sunt,
1229 1543 1348 1596 qua:
1386 1545 1490 1583 non
1517 1539 1624 1584 tam
1657 1532 1891 1586 rationa-

303 1620 513 1674 bilibus
559 1618 846 1672 videantur
893 1617 1222 1675 hominibus.
1266 1632 1429 1685 quam
1456 1617 1583 1673 ieris
1615 1628 1669 1673 et
1699 1620 1892 1674 helluis

302 1707 624 1764 convenire.
661 1706 1000 1776 impudicitia
1028 1707 1227 1762 dicitur
1253 1707 1623 1777 irreligiositas
1643 1749 1658 1774 ,
1695 1719 1749 1764 et
1774 1710 1891 1765 sine

302 1797 642 1854 verecundia
670 1797 963 1866 turpitudo.

385 1887 516 1942 Non
545 1889 600 1942 in
633 1889 959 1942 contentione
1005 1900 1054 1943 et
1085 1891 1438 1946 a'mulatione.
1471 1895 1561 1948 Illa
1590 1911 1711 1964 qua:
1738 1911 1896 1966 snpe-

304 1978 431 2034 rius
454 1979 590 2033 dixit
613 1979 795 2034 carnis
815 1986 941 2034 sunt
959 1980 1090 2034 vitia
1110 2022 1125 2046 ,
1155 1983 1271 2037 hcce
1297 1999 1426 2038 vero
1455 1988 1645 2041 anima:
1662 2027 1678 2050 ,
1708 2003 1897 2056 quam-

302 2074 398 2128 vis
411 2073 594 2127 omnia
609 2074 769 2128 simul
791 2073 972 2128 carnis
987 2090 1146 2144 opera
1172 2083 1227 2128 et
1253 2078 1598 2131 tenebrarum
1621 2079 1890 2142 dicantur,

303 2163 444 2231 quia
488 2176 676 2216 revera
715 2162 990 2216 contentio
1027 2173 1083 2218 et
1115 2163 1391 2218 mmulatio
1418 2165 1472 2218 in
1519 2166 1674 2220 malis
1709 2182 1896 2222 eorum

303 2260 419 2316 est,
453 2252 545 2320 qui
576 2252 867 2306 secundum
891 2267 1111 2306 carnem
1133 2252 1341 2317 vivunt,
1371 2263 1425 2308 et
1451 2255 1541 2323 qui
1573 2255 1628 2308 in
1659 2257 1895 2310 tenebris

307 2343 631 2409 ambulant;
663 2344 754 2413 qui
785 2353 963 2398 autem
991 2345 1045 2398 in
1070 2344 1190 2401 luce
1218 2354 1323 2409 est,
1350 2354 1405 2400 et
1438 2347 1577 2400 sicut
1608 2348 1659 2400 in
1687 2348 1774 2401 die
1801 2349 1896 2401 ho-

305 2443 471 2488 neste
502 2435 777 2500 ambulat,
823 2435 956 2490 nihil
1002 2451 1100 2506 per
1136 2439 1568 2503 contentionem,
1604 2454 1776 2508 neque
1801 2453 1898 2508 per

307 2527 536 2580 inanem
561 2525 784 2595 gloriam
819 2527 991 2597 gerit,
1044 2529 1131 2584 hic
1164 2529 1432 2584 temulatio
1467 2530 1758 2584 invidentia
1810 2530 1895 2584 in-

313 2616 602 2684 telligitur.
695 2661 716 2676 ,

387 2705 496 2760 Sed
540 2707 820 2762 induimini
858 2709 1141 2764 Dominum
1173 2710 1356 2766 Iesum
1392 2712 1674 2768 Christum.
1741 2713 1896 2768 Modo

306 2798 561 2867 exponit,
592 2799 734 2868 quod
757 2801 1002 2870 superius
1042 2801 1200 2868 dixit,
1230 2804 1516 2859 induamus
1554 2821 1703 2860 arma
1739 2806 1891 2859 lucis.

309 2887 572 2942 Christus
585 2891 728 2946 enim
749 2892 989 2945 omnium
1008 2901 1320 2948 sanctorum
1345 2910 1563 2949 suorum
1586 2911 1736 2949 arma
1762 2897 1897 2952 lucis

309 2979 573 3034 edicitur.
651 2982 985 3052 Frequenter
1028 2985 1171 3039 enim
1213 2985 1446 3040 diximus
1491 2987 1765 3042 Christum
1811 3005 1899 3044 sa-

308 3072 582 3140 pientiam
632 3089 752 3128 esse
814 3083 870 3130 et
921 3073 1189 3144 justitiam
1229 3085 1285 3132 et
1328 3077 1805 3135 sanetilicationem
1841 3091 1897 3137 et

1985 545 2112 608 veti,
2141 545 2229 599 ubi
2260 545 2440 599 lumen
2467 546 2704 600 scientia:
2731 585 2746 610 ,
2797 546 2888 600 ubi
2935 545 3178 600 laborum
3221 556 3276 602 et
3311 548 3555 607 dolorum

1986 637 2201 704 requies
2221 646 2323 693 est.

2059 728 2203 784 Tunc
2230 729 2386 784 Iesus
2432 731 2574 784 misit
2617 730 2752 782 duos
2794 729 3099 799 discipulos,
3125 731 3300 786 dicens
3326 734 3420 786 eis.
3455 732 3558 804 (Ex

1985 821 2174 894 Beda.)
2230 822 2345 877 Non
2377 823 2646 877 immerito
2673 824 2852 892 posuit
2878 825 2984 877 duo
3013 824 3289 893 discipuli.
3318 827 3385 880 ad
3413 827 3562 881 exhi-

1985 913 2159 968 benda
2188 915 2418 970 Domino
2447 915 2695 968 animalia
2727 915 2980 969 destinati
3007 917 3113 970 duo
3147 918 3556 986 praedicatorum

1985 1003 2224 1068 ordines,
2256 1021 2394 1057 unus
2432 1003 2683 1058 videlicet
2727 1005 2778 1057 in
2823 1014 3040 1074 gentes,
3085 1006 3223 1059 alter
3251 1007 3303 1060 in
3329 1008 3562 1062 circum-

1987 1093 2192 1148 cisione
2231 1088 2482 1164 intelligi.
2539 1095 2638 1162 Qui
2670 1107 2814 1151 recte
2847 1099 2952 1151 duo
2980 1099 3281 1164 mittuntur,
3309 1101 3424 1155 sive
3441 1115 3562 1171 pm-

1987 1191 2109 1252 pter
2144 1185 2425 1239 scientiam
2466 1188 2710 1242 veritatis
2749 1197 2801 1241 et
2843 1190 3171 1259 operationis
3208 1191 3560 1255 munditiam,

1988 1287 2081 1325 seu
2106 1283 2323 1343 propter
2341 1276 2567 1344 gemina:
2593 1276 2891 1331 dilectionis
2914 1278 3004 1333 Dei
3035 1279 3284 1334 videlicet
3296 1289 3351 1335 et
3377 1281 3564 1351 proxi-

1989 1362 2062 1416 mi
2095 1374 2492 1418 sacramentum:
2525 1374 2634 1420 tote
2659 1369 2790 1420 orte
2817 1368 3231 1434 praedicandum.

2063 1451 2144 1504 Ite
2173 1453 2226 1506 in
2259 1454 2532 1507 castellum
2563 1455 2702 1524 quod
2737 1464 2918 1507 contra
2949 1472 3035 1508 vos
3059 1466 3154 1508 est.
3186 1457 3286 1527 (Ex
3312 1457 3560 1528 Hieron.)

1990 1539 2189 1597 Contra
2221 1543 2490 1611 apostolos
2514 1545 2657 1596 enim
2687 1549 2832 1605 erat,
2872 1557 2970 1596 nec
2990 1542 3174 1613 jugum
3199 1546 3564 1601 doctrinarum

1991 1631 2244 1684 volebant
2265 1632 2529 1701 accipere.
2572 1631 2716 1685 Missi
2751 1632 2838 1684 isti
2863 1632 3107 1702 discipuli
3133 1633 3377 1689 doctores
3400 1637 3567 1707 signi-

1994 1721 2193 1784 ticant,
2247 1721 2336 1788 qui
2391 1721 2603 1775 indocta
2659 1737 2722 1777 ac
2764 1724 2992 1778 barbara
3043 1725 3204 1779 totius
3250 1729 3398 1783 orbis
3428 1730 3564 1794 loca,

1922 1808 1968 1865 B
1997 1811 2147 1879 quasi
2175 1811 2522 1878 contrapositi
2560 1811 2764 1865 castelli
2801 1813 3000 1865 mantia
3035 1814 3448 1883 evangelizando
3475 1833 3568 1887 pc-

1997 1899 2258 1952 netrando
2285 1899 2593 1952 destinavit.

2067 1988 2135 2041 Et
2184 1989 2363 2041 statim
2410 1989 2677 2042 inrcnietis
2721 1990 2925 2041 asinam
2970 1988 3239 2058 al.'igat..'m
3287 2002 3332 2045 et
3366 1992 3568 2061 pullum

1997 2093 2114 2131 cum
2138 2092 2230 2140 ea;
2270 2076 2469 2139 solvite,
2497 2086 2545 2130 et
2576 2077 2822 2130 adducite
2845 2077 2994 2129 mihi.
3059 2077 3392 2133 lntroeuntes
3415 2096 3568 2134 mun-

1997 2165 2124 2218 dum
2156 2165 2534 2232 prmdieatores
2564 2164 2772 2227 sancti,
2826 2163 3148 2218 invenerunt
3187 2165 3440 2234 populum
3481 2182 3572 2220 na-

1999 2258 2202 2310 tionum
2245 2257 2482 2326 perﬁdizc
2522 2256 2746 2310 vinculis
2778 2256 3068 2310 irretitum.
3123 2256 3398 2312 Funicnlis
3425 2259 3568 2312 enim

1997 2359 2339 2418 peccatorum
2388 2364 2609 2402 suorum
2661 2349 3032 2418 unusquisque
3059 2349 3389 2403 constrictus
3431 2358 3570 2411 erat,

1997 2454 2097 2493 nec
2119 2438 2290 2492 solum
2316 2439 2612 2501 nationum,
2637 2453 2823 2492 verum
2847 2438 3010 2492 etiam
3036 2435 3366 2505 Judmorum,
3384 2454 3574 2494 omnes

1997 2529 2140 2584 enim
2168 2538 2527 2598 peccaverunt
2555 2537 2612 2582 et
2636 2535 2794 2598 egent
2813 2527 2981 2598 gloria
3017 2528 3130 2582 Dei.
3162 2529 3325 2583 Asina
3354 2530 3572 2598 quippe,

1997 2633 2115 2688 qua:
2161 2617 2455 2688 subjugalis
2485 2627 2537 2673 et
2563 2618 2794 2680 domita,
2845 2633 3198 2688 synagogam,
3241 2635 3361 2688 qua:
3381 2618 3571 2689 jugum

1998 2707 2130 2777 legis
2161 2714 2438 2771 traxerat,
2483 2707 2659 2776 pullus
2701 2707 2868 2762 asinae
2896 2707 3128 2762 lascivus
3166 2716 3222 2762 et
3243 2708 3382 2763 liber
3408 2724 3576 2778 popu-

1999 2799 2108 2852 lum
2156 2799 2435 2852 nationum
2477 2798 2779 2867 signit‘lcat,
2835 2813 2996 2866 super
3031 2813 3190 2866 quem
3220 2814 3378 2853 nemo
3401 2800 3576 2855 adhuc

2000 2891 2276 2946 hominum
2313 2890 2470 2953 sedit,
2511 2890 2635 2958 quia
2665 2904 2822 2944 nemo
2857 2891 3256 2945 rationabilium
3285 2893 3571 2948 doctorum

1999 2980 2208 3038 frenum
2233 2982 2624 3044 correctionis,
2674 2981 2816 3051 quod
2858 2981 2940 3035 vel
2984 2982 3217 3052 linguam
3264 2983 3518 3038 cohibere
3545 3002 3576 3037 a

2001 3073 2162 3138 malo,
2187 3074 2270 3129 vel
2297 3075 2350 3128 in
2379 3081 2586 3129 arctam
2615 3074 2739 3128 vitae
2765 3074 2907 3128 viam
2950 3075 3030 3129 ire
3067 3084 3368 3146 cogeretur.
3407 3076 3576 3130 Nemo

309 3159 609 3215 veritatem
635 3203 650 3224 ,
700 3171 756 3216 et
789 3179 977 3219 omnes
1015 3167 1275 3230 virtutes,
1305 3183 1440 3236 quas
1468 3169 1652 3240 utique
1684 3171 1774 3240 qui
1807 3187 1894 3226 as-
1923 3148 1968 3208 Ο
2003 3167 2312 3221 indumenta
2345 3166 2532 3222 salutis
2562 3167 2755 3236 quibus
2787 3165 3139 3235 Spiritualiter
3168 3167 3458 3229 caleﬁeret,
3485 3184 3578 3237 po-

309 3252 615 3320 sumpserit
661 3253 934 3308 Christum
985 3255 1180 3310 dicitur
1227 3257 1491 3322 induisse,
1533 3259 1578 3314 si
1612 3261 1756 3314 enim
1784 3262 1900 3317 haec

309 3343 504 3397 omnia
555 3341 800 3398 Christus
848 3352 962 3409 est,
1018 3348 1324 3403 necessario
1363 3350 1455 3418 qui
1500 3349 1615 3406 lucc
1643 3352 1804 3408 habet
1843 3363 1899 3409 et

312 3431 601 3486 Christum
630 3432 811 3487 habet.

621 3540 956 3580 EVANGEIJUI
994 3541 1282 3591 ΙΛΤΤΙΙΑΞΙ,
1325 3545 1442 3584 CAP.
1485 3547 1596 3585 XXI.

400 3630 421 3662 ε
443 3610 577 3665 Cum
597 3615 1544 3690 appropinquassentllierosolymis,
1559 3631 1614 3675 et
1627 3624 1904 3680 venissent

322 3721 340 3752 ι
377 3701 692 3771 Bethphage
736 3706 803 3758 ad
845 3716 1082 3761 montem
1122 3707 1336 3763 Oliveti.
1397 3709 1546 3766 Tunc
1567 3712 1726 3766 Jesus
1753 3713 1903 3767 misit

322 3810 340 3844 ι
379 3793 520 3846 duos
550 3793 862 3863 discipulos,
892 3797 1076 3852 dicens
1096 3797 1215 3852 eis:
1254 3798 1331 3853 lte
1371 3800 1423 3853 in
1463 3802 1742 3856 castellum
1758 3804 1903 3872 quod

325 3903 342 3933 ι
378 3891 573 3938 contra
615 3899 714 3938 vos
741 3894 855 3948 est,
892 3895 946 3940 et
967 3888 1150 3941 statim
1183 3889 1467 3945 invenietis
1488 3891 1694 3946 asinam
1718 3892 1904 3962 alliga-

327 3993 344 4024 ι
379 3984 516 4035 tam,
549 3983 596 4026 et
623 3974 822 4043 pullum
855 3991 977 4030 cum
1011 3992 1104 4042 ea;
1147 3977 1364 4044 solvite,
1393 3989 1447 4034 et
1474 3979 1722 4037 adducite
1749 3983 1900 4037 mihi.

327 4086 345 4117 ο
381 4068 453 4121 Et
495 4068 539 4121 si
567 4070 688 4137 quis
724 4070 876 4125 vobis
903 4070 1104 4141 aliquid
1127 4072 1351 4138 dixerit,
1393 4074 1554 4130 dicite
1583 4093 1595 4129 :
1646 4075 1778 4142 Quia
1811 4077 1907 4131 Do-

327 4178 344 4205 ‹
379 4158 567 4213 minus
597 4159 679 4213 his
703 4175 838 4230 opus
867 4161 1058 4227 habet,
1106 4172 1160 4217 et
1197 4164 1478 4219 confestim
1513 4167 1748 4221 dimittet
1788 4183 1902 4223 eos.

327 4266 344 4298 ι
380 4247 498 4302 Hoc
517 4259 695 4302 autem
723 4259 892 4304 totum
911 4250 1110 4308 factum
1137 4263 1233 4318 est,
1265 4262 1324 4308 ut
1353 4256 1739 4326 adimpleretur
1762 4258 1904 4326 quod

329 4361 347 4393 ι
381 4342 586 4398 dictum
633 4351 718 4398 est
765 4359 864 4414 per
895 4345 1218 4414 Prophetam
1271 4349 1538 4404 dicentem
1580 4349 1797 4403 :Dicitc
1847 4350 1907 4402 li-

329 4452 349 4484 ‹
382 4433 468 4486 lize
496 4432 626 4487 Sion
652 4452 664 4486 :
691 4433 829 4488 Ecce
864 4451 955 4490 rex
997 4444 1118 4491 tuus
1155 4437 1301 4492 venit
1333 4438 1426 4492 tibi
1457 4447 1791 4502 mansuetus,
1823 4455 1907 4494 se-

332 4545 349 4576 ι
381 4526 518 4582 deus
571 4542 734 4595 super
782 4528 988 4582 asinam
1027 4536 1082 4582 et
1124 4529 1323 4598 pullum
1378 4523 1544 4584 liliqu
1591 4528 1904 4602 subjugalis.

334 4634 351 4665 ι
387 4617 590 4670 Euntes
641 4625 823 4670 autem
883 4617 1127 4688 discipuli
1180 4617 1425 4673 fecerunt
1473 4618 1612 4674 sicut
1655 4619 1913 4689 prmccpit

335 4727 353 4759 ι
385 4707 496 4761 illis
520 4704 696 4761 Jesus.
774 4707 840 4762 Et
877 4709 1213 4764 adduxerunt
1256 4710 1464 4764 asinam
1511 4718 1566 4763 et
1610 4710 1811 4779 pullum
1856 4721 1911 4766 et

338 4818 356 4851 ι
392 4799 766 4868 imposuerunt
795 4814 956 4869 super
979 4816 1074 4853 eos
1102 4801 1420 4855 vestimenta
1446 4814 1562 4862 sua,
1589 4811 1640 4855 et
1665 4816 1786 4856 eum
1820 4803 1913 4856 de-

339 4907 359 4941 i
391 4903 560 4958 super
586 4889 774 4943 sedere
812 4887 1073 4943 fecerunt.
1114 4889 1346 4945 Plurima
1379 4900 1561 4947 autem
1589 4893 1743 4948 turba
1776 4901 1914 4948 stra-

339 4995 358 5030 l
388 4987 588 5032 verunt
614 4977 930 5032 vestimenta
956 4993 1054 5034 sua
1074 4979 1127 5033 in
1161 4979 1264 5033 via.
1303 4979 1405 5035 Alii
1429 4992 1606 5036 autem
1637 4982 1914 5038 caedebant

341 5087 361 5120 ι
394 5082 578 5124 ramos
601 5067 668 5122 de
699 5067 982 5124 arboribus
1017 5075 1072 5124 et
1108 5069 1422 5124 sternebant
1459 5071 1512 5124 in
1548 5072 1652 5127 via.
1720 5071 1914 5126 Turba:

343 5175 361 5210 ι
393 5166 575 5212 autem
606 5173 728 5227 qua:
756 5156 1161 5226 praecedebant,
1191 5165 1246 5212 et
1272 5172 1391 5227 qua:
1417 5160 1780 5229 sequebantur
1805 5159 1916 5213 cla-

343 5265 363 5297 ‹
391 5247 636 5313 mahant,
675 5247 918 5303 dicentes
943 5267 956 5302 :
990 5247 1205 5303 Osanna
1232 5249 1342 5304 lilio
1362 5249 1558 5316 David,
1597 5250 1914 5306 hcnedicms

344 5357 362 5389 ι
393 5340 483 5408 qui
512 5339 661 5393 venit
682 5341 734 5394 in
759 5340 974 5395 nomine
1013 5341 1244 5395 Domini.
1278 5361 1295 5395 ι

410 5431 543 5486 Cum
588 5432 1096 5503 adpropinquassent
1125 5433 1504 5504 Hierosolymis
1526 5474 1542 5498 ,
1573 5443 1620 5488 et
1659 5434 1915 5488 venissent

343 5520 642 5592 Bethphage
666 5523 734 5575 ad
761 5534 984 5576 montem
1011 5523 1216 5578 Olireti.
1250 5524 1349 5593 (Ex
1381 5523 1623 5593 Hieron.)
1651 5524 1912 5594 Bethpha-

345 5625 410 5683 ge
438 5620 619 5667 autem
643 5614 834 5668 domus
859 5613 1040 5668 bucca:
1059 5655 1073 5677 ,
1115 5615 1228 5668 sive
1256 5615 1447 5669 domus
1467 5613 1810 5668 maxillarum
1837 5615 1920 5668 in.

1934 4491 1984 4548 D

1997 3257 2122 3327 pulo
2169 3256 2405 3327 gentium
2456 3256 2608 3310 utilia
2660 3255 2934 3312 suadendo
2979 3255 3322 3320 contulerat,
3369 3257 3580 3310 sederet

2000 3363 2232 3416 namque
2259 3363 2420 3416 super
2451 3347 2598 3400 illum
2623 3347 2814 3408 homo,
2849 3347 2894 3402 si
2934 3346 3129 3417 aliquis
3152 3347 3358 3400 ratione
3396 3357 3575 3411 utens,

2001 3437 2118 3508 ejus
2147 3437 2429 3491 stultitiam
2459 3438 2808 3507 deprimenth
2837 3439 3149 3508 corrigeret.

2077 3528 2143 3580 Et
2182 3528 2228 3580 si
2251 3528 2367 3596 quis
2391 3527 2530 3579 robis
2558 3522 2756 3595 aliquid
2783 3528 2971 3580 dixer't
2998 3543 3014 3580 :
3061 3526 3228 3578 Dicite
3249 3526 3372 3595 quin
3403 3525 3580 3579 Domi-

2003 3633 2101 3670 nus
2124 3616 2205 3669 his
2227 3632 2355 3684 Opus
2381 3614 2552 3678 habet,
2572 3624 2618 3667 et
2645 3613 2915 3682 confestim
2943 3614 3163 3666 dimittet
3191 3629 3297 3666 eos.
3357 3611 3412 3666 lu
3436 3613 3578 3666 Luca

2004 3706 2262 3774 scriptum
2290 3713 2391 3769 cst,
2423 3704 2549 3774 quia
2605 3703 2858 3757 Dirernnt
2899 3703 3100 3756 domini
3150 3703 3263 3772 ejus
3303 3703 3373 3756 ad
3408 3702 3527 3756 illos
3559 3717 3578 3754 :

2007 3795 2146 3862 Quid
2176 3794 2372 3849 solvitis
2410 3793 2650 3864 pullum?
2687 3804 2743 3849 et
2792 3803 2913 3863 apte
2962 3794 3132 3848 satis:
3171 3793 3364 3848 Multos
3385 3798 3584 3864 quippe

2005 3884 2242 3941 habebat
2264 3884 2542 3947 dominos,
2573 3886 2663 3954 qui
2694 3901 2798 3938 non
2829 3901 2940 3940 uno
2978 3885 3216 3955 dogmati
3242 3894 3297 3938 et
3329 3887 3584 3956 supersti-

2008 3978 2138 4033 tioni
2163 3978 2406 4039 deditus,
2448 3979 2540 4032 sed
2570 3993 2666 4046 pro
2689 3977 2842 4031 libitu
2872 3979 3265 4032 imnmndorum
3299 3978 3584 4046 spirituum

2009 4067 2076 4122 ad
2103 4068 2283 4122 varios
2323 4068 2669 4136 diversasque
2706 4067 2871 4122 miser
2909 4068 3224 4135 raptabatur
3255 4080 3489 4130 errores,
3518 4067 3584 4119 al

2010 4159 2297 4214 simulacra
2330 4167 2498 4223 muta,
2534 4169 2694 4228 prout
2718 4159 3016 4212 ducebatur
3049 4157 3323 4210 incedens.

2082 4249 2197 4302 Hoc
2228 4260 2401 4303 autem
2433 4260 2600 4304 totum
2632 4249 2829 4318 factum
2864 4260 2970 4313 est,
3019 4260 3073 4302 ut
3108 4248 3410 4319 impleretur
3449 4251 3586 4321 quod

2009 4339 2202 4392 dictum
2225 4347 2297 4391 est
2317 4356 2409 4408 per
2423 4336 2756 4408 Prop/ictam,
2775 4339 3028 4392 dicentem
3061 4338 3260 4392 :Dirite
3282 4337 3409 4408 filice
3431 4339 3584 4403 Sion,

2011 4439 2116 4485 etc.
2177 4430 2291 4484 Hoc
2331 4430 2385 4483 in
2435 4431 2693 4500 propheta
2734 4431 2994 4484 Zacharia
3043 4429 3300 4499 scriptum
3332 4438 3459 4486 est:
3493 4429 3585 4485 Fio

2011 4523 2083 4575 lia
2107 4520 2235 4575 Sion
2265 4519 2455 4593 (Zach.
2510 4523 2607 4592 rx).
2647 4521 3006 4576 llistorialiter
3045 4521 3376 4576 Hierusalem
3420 4531 3586 4578 totam

2012 4615 2096 4668 vel
2123 4613 2276 4678 Sion,
2308 4630 2427 4684 qua:
2457 4615 2509 4668 in
2540 4623 2659 4668 arte
2680 4615 2851 4684 posita
2878 4624 2994 4671 erat
3017 4615 3149 4670 dicit
3174 4634 3188 4670 :
3225 4614 3591 4686 Spiritualiter

2013 4723 2143 4761 vero
2191 4714 2430 4760 sanctam
2478 4705 2745 4770 significat
2777 4707 3072 4760 Ecclesiam
3099 4747 3112 4770 ,
3156 4707 3220 4761 ad
3246 4723 3404 4778 quam
3435 4707 3592 4764 Chri-

2014 4805 2130 4851 stus
2165 4797 2349 4850 venire
2378 4796 2630 4865 dignatus
2654 4807 2755 4852 est.
2798 4797 2950 4864 Quod
2975 4797 3105 4851 dicit
3141 4796 3252 4850 Rex
3273 4810 3426 4863 tuus,
3457 4815 3519 4853 ac
3543 4799 3588 4854 si

2015 4885 2182 4949 dicat,
2220 4902 2325 4939 non
2353 4893 2667 4950 extraneas,
2693 4902 2798 4940 non
2823 4886 3150 4955 alienigena,
3193 4887 3286 4942 sed
3319 4889 3586 4957 proprius,

2016 4984 2350 5038 mansuetus,
2383 4975 2434 5028 id
2473 4985 2576 5040 est,
2606 4991 2711 5030 non
2744 4974 2894 5028 ferox
2931 4982 2986 5028 et
3012 4975 3233 5030 immitis
3258 5017 3272 5039 ,
3307 4987 3366 5030 ut
3387 4978 3587 5041 eteteri,

2014 5069 2129 5137 ipse
2163 5069 2305 5122 enim
2335 5069 2401 5122 de
2427 5084 2486 5122 se
2511 5069 2586 5122 ait
2614 5087 2626 5119 :
2658 5068 2857 5121 Discite
2879 5085 2912 5120 α
2941 5082 3041 5133 me,
3081 5069 3206 5137 quia
3235 5069 3373 5122 mitis
3397 5085 3511 5122 sunt
3543 5078 3591 5121 et

2014 5157 2228 5212 humilis
2249 5158 2404 5212 corde
2433 5157 2646 5229 (Matth.
2679 5155 2775 5226 XI).

2089 5251 2286 5304 Euntes
2317 5261 2490 5303 autem
2515 5249 2759 5320 discipuli
2787 5249 3041 5318 fecerunt,
3073 5253 3208 5306 sicut
3245 5251 3485 5322 prterepit
3517 5249 3592 5302 eis

2018 5341 2195 5401 Iesus,
2223 5351 2272 5394 et
2302 5342 2636 5396 adduxerunt
2667 5343 2872 5396 asinam
2899 5353 2945 5397 et
2968 5342 3191 5413 pullum.
3225 5342 3360 5411 Quid
3384 5341 3592 5393 solven-

2018 5434 2088 5487 do
2142 5433 2286 5502 pullo
2329 5434 2804 5496 contradixerant,
2867 5436 3052 5490 audito
3111 5434 3317 5488 Domini
3358 5430 3592 5494 nomine,

2017 5525 2301 5594 quiescunt
2325 5565 2337 5587 ,
2390 5526 2480 5594 qui
2512 5526 2855 5581 venientibus
2883 5527 2948 5579 ad
2977 5526 3204 5579 salutem
3233 5521 3466 5592 gentium
3500 5521 3596 5574 do-

2015 5615 2259 5672 eturihus
2288 5615 2660 5683 obsistebant,
2712 5626 2939 5670 eatenus
2975 5629 3099 5668 suas
3135 5612 3386 5666 tenebras
3412 5609 3597 5666 delen-

349 5712 696 5774 terpretatur,
741 5705 864 5776 quia
910 5705 1247 5761 sacerdotum
1284 5704 1489 5760 viculus
1531 5712 1650 5760 erat
1705 5713 1760 5759 et
1789 5719 1922 5759 con-
2020 5707 2246 5772 derunt,
2293 5706 2462 5764 donec
2489 5707 2766 5762 miraculis
2813 5703 3219 5772 attestantibus,
3249 5703 3361 5759 veri
3393 5717 3580 5774 posses
