3936 6202
309 366 414 426 513

1581 319 1941 405 Samiam
1981 335 2271 398 seems

3451 337 3558 391 5ιῦ

307 485 453 540 soi-is
479 496 544 535 ac
582 476 794 533 Domini
821 476 994 528 virtus
1034 467 1292 530 emicuit,
1339 477 1403 517 ac
1429 472 1714 532 postquam
1757 456 1877 511 ﬁdei
1908 459 1958 517 Α
1988 471 2006 502 ‹
2035 465 2130 506 nes
2149 459 2380 540 patrum.
2433 447 2630 540 Gentes
2659 453 2836 540 autem
2867 442 3430 540 super‘tnisericordia
3453 445 3564 540 ito-

309 573 591 629 dominica:
616 573 855 638 potestas
893 558 1176 628 apparuit,
1216 552 1533 609 cedentibus
1551 549 1753 619 passim
1791 547 1885 638 ad?

313 635 675 717 versarioruin
728 652 962 722 querelis
1022 649 1160 701 liber
1212 643 1548 698 credentium
1599 647 1774 694 emtas
1816 635 1884 691 ad
1937 723 1939 725 ι

316 755 502 815 Deum,
531 763 690 819 quem
719 743 885 800 corde
908 747 1170 810 portaret,
1197 734 1583 789 adducebatur.

387 842 452 894 Et
477 842 828 908 imposuerunt
870 845 1026 900 super
1059 843 1145 880 eos
1183 826 1480 878 vestimenta
1504 836 1634 884 sua,
1686 827 1734 872 et
1768 823 1885 872 cum

313 933 536 1000 desuper
557 929 733 982 sedere
759 925 1012 994 fecerunt.
1055 919 1385 975 Vestimenta
1414 913 1778 984 apostolorum
1804 910 1888 1000 vel

315 998 557 1073 doctrina
581 1016 862 1076 virtutum,
890 1008 975 1064 vel
1011 1003 1328 1062 edisseralio
1343 1003 1774 1071 Scripturaru,
1803 998 1888 1054 vel

316 1114 465 1162 certe
492 1102 984 1160 ecclesiasticarum
1014 1098 1320 1165 dogmatum
1349 1090 1639 1146 varietates
1665 1089 1886 1160 intelligi

315 1203 579 1266 possunt,
625 1192 823 1260 quibus
862 1189 951 1242 ille
994 1186 1158 1241 corda
1188 1183 1463 1238 hominum
1494 1190 1619 1235 ante
1657 1181 1799 1234 nuda
1833 1189 1890 1234 et

319 1285 509 1356 frigida
555 1298 661 1352 quo
688 1281 905 1336 Christo
949 1287 1262 1348 possessore
1309 1273 1468 1343 digna
1509 1273 1662 1338 ﬁant,
1691 1272 1886 1341 operit.

389 1376 630 1429 Plurima
661 1383 834 1426 autem
876 1372 1027 1424 turba
1051 1379 1344 1423 straverunt
1372 1367 1671 1421 vestimenta
1708 1380 1806 1416 sua
1835 1363 1892 1416 in

317 1467 422 1520 via.
459 1464 714 1518 Portante
748 1461 1033 1516 Dominum
1075 1460 1226 1513 asino
1253 1457 1405 1513 multi
1439 1455 1755 1509 vestimenta
1791 1467 1891 1507 sua

322 1555 376 1608 in
421 1555 509 1607 via
539 1558 825 1613 sternunt,
869 1550 994 1617 quia
1040 1549 1209 1602 sancti
1255 1555 1524 1615 martyres
1562 1543 1793 1613 preprite
1833 1556 1892 1595 se

323 1643 503 1698 carnis
527 1641 726 1694 amictu
752 1646 1041 1702 exueutes,
1089 1637 1507 1706 simplicioribus
1549 1634 1643 1688 Dei
1677 1633 1892 1687 famulis

322 1735 463 1787 viam
513 1748 614 1786 suo
654 1731 915 1800 sanguine
964 1737 1187 1798 parant,
1233 1739 1292 1782 ut
1329 1727 1580 1781 videlicet
1631 1723 1892 1778 inotﬂ‘enso

1994 563 2012 595 ‹
2044 556 2236 596 norare
2250 539 2436 602 Deum,
2452 539 2591 590 sicut
2609 536 2866 604 scriptum
2889 541 2972 588 est
2990 551 3001 585 :
3028 532 3323 603 Propterea
3340 535 3562 588 conﬁte-

1993 645 2014 684 α
2041 631 2138 685 bor
2157 630 2251 684 tibi
2273 630 2326 682 in
2352 628 2620 698 gentibus,
2649 633 2704 678 et
2734 623 2936 678 nomini
2959 630 3050 676 tuo
3079 621 3331 677 cantabo.
3372 623 3438 676 Et
3461 624 3563 677 ite-

1995 736 2014 772 ε
2045 733 2162 776 rum
2206 720 2372 774 dicit:
2401 715 2680 772 Laetamini
2726 723 2914 784 gentes
2962 727 3085 767 cum
3129 712 3288 781 plebe-
3319 711 3457 783 ejus.
3492 713 3562 769 Et

1995 827 2017 865 ς
2045 815 2240 868 iterum
2274 829 2287 864 :
2321 810 2579 874 Laudato,
2605 817 2794 861 omnes
2819 811 3025 874 gentes,
3051 805 3426 880 Mutum!
3448 821 3562 859 rna-

1995 923 2015 955 s
2041 904 2290 974 gniticate
2319 915 2441 954 eum
2465 912 2655 953 omnes
2677 895 2884 966 populi.
2922 895 2989 948 Et
3011 901 3225 949 rursum
3253 895 3420 950 lenias
3453 897 3562 949 ait:

1999 1017 2016 1047 ‹
2044 996 2162 1050 Erit
2193 994 2343 1047 radix
2374 991 2546 1056 iessc,
2577 997 2631 1044 et
2663 988 2755 1057 qui
2779 990 3032 1056 exsurget
3060 994 3250 1055 regere
3269 993 3481 1056 gentes,
3507 989 3563 1042 in

1995 1099 2016 1136 ‹
2042 1100 2167 1141 eum
2203 1068 2394 1154 gentes
2443 1079 2754 1149 sperabunt.
2796 1076 2942 1130 Deus
2986 1083 3166 1130 autent
3205 1076 3318 1146 spei
3360 1076 3566 1145 repleat

1992 1196 2016 1230 4
2046 1193 2146 1232 vos
2168 1177 2315 1231 omni
2346 1175 2541 1246 gaudio
2568 1180 2621 1228 et
2644 1170 2855 1242 pacein
2877 1165 3168 1234 credendo,
3193 1175 3258 1222 ut
3279 1169 3568 1224 abundctis

1997 1291 2014 1322 ι
2045 1272 2100 1326 in
2121 1283 2215 1340 Spe
2241 1277 2294 1324 et
2316 1268 2516 1322 virtute
2542 1265 2763 1334 spiritus
2789 1263 2982 1318 sancti.
3009 1279 3028 1316 ι

2065 1365 2399 1432 ριιανειιηᾳαε
2441 1362 2634 1429 scripta
2674 1367 2827 1420 sunt,
2878 1357 2947 1410 ad
2991 1361 3221 1410 nostram
3270 1357 3564 1411 dactrimmt

1991 1458 2184 1527 scripta
2212 1465 2351 1508 sunt.
2398 1453 2497 1524 (Ex
2530 1449 2702 1521 Orig.)
2741 1447 2968 1518 Propter
2992 1458 3090 1502 nos
3122 1447 3264 1501 enim
3305 1439 3566 1516 scriptum

1988 1556 2094 1610 est,
2139 1544 2276 1616 quod
2306 1543 2567 1596 Abraham
2595 1541 2726 1594 duos
2753 1539 2892 1608 ﬁlios
2932 1538 3140 1602 habuit,
3190 1549 3352 1591 unum
3375 1537 3437 1591 de
3463 1555 3566 1592 an-

1991 1637 2136 1700 cilla,
2163 1643 2212 1689 et
2240 1649 2399 1688 unum
2425 1633 2487 1686 de
2513 1632 2674 1685 libera
2702 1672 2716 1695 ,
2771 1639 2831 1684 ut
2876 1643 2974 1685 nos
3001 1629 3235 1684 sciamus
3253 1671 3266 1693 ,
3299 1630 3422 1698 quia
3451 1630 3569 1684 hmo

1991 1735 2118 1780 sunt
2147 1724 2432 1793 allegorice
2477 1721 2581 1775 duo
2610 1719 2976 1773 Testamenta.
3031 1713 3258 1786 Propter
3293 1731 3391 1772 nos
3430 1719 3569 1771 scri-

326 1839 512 1889 grcssn
537 1822 731 1876 mentis
751 1799 816 1873 ad
842 1835 1086 1887 superna:
1103 1820 1304 1874 muenia
1327 1815 1585 1877 civitatis,
1609 1829 1716 1883 quo
1734 1811 1893 1868 Iesus
1922 1807 1966 1864 B
1995 1824 2142 1884 ptum
2185 1821 2269 1866 est
2315 1811 2455 1879 quod
2500 1807 2721 1878 populus
2763 1807 3096 1860 manducavit
3122 1819 3332 1868 manna,
3363 1817 3414 1860 et
3441 1799 3570 1861 bibit

323 1906 543 1961 ducitur
563 1905 838 1956 illt‘t‘dnill.
860 1904 991 1956 Item
1012 1903 1254 1956 salvator
1275 1913 1465 1957 noster
1487 1919 1656 1973 super
1669 1906 1900 1960 asellum

323 1997 518 2052 sedens
535 1994 617 2051 Jci
635 2012 727 2050 usa
751 1994 838 2049 cm
860 1995 1052 2059 tendit,
1073 1996 1293 2065 quando
1318 1995 1756 2066 uniuscujusque
1776 1999 1907 2051 tide-

325 2091 394 2145 lis
410 2090 614 2151 anima,
635 2103 826 2158 regens
842 2089 1092 2144 videlicet
1101 2091 1412 2158 juntentum
1428 2106 1608 2154 suum,
1631 2091 1695 2144 ad
1717 2105 1905 2158 pacem

326 2177 528 2232 intimae
569 2178 794 2232 visionis
819 2178 967 2232 ducit
1003 2178 1339 2247 ianiculum,
1379 2179 1472 2233 scd
1493 2188 1553 2234 et
1579 2179 1739 2233 etiam
1772 2193 1894 2232 cum

327 2275 528 2322 sanetae
555 2268 805 2322 Ecclesiae
833 2268 1210 2323 universaliter
1239 2271 1510 2338 praesidet,
1543 2286 1662 2325 eam
1691 2283 1810 2338 qua:
1841 2272 1895 2324 in

329 2371 573 2426 supernzc
616 2357 764 2426 pacis
811 2357 1134 2412 desiderium
1177 2360 1441 2414 accendit.
1521 2359 1668 2414 Multi
1715 2368 1894 2415 autem

330 2449 649 2503 vestimenta
672 2463 772 2503 sua
802 2449 855 2502 in
878 2449 960 2502 via
989 2459 1256 2516 sternunt,
1281 2452 1406 2520 quia
1428 2467 1654 2522 corpora
1683 2469 1777 2506 sua
1801 2467 1900 2522 per

283 2580 302 2589 -
327 2539 712 2594 abstinentiam
742 2540 996 2594 edomant
1017 2579 1031 2603 ,
1080 2549 1141 2594 ut
1182 2542 1231 2596 ei
1274 2543 1376 2596 iter
1413 2543 1478 2596 ad
1506 2544 1673 2596 Deum
1703 2553 1900 2612 tempe-

331 2640 474 2696 rent,
499 2630 582 2685 vel
606 2630 852 2700 exempla
878 2631 1016 2685 bona
1045 2633 1392 2701 sequentibus
1418 2633 1708 2702 praebcant.

398 2721 504 2776 Atii
530 2731 702 2776 autem
728 2722 992 2776 cedebant
1022 2738 1192 2777 ramos
1217 2723 1282 2777 de
1303 2723 1594 2790 arboribus,
1627 2733 1675 2778 et
1698 2735 1896 2779 εἰει-ηε-
1937 2727 1940 2731 ’

333 2815 458 2867 bant
477 2814 534 2866 iu
559 2814 661 2866 ria.
700 2813 942 2868 Frondes
959 2814 1044 2868 vel
1071 2829 1248 2869 ramos
1270 2815 1334 2869 de
1360 2815 1644 2870 arboribus
1665 2817 1897 2881 cedunt,

328 2903 422 2972 qui
479 2903 534 2956 in
574 2903 816 2956 doctrina
874 2903 1146 2969 veritatis,
1202 2903 1364 2958 verba
1414 2913 1574 2972 atque
1605 2905 1900 2962 sententias

329 3000 541 3064 patrum
554 2992 902 3048 et-doetorum
923 2993 1133 3062 eloquia
1158 3001 1471 3062 carpunt,et
1493 2995 1605 3046 hme
1621 2994 1671 3047 in
1694 2994 1780 3047 via
1804 2995 1898 3049 Dei

329 3085 396 3137 ad
417 3085 681 3139 auditoris
705 3085 942 3138 animum
989 3085 1255 3139 venientis
1295 3085 1481 3138 humili
1520 3086 1899 3154 praedicatione

331 3174 671 3227 submittunt.

403 3263 590 3316 Turba:
624 3273 797 3316 autent
837 3279 954 3333 qua:
992 3265 1347 3333 praecedebant
1389 3275 1437 3320 et
1476 3279 1591 3338 qua:
1616 3272 1900 3337 sequeban-

333 3364 421 3407 tur
446 3352 772 3415 clamabant,
807 3363 912 3409 etc.
974 3354 1256 3410 Prwcessit
1283 3357 1479 3426 quippe
1514 3357 1770 3413 Iudaicus
1805 3375 1902 3428 po-

332 3443 505 3518 pulus,
536 3451 753 3498 secutus
774 3455 856 3498 est
883 3446 1118 3516 gentilis,
1143 3455 1198 3500 et
1220 3448 1346 3515 quia
1375 3462 1562 3502 omnes
1585 3447 1766 3513 eiecti,
1787 3451 1900 3504 sive

331 3533 423 3602 qui
455 3533 507 3586 in
531 3532 712 3588 Iudaea
743 3550 861 3589 esse
883 3546 1154 3606 poterant,
1185 3537 1298 3592 sive
1332 3538 1423 3607 qui
1455 3555 1598 3594 nunc
1631 3540 1684 3594 in
1712 3540 1898 3595 Eccle-

328 3623 411 3676 sia
433 3624 704 3688 existunt,
737 3625 792 3677 in
825 3627 1175 3682 mediatorem
1206 3628 1298 3682 Dei
1335 3636 1387 3683 et
1423 3630 1700 3684 hominum
1728 3633 1901 3686 credi-

329 3713 549 3778 derunt,
575 3723 630 3768 et
670 3715 898 3769 credunt
935 3718 1026 3785 qui
1071 3728 1346 3786 praeeunt,
1375 3727 1436 3774 "et
1459 3721 1550 3788 qui
1577 3733 1896 3790 sequuntur,

324 3815 537 3855 osanna
586 3802 913 3858 clamabant.
992 3805 1209 3860 Osanna
1255 3816 1434 3861 autem
1482 3808 1671 3864 Latina
1718 3812 1899 3880 lingua

328 3891 572 3946 salvator
619 3893 837 3947 dicitur.
897 3893 977 3948 Ab
1020 3896 1136 3964 ipso
1175 3897 1320 3950 enim
1349 3897 1574 3951 salutem
1615 3909 1670 3954 et
1691 3902 1900 3970 priores

324 3982 690 4051 quaesierunt,
735 3992 792 4038 et
828 3995 1124 4053 pmentes
1155 3996 1439 4056 quaerunt,
1480 3999 1535 4042 et
1560 3990 1899 4046 benedictum

323 4070 423 4139 qui
461 4071 605 4126 venit
644 4072 698 4126 in
752 4075 968 4128 nomine
996 4075 1204 4130 Domini
1249 4078 1595 4146 conﬁtentur,
1644 4084 1896 4151 quoniam

325 4176 435 4213 una
464 4175 608 4230 spes,
635 4178 739 4216 una
767 4163 898 4219 tides
920 4172 1003 4219 cst
1026 4167 1442 4235 praecedentium
1468 4179 1632 4241 atque
1667 4184 1898 4242 sequen-

326 4253 462 4307 tium
491 4255 828 4325 populorum.

452 4412 866 4470 llEBDOM.\DA
908 4415 974 4470 ιιι
1008 4415 1193 4472 ANTE
1228 4417 1478 4475 NATAL.
1520 4420 1774 4488 ΒΟΜΙΝΙ,

997 4527 1100 4582 hoc
1128 4536 1232 4593 est,

699 4629 1021 4719 DOMINICA
1059 4636 1100 4690 ll
1138 4636 1529 4697 ADVENTUS.

329 4775 584 4816 BI‘ISTOLA
615 4778 770 4817 ΒΕΑΤΙ
811 4780 962 4818 PAULI
995 4779 1248 4822 APOSTOLI
1287 4786 1354 4823 AD
1377 4785 1641 4838 BONANOS,
1669 4788 1786 4828 CAP.
1809 4790 1897 4830 XV.

411 4891 430 4923 ι
466 4871 807 4943 Quaecunque
828 4875 1028 4945 scripta
1057 4887 1200 4943 sunt,
1230 4879 1300 4932 ad
1318 4890 1559 4936 nostram
1595 4883 1894 4939 doctrinam

335 4981 357 5014 ι
385 4963 584 5033 scripta
615 4973 740 5020 sunt
765 5005 782 5032 ,
818 4975 878 5022 ut
922 4983 1020 5038 per
1041 4970 1353 5038 patientiam
1381 4981 1438 5027 et
1471 4975 1895 5032 consolationem

335 5073 356 5105 ι
386 5054 772 5140 scripturarum
793 5073 942 5127 spem
972 5059 1285 5116 habeamus.
1325 5061 1466 5118 Deus
1484 5073 1660 5119 autem
1685 5067 1893 5135 patien-

335 5162 356 5195 ι
389 5145 476 5198 tiae
495 5153 550 5200 et
573 5145 748 5200 solatii
764 5148 852 5201 det
872 5151 1021 5205 vobis
1042 5151 1267 5221 idipsum
1289 5166 1478 5223 sapere
1501 5155 1552 5209 in
1579 5156 1895 5212 alterutrum

335 5250 357 5284 ι
384 5235 675 5290 secundum
715 5235 896 5293 Jesunt
933 5239 1227 5307 Christum,
1265 5254 1324 5298 ut
1362 5247 1640 5300 unanimes
1665 5263 1770 5302 uno
1802 5265 1898 5304 ore

333 5343 355 5376 ‹
387 5325 752 5382 honorificetis
792 5329 958 5383 Deum
988 5341 1040 5386 ct
1089 5340 1296 5400 patrem
1339 5335 1538 5390 domini
1581 5339 1747 5392 nostri
1770 5337 1896 5394 Jesu

334 5433 355 5468 ‹
383 5415 605 5472 Christi.
647 5417 870 5489 Propter
904 5423 1044 5490 quod
1086 5424 1341 5494 suscipite
1371 5426 1598 5480 invicem
1619 5468 1632 5490 ,
1677 5429 1816 5484 sicut
1847 5439 1903 5486 et

336 5524 354 5555 α
385 5505 628 5564 Christus
669 5512 907 5582 suscepit
944 5528 1036 5568 vos
1065 5515 1128 5567 in
1163 5515 1417 5571 honorem
1447 5517 1560 5572 Dei.
1595 5519 1726 5576 Dico
1753 5521 1897 5576 enim

333 5613 356 5646 ι
384 5595 560 5655 Jesum
607 5603 879 5661 Christum
918 5606 1218 5662 ministrum
1256 5608 1419 5664 fuisse
1453 5611 1897 5669 circnmcisionis.

337 5702 356 5735 ι
384 5687 607 5761 Propter
624 5697 898 5755 veritatem
922 5698 1039 5768 Dei,
1072 5699 1138 5756 ad
1168 5699 1566 5756 contirtnanias
1586 5703 1898 5772 promissio-

1925 4482 1978 4541 Β

1994 1919 2183 1974 aquam
2230 1903 2293 1956 dc
2330 1911 2474 1970 petra
2503 1941 2515 1963 ,
2555 1907 2612 1952 ut
2639 1898 3028 1968 intelligamus,
3077 1897 3202 1966 quia
3231 1889 3568 1967 spiritualetn

1993 2008 2170 2051 escam
2204 2001 2498 2063 potumque
2541 1990 2810 2045 biberunt.
2849 1984 3114 2043 Bibeban‘t
3144 2000 3323 2043 autem
3356 1989 3421 2043 de
3454 1990 3568 2058 spi-

1995 2086 2174 2140 rituaii
2201 2126 2214 2149 ,
2266 2091 2629 2151 consequente
2676 2096 2770 2136 eos
2821 2090 2994 2150 petra.
3041 2076 3198 2133 Petra
3243 2089 3414 2133 autem
3453 2091 3569 2134 erat

1995 2174 2256 2229 Christus.
2298 2172 2422 2226 Haec
2449 2180 2504 2237 et
2543 2171 2627 2224 his
2668 2169 2862 2224 similia
2893 2169 2958 2221 ad
2987 2174 3230 2222 nostram
3263 2169 3567 2223 doctrinam

1996 2272 2121 2321 sunt
2151 2265 2351 2333 scripta
2375 2303 2389 2326 ,
2431 2261 2627 2330 quibus
2665 2273 2763 2330 per
2804 2258 3096 2317 Salvatdris
3126 2259 3416 2314 adventum
3441 2268 3571 2314 sunt

1995 2351 2356 2418 manifestata,
2387 2352 2480 2423 qui
2511 2363 2690 2408 autem
2720 2351 3023 2422 intelligunt
3049 2363 3167 2419 qua:
3192 2350 3394 2419 scripta
3420 2359 3566 2413 sunt,
3653 2349 3668 2357 “

1995 2449 2126 2504 illud
2153 2450 2269 2503 sine
2289 2448 2452 2501 dubio
2477 2445 2774 2509 invenient,
2815 2444 2954 2512 quod
2979 2443 3248 2510 sequitur,
3279 2439 3335 2496 id
3365 2450 3447 2494 est
3467 2481 3482 2504 ,
3508 2452 3572 2494 ut

1997 2556 2096 2610 per
2117 2539 2434 2610 sapientiam
2471 2545 2527 2590 et
2549 2534 2969 2590 consolationem
2995 2529 3394 2602 scripturarum
3415 2545 3569 2600 spem

1999 2630 2294 2685 habeamus
2337 2628 2402 2680 ad
2435 2627 2600 2679 Deum
2623 2665 2640 2690 ,
2671 2640 2832 2695 quam
2873 2625 3073 2678 habere
3118 2637 3223 2677 non
3253 2630 3426 2692 potest
3450 2621 3566 2686 ille,

1998 2721 2091 2792 qui
2121 2735 2222 2774 nec
2249 2719 2442 2782 credit,
2473 2732 2570 2771 nec
2597 2713 2845 2786 intelligit
2877 2713 3202 2783 Seripturas.

2069 2811 2210 2864 Deus
2236 2818 2408 2862 autem
2448 2808 2717 2878 patientiae
2752 2812 2800 2860 et
2830 2805 3008 2860 solatii
3046 2805 3129 2858 det
3169 2804 3315 2858 vobis
3342 2804 3568 2874 idip’sum

1999 2914 2181 2972 sape-rc
2232 2901 2286 2954 in
2339 2899 2650 2953 alterutrum
2714 2897 2996 2951 secundum
3046 2895 3227 2951 Jc‘sum
3277 2894 3564 2950 Christum.

1999 2990 2235 3046 Grandis
2281 2989 2374 3043 Dei
2421 2995 2507 3043 est
2554 2989 2657 3042 ista
2703 2987 3034 3051 benedictio,
3080 2991 3141 3041 ut
3169 2995 3332 3040 unum
3360 2987 3571 3056 sapiant

2001 3095 2212 3144 omnes,
2241 3088 2404 3149 atque
2428 3093 2594 3132 unum
2632 3077 2888 3141 sentiant,
2919 3086 2973 3131 et
3001 3078 3138 3132 sicut
3167 3079 3267 3132 sibi
3301 3078 3374 3131 ita
3407 3091 3573 3132 antis-

2005 3171 2233 3241 quisque
2259 3159 2392 3222 velit
2433 3178 2486 3224 et
2530 3169 2795 3238 proximo.
2841 3167 3060 3222 Multum
3092 3169 3234 3223 enim
3271 3169 3416 3224 valet
3439 3184 3572 3223 una-

1998 3261 2264 3316 nimitatis
2288 3261 2479 3330 gratia,
2507 3259 2652 3314 unde
2680 3259 2931 3314 Salvator
2961 3260 3039 3314 ait
3071 3275 3084 3312 :
3137 3259 3198 3314 Si
3231 3260 3334 3314 duo
3363 3259 3438 3314 vel
3461 3271 3570 3314 tres

1997 3351 2054 3403 in
2096 3365 2258 3403 unum
2309 3349 2695 3414 consenserint,
2750 3357 3067 3420 qtta‘ctmque
3110 3349 3350 3418 petierint
3388 3364 3423 3403 α
3462 3349 3572 3404 Dea

1997 3441 2179 3510 ﬁeteis
2225 3441 2440 3513 (Matth.
2469 3441 2646 3512 xvm).
2699 3441 2863 3495 Aiunt
2901 3440 3068 3496 Judaei
3101 3443 3166 3496 de
3207 3441 3351 3506 illis,
3383 3443 3472 3511 qui
3515 3441 3572 3496 in

1997 3533 2256 3604 psalterio
2286 3535 2556 3599 dicuntur,
2602 3533 2695 3588 lilii
2721 3533 2914 3589 Charm
2939 3575 2954 3600 ,
3006 3550 3233 3604 quorum
3268 3537 3485 3591 nomina
3514 3535 3572 3588 in

1999 3624 2185 3680 Exodo
2232 3625 2601 3688 inveniuntur,
2647 3624 2702 3678 id
2745 3634 2848 3689 est,
2895 3625 3078 3696 Assyr,
3105 3628 3194 3696 qui
3231 3627 3485 3692 etaiditio,
3517 3637 3572 3680 et

2001 3712 2294 3780 Helchana,
2324 3715 2414 3783 qui
2452 3714 2722 3784 possessio
2745 3711 2874 3778 Dei,
2912 3722 2965 3769 ct
2992 3714 3292 3784 Abiasaph,
3323 3716 3414 3785 qui
3443 3732 3575 3770 con-

1997 3807 2241 3876 gregatio
2276 3806 2448 3876 patris
2487 3805 2910 3875 interpretatur,
2964 3804 3106 3874 quod
3144 3820 3265 3860 cum
3299 3815 3450 3875 pater
3484 3821 3578 3861 eo-

1999 3909 2120 3948 rum
2146 3902 2442 3963 peccasset,
2476 3902 2530 3948 et
2552 3909 2658 3946 una
2688 3909 2812 3947 cum
2837 3893 3048 3948 Datban
3081 3901 3136 3948 et
3162 3894 3363 3949 Abiron
3393 3911 3577 3964 segre-

2000 3994 2189 4053 garem
2215 3997 2274 4037 se
2301 3999 2332 4037 a
2359 3991 2502 4038 cmtu
2541 3982 2780 4049 nefario,
2812 3993 2865 4037 et
2898 3985 3220 4054 sequestrati
3249 3985 3577 4041 unanimiter

1999 4077 2067 4130 ad
2091 4077 2256 4130 Deum
2288 4086 2476 4144 preces
2507 4074 2708 4129 fudisse
2744 4085 2906 4144 atque
2928 4075 3208 4130 exauditos
3234 4091 3374 4142 esse,
3391 4086 3443 4132 et
3465 4094 3576 4133 non

2001 4169 2174 4224 solum
2203 4169 2416 4222 veniam
2437 4183 2628 4237 pinnae,
2661 4165 2756 4222 sed
2785 4177 2840 4222 et
2869 4165 3165 4238 prophetiae
3202 4171 3430 4239 gratiam
3463 4181 3578 4224 me-

2000 4259 2195 4322 ruisse,
2223 4257 2403 4312 ethoc
2427 4269 2640 4325 quoque
2671 4257 2752 4310 eis
2782 4272 2809 4308 a
2832 4257 2943 4311 Deo
2971 4258 3289 4325 prmstitum,
3336 4274 3406 4312 ne
3446 4259 3576 4328 quid

2000 4348 2157 4401 triste
2182 4347 2503 4415 prophetare
2523 4347 2872 4416 jnberen‘tur,
2910 4355 2964 4400 et
2996 4346 3065 4401 ob
3096 4348 3198 4404 hoc
3226 4363 3417 4404 omnes
3439 4349 3578 4418 psal-

2003 4437 2100 4499 mi,
2127 4435 2432 4504 qnicunquc
2460 4435 2767 4489 nominibus
2806 4450 2994 4490 eorum
3035 4436 3378 4492 attitnlantur
3397 4479 3411 4503 ,
3441 4439 3577 4494 nihil

2003 4530 2160 4582 triste
2181 4528 2440 4582 adversus
2483 4537 2828 4596 peccatores,
2863 4537 2955 4582 aut
2992 4541 3239 4598 asperum
3270 4531 3571 4594 continent,

2003 4618 2108 4672 hoc
2132 4617 2484 4688 protulimus,
2516 4625 2576 4671 ut
2605 4627 2806 4686 quanta
2842 4617 2915 4672 sit
2948 4618 3280 4673 unanimitas
3304 4628 3575 4674 monstra-

2003 4725 2204 4764 remus.
3172 4752 3176 4756 .

2077 4798 2144 4852 Ut
2169 4801 2440 4853 unanimes
2470 4815 2576 4852 uno
2609 4814 2696 4852 ore
2709 4800 3062 4869 hoaoﬁﬁcetis
3089 4800 3276 4866 Deam,
3301 4809 3349 4857 el
3372 4809 3572 4872 patrm

2003 4888 2216 4943 Domini
2242 4890 2405 4942 nostri
2425 4889 2553 4942 Jcsu
2576 4888 2786 4941 Chn’sti.
2810 4888 2983 4942 Unum
3009 4905 3240 4960 namque
3267 4904 3330 4945 os
3353 4891 3569 4956 dicitur,

2000 4979 2090 5033 ubi
2120 4995 2262 5034 unus
2296 4989 2458 5047 atque
2505 4979 2642 5032 idem
2685 4992 2782 5047 per
2807 4980 3143 5034 diversorum
3170 4982 3351 5038 omnia
3383 4998 3571 5038 sensus

1998 5078 2054 5122 et
2081 5081 2262 5122 sermo
2286 5069 2548 5138 procedit,
2579 5079 2631 5122 et
2654 5069 2780 5136 quia
2809 5075 2984 5137 potest
3010 5069 3146 5134 fieri,
3188 5080 3249 5125 nt
3278 5081 3332 5125 et
3366 5073 3418 5126 in
3457 5089 3571 5127 ma—

1998 5158 2110 5213 litia
2140 5159 2304 5228 aliqui
2332 5160 2664 5214 unanimiter
2686 5159 3043 5225 Consentiam,
3078 5169 3133 5216 et
3163 5176 3328 5218 unum
3358 5166 3569 5235 sapiant

1999 5249 2054 5303 in
2079 5247 2250 5319 pejus,
2283 5250 2352 5304 ob
2378 5250 2480 5303 hoc
2515 5250 2740 5313 addidit,
2764 5251 3048 5304 secundant
3069 5251 3251 5306 Iesum
3280 5251 3563 5310 Christum.

2073 5339 2296 5411 Propter
2322 5342 2461 5412 quod
2502 5343 2745 5410 suscipite
2788 5339 3008 5396 invicem
3053 5343 3186 5396 sicut
3232 5356 3279 5398 et
3330 5345 3565 5401 Christus

1998 5431 2222 5501 suscepit
2243 5447 2332 5485 ros
2377 5433 2430 5485 in
2458 5432 2708 5486 honorem
2746 5429 2862 5484 Dei.
2912 5432 2992 5485 Ad
3027 5432 3156 5488 illud
3189 5437 3440 5504 respicit,
3476 5439 3566 5492 ubi

1998 5520 2279 5575 occasione
2313 5522 2634 5576 mundorum
2672 5522 2755 5576 vel
2785 5522 3180 5579 immundorum
3210 5528 3451 5581 ciborum
3483 5528 3565 5582 di—

1966 5676 1971 5685 ,
1999 5626 2156 5666 versa
2182 5613 2502 5676 sentientes,
2537 5613 2839 5668 abinvicem
2881 5614 3284 5684 discrepabunt,
3323 5633 3387 5672 ac
3416 5619 3458 5672 si
3486 5617 3565 5672 di—

1998 5713 2145 5761 ceret.
2189 5722 2202 5758 :
2255 5703 2396 5760 Nihil
2441 5706 2506 5759 de
2555 5706 2894 5762 immun.‘.itia
2939 5708 3249 5766 animalium
3285 5709 3559 5782 julicetis,
