3932 6204
308 363 313 369 ’
370 349 468 407 El'l

1169 290 1687 401 CbLLECTlONES
1724 341 1791 400 IN
1833 328 2214 405 EPISTOLAS
2246 346 2335 403 s'r
2373 347 2783 404 numerus.

3503 352 3620 417 ωδ

369 463 508 518 sicut
530 467 588 514 et
612 456 864 515 Christus
891 455 1261 511 immunditias
1286 455 1622 511 credentium
1648 455 1935 525 reputavit.
1968 461 2017 522 Α
2041 453 2206 509 etiam
2247 471 2367 526 qua:
2403 457 2456 510 in
2495 457 2667 512 cmlis.
2706 458 2863 513 Omni
2902 459 3101 530 gaudio
3136 466 3193 515 et
3234 474 3367 532 pace
3392 463 3619 535 impleti,

366 551 467 619 Qui
519 547 723 604 nullius
765 542 951 602 obruit
998 542 1254 601 delictum
1280 584 1298 613 ,
1356 562 1455 601 nec
1482 545 1644 600 alicui
1672 544 1945 616 reputavit

366 650 686 715 peccatum,
733 639 827 695 sed
858 654 1050 711 omnes
1094 638 1149 693 in
1196 639 1459 695 honorem
1498 639 1756 708 suscepit.
1798 636 1944 706 Quos

365 736 507 790 enim
535 731 775 803 suscepit
797 728 1075 797 Christus,
1113 731 1273 787 docet
1304 746 1398 787 eos
1426 732 1499 785 ita
1531 747 1693 803 agere
1720 731 1942 797 debere,

365 836 424 882 ut
452 826 700 881 videntes
738 823 987 879 homines
1033 838 1199 895 opera
1237 837 1423 879 eormn
1455 825 1595 879 bona
1641 823 1945 897 gloriﬁcent

363 925 598 989 patrem,
633 915 725 986 qui
753 915 808 969 in
838 915 991 970 caelis
1015 925 1119 970 est.

432 1009 568 1063 Dico
608 1007 749 1062 enim
788 1004 1052 1061 Christum
1083 1005 1266 1061 Jesum
1301 1008 1598 1061 ministrum
1635 1007 1801 1079 fuisse
1839 1008 1942 1061 cir-

354 1097 701 1151 cumcisionis
726 1135 742 1161 ,
789 1105 1002 1167 propter
1030 1096 1299 1150 veritatem
1324 1094 1422 1151 Dei
1451 1097 1520 1151 ad
1551 1086 1941 1167 conﬁrmandus

358 1187 735 1255 promissiones
757 1196 989 1257 patrum.
1042 1186 1248 1257 Duplici
1281 1189 1441 1243 modo
1469 1190 1570 1243 hoc
1604 1189 1828 1262 intelligi
1852 1206 1957 1261 po-,

362 1287 497 1341 test,
529 1276 645 1331 sive
670 1274 814 1345 quod
855 1275 1324 1330 circumcisioncm
1360 1277 1413 1331 in
1448 1293 1612 1332 carne
1635 1293 1731 1331 sua
1760 1292 1941 1332 susce-

361 1367 445 1434 pit
470 1366 605 1436 ipse,
637 1373 697 1418 ut
721 1379 789 1418 ex
817 1363 1024 1419 semine
1050 1364 1281 1420 Abraha:
1308 1365 1531 1420 veniens
1559 1366 1856 1436 compleret
1884 1364 1936 1420 in

357 1456 567 1528 seipso,
597 1470 717 1525 qua:
746 1454 993 1525 patribus
1022 1453 1237 1509 fuerant
1263 1456 1609 1525 repromissa,
1651 1455 1768 1511 sive
1794 1464 1853 1510 ut
1882 1456 1936 1510 in

359 1560 529 1602 carne
562 1563 659 1602 sua
690 1546 938 1602 minister
982 1545 1414 1602 circumcisionis
1461 1544 1627 1601 fuisse
1677 1547 1888 1601 dicatur
1919 1564 1932 1601 :

357 1639 427 1692 de
467 1652 575 1707 qua
600 1636 744 1691 idem
783 1631 1074 1706 Apostdlus
1099 1636 1267 1691 dicit:
1304 1635 1428 1690 Non
1453 1638 1543 1706 qui
1582 1636 1636 1691 in
1658 1635 1935 1706 manifesto

352 1724 586 1779 Indicus
607 1733 699 1786 est,
728 1740 891 1794 neque
914 1740 1031 1795 qua:
1073 1724 1128 1778 in
1151 1724 1428 1795 manifesto
1452 1725 1506 1779 in
1532 1738 1688 1779 carne
1713 1726 1935 1779 circum-

2047 545 2261 600 vidctur
2299 546 2433 602 mihi
2479 546 2692 604 ditllcile
2736 550 2952 619 exponi.
3015 548 3128 603 Pax
3171 550 3405 606 ﬁdelium
3442 553 3497 607 in
3525 568 3622 623 spe

2045 642 2205 697 debet
2232 654 2354 698 esse
2381 642 2563 698 futura
2587 685 2602 709 ,
2648 644 2739 699 ubi
2785 643 3041 714 gaudium
3070 652 3391 714 perpetuum
3429 654 3487 701 et
3514 662 3620 716 pax

2044 739 2192 787 certa
2222 742 2533 803 permanet,
2576 732 2905 789 abundantia
2939 748 3069 789 vero
3102 735 3217 804 spei
3246 736 3301 790 in
3333 736 3620 794 virtutibus

2043 824 2313 879 consistit.

2391 930 2728 972 EVANGELIUI
2767 932 2950 980 LUCE,
2992 931 3110 972 CAP.
3148 933 3261 972 XXI.

2119 1021 2138 1055 ι
2166 1002 2341 1059 Erunt
2368 1006 2522 1077 signa
2552 1007 2606 1061 in
2633 1005 2745 1062 sole
2767 1015 2822 1062 et
2842 1007 2967 1061 luna
2996 1015 3052 1062 et
3076 1007 3266 1074 stellis,
3298 1015 3357 1063 et
3380 1008 3437 1062 in
3458 1010 3619 1064 terris

2048 1112 2068 1146 ι
2095 1109 2351 1166 pressura
2387 1095 2637 1153 Gentium
2663 1139 2679 1164 ,
2733 1112 2845 1168 pra:
2874 1098 3189 1154 confusione
3214 1099 3425 1154 sonitus
3452 1100 3620 1155 maris

2047 1206 2066 1236 ‹
2096 1194 2150 1240 et
2177 1184 2430 1242 ﬂuctuum
2456 1228 2471 1254 ,
2520 1189 2889 1244 arescentibus
2929 1189 3240 1244 hominibus
3281 1202 3395 1258 prae
3425 1189 3619 1243 timore

2046 1292 2065 1325 ι
2093 1283 2150 1329 et
2172 1264 2575 1347 exspectatione
2614 1293 2734 1349 quae
2770 1280 3155 1349 supervenient
3190 1279 3448 1334 universo
3470 1279 3614 1334 orbi.

2046 1382 2065 1415 ι
2094 1363 2227 1418 Nam
2255 1367 2482 1422 virtutes
2509 1368 2770 1423 cmlorum
2804 1369 3184 1425 movebuntur.
3220 1370 3288 1424 Et
3314 1377 3442 1425 tunc
3469 1369 3617 1424 vide-

2045 1473 2063 1505 ι
2092 1455 2226 1509 bunt
2254 1455 2421 1511 tilium
2447 1458 2678 1513 hominis
2701 1458 3007 1513 venientem
3046 1459 3099 1513 in
3136 1460 3280 1514 nube
3315 1471 3437 1513 cum
3466 1469 3618 1529 pote-

2014 1536 2063 1596 ἰ
2093 1553 2231 1600 state
2256 1560 2448 1617 magna
2479 1557 2534 1601 et
2553 1547 2850 1615 majestate.
2891 1547 2989 1602 His
3007 1557 3188 1603 autem
3215 1550 3332 1603 ﬁeri
3356 1551 3617 1621 incipien-

2044 1653 2063 1685 ι
2095 1636 2237 1690 tibus
2258 1676 2274 1701 ,
2322 1637 2577 1707 respicite
2619 1648 2673 1693 et
2700 1638 2877 1694 levate
2904 1640 3083 1710 capita
3113 1649 3291 1695 veStra
3310 1681 3326 1706 ,
3358 1642 3614 1710 quoniam

2044 1746 2063 1778 ι
2093 1730 2488 1800 appmpinquat
2514 1731 2810 1802 redemptio
2838 1740 3039 1787 vestra.
3079 1731 3148 1786 Et
3168 1732 3307 1787 dixit
3331 1732 3436 1787 illis
3470 1732 3616 1787 simi-

335 1804 674 1871 cisioest,ted
728 1808 819 1879 qui
852 1808 906 1862 in
945 1806 1144 1861 occulto
1191 1808 1412 1862 Judwus
1461 1816 1509 1862 et
1544 1809 1868 1863 circumcisio
1963 1817 2010 1876 Β
2045 1838 2063 1871 ι
2093 1820 2373 1876 “tudinem
2419 1835 2433 1875 ε
2478 1822 2669 1877 Videte
2713 1821 2997 1878 ﬁculncam
3043 1832 3099 1877 ει
3133 1837 3323 1879 omnes
3361 1824 3602 1879 arbores,

349 1902 557 1964 cordis,
582 1915 700 1973 qute
722 1900 911 1973 spiritu
933 1916 1037 1953 non
1055 1897 1227 1952 littera
1249 1899 1339 1968 fit,
1385 1898 1536 1969 cujus
1577 1899 1696 1953 laus
1729 1916 1831 1953 non
1864 1915 1931 1954 ea:

349 1990 657 2044 hominibus
683 1988 856 2062 (Rom.
895 1987 981 2060 ιι),
1016 1989 1110 2044 sed
1136 2002 1203 2044 ex
1231 1988 1341 2043 Deo
1366 1996 1467 2055 est,
1497 1994 1597 2059 per
1623 1987 1929 2057 hujusmodi

348 2083 829 2140 circumcisionem
875 2091 1085 2137 certum
1139 2091 1223 2138 est
1267 2093 1484 2155 patrum
1538 2084 1930 2153 promissiones

345 2185 479 2228 esse
509 2171 826 2241 completas.

426 2264 616 2323 Gentes
648 2278 821 2322 autem
845 2283 1001 2338 super
1020 2264 1432 2321 misericordiam
1459 2265 1718 2319 honorare
1743 2264 1925 2320 Deum.

348 2359 514 2416 Sicut
545 2360 732 2417 audire
759 2358 955 2415 debent
977 2399 993 2424 ,
1036 2359 1161 2429 quia
1206 2356 1313 2413 illis
1338 2355 1481 2412 Deus
1505 2357 1798 2428 gratuitam
1828 2356 1929 2411 mi-

346 2453 710 2511 sericordiam
734 2452 1009 2517 donavit;
1032 2451 1116 2506 cui
1152 2449 1296 2505 enim
1322 2448 1442 2519 plus
1467 2448 1782 2515 dimittitur,
1807 2448 1931 2519 plus

347 2542 584 2612 diligere
608 2538 788 2607 debet.
1112 2613 1115 2615 ἓ

425 2632 575 2689 Sicut
595 2635 846 2705 scriptum
866 2640 943 2687 est
966 2645 983 2684 :
1009 2624 1291 2703 PrOpterea
1314 2630 1598 2699 conﬁtebor
1615 2626 1710 2683 tibi
1732 2629 1786 2684 in
1807 2647 1932 2701 gen-

349 2724 518 2790 tibus,
544 2724 670 2778 etin
695 2723 902 2777 nomine
935 2732 1025 2776 tuo
1054 2722 1297 2776 cantabo.
1345 2720 1447 2794 (Ex
1479 2718 1736 2794 Primas.)
1766 2721 1930 2776 Tollit

345 2813 557 2871 Judmis
602 2814 965 2884 arrogantiam
992 2851 1010 2879 ,
1057 2811 1184 2866 dum
1232 2812 1469 2883 gentium
1517 2811 1741 2867 salutem
1773 2813 1932 2868 docet

346 2898 476 2962 esse
504 2903 839 2977 przeJictam,
863 2902 1109 2973 quamvis
1131 2902 1262 2974 ipsis
1277 2917 1382 2957 non
1408 2900 1574 2958 fuerit
1599 2902 1926 2970 nuntiatum,

346 2997 606 3053 Christus
632 2994 689 3049 in
712 2992 979 3067 gentibus-
995 2992 1301 3051 contltetur.
1338 2991 1406 3047 Et
1429 2993 1625 3048 iterum
1649 2991 1781 3048 dicit
1808 3010 1823 3047 :

422 3080 688 3152 Laudate,
708 3100 883 3138 onmes
907 3092 1081 3154 gentes
1105 3123 1122 3149 ,
1162 3078 1445 3137 Dominum
1462 3121 1479 3147 ,
1521 3092 1571 3137 et
1595 3078 1929 3153 magniﬁcate

2042 1929 2061 1961 ί
2092 1911 2226 1965 Cum
2252 1911 2553 1981 producunt
2569 1911 2682 1982 jam
2720 1928 2786 1967 ex
2808 1928 2865 1968 se
2891 1912 3149 1975 fructum.
3174 1915 3328 1969 scitis
3356 1916 3614 1984 quoniam

2037 2017 2056 2051 ι
2084 2015 2252 2071 prope
2291 2012 2374 2056 est
2407 2002 2705 2057 testas-Ita
2735 2012 2791 2057 et
2819 2018 2914 2060 vos
2944 2019 3067 2075 cum
3094 2005 3342 2060 videritis
3370 2007 3485 2061 ltch
3512 2007 3612 2061 ﬂe-

2038 2111 2056 2145 ι
2087 2094 2153 2159 ri,
2184 2095 2382 2151 scitote
2419 2095 2678 2165 quoniam
2717 2111 2885 2168 prope
2921 2105 3004 2151 est
3032 2112 3258 2169 regnum
3283 2097 3398 2153 Dei.
3438 2098 3612 2153 Amen

2037 2203 2056 2237 ι
2085 2185 2207 2241 dico
2236 2187 2408 2254 vobis,
2436 2186 2562 2258 quia
2587 2201 2692 2242 non
2722 2188 3020 2257 praeteribit
3048 2189 3325 2260 generatio
3353 2190 3487 2255 hazc,
3518 2189 3612 2244 do-

2036 2293 2055 2326 ι
2086 2292 2190 2332 nec
2216 2277 2402 2332 omnia
2429 2276 2579 2332 ﬁant.
2625 2276 2834 2332 leum
2873 2286 2928 2333 et
2955 2288 3099 2334 terra
3124 2279 3458 2346 transibunt,
3484 2294 3612 2334 ver-

2035 2385 2057 2418 ι
2085 2366 2153 2422 ba
2181 2376 2360 2422 autem
2382 2383 2501 2424 mea
2526 2382 2635 2424 non
2658 2370 2982 2425 transibunt.
3020 2389 3039 2422 ι

2102 2454 2275 2511 Erunt
2319 2459 2474 2529 signa
2521 2459 2577 2512 in
2618 2459 2727 2514 sole
2759 2470 2807 2515 et
2847 2459 2973 2514 luna
3006 2468 3057 2514 et
3087 2458 3274 2529 stellis,
3307 2462 3430 2516 etin
3458 2462 3611 2516 terris

2029 2563 2275 2619 pressura
2319 2549 2572 2619 gentium,
2625 2567 2735 2621 pra:
2780 2549 3087 2620 confusione
3122 2551 3327 2605 sonitus
3355 2552 3518 2605 maris
3560 2561 3611 2606 et

2029 2640 2310 2708 ﬂuctuum.
2367 2638 2520 2706 Quod
2564 2655 2694 2695 vero
2735 2640 2906 2695 dicit:
2953 2641 3126 2695 Erunt
3165 2642 3316 2712 signa
3346 2641 3401 2694 in
3427 2641 3537 2696 sate
3560 2652 3609 2696 et

2029 2726 2158 2782 luna
2187 2738 2235 2782 et
2268 2727 2434 2782 stellis
2460 2768 2476 2796 ,
2515 2744 2879 2803 prarcursores
2918 2730 3082 2785 vicini
3123 2728 3363 2799 ejusdem
3394 2729 3610 2799 iudicii,

2030 2819 2187 2889 quasi
2214 2820 2437 2874 nuntius
2462 2819 2683 2874 indicat.
2722 2820 2765 2874 Ε
2786 2821 2984 2890 quibus
3009 2828 3122 2885 est,
3155 2831 3211 2876 et
3234 2820 3361 2875 illud
3383 2823 3612 2891 prophe-
3710 2880 3711 2883 η

2031 2917 2099 2964 ιω
2127 2927 2140 2964 :
2169 2908 2263 2964 Sol
2286 2920 2510 2964 vertetur
2546 2912 2601 2965 in
2649 2910 2916 2976 tenebras,
2961 2920 3009 2965 et
3039 2910 3165 2965 luna
3191 2911 3246 2964 in
3278 2912 3608 2981 sanguinem,

2029 3008 2306 3071 araequam
2358 3001 2528 3054 veniat
2570 3000 2680 3053 dies
2723 3000 2932 3053 Domini
2972 3016 3191 3071 magnus
3221 3010 3270 3054 et
3300 3001 3611 3070 manifestus

2032 3088 2192 3162 (Joel.
2226 3090 2307 3162 ιι).
2349 3089 2479 3145 Item
2508 3092 2651 3161 quod
2680 3092 2853 3145 Lucas
2882 3089 2997 3145 ait:
3032 3091 3109 3144 Et
3132 3091 3188 3146 in
3220 3092 3375 3146 terris
3400 3106 3611 3162 pressu-

343 3194 497 3245 emu,
525 3192 703 3230 omnes
722 3172 922 3246 populi.
977 3171 1101 3230 llaec
1135 3187 1239 3228 vox
1264 3171 1630 3245 apostolorum
1654 3181 1770 3237 est,
1799 3187 1928 3242 pro-
1956 3165 2001 3226 C
2034 3196 2093 3235 ra
2120 3183 2383 3251 gentium,
2416 3182 2590 3253 ipsum
2628 3198 2747 3237 esse
2775 3196 2918 3248 reor,
2951 3181 3095 3253 quod
3119 3182 3449 3239 Antichristi
3469 3192 3607 3238 tem-

344 3267 665 3324 vocantium
695 3264 765 3320 ad
789 3265 1115 3336 baptismum
1161 3264 1428 3321 novellum
1471 3264 1762 3337 populum,
1793 3279 1857 3318 ac
1883 3265 1930 3320 si

342 3359 598 3415 diceret:
628 3358 738 3415 Vos
764 3372 952 3415 omnes
989 3366 1208 3424 gentes,
1245 3355 1337 3424 qui
1374 3354 1577 3410 relictis
1605 3354 1929 3419 simulacris,

345 3451 667 3508 accessistis
695 3448 764 3505 ad
808 3448 978 3505 Deum
1024 3461 1121 3519 per
1164 3447 1347 3513 (idem,
1375 3445 1587 3501 laudate
1615 3458 1754 3509 eum,
1785 3445 1931 3515 quod

344 3540 526 3599 David
550 3539 715 3596 dicit:
743 3536 1079 3610 Magnificam
1113 3552 1238 3593 eum
1264 3548 1451 3592 omnes
1479 3534 1687 3607 populi,
1722 3542 1777 3590 et
1806 3535 1932 3589 hor-

348 3639 503 3687 tatur
529 3645 663 3699 eos,
718 3630 810 3702 qui
854 3646 920 3685 ex
961 3627 1163 3685 Judwis
1209 3628 1420 3684 fuerant
1455 3627 1722 3685 conversi.
1775 3625 1929 3693 Quod

348 3712 545 3780 titulus
570 3722 660 3778 ille
687 3721 1074 3795 pronuntiavit,
1098 3737 1257 3793 quem
1287 3736 1449 3792 super
1475 3735 1692 3776 crucem
1723 3718 1930 3775 Pilatus

346 3815 572 3886 posuit,
616 3814 875 3885 scriptum
919 3810 1218 3880 llebraice,
1266 3811 1452 3869 Graece
1495 3818 1551 3867 et
1605 3810 1822 3877 Latine,
1872 3810 1925 3865 id

345 3915 461 3974 est,
497 3904 617 3962 Rex
636 3900 965 3961 Judaeorum.

422 3999 493 4054 Et
520 4014 731 4054 rursum
767 3990 942 4052 Isaias
973 3997 1090 4051 ait:
1120 3988 1238 4051 Erit
1268 3994 1422 4050 radiat
1447 3992 1623 4059 Iesse,
1653 4004 1702 4050 et
1725 3996 1814 4067 qui
1839 4011 1929 4049 ea:-

345 4088 522 4159 surgit
566 4104 738 4159 regere
778 4098 950 4159 gentes
995 4088 1049 4143 in
1090 4103 1209 4141 eum
1248 4096 1422 4157 gentes
1447 4086 1750 4158 sperabunt.
1785 4084 1929 4154 Quo-

347 4177 502 4232 m’am
533 4174 684 4233 Jesse
709 4177 1095 4248 interpretatur
1122 4176 1176 4231 iu
1205 4186 1390 4233 nostra
1416 4168 1620 4248 lingua,
1659 4188 1744 4233 est
1769 4180 1923 4234 mihi.

347 4270 409 4326 ln
449 4269 683 4326 adventu
725 4286 856 4342 ergo
883 4269 1083 4325 Christi
1116 4269 1320 4337 omnis,
1351 4269 1445 4341 qui
1482 4269 1657 4325 credit
1686 4270 1767 4337 ei,
1798 4286 1927 4326 con-

346 4362 635 4416 venienter
659 4361 795 4417 dixit
822 4381 835 4416 :
885 4354 981 4418 Est
1011 4362 1171 4428 mibi,
1200 4363 1354 4433 quasi
1390 4362 1536 4418 dicat
1562 4359 1651 4418 ille
1672 4403 1688 4426 ,
1725 4363 1791 4419 de
1820 4378 1926 4434 quo

350 4456 531 4529 Moses
556 4458 692 4512 dixit
717 4476 731 4513 :
762 4457 866 4526 Qui
893 4467 989 4523 est,
1011 4458 1149 4511 misit
1170 4474 1250 4512 me
1270 4456 1340 4511 ad
1360 4475 1446 4513 vos
1474 4498 1488 4524 ,
1520 4458 1634 4527 ipse
1656 4465 1742 4513 est
1767 4458 1921 4523 mibi,

347 4549 456 4604 boc
477 4557 586 4615 est,
613 4549 669 4604 in
691 4548 865 4620 ipsum
895 4548 1088 4613 credo,
1127 4556 1183 4601 et
1210 4546 1324 4618 ipse
1360 4556 1444 4603 est
1469 4548 1561 4618 qui
1594 4547 1832 4604 surrexit
1856 4563 1922 4603 ex

349 4640 535 4696 radice
556 4637 727 4707 Jesse,
761 4648 817 4695 et
838 4640 894 4694 in
920 4639 1036 4709 ipso
1056 4647 1244 4710 gentes
1268 4641 1582 4710 sperabunt.

420 4733 564 4789 Deus
587 4742 762 4788 autem
794 4733 901 4804 spei
926 4731 1117 4803 repleat
1160 4748 1246 4786 vos
1285 4732 1425 4786 omni
1453 4732 1669 4803 gaudio,
1714 4741 1763 4787 et
1801 4748 1929 4804 pace

348 4827 408 4882 in
449 4826 740 4892 credendo,
782 4834 839 4881 ut
882 4824 1157 4879 abundetis
1204 4824 1262 4877 in
1301 4840 1391 4894 spe
1425 4835 1473 4878 et
1498 4825 1688 4879 virtute
1713 4825 1929 4895 spiritus

347 4917 539 4973 sancti.
580 4916 717 4986 Quia
745 4914 994 4988 superius
1019 4915 1231 4970 dixerat
1256 4932 1269 4968 :
1293 4913 1361 4968 In
1396 4930 1516 4969 eum
1546 4923 1720 4985 gentes
1753 4929 1932 4985 spera-

346 5010 500 5076 bunt,
533 5007 808 5080 conjungit
841 5014 1119 5080 gratanter
1146 5025 1160 5062 :
1186 4997 1330 5062 Deus
1358 5008 1467 5077 spei
1477 5024 1498 5072 ;
1538 5007 1584 5063 si
1624 5008 1765 5063 enim
1796 5006 1932 5063 scri—

349 5112 500 5171 ptum
522 5098 713 5154 fuisset
730 5097 1002 5169 superius,
1030 5097 1084 5152 in
1120 5096 1295 5168 ipsum
1329 5105 1517 5168 gentes
1558 5097 1801 5162 credunt,
1837 5096 1932 5151 ad-

342 5190 569 5264 iecisset
591 5190 708 5245 sine
730 5189 914 5255 dubio,
953 5189 1096 5245 Deus
1122 5189 1266 5257 ﬁdei,
1291 5189 1385 5245 sed
1418 5189 1544 5260 quia
1571 5190 1639 5243 ab
1663 5188 1931 5260 sperando

346 5290 539 5354 gentes
583 5280 785 5352 posuit,
828 5280 950 5336 ideo
994 5280 1162 5338 Deum
1209 5281 1325 5352 spei
1366 5280 1582 5336 invocat
1626 5295 1789 5351 super
1833 5294 1928 5336 eos

347 5380 438 5450 qni
465 5385 691 5449 sperant
714 5376 773 5433 in
806 5391 932 5433 eum
951 5416 969 5443 ,
1016 5390 1048 5430 a
1078 5389 1187 5446 quo
1214 5373 1296 5430 eis
1316 5380 1371 5429 et
1390 5372 1784 5430 benedictionis
1812 5388 1927 5428 mu-

346 5483 451 5524 nus
496 5475 755 5540 precatur
796 5466 1004 5536 augeri.
1054 5465 1152 5520 Est
1194 5471 1373 5519 autem
1402 5461 1710 5518 benedictio
1744 5460 1926 5532 hujus-

348 5560 530 5627 tnodi,
585 5568 646 5614 ut
690 5559 1001 5630 repleantur
1044 5557 1192 5612 omni
1243 5556 1441 5628 gaudio
1484 5565 1538 5612 et
1569 5556 1718 5611 omni
1766 5572 1919 5627 pace,

347 5652 494 5720 quod
520 5652 587 5706 de
611 5650 828 5706 Christo
850 5658 998 5705 recte
1026 5647 1362 5717 intelligitur,
1383 5647 1476 5717 qui
1502 5647 1806 5717 paciﬁcavit
1828 5664 1925 5720 per

348 5742 666 5810 sanguinem
720 5754 921 5805 suum,
970 5752 1077 5794 non
1128 5736 1299 5793 solum
1346 5752 1465 5807 qua:
1503 5736 1559 5791 in
1590 5737 1779 5806 terris,
1832 5737 1925 5793 sed

2031 3290 2164 3345 pora
2194 3276 2506 3332 describens
2545 3255 2831 3334 Matthacus
2856 3320 2871 3346 ,
2912 3279 3045 3335 dicit
3092 3298 3106 3333 :
3160 3277 3277 3333 Erit
3316 3281 3451 3335 enim
3487 3290 3611 3334 tunc

2029 3365 2297 3420 tribulatio
2338 3383 2561 3439 magna,
2609 3368 2782 3439 qualis
2826 3386 2930 3423 non
2972 3369 3072 3439 fuit
3128 3369 3192 3422 ab
3237 3370 3386 3424 initio
3426 3373 3609 3425 mundi

2030 3473 2193 3527 usque
2215 3458 2390 3522 modo,
2423 3475 2587 3529 neque
2608 3460 2716 3528 ﬁet.
2735 3460 2886 3528 Quod
2908 3471 3088 3515 autem
3112 3460 3284 3516 Lucas
3313 3463 3608 3533 subjungit,

2027 3564 2137 3619 pra:
2165 3547 2471 3618 confusione
2516 3549 2716 3602 sonitus
2741 3550 2902 3603 maris
2932 3560 2980 3602 et
3010 3552 3297 3621 fluctuum,
3320 3567 3499 3622 pncco
3525 3564 3611 3608 est

2029 3638 2195 3704 illius,
2222 3639 2368 3708 quod
2402 3639 2544 3694 inter
2577 3650 2776 3695 cmtcra
2799 3638 3081 3696 mutabilia
3113 3641 3317 3707 saeculi,
3370 3638 3608 3698 Joannes

2028 3743 2178 3784 mare
2206 3729 2517 3784 habiturum
2547 3730 2849 3801 conspexit.

2096 3819 2462 3875 Arescontibus
2482 3819 2777 3875 hominibus
2796 3837 2908 3894 pro:
2928 3821 3114 3880 timore
3134 3830 3182 3876 et
3204 3822 3605 3893 exspectatione,

2026 3928 2143 3986 quae
2169 3922 2527 3983 supervenient
2576 3912 2818 3967 universo
2858 3912 2992 3980 orbi,
3033 3929 3157 3967 nam
3197 3914 3411 3968 virtutes
3452 3914 3600 3967 ecclo-

2028 4019 2143 4058 runt
2169 4004 2647 4059 commovebuntur.
2679 4002 2854 4060 Credo
2885 4005 3058 4077 ipsum
3086 4004 3285 4076 judicis
3315 4006 3604 4060 adventum

2025 4093 2128 4149 hac
2154 4095 2423 4149 sententia
2465 4094 2759 4167 designari,
2792 4095 3009 4165 quando
3045 4095 3203 4166 juxta
3248 4094 3471 4149 alterius
3498 4095 3605 4150 loci

2023 4182 2336 4253 parabolam
2376 4198 2591 4251 omnes,
2626 4182 2730 4238 hoc
2759 4190 2863 4249 est,
2908 4191 2964 4237 et
3006 4183 3306 4254 prudentes
3347 4192 3402 4238 et
3443 4182 3606 4239 fatuae

2024 4273 2262 4344 virgines
2316 4272 2535 4327 insolito
2560 4271 2796 4327 clamore
2819 4273 3065 4330 suscitata
3086 4271 3359 4343 lampades
3385 4280 3603 4338 ornant,

2024 4361 2080 4416 id
2124 4355 2238 4427 est,
2279 4376 2377 4416 sua
2427 4376 2611 4417 secum
2652 4376 2816 4431 opera
2868 4356 3196 4426 numerant,
3260 4373 3358 4431 pro
3409 4360 3605 4432 quibus

2025 4454 2260 4510 maximo
2288 4469 2410 4509 cum
2445 4453 2638 4507 timore
2677 4451 2794 4522 jam
2829 4450 3050 4523 jamque
3078 4453 3369 4507 instantem
3412 4455 3604 4509 aeterni

2028 4542 2357 4600 discriminis
2376 4552 2696 4614 exspectant
2725 4552 2997 4599 eventum.
3032 4543 3184 4599 Tunc
3210 4545 3394 4615 itaque
3417 4561 3606 4618 super—

2028 4634 2278 4690 veniente
2304 4634 2559 4689 universo
2601 4636 2720 4690 orbi
2755 4637 2971 4702 timore,
3008 4644 3064 4692 et
3095 4640 3497 4708 exspectatione
3523 4639 3605 4695 di-

2028 4727 2206 4804 stricti
2233 4727 2519 4792 examinis,
2556 4727 2706 4782 multi
2735 4729 2827 4799 qui
2856 4729 2910 4783 in
2942 4729 3045 4784 hoc
3080 4730 3280 4784 mundo
3306 4729 3497 4787 ﬂorere
3526 4734 3601 4786 vi;

2030 4820 2320 4885 debentur,
2345 4834 2467 4875 cum
2493 4833 2553 4874 se
2572 4822 2688 4874 sine
2711 4820 2887 4874 fructu
2910 4822 3309 4890 conspexerint,
3332 4832 3604 4889 arescent,

2033 4920 2161 4967 tunc
2206 4911 2361 4979 ﬁdes,
2387 4927 2510 4982 qua:
2552 4913 2669 4967 sine
2699 4912 2955 4983 operibus
2977 4912 3206 4981 vixerat,
3254 4915 3517 4983 probante
3544 4931 3606 4971 se

2021 5000 2152 5071 justi
2175 5000 2375 5072 judicis
2397 5006 2540 5073 igne,
2563 5011 2878 5057 marcescet.

2099 5091 2170 5148 Et
2198 5102 2322 5148 tunc
2358 5086 2797 5149 mdebuntlt'ilium
2819 5092 3043 5148 hominis
3070 5095 3353 5149 venientem
3393 5095 3447 5149 in
3470 5095 3606 5149 nube

2029 5201 2147 5240 cum
2182 5194 2434 5259 potestate
2460 5202 2649 5257 magna
2679 5195 2728 5239 et
2758 5186 3048 5255 majestate.
3084 5183 3185 5258 (Ex
3214 5184 3400 5258 Greg.)
3430 5186 3485 5240 ln
3509 5202 3608 5256 po-

2032 5284 2226 5332 testate
2250 5292 2443 5347 magna
2474 5285 2531 5331 et
2562 5275 2842 5344 majestate
2871 5277 3037 5331 visuri
3063 5286 3213 5343 sunt,
3238 5293 3397 5346 quem
3426 5277 3478 5329 in
3507 5276 3603 5329 hu-

2032 5366 2262 5423 militate
2294 5366 2527 5438 positum
2552 5366 2741 5421 audire
2778 5367 3088 5433 noluerunt,
3124 5377 3184 5421 ut
3207 5368 3458 5420 virtutem
3488 5363 3605 5431 ejus

2032 5467 2187 5515 tanto
2222 5468 2351 5513 tunc
2383 5456 2682 5513 districtius
2722 5457 2981 5525 sentiant,
3011 5465 3212 5527 quanto
3256 5468 3397 5509 nunc
3432 5455 3607 5509 cervi-

2029 5564 2147 5605 cem
2185 5548 2366 5605 cordis
2406 5550 2475 5605 ad
2512 5549 2628 5621 ejus
2673 5549 2990 5619 patientiam
3032 5561 3138 5601 non
3178 5543 3457 5599 inclinant.
3498 5543 3605 5599 Sed

2030 5642 2157 5711 quia
2187 5641 2303 5697 haec
2327 5649 2516 5698 contra
2544 5641 2803 5712 reprobos
2832 5640 2975 5694 dicta
3002 5645 3146 5700 sunt,
3172 5650 3297 5690 mox
3319 5635 3387 5690 ad
3412 5634 3607 5691 electo-

2032 5751 2153 5790 rum
2183 5732 2605 5791 consolationem
2633 5731 2794 5787 verba
2821 5735 3123 5786 vertuntur.
3157 5725 3292 5783 Nam
3316 5727 3566 5785 subditur
3587 5747 3606 5785 :
