3932 6204
306 387 310 395 ,
358 313 466 376 ego

361 513 471 584 pitu
505 519 698 574 uestra,
729 504 972 579 quoniam
1009 497 1389 570 appropinquat
1420 489 1697 562 redemptio
1743 496 1933 542 uestra.

362 601 499 659 Cum
523 600 715 671 piagze,
754 593 948 662 inquit,
985 588 1170 645 mundi
1205 585 1574 646 crebrescunt,
1604 595 1729 635 cum
1762 585 1941 631 terror

359 670 550 762 iudicii
598 687 886 744 virtutibus
931 679 1218 739 commotis
1262 676 1583 736 ostenditur,
1619 670 1795 726 levate
1844 681 1941 720 vos

308 760 315 769 ’
361 758 562 852 capita,
609 781 661 835 id
701 785 802 838 est,
843 774 1141 829 exhilaratc
1182 769 1366 831 corda,
1411 765 1538 836 quia
1583 762 1709 818 dum
1758 758 1943 812 linitur

367 849 619 937 mundus,
653 869 808 939 cujus
838 866 995 921 amici
1021 879 1126 918 nou
1154 861 1307 927 estis,
1337 872 1505 931 prope
1530 855 1588 909 lit
1620 849 1939 918 redemptio,

365 979 531 1035 quam
577 957 868 1033 qutesistis.
916 955 1119 1010 charc
1158 952 1339 1022 itaque
1380 947 1555 1018 capita
1602 951 1687 998 est
1724 940 1943 997 omnino

368 1031 577 1112 mentes
602 1031 837 1107 nostras
877 1047 944 1101 ad
975 1044 1171 1117 gaudia
1211 1039 1401 1114 patri:e
1437 1034 1671 1091 eteiestis
1713 1031 1941 1103 erigere.

365 1145 520 1213 Quod
570 1150 752 1197 autem
806 1136 1003 1193 calcari
1050 1132 1303 1195 mundus,
1361 1143 1427 1182 ac
1471 1122 1675 1195 despici
1729 1121 1941 1182 debeat,

367 1211 591 1308 provida
627 1231 885 1288 Dominus
908 1224 1312 1297 comparatione
1341 1215 1669 1273 manifestat.
1697 1211 1829 1266 Nam
1862 1223 1948 1263 sc-

368 1327 583 1397 quitur:

442 1416 510 1471 Et
546 1413 681 1470 dixit
722 1410 828 1466 illis
863 1404 1301 1464 similitudinem:
1350 1400 1530 1456 Videte
1567 1392 1849 1466 ﬁculneam
1898 1397 1946 1443 et

370 1523 547 1563 omnes
575 1504 808 1566 arbores,
825 1515 943 1555 cum
964 1496 1258 1567 producunt
1283 1492 1391 1558 iam
1408 1505 1471 1544 ex
1492 1504 1544 1543 se
1568 1486 1815 1556 fructum,
1846 1478 1950 1534 sci-

369 1596 438 1651 tis
462 1593 713 1665 quoniam
737 1603 895 1659 prope
939 1566 1014 1639 est
1044 1592 1220 1643 a’stas,
1246 1582 1322 1633 ita
1359 1588 1405 1632 et
1454 1592 1539 1630 eos
1568 1588 1684 1628 cum
1718 1566 1948 1623 videritis

370 1654 490 1739 hinc.
527 1679 680 1750 ﬁeri,
727 1654 910 1731 scitote
950 1673 1198 1744 quoniam
1246 1682 1406 1741 prope
1433 1673 1523 1750 cest
1569 1674 1781 1731 regnum
1830 1654 1945 1709 Dei.

1637 283 1990 344 SMARAGDI
2029 279 2319 338 ABBATIS
3510 267 3615 329 7'20

434 421 534 476 His
559 428 733 475 autem
758 415 875 486 ﬁeri
898 409 1284 482 incipientibus,
1311 404 1546 474 respicite
1569 367 1938 455 etilevateca-
1968 395 2015 456 Α
2048 412 2065 444 ι
2102 394 2339 448 humano
2388 391 2494 445 dic.
2547 389 2654 461 Sed
2706 403 2880 458 neque
2930 386 3193 456 meipsum
3243 384 3450 456 judice,
3483 384 3615 439 nihil

2044 502 2063 534 ι
2099 483 2244 539 enim
2284 481 2415 538 mihi
2456 479 2705 536 conscius
2754 493 2897 543 sum,
2927 479 3020 532 sed
3051 491 3155 530 non
3185 476 3239 529 in
3271 475 3375 532 hoc
3412 472 3617 546 justiﬁ-

2046 594 2063 625 ι
2096 582 2248 629 catus
2276 589 2416 628 sum.
2460 571 2563 639 Qui
2601 578 2779 625 autem
2823 567 3034 638 judicat
3073 582 3182 632 me,
3221 565 3487 621 Dominus
3512 574 3614 621 est.

2047 684 2064 715 ι
2100 665 2287 736 Itaque
2313 662 2481 719 nolite
2530 669 2655 717 ante
2705 669 2916 730 tempus
2953 657 3222 729 judicare,
3268 658 3616 727 quoadusque

2047 777 2066 808 ι
2104 757 2281 811 veniat
2325 754 2621 817 Dominus,
2690 751 2783 822 qui
2833 757 2888 806 et
2935 747 3258 803 illuminabit
3306 747 3616 803 abscondita

2049 866 2066 898 ι
2102 846 2465 910 tenebrarum,
2496 851 2551 898 et
2581 839 2950 897 manil‘estabit
2984 837 3214 894 consilia
3258 837 3521 894 cordium.
3551 836 3621 892 Et

2049 955 2067 987 ε
2103 945 2230 991 tunc
2259 935 2378 989 laus
2401 935 2508 989 erit
2533 932 2827 1005 unicuique
2853 946 2885 985 a
2913 930 3043 986 Deo.

2114 1025 2203 1082 Sic
2249 1042 2342 1080 nos
2376 1023 2635 1078 existimet
2684 1004 2875 1084 homo,
2922 1030 2981 1075 ut
3022 1020 3290 1074 ministros
3339 1004 3535 1075 Christi
3569 1028 3619 1073 et

2045 1116 2425 1187 dispensatores
2450 1111 2812 1183 mysteriorum
2844 1110 2960 1165 Dei.
2988 1110 3049 1165 Id
3086 1118 3187 1173 est,
3213 1125 3321 1164 non
3358 1117 3421 1163 ut
3442 1123 3621 1180 aqua-

2000 1219 2009 1225 '
2045 1209 2125 1264 les
2158 1207 2380 1270 Christi,
2412 1207 2518 1261 hoc
2556 1213 2641 1260 est
2682 1205 2886 1269 dicere,
2929 1219 3037 1258 non
3066 1204 3241 1259 dicam
3287 1204 3621 1275 pseudoapo-

2046 1299 2231 1361 stoios,
2265 1299 2358 1354 sed
2387 1313 2455 1352 ne
2496 1297 2766 1368 apostolos
2804 1296 3021 1366 quidem
3050 1296 3216 1351 nimia
3247 1296 3408 1351 laude
3452 1298 3621 1351 hono-

2048 1406 2171 1447 rare
2196 1389 2423 1454 debetis,
2455 1390 2596 1445 sicut
2623 1390 2728 1443 alio
2750 1388 2872 1444 loco
2900 1388 3074 1442 dixit:
3124 1386 3383 1459 Nunquid
3417 1385 3618 1441 Paulus

2047 1482 2331 1551 cruciﬁxus
2360 1490 2435 1535 est
2455 1497 2549 1551 pro
2575 1479 2738 1543 vobis,
2757 1488 2847 1533 aut
2878 1477 2932 1531 in
2954 1477 3158 1531 nomine
3187 1473 3346 1530 Pauli
3374 1476 3622 1547 baptizati

2047 1576 2212 1630 estis?
2238 1575 2363 1644 quia
2386 1572 2542 1642 hapti
2562 1570 2723 1624 matis
2746 1570 2907 1625 homo
2930 1567 3177 1623 minister
3196 1573 3301 1631 est,
3324 1576 3516 1621 auctor
3539 1582 3623 1620 ve.

2049 1681 2111 1722 ro
2134 1666 2293 1731 Deus,
2324 1664 2463 1718 sicut
2490 1661 2753 1733 legimus:
2806 1657 2976 1729 Super
3012 1672 3160 1731 quem
3200 1657 3391 1711 videris
3424 1657 3623 1711 colum-

372 1729 570 1843 Apert'e
598 1782 727 1837 ergo
772 1766 949 1827 docet,
998 1761 1123 1831 quia
1175 1759 1319 1813 sicut
1365 1740 1445 1809 ex.
1477 1752 1654 1806 fructu
1691 1747 1945 1802 arborum

2060 1757 2170 1811 bam
2199 1729 2610 1818 descendentem,
2642 1751 2725 1805 Itic
2746 1760 2819 1805 est
2843 1751 2932 1822 qui
2955 1729 3182 1820 baptizat
3208 1747 3263 1800 in
3286 1746 3476 1819 spiritu
3503 1764 3623 1802 sane

374 1838 600 1916 ventura
622 1865 782 1911 testas
808 1852 1139 1924 agnoscitur,
1182 1848 1257 1903 ita
1288 1861 1353 1901 ex
1386 1844 1539 1899 ruina
1572 1838 1751 1894 mundi
1783 1848 1949 1907 prope

372 1965 494 2007 esse
518 1946 864 2017 cognoscitur
891 1956 1113 2013 regnum
1141 1939 1258 2003 Dei,
1286 1936 1479 2006 quibus
1508 1931 1747 2003 proiecto
1768 1924 1951 1982 verbis

370 2014 696 2100 ostenditur,
742 2034 869 2105 quia
910 2029 1129 2085 Tructus
1175 2026 1358 2082 mundi
1389 2025 1543 2078 ruina
1592 2029 1693 2075 est.
1736 2016 1817 2071 Ad
1848 2014 1952 2070 hoc

372 2131 516 2185 enim
546 2125 741 2182 crescit
764 2131 825 2177 ut
851 2120 1028 2183 cadat,
1077 2118 1144 2173 ad
1182 2117 1284 2171 hoc
1312 2113 1579 2187 germinat
1617 2119 1676 2161 ut
1701 2120 1953 2177 qu:ecun-

373 2233 478 2290 que
518 2211 918 2288 germinaverit,
963 2207 1206 2264 cladibus
1248 2210 1549 2260 consumat.
1588 2199 1729 2252 Bene
1772 2202 1952 2248 autem

375 2283 600 2379 regnum
629 2304 722 2359 Dei
751 2302 924 2357 testati
956 2304 1323 2370 comparatur,
1356 2293 1484 2364 quia
1528 2300 1657 2344 utne
1704 2283 1955 2341 mmroris

377 2374 550 2457 nostri
604 2394 787 2451 nubila
836 2398 1138 2453 transeunt,
1175 2394 1231 2442 et
1274 2386 1400 2439 vitae
1435 2382 1551 2437 dies
1597 2377 1783 2434 atterni
1827 2374 1955 2432 solis

378 2490 624 2547 claritate
683 2482 1006 2556 fuigescunt,
1033 2494 1153 2549 qua:
1195 2476 1375 2532 omnia
1401 2488 1521 2528 cum
1566 2484 1758 2538 magna
1792 2464 1958 2521 certi-

377 2581 561 2638 tudine
587 2574 994 2636 conﬁrmantur.
1020 2585 1144 2626 cum
1169 2565 1434 2624 sententia
1465 2558 1825 2631 subjungitur,
1848 2567 1957 2626 qua

376 2674 576 2731 dicitur
598 2685 614 2726 :
1560 2656 1565 2661 ’

377 2822 383 2828 ,
445 2762 613 2817 Amen
634 2760 750 2814 dico
772 2754 934 2820 uobis,
958 2753 1081 2826 quia
1106 2767 1207 2806 non
1229 2745 1511 2821 pra'teribit
1537 2738 1798 2814 generatio
1819 2736 1954 2798 haec,

373 2855 539 2911 donec
578 2851 753 2906 omnia
792 2848 945 2918 ﬁant.
980 2845 1080 2917 (Ex
1109 2838 1297 2910 Beda.)
1339 2837 1558 2893 illultum
1586 2832 1782 2904 quippe
1805 2840 1956 2883 com-

372 2943 597 3000 mendat
636 2939 915 2997 Dominus,
942 2934 1085 3007 quod
1121 2933 1196 2987 ita
1224 2926 1558 3000 pronuntiat,
1597 2920 1956 3007 quodammo-

377 3035 467 3099 do,
491 3034 536 3089 si
560 3032 663 3091 dici
686 3029 770 3085 fas
790 3037 892 3092 est,
918 3006 1119 3094 iuratio
1140 3023 1256 3094 ejus
1280 3038 1293 3074 :
1322 3020 1485 3072 Amen
1506 3015 1622 3069 dico
1650 3010 1808 3073 vobis,
1829 3006 1955 3080 quia

377 3140 480 3177 non
501 3121 780 3192 pra'teribit
798 3118 1062 3189 generatio
1077 3115 1209 3177 Ita'c,
1232 3110 1393 3164 donec
1414 3106 1587 3162 omnia
1606 3106 1757 3175 fiant.
1781 3101 1954 3157 Gene-

380 3191 640 3269 rationcm
690 3217 893 3271 autem,
936 3217 1029 3260 aut
1060 3217 1222 3259 omne
1263 3198 1538 3254 hominum
1589 3209 1756 3264 genus
1801 3191 1950 3257 dicit,

375 3308 474 3358 aut
491 3297 797 3370 specialiter
817 3293 1147 3349 Judaoornm.

451 3389 649 3446 Caelum
689 3397 740 3444 et
770 3396 910 3442 terra
955 3381 1271 3444 transibunt,
1311 3376 1463 3432 verba
1506 3382 1679 3427 autem
1706 3387 1818 3425 mea
1849 3386 1953 3424 non

374 3482 655 3539 transient.
681 3477 888 3535 Caelum
910 3474 1052 3547 quod
1081 3469 1332 3526 transibit
1368 3482 1474 3521 non
1499 3454 1811 3547 mthercum,
1840 3460 1956 3515 sive

377 3574 673 3637 sidereum,
706 3569 799 3625 sed
836 3580 1076 3630 aereum,
1119 3580 1149 3618 a
1191 3578 1297 3634 quo
1339 3568 1400 3615 et
1422 3572 1549 3612 aves
1595 3555 1735 3617 cmli,
1766 3562 1823 3609 et
1851 3568 1955 3607 nu—

380 3663 485 3719 bila
534 3662 656 3717 cteli
705 3657 1170 3730 cognominantur,
1225 3651 1524 3722 intelligere
1570 3647 1844 3702 debemus.
1896 3644 1954 3700 Si

382 3758 561 3805 autem
602 3748 796 3803 cmium
839 3755 895 3801 et
943 3752 1085 3798 terra
1134 3741 1458 3801 transibunt,
1492 3751 1711 3792 movere
1757 3743 1953 3806 potest,

380 3839 649 3914 quomodo
691 3838 836 3892 dicat
875 3832 1227 3889 Ecclesiastes
1262 3848 1275 3884 :
1310 3827 1587 3883 Generatio
1628 3826 1881 3898 pra'lerit,
1907 3833 1956 3879 et

380 3912 646 4003 generatio
675 3925 905 3990 advenit,
929 3932 1068 3976 terra
1098 3936 1215 3974 vero
1241 3920 1297 3974 in
1325 3929 1575 3972 a'ternum
1624 3924 1726 3970 stat
1754 3912 1952 3986 (Ercle.

383 4020 450 4096 ι).
479 4020 572 4075 sed
608 4026 792 4091 aperta
819 4015 1027 4070 ratione
1047 4011 1241 4067 omium
1266 4018 1321 4066 et
1356 4017 1495 4064 terra
1526 4019 1623 4079 per
1648 4022 1767 4063 eam
1793 4020 1956 4076 quam

384 4128 527 4172 nunc
557 4112 756 4169 habent
793 4108 1052 4181 speciem,
1107 4110 1405 4160 transeunt.
1459 4101 1708 4156 Attamen
1744 4112 1841 4168 per
1867 4111 1955 4151 cs—

379 4207 615 4266 sentiam
657 4203 773 4258 sine
817 4202 921 4260 ﬁne
958 4199 1293 4255 subsistunt:
1342 4194 1581 4249 Prwten’t
1613 4192 1750 4247 enim
1784 4190 1958 4260 ﬁgura

379 4298 543 4371 hujus
571 4293 773 4351 mundi.
802 4291 869 4349 Et
897 4291 964 4346 ad
991 4288 1253 4345 Joannem
1279 4284 1499 4359 angelus
1524 4303 1536 4338 :
1588 4282 1730 4346 Erit,
1757 4280 1955 4351 inquit,

2050 1856 2133 1900 cto
2162 1844 2343 1916 (Joan.
2372 1843 2435 1915 ι).
2458 1908 2467 1917 ο

2125 1912 2227 1989 Hic
2269 1912 2676 2004 iam-quatritur
2720 1931 2859 1984 inter
2899 1912 3304 2000 dispensatores,
3349 1935 3408 1980 ut
3454 1926 3625 1996 ﬁdelis

2050 2024 2165 2096 quis
2194 2021 2506 2076 inveniatur.
2534 2018 2661 2074 llatc
2682 2017 3064 2087 interrogantis
3091 2032 3192 2070 vox
3223 2024 3326 2081 est,
3358 2016 3448 2071 hic
3477 2032 3628 2081 qum-

2052 2114 2212 2177 ritur,
2241 2111 2425 2172 idest,
2470 2109 2523 2163 in
2570 2108 2821 2180 prmscnti
2872 2107 3085 2172 saeculo,
3138 2104 3245 2174 jam
3289 2120 3385 2160 vos
3426 2105 3632 2173 putatis

2053 2201 2409 2258 conscientias
2426 2199 2665 2270 judicare
2684 2194 2968 2254 huinanas.
3000 2194 3150 2264 Quod
3171 2196 3316 2259 dicit,
3346 2195 3627 2266 quaerizur,

2054 2293 2373 2350 subauditur
2399 2292 2467 2347 ab
2496 2290 2826 2354 hominibus,
2858 2296 2919 2343 ut
2947 2287 3119 2342 ﬁdelis
3145 2287 3267 2357 quis
3290 2285 3631 2341 inveniatur?

2055 2387 2182 2443 Sive
2211 2387 2257 2440 is
2285 2385 2377 2454 qui
2426 2382 2681 2447 mittitur,
2716 2380 2829 2436 sive
2862 2382 2928 2434 de
2980 2378 3065 2433 bis
3105 2378 3173 2432 ad
3202 2391 3337 2447 quos
3373 2373 3629 2437 mittitur,

2053 2486 2115 2532 ut
2144 2475 2315 2531 ﬁdelis
2342 2483 2397 2530 et
2425 2488 2614 2529 servus
2640 2471 2877 2543 prudens
2924 2468 3248 2525 inveniatur.
3280 2465 3473 2531 Aliter,
3514 2472 3635 2518 tan-

2054 2581 2216 2637 quam
2244 2565 2292 2620 si
2336 2564 2562 2628 diceret,
2589 2562 2679 2617 hic
2718 2559 2829 2630 jam
2869 2559 3096 2615 forsitan
3122 2558 3316 2628 aliquis
3349 2557 3636 2627 dispensa-

2057 2666 2234 2712 torum
2264 2655 2456 2711 merita
2494 2652 2773 2724 prmsumit
2810 2651 3093 2717 extollere,
3124 2657 3179 2705 ct
3205 2663 3367 2704 ausus
3391 2655 3474 2703 est
3502 2654 3634 2702 ante

2057 2755 2269 2818 tempus
2288 2742 2477 2814 judicii
2506 2743 2571 2798 de
2599 2740 2948 2798 conscientiis
2969 2738 3231 2809 judicare.

2130 2832 2262 2888 Mihi
2287 2841 2458 2887 autem
2481 2847 2575 2903 pro
2613 2831 2827 2884 minimo
2853 2837 2951 2894 est,
2978 2836 3034 2881 ut
3068 2845 3100 2881 a
3122 2827 3262 2882 vobis
3280 2825 3511 2897 judicer,
3541 2836 3635 2879 aut

2058 2922 2123 2978 ab
2162 2923 2396 2977 humano
2440 2922 2546 2987 die,
2603 2920 2695 2976 sed
2741 2934 2903 2991 neque
2958 2919 3213 2988 meipsum
3244 2915 3456 2987 judico,
3500 2915 3635 2969 nihil

2058 3019 2187 3074 mihi
2219 3016 2453 3072 conscius
2496 3033 2632 3072 sum.
2692 3012 2845 3084 Quod
2890 3012 3057 3068 dicit:
3113 3008 3247 3065 Mihi
3277 3024 3372 3082 pro
3418 3008 3635 3062 minimo

2055 3120 2153 3177 est,
2188 3124 2253 3165 ac
2280 3109 2324 3165 si
2361 3109 2524 3173 dicat,
2547 3123 2645 3179 pro
2683 3106 2851 3161 nihilo
2876 3103 3008 3160 mihi
3032 3111 3137 3169 est,
3167 3110 3280 3157 uta
3312 3100 3468 3155 vobis
3488 3100 3638 3170 judi-

2052 3219 2164 3259 cer.
2195 3200 2497 3256 Humanum
2534 3196 2797 3270 judicium
2827 3196 2944 3251 ideo
2971 3193 3202 3259 vocavit,
3231 3192 3354 3264 quia
3381 3189 3639 3261 frequen.

2056 3303 2138 3350 ter
2180 3293 2232 3348 in
2282 3306 2348 3346 eo
2385 3291 2586 3346 veritas
2628 3299 2683 3344 ct
2714 3286 2924 3359 justitia
2969 3286 3279 3342 frustratur.
3327 3283 3637 3339 [Iunianum

2054 3399 2187 3439 vero
2215 3382 2380 3447 diem,
2406 3382 2579 3451 ipsam
2603 3377 3032 3453 immanijudicii
3060 3376 3441 3432 revelationcm
3464 3371 3634 3443 dixit:

2055 3472 2240 3544 Neque
2287 3470 2552 3543 meipsum
2592 3469 2804 3541 judico,
2853 3468 3058 3539 inquit,
3105 3466 3159 3520 id
3216 3472 3331 3529 est,
3369 3464 3638 3534 meipsum

2055 3580 2162 3619 non
2190 3561 2369 3635 culpo,
2398 3562 2525 3633 quia
2569 3561 2702 3615 nihil
2749 3559 2875 3615 mali
2923 3559 2978 3614 in
3027 3572 3113 3613 me
3141 3556 3275 3620 scio,
3302 3569 3477 3625 neque
3504 3568 3640 3607 con-

2055 3657 2201 3713 scius
2229 3670 2368 3710 sum.
2398 3653 2568 3708 Aliter
2594 3671 2606 3705 :
2635 3651 2767 3706 Mihi
2792 3667 2886 3724 pro
2921 3650 3134 3705 minimo
3170 3658 3268 3715 est,
3297 3646 3351 3702 id
3383 3653 3487 3710 est,
3512 3659 3640 3700 esse

2055 3744 2274 3815 aliquid,
2317 3751 2377 3799 ut
2405 3743 2473 3798 ab
2513 3742 2753 3798 humano
2798 3742 2906 3807 die,
2955 3739 3007 3795 id
3054 3747 3158 3805 est,
3187 3739 3433 3793 humana:
3459 3736 3639 3791 laudis

2056 3837 2228 3905 gratia
2257 3834 2341 3890 vel
2368 3835 2551 3890 favore
2580 3849 2688 3889 non
2717 3833 2923 3904 capior,
2962 3839 3023 3887 ut
3052 3831 3181 3887 illud
3206 3847 3222 3888 :
3273 3829 3421 3886 Diem
3462 3831 3631 3884 homi-

2057 3926 2137 3979 nis
2162 3940 2265 3978 non
2290 3923 2602 3989 desiderari,
2649 3922 2704 3978 id
2747 3930 2849 3988 est,
2880 3921 3327 3984 consolationem,
3358 3918 3515 3990 cujus
3542 3917 3638 3987 ju-

2056 4015 2304 4071 cunditas
2330 4014 2600 4070 carnalem
2630 4023 2865 4070 mentem
2893 4021 3072 4085 potest
3105 4027 3322 4084 capere,
3353 4027 3460 4067 non
3488 4026 3642 4082 qua:-

2056 4107 2180 4165 sivi.
2220 4106 2329 4164 Sed
2366 4123 2542 4180 neque
2572 4109 2835 4181 meipsum
2859 4108 3065 4180 judico,
3089 4107 3144 4164 id
3193 4116 3297 4174 est,
3323 4121 3498 4178 neque
3528 4123 3643 4162 me-

2057 4199 2232 4271 ipsum
2278 4197 2504 4269 alicujus
2550 4200 2728 4255 meriti
2771 4214 2893 4255 esse
2942 4200 3259 4272 pronuntio,
3328 4186 3456 4271 quia
3509 4197 3641 4268 plus

2055 4291 2217 4346 credo
2241 4291 2587 4348 conscientia:
2622 4306 2774 4356 meas,
2804 4306 2964 4362 quam
2994 4288 3135 4347 laudi
3180 4306 3247 4347 cx
3278 4287 3451 4345 aliena
3481 4297 3639 4344 msti-

382 4390 569 4447 ctzlum
600 4401 785 4442 not-um
813 4393 861 4438 et
898 4392 1039 4437 terra
1068 4397 1216 4434 nova.
1267 4377 1397 4447 Qua:
1443 4376 1659 4449 quidem
1709 4389 1815 4427 non
1850 4371 1953 4426 alia
1980 4395 2034 4454 Β
2059 4378 2294 4436 matione
2320 4380 2575 4436 venienti.
2626 4380 2734 4452 (Ea:
2762 4378 3007 4453 August.)
3045 4379 3268 4448 Quando
3302 4394 3522 4450 possum
3546 4380 3641 4449 ju-

384 4478 662 4537 condenda
686 4483 832 4541 sunt,
854 4472 947 4531 sed
971 4473 1086 4528 haec
1109 4472 1224 4542 ipsa
1248 4476 1594 4525 renovantur.
1625 4466 1831 4522 Cmium
1858 4466 1957 4537 igi-

386 4579 474 4628 tur
501 4578 557 4625 et
583 4577 749 4632 terra,
776 4574 829 4620 ct
860 4563 1107 4618 transibit
1129 4569 1183 4617 et
1212 4561 1333 4624 erit,
1360 4559 1481 4629 quia
1506 4566 1560 4611 et
1585 4559 1653 4612 ab
1678 4572 1763 4621 ea,
1794 4571 1955 4625 quam

384 4677 528 4716 nunc
558 4661 721 4717 habet
756 4655 953 4727 specie,
983 4668 1079 4724 per
1119 4652 1297 4722 ignem
1329 4658 1585 4719 tcrgctur,
1609 4655 1663 4701 et
1694 4655 1874 4701 tamen
1901 4645 1955 4699 in

382 4765 482 4807 sua
510 4765 722 4821 semper
752 4755 941 4802 natura
966 4742 1288 4799 servabitur.

479 4878 895 4937 HEBDOMADA
928 4877 968 4932 ll
1012 4873 1197 4930 ANTE
1234 4870 1561 4929 NATALEM
1607 4866 1863 4931 DOlllNl,

1055 4988 1158 5042 hoc
1193 4992 1298 5049 est,

662 5099 989 5162 DOMINICA
1014 5095 1271 5153 TERTIA
1298 5089 1690 5149 ADVENTUS.

383 5221 644 5265 ιριςτοιλ
698 5218 854 5261 ΒΕΑΤΙ
907 5217 1059 5257 PAULI
1112 5212 1369 5254 APOSTOLI
1430 5210 1497 5251 AD
1548 5204 1867 5249 CORINTBIOS
1917 5204 1959 5254 1,

1060 5286 1177 5326 CAP.
1206 5282 1281 5324 IV.

462 5408 482 5442 ι
511 5386 604 5444 Sic
636 5401 735 5442 nos
758 5381 1032 5440 existimet
1074 5381 1234 5436 homo
1263 5386 1323 5432 ut
1350 5376 1622 5432 ministros
1652 5371 1873 5439 Christi,
1906 5379 1961 5427 et

392 5497 413 5531 ε
448 5478 846 5548 dispensatores
870 5470 1247 5544 mysteriorum
1267 5467 1383 5523 Dei.
1410 5467 1509 5522 llic
1541 5465 1654 5535 jam
1698 5464 1960 5537 quaeritur

393 5586 414 5621 ο
449 5569 589 5624 inter
612 5568 1009 5639 dispensatores
1036 5570 1095 5617 ut
1126 5560 1295 5617 ﬁdelis
1322 5560 1444 5631 quis
1472 5559 1797 5614 inveniatur.
1829 5555 1957 5611 Mihi

395 5674 420 5709 s
452 5666 629 5713 autem
653 5672 750 5730 pro
774 5655 996 5712 minimo
1025 5659 1126 5721 est,
1162 5659 1222 5707 ut
1248 5666 1277 5705 a
1302 5649 1385 5705 vo?
1409 5650 1454 5705 is
1492 5645 1726 5718 judiccr,
1770 5654 1861 5702 aut
1892 5646 1961 5702 ab

2061 4473 2241 4528 dicare
2266 4472 2656 4527 conscientiam
2703 4486 2902 4537 meam,
2949 4471 3165 4543 quaan
3200 4471 3513 4526 examinare
3543 4486 3643 4541 po-

2062 4571 2199 4628 tero,
2226 4577 2333 4632 quo
2360 4562 2541 4616 animo
2569 4560 2726 4625 iacio,
2749 4561 3008 4631 quidquid
3045 4560 3204 4624 iacio,
3223 4567 3482 4629 quantum
3509 4574 3641 4628 pos-

2060 4668 2180 4707 sum
2219 4652 2466 4707 homines
2502 4650 2569 4706 de
2614 4649 2720 4705 alio
2761 4647 3026 4718 judicare,
3074 4649 3197 4719 plus
3241 4649 3400 4704 homo
3444 4648 3640 4718 utique

2059 4744 2125 4800 de
2164 4759 2222 4799 se
2257 4744 2391 4814 ipso,
2438 4742 2531 4798 sed
2560 4741 2703 4797 Deus
2747 4741 2865 4812 plus
2891 4741 2958 4796 de
2980 4740 3224 4804 homine,
3253 4755 3414 4811 quam
3466 4740 3640 4797 homo

2059 4836 2123 4890 de
2153 4848 2229 4887 se.
2260 4832 2431 4887 ilomo
2454 4832 2596 4887 enim
2622 4832 2767 4887 videt
2791 4832 2843 4886 in
2874 4829 3031 4897 facie,
3054 4832 3199 4886 Deus
3229 4831 3283 4885 in
3310 4832 3488 4885 corde.

2128 4924 2232 4981 Sed
2264 4940 2366 4980 non
2413 4926 2466 4979 in
2495 4925 2592 4979 hoc
2634 4924 2961 4995 justiﬁcatus
3000 4939 3136 4977 sum.
3177 4921 3235 4977 id
3278 4931 3382 4986 est,
3431 4921 3484 4976 in
3526 4920 3638 4979 hoc

2058 5028 2316 5090 tempore,
2360 5024 2453 5069 aut
2485 5014 2532 5069 si
2580 5013 2718 5069 forte
2748 5012 2952 5068 nullum
2990 5013 3198 5069 crimen
3243 5009 3459 5075 admisi,
3508 5011 3640 5065 ideo

2057 5123 2164 5163 non
2194 5106 2431 5180 peccavi.
2477 5103 2537 5160 Si
2581 5105 2685 5161 hoc
2730 5104 2925 5159 Paulus
2970 5103 3119 5169 dicit,
3168 5103 3424 5175 qniduos
3450 5101 3639 5158 dicere

2058 5195 2361 5253 debemus?
2387 5196 2480 5265 qui
2505 5194 2661 5265 longe
2683 5195 2752 5249 ab
2777 5194 2920 5249 illius
2943 5194 3152 5250 meritis
3192 5192 3473 5249 distamus.
3517 5190 3642 5246 Ali-

2062 5298 2183 5344 ter:
2214 5287 2335 5342 Non
2376 5287 2432 5340 in
2459 5285 2556 5339 hoc
2575 5284 2899 5355 justiﬁcatus
2926 5301 3063 5349 sum,
3091 5284 3196 5340 hoc
3221 5291 3306 5340 est
3331 5282 3534 5348 dicere,
3563 5294 3639 5337 ne

2061 5380 2165 5435 hoc
2191 5378 2406 5450 quidem
2444 5376 2591 5432 mihi
2615 5374 2680 5430 ad
2699 5373 2964 5444 justitiam
2989 5375 3221 5446 proﬁcit,
3250 5375 3298 5430 si
3323 5372 3489 5430 nolim
3514 5371 3641 5427 lau-

2060 5452 2201 5534 dari,
2225 5469 2316 5539 qui
2346 5483 2432 5523 me
2457 5467 2733 5539 indignum
2770 5466 2927 5522 laude
2953 5480 3254 5538 cognosco:

2136 5561 2239 5628 Qui
2266 5571 2438 5615 autem
2458 5558 2666 5630 judicat
2687 5574 2788 5625 me,
2818 5557 3067 5613 Dominus
3093 5567 3189 5614 est.
3218 5559 3293 5613 Ac
3313 5557 3359 5612 si
3387 5556 3634 5611 diceret:

2063 5650 2264 5707 Cuncta
2292 5650 2428 5715 lucc,
2475 5664 2596 5721 qua:
2620 5649 2782 5703 homo
2821 5650 3051 5721 propria:
3082 5648 3454 5704 :eStimatiouis
3491 5643 3639 5702 πεο-
