3936 6202
254 355 338 410 Sil
1058 346 1577 402 CULLEC'HONES
1617 345 1681 399 IN
1725 344 2105 401 EPISTOIAS
2148 346 2234 401 ET
2277 344 2688 402 EV’ANGELIA.

3416 347 3521 402 52‘!

249 473 390 520 ctum
417 458 650 531 probare
684 454 958 521 sccrcdit,
992 455 1172 510 divino
1215 465 1345 511 sunt
1382 456 1709 511 reservanda
1745 453 1832 523 ju-
1862 462 1908 519 Α
1936 453 2014 508 dit
2034 454 2224 510 Jcsus:
2264 456 2401 510 Ca'ci
2442 456 2634 521 vident,
2685 470 2747 510 ac
2790 456 2836 511 si
2879 454 3102 521 diceret,
3147 464 3359 527 tempus
3393 458 3523 514 illud

248 552 407 617 dicio,
436 549 529 620 qui
576 548 729 604 novit
761 562 870 602 non
910 547 1085 602 solum
1132 549 1198 602 de
1242 547 1523 619 operibus,
1551 548 1644 603 sed
1669 556 1723 602 et
1768 547 1841 621 de.

247 641 664 717 cogitationibus
681 639 933 710 judicare
953 638 1153 713 (Eccle.
1171 638 1270 721 rx).

312 734 526 808 Itaque.
552 732 712 789 nolite
738 743 863 786 ante
912 740 1117 802 tempus
1160 730 1434 804 Judicare,
1480 743 1589 788 etc.
1642 731 1702 787 ld
1725 738 1833 797 est,

244 827 408 884 nolite
440 834 570 881 ante
602 823 810 899 .judicii
860 831 1076 893 tempus
1106 822 1174 878 de
1204 822 1365 878 laude
1412 823 1648 879 hominis
1690 821 1837 895 ferre

244 917 594 981 sententiam,
637 915 766 986 quia
794 913 1059 984 scriptum
1099 922 1204 983 est,
1236 929 1305 970 ne
1341 912 1529 970 laudes
1560 913 1839 985 hominem

244 1010 296 1064 in
322 1008 430 1084 vita
460 1022 578 1062 sua.

310 1100 379 1153 Et
419 1110 544 1152 tunc
594 1104 711 1153 laus
757 1098 859 1153 erit
907 1097 1187 1168 unicuique
1216 1114 1250 1151 α
1283 1096 1414 1153 Deo.
1471 1098 1549 1153 De
1598 1098 1837 1167 humana

244 1190 397 1245 laude
424 1205 487 1246 se
524 1189 727 1247 habere
768 1205 1082 1246 sermonem
1115 1192 1206 1246 hic
1236 1192 1531 1259 (evidenter
1574 1192 1828 1255 ostendit,

241 1298 373 1343 cum
394 1282 546 1349 dicit,
590 1282 915 1349 meritorum,
947 1284 1237 1341 veritatem
1277 1285 1333 1340 in
1377 1285 1491 1341 sola
1539 1284 1636 1340 Dei
1677 1284 1834 1349 laude

241 1373 562 1439 consistere,
596 1374 686 1427 ille
736 1389 865 1429 vero
895 1373 1182 1431 laudabilis
1214 1385 1323 1443 est,
1361 1391 1520 1448 quem
1550 1376 1693 1432 Deus
1719 1377 1835 1433 lau-

242 1464 469 1532 daverit,
501 1464 597 1536 qui
620 1465 807 1520 omnia
833 1465 1046 1535 occulta
1073 1474 1130 1522 et
1158 1468 1334 1527 invisa
1360 1468 1657 1539 cognoscit.

580 1571 925 1613 EVANGELIUI
955 1573 1235 1623 ΠΑΤἸἪΞῘ,
1268 1574 1388 1613 CAP.
1416 1573 1491 1612 SI.

311 1668 333 1702 ι
363 1649 499 1707 Cum
522 1650 766 1706 audisset
792 1649 1031 1711 Joannes
1053 1651 1109 1705 in
1149 1651 1379 1706 vinculis
1401 1665 1565 1721 opera
1605 1649 1831 1713 Christi,

244 1756 261 1790 ι
297 1740 526 1795 mittens
550 1738 691 1805 duos
732 1738 799 1795 de
827 1739 1104 1809 discipulis
1128 1739 1245 1794 suis
1273 1740 1350 1794 ait
1384 1739 1459 1795 illi
1487 1757 1498 1792 :
1541 1738 1621 1793 Tn
1655 1754 1717 1799 es
1736 1738 1829 1808 qui

1939 551 2175 617 advenit,
2222 561 2280 606 ut
2309 552 2435 608 caeci
2466 553 2558 622 qui
2592 552 2758 607 solum
2796 552 3022 623 justitiae
3051 551 3203 623 prius
3231 566 3337 607 non
3379 553 3526 608 ride.

1938 640 2090 710 bant,
2111 643 2223 714 jam
2252 644 2505 714 impii-tur
2532 645 2584 698 in
2620 644 2736 698 eis:
2771 642 2921 697 Beati
2950 642 3147 696 mundo
3177 644 3353 710 corde,
3391 660 3525 715 quo-

1938 737 2077 791 niam
2106 739 2205 808 ipsi
2253 737 2418 792 Deum
2446 737 2707 792 videbunt.
2737 736 2805 791 Et
2834 735 3012 793 claudi
3036 734 3127 806 qui
3172 736 3405 792 terrenis
3433 735 3531 792 atl-

1938 830 2240 894 hzercbant,
2283 837 2337 884 ct
2369 830 2437 884 de
2474 829 2783 885 cmlestibus
2812 828 3033 885 minime
3076 827 3408 899 cogitabant,
3431 841 3532 899 per

1937 922 2370 979 mansuetudinis
2422 922 2811 985 humilitatcm,‘
2853 921 2920 976 ad
2976 928 3180 976 terram
3228 919 3527 976 viventium

1941 1023 2181 1080 currant,
2210 1023 2268 1069 ut
2298 1013 2587 1083 impleatur
2626 1013 2681 1067 in
2721 1013 2836 1067 eis:
2886 1011 3037 1065 Beati
3078 1011 3251 1076 mites,
3276 1010 3526 1083 quoniam

1935 1107 2036 1177 ipsi
2063 1106 2397 1177 possidebunt
2427 1115 2640 1159 terram.
2678 1104 2747 1160 Et
2789 1104 3009 1175 lcprosi,
3035 1104 3127 1174 qui
3155 1104 3421 1159 immensa
3446 1102 3528 1158 vi-

1937 1197 2134 1250 tiorum
2166 1195 2305 1250 mole
2334 1195 2542 1267 gravati
2575 1195 2919 1265 languebant,
2961 1195 3334 1265 pmnitcntiam
3363 1211 3527 1271 agen-

1936 1295 2037 1352 tes,
2074 1285 2498 1340 consolationem
2543 1285 2833 1356 accipiant,
2881 1292 2937 1340 et
2982 1285 3271 1355 impleatur
3298 1284 3355 1340 in
3400 1285 3521 1340 eis:

1934 1374 2085 1430 Beati
2113 1377 2203 1448 qui
2231 1375 2428 1448 lugent,
2451 1376 2699 1447 quoniam
2723 1376 2822 1446 ipsi
2853 1373 3280 1430 consolabuntur.
3308 1375 3377 1430 Et
3399 1390 3523 1430 sur-

1934 1466 2009 1531 di,
2040 1467 2133 1537 qui
2171 1468 2420 1525 audiendi
2448 1482 2611 1523 aures
2653 1464 2873 1521 minime
2904 1467 3193 1531 habebant,
3218 1466 3335 1538 jam
3362 1467 3525 1521 modo

1925 1554 2194 1623 justitiam
2228 1558 2409 1612 cordis
2453 1557 2677 1613 auribus
2727 1555 3000 1621 hauriant,
3047 1564 3103 1609 et
3146 1554 3432 1626 impleatur
3467 1555 3524 1610 iu

1933 1646 2013 1702 eis
2048 1664 2061 1701 :
2098 1645 2251 1700 Beati
2294 1644 2385 1716 qui
2412 1648 2646 1699 esuriant
2670 1653 2716 1698 et
2745 1644 2927 1698 sitiunt
2947 1642 3233 1712 Justitiam,
3272 1640 3523 1712 quoniam

1931 1738 2032 1810 ipsi
2060 1738 2414 1793 satiabuntur.
2460 1737 2528 1793 Et
2561 1737 2653 1808 qui
2694 1736 2846 1808 prius
2874 1736 3072 1792 mortui
3119 1742 3278 1791 erant
3303 1733 3439 1800 Deo,
3468 1743 3525 1791 et

243 1849 260 1882 ι
297 1828 566 1885 venturus
583 1843 643 1885 es
668 1845 740 1886 an
763 1829 928 1885 alium
952 1831 1378 1900 exspectamus?
1405 1831 1474 1887 Et
1501 1831 1833 1901 respondens
1860 1833 1908 1893 B
1935 1832 2190 1887 vivebant
2214 1830 2435 1896 saeculo,
2471 1831 2833 1886 misereantur
2863 1844 2961 1900 per
2986 1826 3361 1900 pmnitentiam
3405 1826 3525 1881 ani-

242 1940 258 1972 ι
291 1921 458 1978 Jesus
493 1922 573 1977 ait
594 1922 702 1978 illis
733 1936 750 1976 :
785 1921 991 1987 Euntes
1015 1923 1323 1987 renuntiate
1351 1919 1544 1977 Joanni
1581 1937 1702 1992 qua:
1731 1937 1832 1977 au—

241 2036 261 2065 ‹
292 2015 457 2070 distis
484 2022 544 2069 et
580 2013 813 2070 vidistis.
860 2012 1002 2070 Caeci
1047 2013 1252 2079 vident,
1301 2011 1477 2069 claudi
1529 2011 1832 2077 ambulant,

241 2123 259 2156 ι
296 2104 505 2175 leprosi
551 2105 902 2170 mandantur,
951 2104 1099 2160 surdi
1140 2104 1383 2167 audiunt,
1417 2103 1613 2159 mortui
1644 2117 1837 2163 resurv,

241 2213 259 2246 ι
295 2203 457 2266 gnat,
503 2208 774 2264 pauperes
802 2192 1264 2263 evangelizantur.
1310 2192 1379 2246 Et
1415 2192 1605 2249 beatus
1627 2201 1714 2248 est
1737 2192 1830 2261 qui

240 2306 258 2337 ι
295 2303 409 2341 non
461 2284 627 2340 fuerit
677 2284 1077 2340 scandalizatus
1132 2284 1186 2338 in
1227 2298 1333 2338 me.
1386 2282 1498 2339 illis
1527 2291 1709 2339 autem
1736 2284 1835 2343 ab:

241 2395 261 2429 ι
296 2377 581 2443 euntibus,
608 2374 776 2446 coepit
802 2372 962 2429 Jesus
987 2373 1172 2429 dicere
1198 2372 1267 2428 ad
1289 2372 1474 2429 turbas
1494 2370 1564 2428 de
1584 2369 1825 2427 Joanne:

244 2489 260 2520 ι
298 2468 449 2536 Quid
494 2466 687 2523 existis
742 2466 797 2521 in
847 2464 1123 2520 desertum
1198 2463 1438 2518 videre?
1492 2462 1835 2529 Arundinem.

242 2584 260 2616 ι
293 2571 465 2621 vento
509 2562 810 2635 agitatam?
842 2559 949 2616 Sed
975 2560 1106 2631 quid
1149 2559 1342 2616 existis
1368 2557 1599 2617 videre?
1646 2556 1834 2613 Homi-

214 2642 260 2710 ‘s
293 2672 428 2713 nem
474 2655 725 2711 mollibus
770 2652 1072 2709 vestitum?
1114 2651 1255 2708 Ecce
1306 2650 1401 2721 qui
1449 2648 1703 2705 mollibus
1739 2662 1831 2712 ve-

239 2764 261 2800 ι
294 2747 544 2803 stinntnr
579 2744 634 2799 in
664 2744 914 2799 domibus
935 2756 1123 2814 regum
1158 2748 1306 2797 sunt.
1336 2739 1442 2796 Sed
1464 2738 1595 2810 quid
1637 2737 1832 2795 existis

238 2852 263 2891 ι
294 2835 535 2894 videre?
582 2832 953 2903 Prophetam?
1002 2831 1201 2889 Etiam.
1246 2831 1379 2887 Dico
1403 2829 1578 2896 vobis,
1608 2837 1666 2886 et
1709 2829 1837 2900 plus

241 2943 263 2979 ι
294 2941 468 2998 quam
510 2925 847 2997 prophetam.
901 2923 1001 2979 llic
1023 2932 1108 2980 est
1143 2923 1287 2979 enim
1319 2923 1385 2978 de
1417 2937 1526 2992 quo
1565 2921 1830 2992 scriptum

241 3035 262 3071 ι
292 3026 425 3075 est:
458 3017 598 3073 Ecce
626 3017 783 3072 mitto
809 3014 1057 3088 angelum
1086 3030 1266 3071 metun
1296 3023 1418 3071 ante
1439 3013 1635 3070 faciem
1658 3022 1827 3081 tuam,

241 3126 259 3162 ι
291 3108 395 3180 qui
417 3107 741 3180 praeparabit
769 3108 914 3163 viam
938 3115 1083 3163 tuam
1108 3115 1233 3163 ante
1260 3116 1332 3162 te.
1356 3126 1377 3159 ι

1937 1940 2040 1979 nne
2061 1940 2194 1990 sum,
2221 1932 2279 1979 et
2319 1925 2522 1987 vivant,
2550 1931 2608 1992 et
2649 1922 2939 1991 impleatur
2969 1921 3023 1975 in
3048 1920 3128 1975 eis
3152 1935 3167 1991 ξ
3194 1919 3349 1974 Beati
3372 1918 3525 1973 inise-

1936 2013 2188 2080 ricordes,
2228 2013 2477 2084 quoniam
2521 2011 2621 2081 ipsi
2667 2009 3079 2065 misericordiam
3121 2015 3521 2099 consequentur.

1933 2103 2000 2158 Et
2027 2103 2119 2173 qui
2146 2103 2298 2173 prius
2339 2116 2604 2173 pauperes
2648 2108 2803 2157 erant
2840 2099 3154 2165 virtutibus,
3196 2094 3524 2168 imtileantur

1935 2193 2141 2265 Spiritu
2177 2203 2387 2259 sancto,
2434 2201 2491 2248 et
2510 2191 2904 2263 evangelizent,
2934 2197 2995 2244 ut
3040 2189 3254 2245 dicatur
3285 2188 3353 2242 de
3381 2185 3467 2241 his
3502 2201 3519 2240 :

1936 2284 2107 2351 Quum
2155 2283 2362 2355 pulchri
2409 2299 2567 2354 super
2608 2290 2808 2336 montes
2844 2280 3003 2352 pedes
3049 2276 3520 2350 euangelizandum

1932 2390 2135 2444 pacem,
2160 2371 2631 2444 euangelizantium
2657 2370 2793 2427 bona
2821 2368 2976 2440 (Isai.
3007 2367 3124 2440 Lit).

2002 2461 2075 2516 Et
2115 2461 2297 2517 beatus
2338 2471 2434 2527 est,
2481 2461 2570 2532 qui
2610 2476 2715 2515 non
2754 2445 2926 2529 fuerit
2956 2455 3371 2512 scattdalisatus.
3418 2455 3518 2527 (Ex

1933 2551 2121 2624 Greg.)
2152 2553 2293 2620 Quid
2332 2560 2572 2623 estergo
2595 2550 2796 2617 dicere,
2824 2549 3009 2605 beatus
3028 2557 3127 2625 est,
3153 2547 3244 2619 qui
3272 2563 3380 2603 non
3402 2546 3519 2618 fue-

1932 2643 2003 2697 rit
2026 2642 2421 2699 scandalizatus
2465 2643 2522 2696 in
2564 2657 2647 2696 me
2669 2641 2696 2696 1'
2728 2640 2834 2696 nisi
2862 2648 3052 2710 aperta
3091 2653 3224 2695 voce
3260 2635 3523 2707 abjectio-

1932 2749 2058 2788 nem
2086 2735 2281 2789 mortis
2306 2748 2417 2789 suae
2441 2732 2914 2802 humilitatemqne
2946 2729 3207 2803 signare?
3247 2727 3329 2786 Ac
3355 2728 3402 2785 si
3426 2744 3525 2800 pa-

1934 2831 2112 2879 tenter
2138 2824 2300 2890 dicat,
2323 2824 2462 2879 mira
2492 2822 2707 2894 quidem
2752 2821 2914 2889 facio,
2944 2822 3038 2877 sed
3077 2820 3288 2890 abiecta
3314 2820 3524 2893 perpeti

1932 2931 2041 2971 non
2069 2915 2348 2987 dedignor,
2377 2915 2503 2985 quia
2533 2929 2633 2986 ego
2663 2914 2943 2970 moriendo
2972 2914 3290 2983 subsequor.
3318 2911 3523 2968 Caven-

1933 3009 2061 3063 dum
2084 3005 2241 3062 valde
2275 3014 2361 3062 est
2385 3005 2715 3069 hominibus,
2761 3018 2828 3059 ne
2858 3004 2912 3059 in
2949 3019 3035 3059 me
3067 3010 3295 3060 mortem
3340 3002 3522 3077 despi-

1934 3100 2101 3166 ciant,
2132 3099 2223 3169 qui
2251 3099 2405 3170 signa
2434 3103 2787 3153 venerantur.
3224 3136 3229 3139 -
3486 3086 3495 3099 “

305 3176 449 3258 Cum
472 3176 706 3256 audisset
724 3199 961 3257 Joannes
976 3202 1031 3254 in
1055 3199 1272 3255 vinculis
1293 3217 1450 3270 opera
1471 3197 1687 3265 Christi,
1710 3198 1828 3256 mit-

2004 3188 2124 3244 Illis
2153 3198 2330 3244 autem
2375 3188 2685 3243 abeuntibus
2727 3187 2878 3258 coepit
2916 3186 3076 3242 Iesus
3114 3188 3287 3243 dicere
3309 3188 3381 3243 sd
3406 3198 3525 3244 tur-

236 3302 358 3349 tem
396 3291 532 3347 duos
575 3292 641 3346 de
665 3290 945 3363 discipulis
967 3291 1101 3357 suis,
1124 3290 1348 3365 ait’illi:
1379 3289 1459 3345 Tu
1492 3307 1547 3346 es
1580 3293 1670 3361 qui
1708 3309 1831 3347 ven-

235 3397 395 3442 turus
420 3402 496 3452 es,
523 3402 595 3440 an
621 3385 786 3440 alium
809 3394 1169 3456 exspectamus
1193 3386 1218 3439 Ρ
1240 3385 1337 3458 (Ex
1364 3383 1549 3458 Beda.)
1572 3385 1672 3453 Qui
1695 3402 1829 3441 vce.-

238 3486 398 3534 turus
422 3485 527 3539 est,
562 3477 617 3532 id
640 3484 744 3543 est,
789 3493 949 3548 quem
991 3477 1267 3548 prophetae
1308 3487 1595 3534 venturum
1629 3479 1829 3548 praedi-

218 3574 459 3622 carunt.
506 3565 625 3621 Non
668 3566 786 3621 ait:
837 3566 917 3621 Tu
943 3582 1004 3623 es
1030 3567 1122 3637 qui
1165 3567 1386 3633 venisti,
1425 3568 1522 3623 sed
1547 3577 1603 3622 tu
1649 3582 1711 3623 es
1738 3568 1830 3637 qui

240 3667 508 3715 venturus
532 3673 613 3724 es,
644 3666 700 3713 et
724 3666 809 3714 est
848 3671 1060 3725 sensus,
1092 3661 1287 3716 manda
1325 3661 1479 3726 mihi,
1511 3662 1601 3730 qui
1630 3661 1832 3715 interti-

236 3750 470 3806 ciendus
494 3750 564 3805 ab
590 3749 822 3816 Herode,
852 3757 910 3806 et
935 3750 1003 3806 ad
1031 3748 1241 3805 inferna
1284 3752 1647 3807 descensurus
1687 3764 1829 3812 sunt,

238 3849 428 3896 utrum
463 3848 519 3896 te
543 3848 599 3896 et
625 3841 680 3896 in
703 3840 892 3896 inferis
913 3840 1139 3896 debeam
1161 3840 1436 3906 nuntiare,
1465 3843 1559 3910 qui
1587 3841 1828 3896 nuntiari

237 3929 480 4000 superis,
511 3943 579 3982 an
615 3943 722 3983 non
750 3928 1036 3983 conveniat
1059 3927 1201 3984 Filio
1240 3928 1354 3992 Dei,
1383 3937 1444 3984 ut
1481 3938 1663 4001 gustet
1686 3945 1831 3985 mor-

238 4028 370 4085 tem,
405 4028 463 4076 et
486 4019 652 4075 alium
681 4020 749 4074 ad
776 4021 893 4076 haec
913 4029 1254 4075 sacramenta
1284 4020 1550 4077 missurus
1570 4037 1651 4077 es.

314 4110 385 4164 Et
418 4109 735 4180 respondens
774 4108 952 4175 Iesus,
990 4111 1064 4165 ait
1108 4109 1257 4164 illis:
1301 4110 1502 4167 Euntes
1538 4116 1832 4169 renuntiate

237 4198 444 4255 Joanni
478 4214 597 4269 qua:
613 4198 836 4254 audistis
879 4211 931 4254 et
976 4200 1182 4255 vidistis
1216 4215 1235 4253 :
1262 4203 1388 4256 caeci
1430 4203 1621 4268 uident,
1654 4204 1833 4259 claudi

238 4290 543 4354 ambulant,
570 4288 761 4359 leprosi
802 4290 1149 4356 inundantur,
1174 4293 1322 4347 surdi
1359 4293 1602 4360 audiunt,
1637 4297 1834 4348 mortui

240 4387 545 4449 resurgunt,
575 4395 828 4448 pauperes
853 4380 1299 4450 esangelizantur,
1324 4393 1373 4436 et
1412 4381 1593 4436 beatus
1630 4393 1704 4438 est
1740 4385 1837 4455 qui

239 4485 351 4523 non
372 4470 535 4537 fuerit
572 4470 968 4525 scandalizatus
994 4472 1047 4525 in
1077 4487 1175 4525 me.
1218 4471 1319 4545 (Ex
1342 4472 1618 4547 Fulgent.)
1669 4474 1833 4532 Aliud

1931 3284 2024 3338 bas
2046 3282 2112 3336 de
2146 3279 2355 3335 Joanne
2377 3294 2396 3332 :
2436 3278 2577 3346 Quid
2606 3279 2786 3334 existis
2814 3279 2869 3333 in
2891 3278 3154 3333 desertum
3174 3279 3344 3336 videre
3365 3280 3390 3335 2
3414 3289 3524 3338 etc.

1932 3371 2046 3430 lloc
2084 3372 2337 3431 videlicet
2376 3387 2498 3427 non.
2523 3370 2839 3438 asserenda,
2889 3370 2984 3425 sed
3030 3371 3278 3442 negando
3318 3370 3523 3430 intulit.

1930 3465 2266 3520 Arundinem
2296 3463 2516 3533 quippe,
2558 3477 2684 3516 mox
2714 3469 2774 3517 ut
2799 3476 2931 3516 aura
2969 3461 3277 3532 contigerit,
3306 3461 3361 3516 in
3390 3475 3523 3532 par-

1934 3564 2043 3609 tem
2066 3554 2253 3619 ﬂectit,
2284 3561 2341 3608 et
2363 3552 2492 3622 quid
2512 3566 2610 3623 per
2645 3550 2992 3618 arundinem,
3017 3550 3123 3606 nisi
3145 3551 3382 3608 carnalis
3404 3552 3523 3609 ani-

1933 3660 2055 3700 mus
2101 3644 2434 3714 designatur,
2483 3633 2593 3711 qui
2624 3656 2749 3699 mox
2794 3639 2998 3708 favore,
3053 3640 3139 3698 vel
3185 3643 3521 3701 detractione

1935 3734 2193 3805 tangitur,
2222 3733 2278 3789 in
2303 3743 2513 3804 partem
2535 3732 2834 3805 quamlibet
2858 3731 3169 3790 inclinatur;
3193 3733 3253 3790 Si
3274 3733 3421 3793 enim
3447 3736 3519 3790 ab

1934 3830 2170 3885 humano
2198 3842 2295 3883 ore
2321 3842 2454 3882 aura
2502 3826 2705 3883 favoris
2746 3825 2979 3894 ﬂaverit,
3000 3812 3304 3897 'hilarescit,
3347 3828 3522 3887 extol-

1932 3922 2083 3987 litur,
2122 3929 2406 3991 totumque
2444 3935 2504 3977 se
2524 3920 2682 3991 quasi
2713 3919 2781 3975 ad
2827 3937 3051 3992 granum
3098 3921 3305 3990 ﬂectit;
3336 3925 3431 3980 sed
3471 3926 3518 3982 si

1936 4012 2058 4067 inde
2082 4020 2276 4067 ventus
2308 4010 2664 4067 detractionis
2707 4012 2972 4081 eruperit,
3017 4012 3159 4069 unde
3185 4013 3359 4072 laudis
3383 4030 3517 4071 aura

1932 4102 2201 4167 veniebat,
2225 4116 2352 4158 mox
2373 4102 2517 4159 hunc
2537 4102 2693 4172 quasi
2712 4102 2779 4157 ad
2800 4112 3008 4173 partem
3034 4104 3284 4174 alteram,
3314 4106 3383 4161 ad
3409 4106 3520 4162 vim

1932 4192 2135 4248 furoris
2172 4192 2415 4249 inclinat.
2449 4192 2556 4249 Sed
2596 4194 2807 4249 arundo
2837 4202 2998 4251 vento
3038 4195 3241 4265 agitata
3281 4196 3521 4253 Joamtes

1932 4299 2040 4339 non
2074 4290 2213 4347 erat,
2240 4283 2365 4353 quia
2391 4283 2535 4340 hunc
2561 4298 2663 4338 nec
2688 4284 2944 4339 blandum
2981 4284 3180 4356 gratia,
3203 4301 3305 4345 nec
3332 4286 3517 4358 cujus-

1931 4372 2063 4428 libet
2102 4373 2181 4427 ira
2210 4388 2463 4443 asperum
2505 4371 2754 4439 faciebat,
2799 4389 2903 4428 nec
2935 4390 3192 4445 prospera
3231 4377 3378 4437 hunc
3411 4380 3520 4436 eri.

1932 4481 2083 4536 gere,
2120 4481 2221 4521 nec
2249 4466 2478 4521 adversa
2506 4473 2773 4520 noverant
2797 4466 3079 4523 inclinare.

238 4558 392 4613 enim
427 4565 639 4613 tantum
666 4559 978 4622 audierunt,
1006 4559 1151 4614 aliud
1182 4542 1388 4615 tantum
1411 4542 1699 4617 viderunt:
1732 4578 1833 4617 ana
1862 4542 1913 4602 Ῐ)
2011 4556 2117 4611 Sed
2146 4555 2269 4627 quid
2306 4557 2487 4611 existis
2530 4556 2724 4622 videre,
2773 4557 3036 4614 hominem
3077 4559 3319 4617 mollibus
3362 4565 3521 4619 vesti-

239 4647 468 4702 dierunt
493 4648 638 4703 enim
682 4648 824 4717 quod
870 4649 1019 4704 surdi
1066 4650 1334 4714 audirent,
1384 4652 1526 4719 quod
1569 4667 1835 4723 pauperes

238 4736 775 4809 evangelizarentur,
817 4738 1067 4794 viderunt
1124 4748 1303 4795 autem
1346 4755 1519 4796 caecos
1566 4741 1831 4808 videntes,

238 4828 474 4885 claudos
508 4827 863 4893 ambulantes,
893 4828 1135 4898 leprosos
1176 4832 1479 4887 mandatos.
1519 4831 1834 4889 lienuntiate

236 4917 469 4983 Joanni,
496 4925 603 4973 etc.
627 4918 706 4973 Ac
727 4918 774 4973 si
802 4918 1025 4984 diceret,
1065 4919 1306 4974 nuntiate
1330 4919 1545 4985 Joanni,
1576 4922 1703 4992 quia
1732 4937 1834 4992 ego

239 5024 372 5066 sum
398 5009 469 5065 de
501 5024 610 5082 quo
653 5011 912 5080 propheta
942 5010 1153 5066 dicebat
1181 5029 1193 5065 :
1242 5010 1385 5065 Deus
1431 5012 1539 5082 ipse
1566 5014 1750 5080 veniet,
1779 5024 1827 5069 et

237 5099 424 5156 salvos
452 5117 546 5155 nos
565 5100 721 5171 faciet
746 5100 897 5171 (Era.
928 5101 1114 5171 xxxv).
1137 5099 1277 5157 Cutci
1300 5100 1496 5166 vident,
1527 5110 1585 5157 ut
1609 5103 1831 5174 implea-

243 5200 341 5247 tur
370 5186 501 5246 ill‘ud
529 5191 901 5262 propheticum
925 5207 940 5246 :
983 5191 1128 5248 Tunc
1179 5193 1480 5263 aperientur
1506 5193 1645 5246 oculi
1669 5209 1835 5248 εωεο-

243 5297 390 5335 rum.
419 5280 607 5336 Claudi
630 5281 926 5346 ambulant,
960 5290 1021 5335 ut
1044 5282 1371 5351 impleatur:
1405 5281 1549 5337 Tunc
1581 5284 1730 5336 saliet
1761 5284 1834 5338 si-

238 5379 337 5426 cut
365 5387 550 5426 ceruus
578 5369 817 5427 claudus.
858 5370 1019 5427 Surdi
1047 5373 1289 5437 audiunt,
1318 5382 1376 5427 ut
1412 5373 1730 5444 impleatur:
1760 5373 1831 5429 Et

240 5478 408 5518 aures
453 5461 735 5516 sur-dorum
770 5461 1041 5532 patebunt.
1084 5460 1448 5532 Spiritualiter
1486 5463 1721 5519 Joannes
1756 5464 1830 5519 ιθο

239 5568 372 5625 gem
398 5553 709 5625 significat:
742 5553 883 5622 Ergo
919 5551 1156 5609 Joannes
1189 5554 1245 5608 in
1278 5554 1507 5611 vinculis
1529 5554 1613 5611 lex
1654 5556 1833 5613 vincta

244 5644 306 5703 in
329 5642 555 5710 Judaais,
596 5644 746 5700 misit
772 5645 908 5700 duos
949 5643 1169 5701 Scribas
1201 5654 1257 5699 et
1292 5644 1632 5701 Pbarismos:
1663 5645 1743 5704 Tu
1771 5661 1833 5703 es

242 5732 362 5799 lex,
392 5735 686 5805 interrogat
708 5733 1006 5799 Christum,
1031 5744 1091 5790 ut
1110 5749 1231 5790 cum
1268 5736 1541 5809 praedicet.
1584 5736 1827 5810 Respon-

614 5824 892 5885 Ριτκυι..
939 5821 1072 5888 Cll.

1936 4654 2086 4708 tum?
2117 4651 2252 4706 Ecce
2278 4652 2370 4722 qui
2394 4650 2636 4705 mollibus
2662 4651 2954 4707 vestiuntur
2978 4653 3034 4708 in
3070 4653 3309 4710 dantibus
3336 4672 3517 4729 regum

1936 4755 2078 4800 sunt.
2108 4743 2451 4799 Catnelorum
2473 4742 2672 4798 etenim
2698 4743 2825 4814 pilis
2845 4744 3072 4800 vestitus
3096 4743 3331 4805 Joannes
3350 4748 3522 4808 fuisse

1936 4836 2281 4893 describitur.
2334 4832 2449 4888 Non
2478 4847 2608 4904 ergo
2649 4834 2875 4899 caelesti,
2921 4835 3116 4905 inquit,
3158 4838 3255 4896 sed
3300 4848 3520 4901 ten-eno

1932 4942 2101 5000 regno
2118 4924 2354 4981 militant
2376 4923 2453 4990 hi,
2477 4923 2569 4991 qui
2589 4938 2688 4993 pro
2711 4924 2821 4979 Deo
2841 4926 3050 4994 perpeti
3069 4942 3258 4998 aspera
3283 4929 3516 5004 fugiunt,

1933 5019 2030 5074 sed
2059 5015 2188 5072 solis
2213 5013 2575 5069 exterioribus
2613 5015 2801 5081 dediti,
2830 5016 3114 5084 prmsentis
3158 5019 3283 5078 vita:
3321 5023 3518 5081 molliti

1934 5117 2081 5173 sunt,
2123 5115 2181 5162 et
2209 5104 2619 5164 delectationem
2664 5113 2933 5175 quaerunt.
2971 5105 3142 5165 Nemo
3175 5125 3305 5183 ergo
3330 5115 3520 5172 exiget.

1935 5208 2048 5256 met
2073 5197 2129 5253 in
2156 5197 2287 5252 luxu
2308 5205 2472 5265 atque
2509 5196 2688 5252 studio
2714 5197 2969 5263 vestium,
2997 5211 3281 5270 peccatum
3307 5206 3517 5274 deesse,

1938 5290 2063 5357 quia
2104 5290 2149 5345 si
2177 5291 2282 5345 hoc
2326 5287 2481 5358 culpa
2511 5304 2618 5343 non
2647 5298 2813 5354 esset,
2858 5291 3008 5347 nullo
3053 5295 3214 5350 modo
3255 5294 3516 5354 Joannem

1940 5382 2198 5437 Dominus
2245 5380 2313 5435 de
2369 5379 2677 5436 vestimenti
2723 5382 2815 5438 sui
2869 5384 3166 5453 asperitate
3218 5386 3520 5444 laudasset.

1936 5471 2193 5538 Quamvis
2214 5471 2320 5526 hoc
2342 5471 2488 5541 quod
2531 5468 2768 5529 Joannes
2806 5487 2913 5528 non
2936 5480 3087 5529 esset
3119 5475 3345 5531 vestitus
3380 5475 3514 5533 mol-

1934 5560 2079 5617 libus
2105 5560 2324 5626 dicitur,
2356 5575 2454 5630 per
2491 5560 2936 5631 signiﬁcationem
2981 5562 3205 5633 intelligi
3237 5562 3398 5619 aliter
3418 5580 3516 5637 po-

1937 5656 2064 5711 test.
2112 5647 2360 5704 Mollibus
2404 5648 2549 5705 enim
2597 5651 2824 5706 vestitus
2870 5666 2977 5704 non
3022 5649 3142 5714 fuit,
3191 5653 3319 5723 quia
3345 5655 3514 5715 vitam

1937 5740 2302 5812 peccantium,
2330 5755 2440 5798 non
2479 5740 2862 5799 blandimentis
2908 5739 3061 5805 fovit,
3091 5742 3189 5805 sed
3211 5746 3396 5819 vigore
3426 5765 3496 5807 ag.

3036 5834 3108 5899 17
