3932 6204
380 349 484 406 523
878 335 886 344 ’
1671 340 1803 393 SMA
1815 339 1947 394 ΒΑΕ
1958 339 2021 394 Dl
2053 335 2346 393 ABBATIS
3549 335 3652 390 εῑὲι

379 481 523 539 pera:
573 460 893 518 invectionis
938 457 1255 528 increpavit,
1307 456 1492 511 dicens
1519 473 1530 508 :
1582 455 1858 509 Cenimina
1899 457 1972 513 ri-
2003 461 2051 520 Α
2074 450 2504 514 commendatur,
2527 447 2618 520 qui
2645 463 2772 539 cum
2794 455 2956 504 tantae
2979 446 3197 539 virtutis
3219 456 3386 539 esset,
3419 456 3478 502 ut
3501 448 3660 505 Chri-

379 537 648 626 perarum,
699 552 816 622 quis
853 545 995 606 vobis
1031 546 1402 600 demonstravit
1451 545 1629 615 fugere
1672 561 1702 597 a
1750 553 1968 598 rentara
2072 549 2189 596 stus
2213 540 2358 596 credi
2383 539 2682 610 potuisset,
2729 538 2892 610 elegit
2939 537 3108 594 solide
3157 538 3462 595 subsistere
3493 541 3547 594 in
3576 557 3654 605 se,

384 651 466 701 ira
490 646 702 718 (Matth.
734 642 856 708 in)?
2073 645 2142 686 ne
2186 631 2424 685 humana
2467 629 2721 700 opinione
2755 636 3042 698 raperetur
3082 626 3318 683 inaniter
3365 643 3532 701 super
3575 647 3657 689 se.

454 741 560 797 sed
588 740 716 811 quid
756 739 938 794 δείδιε,
973 737 1188 794 viden?
1231 732 1588 807 prophetam?
1612 742 1662 788 ει
1704 731 1821 805 jam
1851 731 1972 786 άίεο
2075 720 2218 777 Nam
2247 721 2518 793 confessus
2543 729 2638 811 est,
2665 727 2719 776 et
2743 735 2849 775 non
2867 719 3097 811 negavit,
3127 718 3398 789 confessus
3420 725 3660 793 estquia

383 833 521 887 robis
560 842 609 885 et
640 830 916 902 plusquam
963 831 1291 902 prophetam.
1329 826 1609 897 Propheta:
1638 825 1839 896 quippe
1865 823 1970 877 mi-

384 925 666 978 nisterium
692 931 796 989 est,
826 931 1055 977 ventura
1083 922 1284 986 dicere,
1311 935 1416 974 non
1447 920 1610 973 etiam
1633 918 1973 972 demonstra-

385 1031 465 1070 re.
494 1014 730 1072 Joannes
755 1029 884 1084 ergo
910 1014 1198 1084 plusquam
1229 1011 1491 1083 propheta
1536 1021 1641 1074 est,
1669 1010 1798 1080 quia
1823 1021 1972 1072 eum,

386 1123 547 1178 quem
572 1105 954 1178 percurrendo
977 1103 1418 1175 prophetaverat.
1452 1101 1616 1156 etiam
1643 1097 1980 1155 ostendendo

387 1199 691 1254 nuntiabat.

457 1289 561 1344 Hic
585 1298 661 1344 est
685 1289 749 1344 de
767 1304 868 1359 quo
892 1289 1140 1358 scriptum
1179 1294 1254 1340 est
1280 1299 1298 1337 :
1338 1283 1492 1338 Mitto
1523 1279 1766 1352 angelum
1799 1293 1973 1333 meum

390 1392 510 1437 ante
539 1381 727 1452 faciem
760 1391 927 1444 tuam,
959 1380 1048 1447 qui
1087 1375 1399 1449 prwparavit
1424 1376 1560 1427 viam
1591 1381 1736 1425 tuam
1765 1379 1885 1423 ante
1909 1378 1977 1423 te.

390 1471 543 1540 Quod
571 1471 759 1526 Cnseo
793 1468 1027 1544 ἅγγελος,
1052 1467 1272 1538 angelus
1300 1465 1492 1519 Latine
1517 1461 1737 1516 nuntius
1762 1459 1977 1516 dicitur.

394 1563 562 1617 [lecte
599 1576 748 1631 ergo,
786 1559 879 1630 qui
922 1557 1173 1612 nuntiare
1203 1569 1497 1625 supernum
1537 1552 1776 1622 judicem
1821 1549 1986 1604 mitti-

396 1664 503 1720 tur,
530 1653 752 1723 angelus
792 1659 1040 1716 vocatur,
1070 1656 1131 1704 ut
1172 1648 1484 1718 dignitatem
1517 1652 1697 1700 servet
1736 1643 1790 1696 in
1815 1641 1985 1695 nomi-

392 1759 480 1810 ne,
513 1757 677 1814 quam
708 1742 889 1812 explet
928 1741 1261 1812 operatione.
1306 1737 1485 1792 Alium
1519 1735 1737 1806 quidem
1783 1747 1980 1788 nomen

2077 829 2180 868 non
2229 829 2345 868 sum
2387 829 2486 885 ego
2537 808 2799 868 Christus.
2859 809 2967 866 Sed
3000 811 3124 880 quia
3152 811 3322 878 dixit,
3371 828 3476 869 non
3514 829 3658 877 sum,

2078 906 2294 976 negavit
2321 904 2482 974 plane
2508 905 2658 976 quod
2689 919 2798 959 mn
2821 910 2938 958 erat
2964 942 2979 968 ,
3017 906 3117 958 sed
3137 919 3244 958 non
3273 903 3490 976 negavit
3516 908 3664 975 quod

2079 1005 2217 1061 erat,
2249 1005 2310 1050 ut
2352 997 2642 1050 veritatem
2690 995 2952 1065 loquens,
2999 994 3116 1066 ejus
3143 995 3448 1050 membrum
3485 994 3663 1063 ﬁeret,

2080 1085 2234 1156 cujus
2257 1085 2359 1141 sibi
2382 1099 2576 1140 nomen
2609 1084 2876 1140 fallaciter
2901 1099 3011 1140 non
3037 1093 3342 1153 usurparet.

2151 1175 2221 1230 Et
2245 1179 2692 1246 interrogaverunt
2718 1191 2837 1229 eum
2872 1190 2890 1228 :
2920 1173 3062 1240 Quid
3089 1175 3251 1245 ergo?
3277 1174 3428 1230 Elius
3471 1193 3527 1230 es
3561 1187 3620 1231 tu
3644 1177 3670 1232 .’

2082 1267 2153 1323 Et
2187 1267 2320 1321 dixit
2347 1279 2365 1318 :
2390 1265 2512 1320 Non
2553 1282 2689 1321 sum.
2733 1265 3052 1320 Timendum
3074 1273 3157 1319 est
3175 1265 3345 1330 enim,
3384 1280 3453 1320 ne
3484 1269 3670 1322 minus

2083 1357 2445 1428 intelligentcs
2463 1357 2740 1413 contraria
2773 1363 2960 1426 putent
2978 1354 3240 1410 Joannem
3254 1356 3478 1422 dixisse,
3501 1373 3668 1426 quam

2085 1452 2390 1508 Christum.
2423 1450 2671 1506 Christus
2693 1449 2904 1504 dixerat
2940 1467 2952 1502 :
2983 1448 3130 1503 Elias
3150 1447 3264 1516 jam
3287 1449 3450 1515 venit,
3475 1459 3531 1505 et
3553 1451 3671 1521 ipse

2085 1550 2169 1596 est
2197 1541 2438 1596 Joannes
2455 1540 2716 1610 Baptista.
2758 1537 2995 1594 Joannes
3025 1539 3409 1609 interrogatus,
3441 1555 3669 1610 respon-

2087 1633 2205 1688 dit.
2240 1630 2357 1685 Non
2391 1645 2512 1685 sum
2542 1629 2723 1694 Elias,
2759 1627 2978 1697 utrique
3014 1628 3158 1683 enim
3201 1627 3490 1681 veritatem
3517 1629 3670 1682 dixe-

2089 1730 2235 1776 runt.
2278 1719 2336 1775 Si
2362 1719 2752 1790 proprietatem
2793 1717 3115 1788 interroges,
3155 1714 3394 1771 Joannes
3430 1715 3672 1773 Joannes

391 1801 495 1898 est,
521 1801 616 1887 sed
638 1831 762 1885 vita:
779 1801 1006 1885 nomine
1032 1828 1258 1884 inferior
1295 1842 1403 1881 non
1431 1801 1552 1880 est:
1572 1823 1680 1878 Sed
1705 1831 1762 1877 et
1789 1835 1981 1876 omnes
2009 1801 2058 1862 Β
2085 1822 2191 1880 est,
2225 1821 2280 1868 et
2305 1813 2452 1868 Elias
2476 1812 2621 1867 Elias
2646 1819 2749 1867 est.
2788 1809 3019 1867 Joannes
3047 1819 3226 1865 autem
3259 1817 3408 1866 recte
3443 1810 3511 1865 de
3541 1825 3670 1879 pro-

392 1924 484 1995 qui
529 1921 818 1978 sacerdotii
865 1919 1083 1975 nomine
1119 1925 1430 1982 censentur,
1477 1913 1655 1986 angeli
1695 1919 1978 1977 vocantur,

392 2013 653 2084 propheta
697 2019 1007 2072 attestante,
1041 2009 1134 2079 qui
1161 2009 1273 2063 ait:
1309 2007 1476 2061 Labia
1501 2004 1788 2061 sacerdotis
1811 2011 1985 2058 custo-

393 2107 546 2162 diunt
575 2106 872 2170 scientiam,
902 2112 950 2170 et
977 2102 1139 2174 legem
1183 2102 1454 2172 requirunt
1479 2115 1545 2153 ea:
1571 2114 1661 2152 ore
1697 2096 1835 2167 ejus,
1859 2095 1986 2167 quia

393 2191 610 2264 angelus
635 2192 848 2247 Domini
874 2193 1194 2246 exercituum
1217 2198 1312 2244 est.
1354 2188 1464 2243 Nec
1489 2202 1596 2242 non
1635 2185 1801 2241 etiam
1819 2198 1986 2238 unus-

394 2283 624 2352 quisque
670 2281 931 2347 ﬁdeiium,
981 2281 1036 2334 in
1075 2287 1338 2350 quantum
1383 2277 1600 2343 suiﬁcit,
1641 2275 1696 2330 in
1725 2283 1985 2344 quantum

394 2373 623 2443 gratiam
665 2385 910 2441 superna:
936 2369 1282 2440 aspirationis
1310 2367 1525 2437 accipit,
1569 2366 1614 2421 si
1655 2380 1686 2418 a
1719 2365 1989 2436 pravitate

395 2461 702 2530 proximum
731 2470 972 2524 revocat,
1000 2459 1046 2514 si
1072 2458 1349 2514 exhortari
1383 2457 1450 2511 ad
1489 2457 1626 2510 bene
1654 2453 1983 2524 operandum

397 2559 573 2615 curat,
618 2550 664 2605 si
712 2557 974 2604 mternum
1020 2562 1244 2620 regnum
1294 2547 1377 2602 vel
1415 2546 1737 2617 supplicium
1781 2541 1991 2600 erranti

397 2640 698 2705 denuntiat,
727 2653 851 2695 cum
888 2640 1054 2694 verba
1085 2647 1286 2695 sancta:
1312 2636 1698 2692 admonitionis
1729 2634 1984 2702 intendit,

398 2733 638 2803 profecto
665 2730 890 2804 angelus
910 2731 1115 2786 existit.

502 2839 969 2900 HEBDOMADAI
1012 2840 1197 2899 ANTE
1235 2839 1566 2897 NATALEM
1614 2837 1876 2906 DOMINI,

1087 2971 1190 3012 uoc
1221 2970 1342 3021 ssr,

648 3071 970 3129 DOMlNlCA
1011 3071 1298 3138 QUARTA
1337 3067 1728 3126 ADVENTUS.

2082 1903 2319 1974 prietate
2367 1915 2616 1972 personae
2647 1917 2759 1956 suae
2809 1901 3128 1971 respondit,
3180 1899 3302 1956 Non
3343 1915 3462 1954 sum
3499 1901 3667 1955 Elius.

2083 1993 2344 2050 Dominus
2388 2008 2519 2048 vero
2559 1992 2626 2048 de
2672 1991 3108 2063 praeﬁguratione
3155 1999 3308 2046 recte
3334 1991 3469 2046 dicit
3503 2009 3518 2046 ε
3551 1991 3676 2062 ipse

2082 2093 2168 2141 est
2194 2084 2356 2138 Elias.
2394 2082 2505 2138 Nec
2533 2081 2772 2138 Joannes
2799 2081 3015 2149 falsum,
3039 2097 3140 2138 nec
3167 2082 3430 2138 Dominus
3449 2081 3671 2149 falsum,

2084 2175 2200 2245 ipsa
2223 2173 2662 2245 praeﬂguratione
2687 2173 2836 2228 venit
2862 2173 2965 2230 iste
2985 2213 3002 2243 ,
3033 2187 3140 2244 qua
3169 2174 3506 2244 proprietate
3534 2189 3672 2231 ven-

2085 2273 2248 2322 turus
2272 2273 2358 2321 est
2386 2265 2552 2320 Elian.

2154 2357 2392 2413 Joannes
2423 2357 2589 2428 igitur
2617 2355 2674 2410 in
2717 2355 2910 2427 spiritu
2956 2354 3101 2411 Elias
3143 2362 3293 2422 erat,
3335 2355 3392 2411 in
3436 2371 3670 2427 persona

2085 2447 2234 2503 Elias
2255 2462 2362 2502 non
2393 2455 2530 2503 erat.
2574 2446 2727 2514 Quod
2761 2461 2891 2518 ergo
2920 2445 3180 2502 Dominus
3218 2445 3426 2502 fatetur
3453 2448 3523 2504 de
3561 2450 3667 2520 spi.

2085 2539 2216 2603 ritu,
2245 2537 2349 2593 hoc
2382 2535 2619 2591 Joannes
2653 2535 2888 2608 denegat
2926 2535 2994 2591 de
3024 2549 3290 2605 persona,
3343 2537 3475 2607 quia
3505 2547 3560 2592 et
3584 2538 3674 2608 ju-

2086 2638 2234 2685 stum
2264 2629 2344 2684 sic
2381 2637 2536 2693 erat,
2588 2636 2649 2683 ut
2681 2637 2736 2683 et
2773 2625 3056 2698 discipulis
3082 2627 3344 2684 Dominus
3371 2630 3676 2699 spiritalem

2087 2719 2154 2774 de
2177 2717 2385 2773 Joanne
2414 2717 2740 2772 sententiam
2767 2715 3004 2782 diceret;
3036 2726 3093 2771 et
3128 2715 3365 2774 Joannes
3406 2718 3468 2773 in
3501 2717 3678 2775 turbis

2088 2809 2396 2866 carnalibus
2417 2849 2434 2875 ,
2477 2822 2585 2864 non
2620 2808 2688 2863 de
2727 2822 2826 2864 suo
2853 2807 3067 2878 spiritu,
3099 2809 3196 2865 sed
3223 2809 3292 2865 de
3323 2823 3552 2880 corpore
3589 2825 3678 2866 re—

2088 2901 2398 2974 sponderet.
3657 2894 3674 2908 '

2161 2989 2427 3062 Propheta
2450 3005 2505 3043 es
2542 2987 2637 3042 tu!
2663 2985 2732 3041 Et
2773 2986 3078 3058 respondit:
3112 2987 3258 3041 Non.
3291 2986 3420 3044 Ideo
3444 2989 3680 3059 prophe-

2098 3092 2210 3138 tam
2246 3096 2306 3137 se
2344 3094 2464 3136 esse
2496 3094 2604 3153 non
2646 3078 2796 3145 dicit,
2846 3078 2972 3148 quia
3004 3078 3267 3148 majorem
3309 3091 3372 3134 se
3396 3079 3684 3150 prophetis

401 3177 657 3217 zrrsrou
717 3177 877 3216 sunt
932 3177 1089 3215 mou
1154 3176 1408 3216 sros'rou
1469 3177 1538 3215 an
1597 3175 1991 3217 "insertasse.
2025 3148 2071 3212 C
2099 3187 2221 3229 esse
2245 3151 2549 3242 cognoscit,
2579 3168 2705 3237 quia
2726 3182 2885 3237 quem
2910 3169 3189 3238 propheta:
3228 3148 3518 3224 venturum
3560 3169 3680 3228 fore

1075 3269 1194 3308 CAP.
1235 3268 1319 3306 ιιι.

465 3383 490 3436 Α(
513 3365 753 3422 Gaudete
773 3366 828 3420 in
850 3365 1078 3422 Domino
1097 3379 1329 3436 semper,
1347 3367 1540 3422 iterum
1557 3367 1681 3424 dico
1703 3367 1948 3438 gaudete.
1972 3387 1993 3420 ι

476 3457 653 3529 Hujus
699 3458 928 3531 epistola
973 3459 1349 3531 expositionem
1399 3460 1454 3514 in
1505 3457 1850 3516 Ilebdomada
1881 3469 1996 3530 post

407 3551 744 3608 Pentecoslen
773 3552 1013 3607 vicesima
1042 3559 1234 3623 quarta
1265 3552 1492 3622 require.

795 3653 1136 3698 ενΑΝῦΕιιωι
1172 3656 1408 3707 JOANNJS,
1442 3657 1560 3697 CAP.
1589 3656 1627 3695 1.

482 3751 504 3786 ι
540 3733 804 3788 Miserum
844 3729 1014 3787 Judaei
1061 3733 1130 3786 ab
1174 3732 1561 3802 Hierosolymis
1597 3732 1906 3790 sacerdotes
1944 3741 1999 3790 et

412 3843 431 3876 ε
465 3824 684 3880 Levitas
709 3823 778 3876 ad
799 3835 943 3887 eum,
967 3827 1028 3875 ut
1050 3823 1456 3892 interrogarent
1480 3837 1605 3876 eum
1625 3841 1637 3876 :
1657 3821 1736 3877 Tu
1758 3825 1879 3894 quis
1893 3826 1999 3881 es?

413 3931 431 3965 ι
466 3915 533 3969 Et
559 3910 837 3968 confessus
863 3919 970 3977 est,
999 3918 1056 3965 et
1093 3925 1202 3964 non
1229 3910 1465 3981 negavit.
1494 3911 1562 3965 Et
1591 3910 1871 3969 confessus
1891 3924 1994 3981 est,

414 4025 432 4057 σ
464 4006 590 4076 quia
637 4019 748 4058 non
786 4017 908 4059 sum
955 4017 1059 4073 ego
1103 4001 1372 4058 Christus.
1419 4003 1485 4058 Et
1527 4003 2000 4075 interrogaverunt

414 4113 432 4145 ι
469 4110 614 4151 eum.
649 4094 789 4162 Quid
819 4095 994 4165 ergo?
1022 4094 1169 4149 Elias
1192 4107 1251 4149 es
1289 4094 1391 4148 tu?
1418 4094 1486 4148 Et
1507 4093 1681 4150 dixit:
1711 4095 1827 4151 Non
1855 4113 1993 4153 sum.

413 4205 434 4239 ο
463 4187 732 4257 Propheta
758 4199 818 4241 es
846 4193 903 4240 tu
922 4187 946 4240 ?
966 4185 1033 4240 Et
1059 4185 1374 4260 respondit__:
1417 4185 1554 4241 Non.
1584 4186 1846 4243 Dixerunt
1871 4203 2000 4259 ergo

415 4297 432 4329 ι
466 4279 517 4332 ei
557 4276 734 4344 :Quis
759 4291 840 4342 es,
885 4285 948 4332 ut
984 4291 1303 4347 responsum
1341 4277 1528 4332 demus
1572 4277 1656 4334 his
1695 4278 1785 4348 qui
1829 4279 1996 4335 mise~

415 4387 432 4420 ς
470 4378 596 4424 runt
625 4369 768 4422 nos?
816 4367 953 4435 Quid
1002 4369 1140 4423 dicis
1185 4367 1252 4424 de
1299 4368 1517 4438 teipso?
1551 4368 1680 4423 Ait:
1737 4369 1850 4441 Ego
1893 4385 1996 4425 vox

416 4480 432 4510 ι
469 4459 754 4515 clamantis
780 4459 835 4513 in
877 4459 1112 4524 deserto,
1160 4459 1378 4528 dirigite
1412 4459 1555 4512 viam
1597 4458 1831 4526 Domini,
1858 4461 1998 4516 sicut

417 4569 434 4600 ι
469 4551 603 4606 dixit
630 4548 797 4604 Isaias
831 4549 1115 4619 propheta.
1158 4548 1226 4602 Et
1251 4549 1344 4618 qui
1391 4549 1542 4604 missi
1575 4548 1808 4616 fuerant,
1837 4559 1994 4605 erant

419 4659 436 4691 ι
472 4656 538 4696 ex
565 4639 872 4695 Pharisaeis.
902 4639 970 4693 Et
991 4639 1461 4707 interrogaverunt
1484 4654 1626 4705 eum,
1657 4647 1712 4694 et
1742 4640 1993 4696 dixerunt

419 4750 437 4782 ι
465 4732 521 4787 ei
547 4747 562 4785 :
588 4731 728 4798 Quid
753 4745 884 4803 ergo
906 4731 1167 4801 baptizas,
1199 4729 1247 4785 si
1287 4737 1343 4782 tu
1374 4744 1479 4784 non
1508 4745 1568 4785 es
1596 4728 1861 4798 Christus,
1900 4745 1996 4786 ne-

420 4820 439 4872 c'
471 4837 578 4892 que
603 4822 768 4888 Elius,
816 4836 917 4877 nec
961 4820 1259 4892 propheta?
1296 4819 1592 4891 Respondit
1627 4822 1707 4878 eis
1737 4819 1991 4890 Joannes,

420 4935 440 4970 ι
470 4915 656 4972 dicens
684 4929 700 4970 :
725 4916 836 4987 Ego
862 4916 1078 4986 baptizo
1104 4916 1158 4970 in
1185 4929 1404 4986 aquam,
1449 4915 1657 4970 medius
1685 4924 1864 4971 autem
1903 4932 1996 4971 vc-

421 5023 438 5056 ι
473 5014 647 5061 strum
685 5007 841 5062 stetit
868 5022 1027 5077 quem
1068 5022 1166 5062 vos
1203 5007 1444 5062 nescitis.
1497 5005 1612 5077 Ipse
1647 5015 1731 5061 est
1757 5006 1846 5076 qui
1874 5015 1997 5077 post

422 5116 439 5146 ι
477 5111 563 5151 me
605 5104 868 5152 venturus
895 5107 997 5162 est,
1037 5099 1131 5168 qui
1172 5105 1298 5152 ante
1341 5112 1428 5153 me
1475 5096 1652 5152 factus
1701 5103 1804 5162 est,
1842 5097 1996 5166 cujus

422 5207 442 5245 ς
473 5202 576 5260 ego
620 5203 728 5244 non
771 5204 890 5245 sum
940 5190 1150 5262 dignus,
1198 5197 1260 5244 ut
1304 5189 1508 5245 solvam
1555 5189 1671 5260 ejus
1707 5190 1995 5261 corrigiam

422 5297 443 5330 ι
471 5278 841 5336 calceamenti.
868 5276 992 5332 ll:ec
1017 5279 1071 5332 in
1100 5277 1360 5334 Bethania
1391 5277 1534 5334 facta
1559 5286 1686 5334 sunt
1711 5286 1861 5334 trans
1884 5278 2000 5334 Jor-

423 5387 443 5424 ι
473 5369 688 5434 danetn,
711 5366 805 5422 ubi
827 5377 944 5421 erat
966 5364 1202 5422 Joannes
1219 5367 1519 5438 baptizans.
1544 5387 1563 5420 ι

490 5458 749 5515 Riserunt
777 5455 956 5514 Iudici
993 5458 1059 5513 ab
1092 5457 1470 5529 Hierosolymis
1497 5458 1792 5513 sacerdotes
1817 5467 1865 5512 et
1893 5456 1994 5512 Le-

421 5552 552 5607 uitas
580 5551 649 5605 ad
675 5550 962 5618 Joannem,
987 5560 1043 5605 ut
1064 5550 1445 5620 interrogarent
1467 5568 1584 5605 eum
1613 5565 1631 5604 :
1657 5551 1735 5604 Tu
1764 5551 1880 5622 quis
1903 5552 2000 5606 es?

426 5640 492 5693 Et
517 5643 783 5711 confessus
808 5651 907 5709 est,
923 5651 970 5697 et
992 5658 1095 5698 non
1119 5643 1341 5712 negarit.
1371 5641 1438 5695 Et
1460 5642 1725 5711 confessus
1753 5650 1848 5706 est,
1870 5643 1998 5712 quia

429 5743 530 5782 non
555 5747 669 5784 sum
703 5747 794 5802 ego
818 5730 1079 5788 Christus.
1143 5732 1238 5787 His
1262 5731 1443 5788 verbis
1471 5729 1694 5789 Joannis
1721 5731 1997 5787 humilitas

2095 3262 2385 3328 dixerunt,
2428 3260 2534 3315 iste
2574 3258 2740 3329 digito
2782 3258 3206 3326 demonstravit,
3257 3257 3448 3315 dicens
3486 3279 3500 3315 :
3539 3260 3682 3318 Ecce

2098 3367 2265 3422 agnus
2287 3348 2406 3415 Dei,
2429 3363 2545 3404 ecce
2567 3347 2656 3419 qui
2684 3345 2821 3400 tollit
2845 3355 3058 3418 peccata
3081 3346 3286 3402 mundi.

2071 3447 2078 3454 '
2166 3441 2429 3496 Dixerunt
2472 3455 2595 3509 ergo
2643 3438 2693 3494 ei
2725 3454 2744 3493 :
2777 3436 2906 3503 Quis
2935 3454 3022 3504 es,
3054 3447 3110 3492 ut
3153 3455 3459 3510 responsum
3493 3443 3681 3500 daturus

2098 3529 2179 3584 his
2209 3529 2298 3600 qui
2345 3527 2597 3582 miserunt
2643 3537 2738 3579 nos
2759 3525 2785 3578 ἲ
2822 3523 2963 3590 Quid
3008 3525 3141 3580 dicis
3191 3527 3256 3582 de
3281 3538 3332 3582 te
3359 3530 3514 3600 ipso?
3541 3533 3630 3586 Ait
3660 3549 3682 3588 :

2098 3619 2216 3691 Ego
2243 3635 2342 3674 vox
2365 3616 2643 3672 clamantis
2667 3616 2724 3687 in
2747 3615 2982 3681 deserto,
3021 3616 3232 3688 dirigite
3264 3621 3402 3675 siam
3435 3621 3680 3688 Domini,

2098 3711 2232 3765 sicut
2271 3709 2404 3763 dixit
2439 3707 2614 3762 Isaias
2647 3707 2917 3777 propheta.
2962 3707 3161 3764 Vocem
3204 3724 3262 3765 se
3287 3725 3407 3766 esse
3437 3711 3687 3772 Joannes

2098 3802 2327 3867 asserit,
2356 3799 2484 3870 quia
2526 3799 2754 3854 verbum
2791 3798 3068 3868 praecedit.
3118 3798 3358 3856 Primum
3398 3806 3545 3859 enim
3575 3822 3698 3877 vos

2101 3903 2257 3952 sonat
2282 3892 2536 3957 Joannis,
2569 3899 2629 3946 ut
2658 3893 2884 3946 verbum
2909 3900 3188 3961 sequatur.
3238 3894 3546 3953 Adventum
3579 3901 3685 3955 ita-

2099 4003 2204 4058 que
2251 3985 2582 4041 dominicum
2620 3998 2962 4054 prmcurrens
3007 3999 3110 4038 vox
3152 3985 3384 4042 dicitur:
3414 3988 3547 4056 Quia
3585 4007 3688 4060 per

2097 4079 2214 4149 ejus
2250 4076 2568 4148 mysterium
2603 4075 2778 4145 patris
2817 4075 3044 4130 verbum
3083 4077 3153 4131 ab
3187 4077 3499 4136 hominibus
3526 4085 3684 4138 audi—

2099 4179 2206 4228 tur.
2246 4170 2384 4225 lllud
2408 4167 2632 4233 scilicet,
2663 4168 2728 4224 de
2755 4183 2864 4238 quo
2893 4166 3131 4224 Joannes
3152 4170 3230 4224 ait
3266 4189 3279 4224 :
3321 4170 3390 4225 In
3416 4176 3684 4245 principio

2098 4275 2210 4320 erat
2246 4261 2471 4316 Verbum
2491 4300 2508 4326 ,
2554 4269 2602 4314 et
2644 4258 2856 4315 Verbum
2897 4268 3010 4313 erat
3036 4261 3178 4329 apud
3205 4260 3376 4316 Deum
3397 4301 3413 4329 ,
3463 4275 3514 4318 et
3536 4265 3683 4320 Deus

2098 4340 2209 4411 erat
2251 4351 2471 4409 Verbum
2493 4391 2509 4415 ,
2550 4350 2642 4420 qui
2667 4349 2831 4405 etiam
2854 4349 2907 4403 in
2937 4349 3152 4405 deserto
3178 4350 3396 4419 clamat,
3427 4356 3556 4424 quia
3593 4358 3685 4412 do-

2099 4446 2304 4502 relicue
2347 4454 2414 4498 ac
2451 4441 2722 4497 destitutae
2759 4438 2992 4506 Judane,
3037 4441 3286 4496 solatium
3302 4443 3682 4515 Redemptoris

2100 4535 2400 4592 annuntiat.
2443 4532 2582 4600 Quid
2624 4540 2804 4586 autem
2845 4531 3042 4586 clamat
3071 4570 3086 4596 ,
3122 4531 3361 4588 insinuat
3385 4549 3511 4589 cum
3545 4539 3681 4592 sub-

2094 4627 2307 4698 jungit:
2342 4624 2564 4694 Dirigite
2592 4623 2726 4677 viam
2754 4621 2996 4686 Domini,
3035 4622 3168 4675 sicut
3197 4623 3330 4677 dixit
3352 4623 3532 4681 Isaias
3555 4645 3683 4698 pro-

2099 4719 2255 4790 pheta
2283 4715 2440 4788 (Isai.
2473 4711 2564 4785 IL)
2592 4731 2604 4766 :
2637 4713 2738 4769 Via
2774 4711 2988 4766 Domini
3031 4712 3098 4766 ad
3128 4728 3223 4767 cor
3249 4714 3521 4786 dirigitur,
3553 4733 3680 4773 cum

2101 4806 2347 4862 veritatis
2370 4817 2552 4860 sermo
2579 4801 2854 4857 humiliter
2877 4801 3114 4867 auditur,
3140 4803 3225 4857 via
3249 4804 3460 4860 Domini
3487 4807 3560 4862 ad
3585 4823 3684 4865 eor

2101 4896 2370 4968 dirigitur,
2395 4909 2520 4949 cum
2549 4892 2617 4947 ad
2639 4900 2966 4962 praeceptum
2993 4893 3118 4947 vitae
3137 4903 3495 4964 praeparatur,

2167 5005 2237 5059 Et
2261 5005 2350 5076 qui
2384 5003 2530 5057 missi
2556 5001 2797 5072 fuerant,
2849 5011 2998 5058 erant
3042 5019 3107 5057 ea:
3144 5000 3452 5063 Pharisa’is.
3497 5010 3570 5065 Et
3601 5014 3683 5066 in-

2093 5105 2486 5166 terrogaverunt
2513 5109 2648 5157 eum,
2691 5101 2740 5146 et
2767 5092 3012 5148 dixerunt
3036 5093 3129 5150 ei:
3169 5095 3312 5162 Quid
3346 5117 3469 5172 ergo
3508 5102 3686 5175 ὁρμεῖ-

2097 5208 2208 5254 sas,
2238 5191 2283 5245 si
2311 5198 2368 5244 tu
2407 5206 2510 5243 non
2549 5204 2603 5242 es
2631 5186 2902 5252 Christus,
2953 5204 3115 5260 neque
3151 5189 3321 5258 Elius,
3360 5211 3525 5266 neque
3553 5215 3685 5267 pro-

2096 5281 2290 5351 pheta?
2316 5279 2468 5346 Quod
2491 5278 2616 5347 quia
2655 5293 2762 5332 non
2786 5277 2966 5333 studio
2989 5284 3378 5350 cognoscenda:
3406 5287 3685 5356 veritatis,

2042 5399 2048 5408 -
2102 5371 2196 5425 sed
2242 5369 2459 5423 malitia:
2491 5367 2808 5422 exercenda:
2855 5365 3214 5424 aemulationis
3251 5370 3474 5440 dicitur,
3513 5391 3688 5431 evan-

2102 5459 2289 5530 gelista
2318 5459 2480 5514 tacite
2503 5457 2753 5520 innotuit,
2789 5456 2880 5526 qui
2908 5456 3204 5526 subjunxit,
3237 5462 3423 5519 dicens
3453 5478 3470 5518 :
3497 5464 3687 5538 Et-qui

2103 5549 2248 5602 missi
2270 5547 2504 5617 fuerant,
2527 5554 2674 5601 erant
2699 5560 2765 5598 ea:
2791 5541 3104 5612 Pharistzis,
3134 5564 3199 5604 ac
3229 5551 3274 5606 si
3297 5562 3484 5621 aperte
3503 5555 3687 5610 dicat:

2100 5639 2180 5696 Illi
2205 5639 2468 5694 Joannem
2505 5639 2571 5694 de
2605 5637 2719 5693 suis
2765 5635 2978 5692 actibus
3005 5640 3315 5713 requirunt,
3360 5645 3452 5717 qui
3482 5647 3700 5704 doctri.

2102 5745 2228 5786 nam
2253 5731 2502 5786 nesciunt
2524 5742 2788 5800 quaerere,
2820 5727 2914 5782 sed
2942 5729 3203 5788 invidere.
