3932 6204
288 363 399 424 525

1099 369 1622 428 COLLECTIONES
1658 371 1728 429 IN
1766 372 2150 431 EPISTOLAS
2189 374 2277 431 ΕΤ
2316 375 2722 443 EVANGELIA.

3451 386 3559 447 5'16

358 480 648 555 numen
690 484 766 540 eis
810 484 1083 553 Joannes,
1125 489 1322 548 dicens.
1344 508 1364 548 :
1407 492 1525 566 Ego
1564 494 1773 568 baptiso
1816 500 1873 554 in
1901 506 1953 567 Α
1976 507 2079 563 est,
2111 515 2217 556 non
2243 499 2452 557 suﬁieio
2473 500 2657 559 omnia
2683 501 2889 557 Clu-isti
2932 503 3005 564 ad
3038 500 3318 572 liquidum,
3346 506 3560 567 sublato

282 592 447 649 aqua.
486 575 729 635 limes
760 594 871 634 non
905 581 1128 651 spiritu,
1166 583 1261 639 sed
1297 600 1438 657 aqua
1476 587 1873 659 baptisaterum

280 682 519 739 corpora
544 669 693 734 lavit,
725 671 820 725 sed
848 678 1029 727 tamen
1054 688 1153 744 per
1177 676 1393 731 veniam
1415 694 1525 734 non
1552 678 1718 736 lavat.
1765 680 1876 738 Cur

238 830 243 837 _
281 774 417 830 ergo
444 760 707 829 haptizat,
736 761 829 830 qui
854 772 1075 833 peccata
1098 778 1197 834 per
1216 766 1485 837 baptisma
1507 785 1615 826 non
1642 772 1871 840 relaxat,

281 851 391 907 nisi
429 860 488 905 ut
512 853 904 922 pmcursionis
947 870 1061 911 suae
1097 857 1343 914 ordinem
1391 876 1638 929 servans,
1665 865 1757 934 qui
1782 880 1876 920 na-

280 943 552 998 sciturum
584 946 861 1001 nasecndo
897 958 1263 1017 prevenerat,
1299 950 1697 1023 baptizaturum
1738 972 1875 1028 quo-

279 1050 389 1104 que
422 1036 712 1091 Dominum
734 1038 1064 1109 baptizando
1089 1044 1434 1111 prmvenirct,
1467 1056 1522 1102 et
1554 1049 1647 1118 qui
1684 1053 1875 1121 praedi-

277 1127 457 1182 cando
478 1127 657 1183 factus
674 1139 757 1184 est
777 1144 1083 1200 pracnrsor
1110 1131 1333 1201 Christi,
1366 1138 1687 1207 baptizando
1704 1143 1870 1198 etiam

276 1232 593 1288 praecursor
619 1218 737 1288 ejus
763 1219 920 1277 lierct
946 1222 1251 1280 imitatione
1286 1230 1634 1284 sacramenti.

352 1306 567 1362 ladies
586 1318 764 1366 autem
796 1320 1022 1368 vostr-nt
1046 1318 1205 1380 stetit,
1228 1333 1382 1387 quem
1420 1336 1510 1374 vos
1544 1323 1774 1378 nescitis.
1810 1325 1871 1380 in

278 1399 462 1455 unctio
505 1415 638 1471 ergo
676 1402 955 1459 hominum
980 1414 1037 1461 et
1071 1409 1290 1464 stetisse
1326 1409 1580 1468 Salvator
1606 1417 1871 1474 asseritnr

276 1498 335 1546 et
371 1490 614 1557 nesciri,
655 1492 782 1563 quia
825 1508 926 1565 per
952 1511 1177 1553 carnem
1212 1514 1478 1571 apparens
1502 1543 1517 1569 ,
1556 1512 1611 1560 et
1639 1505 1870 1564 visibilis

278 1582 435 1639 sntit
455 1596 687 1651 corpore
707 1590 764 1638 et
788 1584 1078 1641 invisibilis
1103 1588 1405 1657 majestate.

344 1670 459 1744 (Ss
487 1670 683 1745 Beda.)
742 1672 924 1731 Lucas
944 1677 1091 1731 enim
1121 1678 1175 1733 in
1198 1679 1304 1736 hoc
1332 1680 1451 1737 loco
1481 1683 1557 1740 ait
1583 1701 1596 1738 :
1626 1682 1750 1755 Ipse
1771 1702 1867 1741 nos

274 1761 555 1832 baptiuait
578 1763 635 1818 in
648 1762 849 1834 spem
876 1776 1067 1823 sancto
1090 1777 1142 1823 et
1162 1770 1275 1841 igni
1289 1811 1305 1837 ,
1329 1772 1432 1828 hoc
1452 1782 1557 1840 est,
1590 1784 1647 1831 et
1671 1792 1869 1848 purga-

276 1852 431 1908 tione
469 1853 921 1911 sanctiﬁcationis
942 1897 959 1923 ,
1014 1865 1071 1914 et
1115 1860 1438 1931 probatione
1472 1863 1863 1923 tribulationis.
1892 1857 1939 1919 B

271 1941 463 1999 Potest
509 1953 693 2000 autem
737 1945 883 2001 idem
923 1947 1163 2018 Spiritus
1207 1952 1380 2007 sancti
1433 1953 1600 2009 etiam
1648 1957 1869 2014 nomine

274 2036 419 2107 ignis
466 2038 841 2095 sanctiﬁcante
889 2040 1156 2113 intelligi,
1207 2044 1337 2114 quia
1394 2054 1452 2102 et
1497 2046 1740 2105 incendit
1767 2065 1869 2121 per

274 2140 517 2183 amorem
541 2169 558 2196 ,
603 2138 659 2185 et
691 2144 791 2202 per
822 2132 1149 2203 sapientiam
1186 2135 1353 2191 corda
1390 2151 1514 2207 quae
1550 2138 1724 2210 replet
1748 2140 1868 2196 illu-

270 2220 471 2275 uiuat.
931 2247 941 2256 ο

346 2314 468 2386 Ipse
499 2326 577 2369 est
615 2317 707 2388 qui
729 2326 846 2387 post
872 2334 957 2373 me
978 2327 1231 2375 rentum
1261 2329 1359 2388 est,
1408 2322 1501 2393 qni
1529 2331 1754 2377 autem
1775 2324 1863 2394 fa-

268 2415 387 2461 ctus
416 2416 513 2462 est.
563 2408 666 2480 (Es
708 2405 897 2482 Greg.)
942 2409 1038 2466 Sic
1080 2427 1318 2483 namque
1344 2413 1582 2470 dbia»:
1616 2425 1741 2471 ann
1779 2432 1869 2471 me

267 2498 470 2568 factus,
500 2514 565 2554 ac
587 2500 632 2555 si
660 2501 914 2556 dicatur:
946 2511 1077 2557 ante
1103 2517 1191 2558 me
1217 2504 1446 2574 positus.
1468 2502 1599 2561 Post
1622 2520 1711 2561 me
1731 2520 1867 2578 ergo

267 2589 444 2656 venit,
471 2592 599 2661 quia
622 2594 969 2662 postmodum
991 2603 1172 2650 natus.
1212 2595 1352 2653 Ante
1373 2605 1669 2655 Ine-autem
1685 2596 1863 2655 factus

266 2692 382 2750 est,
408 2686 535 2755 quia
557 2686 691 2741 mihi
719 2685 1003 2756 praelatus,
1040 2687 1139 2743 sed
1170 2689 1293 2744 haec
1319 2688 1481 2758 paulo
1509 2689 1759 2760 superius
1785 2689 1863 2745 di-

266 2789 402 2832 cens
424 2817 441 2842 ,
486 2772 652 2833 etiam
684 2777 1017 2847 praelationis
1053 2775 1173 2847 εἰπε
1208 2792 1403 2834 causas
1440 2779 1684 2849 aperuit,
1732 2780 1861 2850 quia

264 2866 424 2941 prior
448 2870 536 2924 me
560 2875 703 2935 erat,
725 2882 790 2924 ac
810 2867 858 2923 si
876 2877 1062 2939 aperte
1090 2870 1235 2924 dicat
1257 2886 1271 2923 :
1303 2867 1432 2925 inde
1452 2883 1538 2924 me
1557 2870 1722 2925 etiam
1742 2878 1863 2942 post

267 2968 437 3017 natus
464 2968 704 3032 superat,
729 2975 839 3032 quo
860 2976 987 3017 eum
1008 2961 1315 3017 nativitatis
1344 2975 1456 3016 sua:
1478 2968 1723 3031 tempera
1750 2976 1863 3017 non

265 3060 587 3126 angustant.
627 3051 766 3108 Nam
803 3054 896 3123 qui
923 3066 1024 3125 per
1049 3060 1282 3109 matrem
1312 3052 1368 3108 in
1401 3060 1646 3127 tempore
1687 3054 1862 3109 nasci-

265 3154 383 3212 tur,
411 3146 527 3201 sine
558 3154 805 3217 tempore
831 3153 917 3201 est
937 3161 966 3200 a
995 3153 1153 3217 patre
1178 3154 1485 3216 generatus.
1520 3144 1621 3212 Qui
1644 3156 1859 3216 quantae

1976 591 2267 647 verborum
2292 591 2586 659 velamine,
2620 594 2861 651 revelare
2881 596 3160 671 mysteria.

2048 682 2179 739 Hea
2202 686 2260 740 in
2285 685 2549 742 Bethania
2579 688 2723 757 facta
2764 698 2888 743 sunt
2930 699 3079 744 trans
3114 689 3406 745 Jordancm
3425 732 3439 757 ,
3468 696 3561 751 ubi

1972 773 2210 829 Joannes
2236 775 2532 847 baptizans.
2558 777 2820 833 Bethania
2848 779 2975 833 villa
3004 786 3088 835 est
3128 779 3186 834 in
3226 783 3467 837 secundo
3486 788 3564 839 ala

1972 866 2089 921 Elia
2120 866 2399 933 milliario,
2426 869 2481 923 in
2513 869 2681 927 latere
2715 872 2917 927 moutis
2941 870 3163 939 Oliveti,
3193 874 3560 932 ubiSalvatoa‘

1971 956 2240 1011 Lazarum
2266 959 2572 1013 suscitavit.
2628 960 2773 1016 huc
2798 976 3105 1032 praeursor
3133 961 3341 1018 Domini
3380 964 3558 1022 nostri

1971 1052 2026 1107 in
2052 1053 2316 1111 Bethania
2340 1057 2540 1113 dicitur
2562 1059 2892 1129 baptizasse,
2924 1074 3047 1114 nam
3071 1058 3336 1117 Bethania
3365 1059 3558 1114 domus

1971 1144 2298 1203 obedientize
2328 1149 2743 1219 interpretatur,
2775 1151 3257 1207 utdemonstraret
3289 1164 3387 1223 per
3421 1150 3556 1203 obe-

1971 1236 2231 1293 dientiam
2283 1241 2406 1297 fidei
2453 1257 2645 1297 omnes
2688 1243 2754 1297 ad
2796 1241 2999 1297 Christi
3049 1243 3317 1312 baptism
3357 1242 3557 1297 debere

1969 1332 2275 1398 pervenire.

1974 1438 2243 1497 Hactenus
2268 1443 2470 1498 dierum
2502 1444 2899 1501 Dominicarum
2936 1445 3377 1516 festivitatuntque
3420 1448 3558 1501 mu!-

2039 1519 2236 1585 t_arn_m~
2262 1516 2634 1584 expositiones,
2675 1515 2895 1585 juvante
2939 1514 3169 1577 Christo,
3213 1514 3551 1571 absolvimus.

2040 1579 2240 1655 Dehinc
2295 1579 2597 1637 sanctorum
2648 1579 2939 1654 martyrum
2959 1624 2975 1649 ,
3022 1586 3279 1655 virgineus
3327 1595 3376 1637 et
3433 1600 3555 1647 con-

2040 1649 2299 1717 [euorum
2325 1655 2675 1723 expositiones
2697 1649 2970 1724 ponemus.

2298 1764 2362 1822 ιΝ
2406 1767 2659 1825 NATALI
2695 1768 3231 1826 APOSTOLORUBI.

2082 1891 2339 1934 EHS‘I'OLA
2379 1894 2538 1935 ΒΈΔΤΙ
2577 1897 2733 1936 PAULI
2769 1896 3025 1938 Δροετοω
3061 1898 3137 1937 AD
3170 1897 3434 1943 BOIIANOS.

2618 1967 2737 2006 CAP.
2788 1967 2906 2007 VIII.

2041 2079 2062 2112 ι
2088 2060 2305 2118 Scimus
2319 2062 2576 2146 attoniam
2592 2062 2939 2135 diligentibus
2961 2065 3129 2122 Deum
3152 2065 3335 2121 omnia
3357 2079 3553 2135 coepe.

1971 2172 1990 2205 ι
2021 2162 2214 2209 rantur
2235 2155 2289 2209 in
2311 2155 2536 2221 bonum,
2561 2155 2646 2211 his
2666 2158 2759 2226 qui
2787 2158 3085 2213 secundum
3107 2146 3443 2228 propositum
3459 2174 3554 2211 vo.

1970 2262 1992 2296 s
2019 2246 2129 2300 cati
2157 2254 2285 2300 sunt
2310 2246 2506 2303 sancti.
2545 2245 2682 2302 Nam
2718 2264 2855 2319 quos
2880 2249 3156 2320 praescivit
3186 2257 3242 2305 et
3265 2249 3550 2321 przedcsti~

1968 2356 1990 2390 ι
2020 2339 2169 2394 navit
2188 2338 2498 2396 conformes
2520 2339 2639 2397 ﬁeri
2670 2340 2922 2413 imaginis
2934 2339 3055 2398 Filii
3085 2340 3168 2397 sui
3196 2383 3211 2408 ,
3241 2349 3303 2396 ut
3338 2340 3412 2397 sit
3436 2341 3555 2412 ipse

1969 2445 1991 2479 ο
2020 2429 2417 2501 primogenitus
2441 2429 2495 2485 in
2521 2430 2707 2486 multis
2736 2430 3017 2487 iratribus.
3044 2430 3193 2499 Quos
3214 2441 3396 2487 autem
3412 2445 3555 2501 pra:-

1970 2521 2294 2577 odcstinavit
2312 2523 2412 2577 hos
2428 2531 2481 2578 et
2498 2523 2731 2580 vocavit.
2757 2524 2824 2579 Et
2841 2540 2979 2596 quos
2998 2523 3233 2590 vocavit,
3263 2523 3364 2580 hos
3388 2531 3443 2580 et
3463 2522 3554 2594 ju-

1970 2628 1989 2661 s
2016 2610 2290 2667 stiﬁcavit.
2316 2611 2463 2679 Quos
2490 2622 2673 2669 autem
2696 2613 3036 2685 justiiicavit,
3075 2615 3196 2670 illos
3216 2622 3273 2669 et
3296 2613 3548 2685 mag-niti-

1969 2719 1988 2752 s
2017 2702 2185 2757 cavit.
2207 2702 2346 2768 Quid
2360 2718 2490 2774 ergo
2505 2703 2748 2759 dicemus
2761 2705 2831 2759 ad
2849 2705 3000 2761 haec?
3022 2704 3079 2761 Si
3097 2705 3240 2760 Deus
3256 2719 3355 2775 pro
3371 2705 3546 2767 nobis,

1969 2808 1990 2845 ί
2022 2793 2147 2864 quis
2167 2801 2357 2849 contra
2388 2796 2523 2850 nos?
2541 2794 2644 2862 Qui
2662 2796 2827 2852 etiam
2841 2795 3313 2867 proprioFiliosuo
3329 2812 3437 2851 non
3451 2810 3551 2867 pe-

1970 2900 1989 2934 ι
2018 2884 2215 2953 percit,
2247 2884 2345 2940 sed
2365 2898 2464 2954 pro
2486 2883 2640 2940 nobis
2669 2884 2923 2940 omnibus
2955 2884 3179 2941 tradidit
3214 2884 3383 2938 ﬂium.
3407 2882 3554 2950 Quo-

1971 2992 1992 3025 s
2027 2975 2185 3030 modo
2211 2990 2319 3030 non
2357 2975 2522 3031 etiam
2569 2990 2693 3032 cum
2742 2974 2834 3031 illo
2881 2974 3065 3032 omnia
3106 2974 3263 3031 nobis
3292 2972 3553 3030 donavit!

1970 3083 1991 3116 ‹
2021 3064 2155 3135 Quis
2176 3065 2456 3121 accusabit
2479 3066 2741 3122 adversus
2765 3066 2969 3123 electos
3001 3066 3142 3123 Dei?
3177 3065 3323 3121 Deus
3343 3074 3429 3122 est
3456 3065 3554 3136 qui

1973 3174 1994 3207 ι
2015 3156 2299 3227 justillcat.
2339 3157 2473 3226 Quis
2494 3166 2580 3214 est
2606 3159 2696 3228 qui
2727 3159 3093 3214 condemnet?
3120 3156 3370 3215 Christus
3394 3156 3554 3217 Iesus

267 3239 592 3294 ηνθτωῑίεε
613 3238 977 3295 δυωὶιίῑαιεω
998 3239 1199 3294 habet“
1224 3239 1508 3296 sumendo
1527 3238 1858 3295 ιιιθηὶἷθειεισ
1889 3211 1937 3273 C
1973 3274 1991 3305 ι
2015 3211 2113 3325 qui
2142 3211 2390 3309 mortuus
2410 3263 2513 3319 est,
2541 3211 2651 3310 imo
2679 3254 2772 3325 qui
2806 3260 2863 3309 et
2896 3253 3216 3319 resurrexit,
3255 3253 3346 3324 qui
3377 3253 3554 3311 estad

343 3332 509 3404 Cujus
538 3350 645 3387 non
668 3349 784 3388 sum
812 3332 1038 3403 dignus,
1085 3341 1143 3386 ut
1190 3331 1391 3388 solvam
1430 3332 1545 3403 ejus
1576 3334 1861 3404 corrigiam

262 3428 649 3499 calceamenti,
684 3437 790 3485 etc.
826 3427 943 3484 Mos
973 3427 1116 3498 apud
1156 3436 1373 3483 veteres
1404 3426 1528 3493 fuit,
1580 3435 1641 3482 ut
1669 3427 1714 3484 si
1739 3427 1862 3498 quis

263 3537 395 3580 eam
438 3536 559 3594 qua:
602 3521 706 3578 sibi
754 3527 1090 3594 competeret
1128 3519 1375 3588 accipere
1419 3533 1645 3573 uxorem
1674 3518 1859 3584 nollet,

270 3617 369 3674 ille
387 3617 441 3674 ei
469 3617 899 3673 calceamentum
927 3614 1194 3679 solveret,
1239 3612 1332 3683 qui
1364 3613 1433 3668 ad
1462 3613 1604 3667 hanc
1631 3628 1862 3682 sponsus

260 3710 393 3783 jure
422 3707 844 3781 propinquitatis
871 3705 1083 3761 veniret
1108 3744 1123 3770 ,
1174 3703 1307 3773 quid
1342 3702 1508 3774 igitur
1530 3703 1673 3757 inter
1692 3702 1865 3757 homi-

262 3816 374 3860 nes
392 3800 663 3865 Christus,
688 3798 794 3854 nisi
818 3805 1020 3854 sanctae
1045 3795 1305 3851 Ecclesia:
1333 3808 1564 3864 sponsus
1590 3792 1858 3863 apparuit,

262 3894 341 3951 de
383 3907 489 3962 quo
531 3900 588 3947 et
625 3890 728 3946 istc
765 3888 1004 3945 Joannes
1045 3887 1176 3943 dicit
1228 3904 1241 3940 :
1279 3884 1383 3951 Qui
1423 3885 1577 3940 habet
1613 3901 1862 3956 sponsam

260 3999 494 4054 sponsus
530 3992 604 4037 est
638 3981 836 4053 (Joan.
862 3977 982 4051 ut),
1028 3979 1124 4034 sed
1149 3978 1276 4048 quia
1317 3975 1580 4033 Joannem
1611 3974 1863 4049 homines

262 4074 549 4131 Christum
575 4088 696 4129 esse
727 4080 1074 4143 putaverunt,
1104 4071 1250 4141 quod
1282 4078 1338 4124 et
1368 4069 1473 4124 iste
1499 4067 1737 4124 Joannes
1763 4082 1860 4122 nc-

260 4175 383 4239 gat.
423 4165 590 4221 Recte
637 4180 695 4221 se
742 4164 1023 4236 indignum
1073 4176 1195 4219 esse
1246 4162 1313 4217 ad
1352 4160 1667 4217 solvendum
1694 4159 1865 4215 corri-

262 4258 416 4330 giam
443 4257 560 4329 ejus
588 4256 945 4313 calceamenti
974 4254 1282 4318 denuntiat,
1313 4267 1378 4308 ac
1400 4252 1445 4306 si
1468 4259 1655 4322 aperte
1683 4249 1859 4305 dicat:

261 4343 774 4419 Egolledemptoris
811 4345 1041 4416 vestigia
1071 4345 1348 4400 denudare
1380 4358 1487 4398 non
1516 4342 1701 4407 valeo,
1734 4341 1860 4411 quia

261 4443 459 4515 sponsi
487 4458 684 4498 nomen
715 4440 847 4497 mihi
873 4440 1178 4495 immeritus
1208 4455 1313 4497 non
1338 4452 1560 4511 usurpo.
1604 4434 1758 4504 Quod
1782 4443 1863 4490 ta-

259 4552 395 4594 men
435 4534 663 4606 intelligi
713 4541 770 4590 et
814 4532 972 4588 aliter
1018 4538 1237 4602 potest,
1285 4530 1408 4600 quis
1449 4528 1592 4584 enim
1628 4526 1855 4591 nesciat,

259 4627 418 4701 quod
459 4626 826 4683 calceamenta
855 4638 925 4678 ex
960 4621 1191 4677 mortuis
1235 4619 1560 4675 animalibus
1603 4618 1756 4683 ﬁant,
1781 4617 1859 4671 in-

260 4727 529 4776 carnatus
554 4732 685 4771 vero
712 4715 974 4770 Dominus
1003 4712 1257 4775 veniens,
1284 4710 1440 4781 quasi
1466 4709 1740 4765 calceatus
1766 4723 1861 4778 ap-

258 4811 475 4882 paruit,
504 4810 597 4880 qui
632 4809 687 4867 in
731 4806 1018 4862 divinitate
1047 4818 1147 4859 sua
1176 4802 1463 4857 morticina
1495 4799 1862 4870 corruptionis

259 4911 477 4963 nosine
524 4900 858 4973 assumpsit,
906 4897 1000 4953 sed
1027 4895 1189 4966 hujus
1234 4893 1625 4951 incarnationis
1660 4900 1861 4963 myste-

260 4997 417 5051 rium
444 4995 713 5050 bumanus
739 4993 929 5054 oculus
958 4999 1246 5063 penetrare
1273 5003 1380 5043 non
1407 4984 1626 5042 sufﬁcit.
1676 4982 1862 5039 Corri-

258 5090 361 5165 gia
390 5103 520 5160 ergo
542 5086 896 5143 calceamenti
928 5093 1012 5141 est
1044 5084 1278 5157 ligatum
1318 5079 1582 5153 mysterii.
1621 5076 1861 5133 Joannes

263 5189 458 5250 Itaque
488 5178 698 5235 solvere
723 5177 1016 5249 corrigiam
1037 5172 1394 5231 calceamenti
1415 5169 1535 5248 ejus
1558 5186 1665 5225 non
1692 5168 1857 5223 valet.

262 5269 400 5342 quia
445 5266 833 5323 incarnationis
859 5267 1175 5340 mysterium
1198 5305 1217 5330 ,
1254 5278 1358 5319 nec
1390 5261 1506 5332 ipse
1531 5259 1861 5329 investigare

257 5357 493 5426 suilicit,
525 5360 615 5431 qui
646 5358 789 5415 hanc
816 5372 915 5430 per
943 5355 1243 5427 prophetiae
1272 5353 1526 5424 spiritum
1555 5349 1795 5421 agnovit.

347 5449 572 5507 Solvere
611 5449 1039 5507 calceamentum
1070 5447 1281 5502 nudare
1309 5452 1393 5501 est
1423 5443 1664 5499 membra
1683 5482 1698 5506 ,
1739 5456 1860 5513 quae

258 5544 346 5602 ab
368 5544 486 5617 ipso
520 5548 796 5614 teguntur,
839 5548 895 5596 et
940 5539 1143 5597 nudum
1173 5538 1429 5602 verbum,
1462 5534 1516 5590 id
1545 5542 1658 5599 cst,
1688 5532 1860 5587 divini

262 5633 547 5694 sermonis
581 5630 985 5688 evidentissima
1009 5629 1132 5700 quis
1167 5627 1371 5703 poterit
1405 5624 1733 5696 speculando
1763 5638 1863 5678 ex-

261 5726 481 5797 plicare
506 5736 839 5786 sermonem,
872 5721 928 5777 ni
950 5720 1090 5777 forte
1119 5719 1388 5791 aliquibus
1411 5714 1737 5788 imaginibus
1766 5729 1858 5768 cx-

264 5818 497 5889 plicarc,
538 5824 592 5869 'ct
625 5817 725 5870 hoc
755 5826 832 5873 est
861 5813 1002 5886 quod
1041 5811 1212 5869 dicit:
1263 5809 1377 5865 Non
1407 5823 1525 5864 sum
1550 5806 1762 5881 dignus,
1805 5805 1859 5864 id

1971 3364 1990 3397 s
2019 3347 2300 3402 dexteram
2328 3346 2468 3411 Dei,
2515 3346 2609 3417 qui
2664 3346 2825 3402 etiam
2877 3344 3187 3416 interpellat
3232 3358 3333 3413 pro
3372 3343 3551 3399 nobis.

1970 3456 1989 3489 ε
2021 3438 2154 3505 Quis
2202 3453 2333 3510 ergo
2390 3452 2490 3493 nos
2561 3438 2837 3508 separabit
2899 3451 2929 3491 a
2987 3437 3254 3492 charitate
3305 3434 3556 3491 Christi?

1970 3548 1988 3581 ι
2021 3528 2320 3585 Tribulatio
2354 3544 2423 3584 an
2448 3529 2700 3600 angustia
2720 3570 2734 3595 ,
2766 3546 2833 3584 an
2865 3528 3067 3592 fames,
3097 3543 3164 3582 an
3194 3528 3451 3595 nuditas,
3482 3542 3552 3582 au

1969 3638 1988 3671 ι
2018 3619 2352 3691 periculum,
2381 3634 2450 3674 an
2496 3619 2836 3690 persecutio,
2878 3633 2949 3673 an
2974 3616 3203 3689 gladius.
3242 3613 3399 3671 Sicut
3419 3615 3555 3671 seri-

1936 3772 1937 3775 η
1968 3729 1987 3763 ι
2016 3719 2166 3782 ptum
2202 3719 2323 3766 est:
2352 3707 2487 3777 Quia
2512 3718 2738 3783 propter
2774 3717 2827 3766 te
2865 3708 3263 3765 mortificamur
3298 3713 3411 3763 tota
3440 3704 3552 3773 die,

1968 3820 1988 3853 ι
2020 3800 2277 3857 aestimati
2306 3816 2495 3858 sumus
2525 3802 2666 3857 sicut
2693 3817 2824 3859 oves
2866 3799 3177 3858 occisionis.
3231 3798 3337 3855 Sed
3372 3798 3425 3855 in
3467 3799 3554 3855 bis

1968 3908 1987 3942 s
2018 3889 2272 3946 omnibus
2302 3904 2627 3961 superamus
2664 3899 2887 3964 propter
2910 3906 3035 3947 eum
3075 3889 3167 3960 qui
3202 3888 3392 3945 dilexit
3430 3903 3550 3944 nos.

1968 3996 1987 4030 ι
2015 3978 2208 4035 Certus
2255 3994 2375 4035 sum
2420 3980 2568 4034 enim
2599 3979 2724 4047 quia
2772 3994 2947 4049 neque
2998 3993 3176 4044 mors,
3211 3992 3391 4049 neque
3416 3978 3553 4044 vita,

1969 4094 1987 4126 ς
2020 4090 2195 4145 neque
2221 4074 2398 4146 angeli
2426 4115 2440 4139 ,
2475 4088 2653 4143 neque
2676 4073 3015 4145 principatus
3037 4114 3052 4139 ,
3090 4086 3266 4143 neque
3296 4071 3553 4139 virtutes,

1968 4182 1987 4215 ι
2019 4178 2192 4233 neque
2220 4164 2479 4219 instantia
2506 4204 2521 4228 ,
2558 4177 2737 4233 neque
2788 4161 2970 4217 futura
2992 4204 3008 4228 ,
3044 4176 3221 4233 neque
3265 4160 3552 4229 fortitudo,

1968 4271 1988 4305 s
2017 4268 2195 4323 neque
2216 4252 2467 4319 altitudo,
2504 4266 2682 4322 neque
2717 4250 3065 4322 prolundum,
3099 4265 3276 4320 neque
3299 4257 3551 4308 creatura

1969 4363 1989 4397 ι
2018 4346 2121 4400 alia
2147 4345 2351 4415 poterit
2378 4360 2480 4399 nos
2505 4358 2761 4413 separare
2799 4358 2829 4397 a
2862 4342 3129 4398 cbaritate
3156 4340 3287 4410 Dei,
3318 4355 3440 4413 quae
3467 4349 3553 4397 est

1968 4454 1987 4486 ι
2018 4436 2071 4491 in
2099 4434 2319 4492 Christo
2351 4432 2481 4490 Iesu
2508 4433 2741 4489 Domino
2770 4441 2976 4489 nostro.
3008 4453 3028 4485 ι

2033 4524 2241 4581 Scimus
2283 4526 2533 4598 quoniam
2564 4524 2899 4596 diligentibus
2946 4524 3113 4579 Deam
3162 4524 3339 4579 omnia
3363 4536 3553 4597 coepe.

1964 4626 2154 4671 rantur
2172 4617 2231 4671 in
2257 4616 2470 4671 bonum.
2523 4614 2582 4670 ln
2616 4622 2826 4671 tantum
2856 4615 3001 4670 enim
3034 4615 3216 4671 omnia
3252 4629 3553 4686 cooperan-

1963 4719 2054 4764 tur
2080 4709 2134 4764 in
2175 4708 2401 4773 bonum,
2452 4715 2507 4764 et
2551 4707 2861 4763 collaudant
2890 4707 2946 4762 hi
2978 4707 3071 4779 qui
3092 4706 3323 4780 diligunt
3355 4707 3549 4775 Deum,

1961 4813 2024 4861 ut
2080 4812 2135 4859 et
2180 4803 2299 4874 ipse
2344 4802 2570 4873 spiritus
2609 4801 2853 4873 adjuvet,
2891 4816 2991 4856 nec
3015 4801 3339 4872 dedignatur
3367 4800 3548 4856 divina

1964 4905 2158 4951 natura
2185 4893 2293 4948 dux
2318 4906 2440 4948 esse
2467 4891 2676 4947 itineris
2700 4891 2775 4946 ad
2797 4890 3017 4945 bonum.

2038 4985 2137 5040 His
2171 4985 2262 5057 qui
2310 4982 2598 5040 secundum
2637 4982 2959 5054 propositum
3005 4981 3174 5034 vocati
3206 4988 3329 5035 sunt
3356 4978 3548 5033 sancti.

1963 5075 2020 5132 id
2043 5082 2146 5141 est,
2197 5074 2498 5131 secundum
2528 5073 2670 5144 quod
2714 5071 3031 5145 proposuit,
3069 5087 3175 5127 non
3203 5086 3268 5126 ex
3296 5069 3550 5142 operibus

1962 5169 2123 5240 legis,
2155 5184 2258 5225 nec
2285 5167 2549 5237 legalibus
2576 5163 2894 5230 sacriﬁciis,
2941 5164 3034 5219 sed
3065 5164 3180 5220 sola
3209 5162 3313 5218 [ide
3343 5169 3399 5218 et
3424 5176 3551 5216 sau-

1964 5260 2146 5331 guinis
2181 5259 2263 5315 sui
2289 5257 2584 5323 eﬂ'usione,
2616 5255 2826 5311 salvare
2852 5271 2992 5329 quos
3029 5254 3341 5327 praescicrat
3373 5250 3550 5308 credi-

1959 5361 2156 5415 turos,
2212 5358 2268 5405 ct
2316 5363 2454 5418 quos
2500 5348 2671 5419 gratis
2710 5347 2929 5402 vocavit
2975 5347 3042 5402 ad
3071 5345 3332 5408 salutem,
3375 5339 3552 5399 multo

1964 5441 2137 5512 magis
2165 5437 2492 5512 gloriﬁcavit
2518 5445 2828 5508 operantes.

2038 5532 2180 5587 Nam
2207 5547 2338 5603 quos
2366 5531 2625 5602 praesciuit
2649 5539 2695 5585 et
2714 5527 3122 5602 praedestinavit.
3149 5519 3547 5580 Praedestinaru

1966 5641 2072 5681 non
2106 5623 2247 5678 idem
2275 5631 2360 5680 est
2382 5621 2526 5693 quod
2556 5620 2835 5695 prtescire,
2881 5620 3005 5690 quia
3034 5614 3373 5691 praescientla
3406 5629 3547 5686 prae.

1964 5715 2384 5772 destinationem
2414 5714 2626 5769 ratione
2654 5711 2931 5785 praecedit.
2993 5708 3128 5766 Nam
3164 5722 3300 5778 quos
3324 5708 3546 5786 praesci-

1963 5808 2044 5864 vit
2067 5807 2240 5864 bonos
2272 5803 2768 5878 prmdestinatione,
2800 5799 2979 5857 reddit
3004 5798 3210 5857 beatos.
3236 5799 3379 5873 Ergo
3404 5816 3539 5873 quos
