3932 6204
376 385 480 440 Ξῗῖἳ

1672 370 2023 432 ειιλῐιςιεῡι
2061 367 2351 425 ΑΒΒᾸἸΊΞ

3552 363 3666 421 5‘28

378 504 633 577 prmvidit
675 498 984 555 eonformes
1026 496 1227 552 Christi
1272 495 1485 551 futuros
1518 494 1572 550 in
1598 493 1740 554 vita,
1795 486 1963 544 voluit
1992 489 2041 546 A
2140 482 2421 577 Quieti“?!
2471 476 2836 577 ρνορῂ
2872 493 3100 577 “0:0”
3137 481 3415 577 ,Ρςρένεδςη
3446 480 3541 535 ⁸⁸4
3566 497 3672 552 Pro

378 566 540 665 atque
575 590 880 663 proposuit,
914 596 975 644 ut
1000 587 1195 643 tierent
1222 586 1534 643 conlormes
1572 586 1625 640 in
1654 583 1859 655 gloria,
1890 581 1969 637 si-
2072 572 2220 628 ηοὺὶι
2246 572 2486 626 οηιηίὺιιε
2509 569 2731 665 ινςάὶάίε
2753 568 2928 665 mutii:
2972 566 3432 665 misu‘lt‘adi.
3461 578 3523 665 ll}
3553 579 3673 665 "f-

378 695 472 743 eut
518 685 694 740 dixit:
733 681 839 749 Qui
886 679 1239 751 conﬁgurabit
1287 696 1476 751 corpus
1522 675 1836 732 humilitatis
1875 689 1972 727 n0-

378 788 502 833 stra:
530 774 796 846 conforme
823 772 1031 843 corpori
1062 769 1321 825 claritatis
1347 785 1459 824 sua:
1485 766 1742 842 (Philipp.
1776 764 1883 834 ιιι).

453 866 518 923 Ut
544 868 610 922 sit
634 868 745 937 ipse
771 862 1145 935 primogenitus
1166 860 1220 915 in
1244 860 1426 915 multis
1446 859 1723 929 fratribus.
1753 854 1969 912 Secun-

381 959 509 1013 dum
560 956 704 1028 quod
752 954 1066 1025 unigenitus
1111 952 1332 1016 dicitur,
1385 950 1584 1006 fratres
1628 965 1737 1004 non
1780 948 1967 1012 habet,

380 1050 487 1104 hoc
512 1056 619 1111 est,
649 1045 947 1101 secundum
968 1042 1335 1101 divinitatem.
1376 1040 1689 1097 Secundum
1712 1038 1766 1094 id
1787 1047 1970 1093 autem

380 1140 525 1210 quod
552 1136 948 1209 primogenitus
979 1134 1200 1199 dicitur,
1246 1133 1443 1188 fratres
1486 1131 1679 1195 habet,
1731 1132 1835 1186 hoc
1862 1138 1968 1195 est,

381 1230 683 1285 secundum
713 1227 1109 1282 humanitatem
1130 1265 1145 1291 ,
1189 1226 1332 1280 unde
1359 1233 1443 1279 est
1478 1230 1531 1278 et
1560 1223 1728 1278 illud:
1761 1219 1972 1275 Primo-

380 1320 582 1389 genitus
615 1334 680 1373 er
719 1318 943 1371 mortuis
963 1358 976 1379 ,
1008 1323 1067 1370 ut
1096 1315 1168 1369 sit
1211 1315 1325 1385 ipse
1362 1313 1656 1385 primatum
1688 1320 1882 1369 tenens
1902 1326 1968 1365 ex

377 1410 780 1468 resurrectione
822 1419 1183 1463 mortuorum.

454 1501 597 1566 Quos
628 1509 801 1553 autent
826 1498 1218 1568 prtrdestinavit
1247 1498 1341 1552 hos
1371 1507 1419 1552 et
1456 1498 1673 1552 vocarit.
1728 1495 1844 1550 Non
1871 1508 1971 1563 pu-

383 1599 559 1643 temus
584 1630 598 1653 ,
652 1589 795 1658 quod
836 1588 1244 1658 prmdestinatio
1276 1588 1386 1642 vim
1427 1588 1738 1643 nolentibus
1777 1585 1964 1641 faciat.

2069 666 2250 721 dentis
2280 671 2532 719 maneret
2558 662 2783 717 libertas
2808 659 3062 725 arbitrii,
3088 667 3147 715 et
3171 660 3330 717 nobis
3357 675 3459 730 per
3479 660 3677 718 domi-

2069 754 2222 809 nicas
2260 753 2541 823 passiones
2580 751 2859 822 patientim
2894 759 3293 829 proponeretur
3326 752 3673 822 exemplum.

2072 845 2179 901 Sed
2205 861 2304 916 pro
2332 845 2489 900 nobis
2517 844 2804 907 omnibus,
2838 843 2929 897 hic
2963 845 3210 907 adverte,
3239 843 3386 912 quod
3417 859 3524 898 non
3562 859 3676 913 pro

2070 937 2400 1008 aliquantis,
2468 936 2610 992 sicut
2656 934 3154 1004 praedestinationis
3198 949 3359 990 error
3397 936 3677 1001 aestimat,

2070 1029 2163 1083 sed
2192 1044 2293 1098 pro
2319 1026 2573 1083 omnibus
2599 1026 2822 1081 tradidit
2854 1025 3027 1080 illum.

2146 1119 2255 1191 (Ex
2284 1116 2463 1190 Orig.)
2492 1118 2610 1174 Non
2639 1118 2812 1173 solum
2841 1133 2941 1187 pro
2960 1117 3194 1180 sanctis,
3226 1132 3330 1173 nec
3356 1117 3536 1172 solum
3569 1132 3676 1187 pro

2069 1213 2276 1283 magis,
2302 1212 2397 1268 sed
2428 1228 2526 1282 pro
2553 1221 2609 1267 et
2634 1212 2874 1267 minimis
2906 1212 3161 1273 omnino,
3200 1210 3295 1280 qui
3320 1210 3529 1265 suntin
3560 1210 3672 1266 Ee-

2068 1304 2254 1368 clesia,
2286 1301 2706 1359 tradiditFilium
2736 1302 3017 1373 proprium
3041 1302 3220 1366 I‘ater,
3248 1309 3306 1356 et
3333 1300 3459 1356 ideo
3482 1301 3672 1356 nullus

2071 1397 2125 1448 in
2150 1392 2393 1450 Ecclesia
2421 1392 2892 1453 seandalizandus,
2921 1390 3009 1446 vel
3035 1390 3473 1447 contemnendus
3497 1400 3607 1446 est.

2141 1483 2417 1552 Quomodo
2441 1500 2545 1537 non
2573 1484 2733 1537 etiam
2761 1499 2881 1537 cum
2901 1481 2996 1537 illo
3020 1484 3200 1536 omnia
3237 1480 3385 1536 nobis
3404 1481 3669 1537 donavit!

2069 1574 2208 1643 Quid
2251 1582 2434 1644 potest
2472 1573 2675 1628 habere
2700 1572 2943 1634 charius,
2982 1573 3129 1642 quod
3167 1571 3327 1628 nobis
3350 1581 3536 1643 neget,
3564 1574 3663 1643 qui

386 1679 648 1733 Vocando
673 1684 855 1731 autem
888 1676 1133 1732 volentes
1154 1676 1487 1749 colligitnon
1517 1678 1740 1741 invitos,
1770 1691 1964 1731 vocan-

2074 1662 2239 1720 lilium
2283 1665 2502 1720 unicum
2549 1678 2658 1717 non
2694 1662 2949 1733 negavit?
2987 1662 3068 1718 Ac
3113 1663 3162 1719 si
3195 1663 3447 1719 diceret:
3497 1662 3656 1718 Nulla

383 1776 473 1822 tur
502 1776 683 1821 autem
713 1777 773 1821 ut
798 1782 897 1837 per
922 1767 1363 1836 prmdicationem
1392 1769 1636 1824 credant.
1672 1766 1964 1823 Credentes

2074 1762 2174 1818 est,
2202 1754 2318 1809 sive
2344 1751 2598 1819 visibilis,
2630 1753 2745 1808 sive
2772 1751 3062 1809 invisibilis
3089 1760 3364 1818 creatura,
3392 1752 3661 1823 quieFilio

382 1868 564 1913 autem
590 1873 688 1928 per
728 1832 1058 1926 baptismum
1082 1856 1474 1926 justilicantur,
1524 1867 1581 1913 et
1620 1858 1963 1928 postmodum

2074 1845 2241 1916 possit
2269 1845 2496 1917 aequari.
2538 1844 2655 1900 Etsi
2683 1853 2902 1900 creator
2926 1843 3047 1915 ipse
3083 1844 3319 1900 donatus
3346 1852 3433 1900 est
3473 1845 3659 1912 nobis,

384 1948 830 2019 magniﬁcantur,
860 1948 913 2004 id
935 1956 1038 2013 est,
1066 1949 1453 2020 gloriﬁcantur,
1486 1957 1581 2005 aut
1609 1966 1753 2006 nunc
1780 1951 1832 2005 in
1858 1949 1966 2004 vir-

315 2040 327 2052 ’
382 2043 594 2098 tutibus
617 2042 916 2113 gratiarum
936 2083 951 2108 ,
1002 2049 1096 2097 aut
1121 2043 1467 2114 postmodum
1495 2044 1550 2099 in
1587 2043 1746 2099 beata
1778 2049 1967 2098 ventu-

383 2133 432 2188 ri
463 2132 648 2188 sazculi
680 2134 1101 2189 resurrectione.

452 2224 523 2279 Et
542 2241 673 2295 quos
697 2226 898 2288 vocarit
921 2226 1015 2279 hos
1038 2234 1085 2279 et
1102 2225 1418 2295 justi/ienuit
1436 2267 1451 2292 ,
1476 2243 1607 2297 quos
1629 2235 1823 2290 autem,
1855 2234 1961 2284 etc.

381 2316 481 2372 Bis
509 2316 603 2386 qui
634 2316 932 2372 secundum
972 2316 1312 2386 propositum
1342 2316 1541 2373 bonum
1579 2326 1636 2372 et
1660 2318 1857 2373 bonam
1878 2331 1967 2372 vo-

374 2407 647 2463 luntatem
672 2448 688 2473 ,
735 2421 898 2477 quam
946 2407 1093 2463 circa
1121 2406 1217 2462 Dei
1253 2407 1459 2462 cultum
1494 2408 1636 2478 gerit
1678 2417 1964 2474 vocantur,

382 2494 486 2568 ipsi
512 2504 638 2553 sunt
666 2496 758 2567 qui
785 2494 1084 2553 secundum
1117 2498 1454 2569 propositum
1482 2498 1664 2554 vocati
1693 2498 1965 2566 dicuntur,

381 2597 439 2646 et
464 2590 555 2646 isti
582 2598 710 2646 sunt
733 2590 828 2660 qui
864 2589 1042 2645 vocati
1065 2587 1435 2658 justiﬁeantur
1462 2598 1517 2645 et
1538 2588 1821 2658 iustiﬁcati
1854 2590 1967 2660 glo-

382 2680 687 2737 riﬁcantur.
730 2679 825 2735 Illa
866 2679 1040 2751 gloria
1085 2680 1139 2734 in
1191 2680 1443 2750 praesenti
1487 2680 1706 2746 saaculo,
1757 2681 1822 2736 de
1860 2695 1968 2751 qua

380 2771 671 2844 Apostolus
692 2770 802 2826 ait:
839 2769 953 2827 Nos
997 2780 1172 2826 autem
1211 2787 1387 2829 omnes
1419 2770 1644 2825 revelata
1683 2770 1820 2840 facie
1857 2770 1969 2842 glo-

382 2863 521 2917 riam
540 2860 755 2916 Domini
774 2860 1125 2932 speculantes,
1147 2862 1203 2915 in
1224 2860 1461 2916 eamdem
1485 2861 1765 2932 imaginem
1787 2870 1966 2915 trans-

384 2951 678 3021 formamur
716 2968 749 3004 a
783 2948 956 3021 gloria
982 2950 1052 3004 ad
1073 2949 1297 3022 gloriam
1318 2951 1374 3004 in
1396 2949 1577 3019 futuro
1630 2964 1749 3003 cum
1781 2966 1967 3020 corpus

383 3042 698 3097 humilitatis
731 3051 931 3115 nostra;
951 3053 1124 3113 surget
1152 3043 1208 3096 in
1241 3040 1485 3112 gloriam.

462 3128 572 3200 (Ea:
596 3128 847 3198 August.)
909 3128 1064 3195 Quod
1092 3143 1221 3183 vero
1243 3128 1491 3197 superius
1520 3128 1632 3183 ait:
1658 3125 1967 3199 Conformes

385 3220 503 3288 fieri
548 3218 796 3288 imaginis
823 3210 949 3272 Filii
991 3218 1230 3286 ejus,sic
1275 3216 1614 3288 intelligitur,
1662 3219 1788 3288 quia
1825 3220 1968 3275 sicut

386 3310 507 3376 ille,
557 3308 865 3366 immortale
900 3324 1097 3379 corpus
1125 3308 1467 3375 habebimus,
1496 3308 1805 3366 conformes
1838 3311 1969 3369 facti

385 3402 442 3457 in
471 3402 573 3457 hac
597 3412 773 3475 parte,
807 3416 914 3457 non
946 3401 1123 3458 Patris
1156 3400 1439 3471 imaginis,
1472 3402 1818 3473 autSpiritus
1842 3418 1970 3459 san-

384 3491 499 3569 cti,
540 3492 637 3548 sed
668 3482 1166 3547 tantummodoFilii
1194 3530 1209 3556 ,
1254 3490 1380 3561 quia
1414 3490 1480 3546 de
1527 3490 1630 3546 hoc
1671 3491 1804 3548 [idos
1837 3508 1967 3548 sana

383 3581 651 3653 accipitur
695 3600 708 3635 :
773 3580 997 3636 Verbum
1037 3597 1162 3635 caro
1198 3579 1398 3650 factum
1440 3591 1536 3635 est.
1594 3580 1780 3637 Potest
1814 3591 1869 3639 et
1890 3584 1969 3639 sic

382 3672 557 3741 accipi
587 3712 603 3739 ,
640 3681 702 3726 ut
733 3671 1185 3742 quemadmodum
1218 3671 1375 3726 nobis
1398 3672 1488 3729 ille
1514 3673 1865 3741 mortalitate,
1893 3675 1968 3731 ita

384 3777 487 3819 nos
510 3761 589 3815 illi
617 3761 917 3816 elﬁciamur
944 3760 1354 3815 immortalitate
1380 3760 1708 3819 conformes.

458 3853 598 3921 Quid
647 3868 768 3924 ergo
812 3852 1045 3906 dicemus
1091 3852 1159 3905 ad
1203 3852 1355 3907 haec?
1402 3851 1461 3907 Si
1494 3853 1633 3908 Deus
1671 3872 1767 3927 pro
1799 3858 1965 3921 nobis,

382 3945 501 4023 quis
526 3954 710 4000 contra
747 3943 883 3997 nos?
922 3941 1048 3998 Vult
1085 3942 1407 4008 ostendere,
1446 3945 1589 4015 quod
1612 3960 1773 4001 nemo
1797 3949 1969 4018 possit

382 4050 614 4103 nocere,
655 4033 739 4089 vel
773 4033 1034 4103 impedire
1073 4048 1168 4087 eos
1202 4032 1293 4102 qui
1335 4033 1620 4104 diligentes
1655 4034 1823 4089 Deum
1852 4036 1970 4092 dili-

382 4135 586 4197 guntur
632 4140 664 4179 a
710 4124 854 4190 Deo,
900 4138 1008 4194 quo
1053 4124 1231 4179 minus
1259 4124 1520 4195 gloriam,
1551 4142 1671 4196 qua:
1698 4128 1967 4199 promissa

382 4229 489 4286 est,
515 4227 941 4288 consequantur,
992 4232 1057 4272 eo
1101 4219 1245 4287 quod
1281 4216 1521 4287 perfecta
1547 4258 1564 4285 ,
1610 4235 1731 4289 qua:
1771 4221 1825 4275 in
1863 4222 1968 4278 illis

382 4318 486 4377 est,
518 4310 760 4366 charitas
793 4307 938 4365 foras
963 4323 1178 4364 onmem
1218 4323 1438 4366 causam
1467 4311 1714 4367 mortalis
1755 4312 1967 4370 timoris

382 4402 614 4471 expellat

456 4489 564 4562 (Ex
588 4488 763 4562 Orig.)
828 4490 1111 4558 Quomodo
1146 4506 1247 4561 pro
1276 4493 1434 4549 nobis
1464 4494 1536 4550 sit
1560 4496 1704 4551 Deus
1731 4486 1963 4552 manife—

1992 3182 2037 3244 C

2068 1937 2338 2007 quomodo
2364 1950 2473 1991 non
2495 1951 2621 1992 cum
2645 1935 2761 2003 ipso
2789 1935 2970 1992 omnis
2995 1935 3152 1992 nobis
3180 1944 3438 1992 creatura
3476 1937 3652 1993 dona-

2067 2028 2251 2083 bitur?
2280 2026 2346 2081 Et
2368 2026 2472 2082 hoc
2499 2025 2791 2095 dupliciter
2819 2025 3230 2096 intelligendum
3251 2065 3269 2092 ,
3304 2026 3351 2083 si
3381 2026 3532 2082 enim
3561 2028 3660 2089 ha-

2066 2117 2291 2177 beamus
2317 2117 2372 2172 in
2404 2115 2562 2172 nobis
2583 2114 2882 2182 Christum,
2914 2116 3212 2174 secundum
3240 2117 3344 2175 hoc
3368 2117 3512 2187 quod
3536 2133 3660 2173 ver-

2066 2209 2194 2265 bum
2238 2217 2296 2265 et
2339 2207 2607 2280 sapientia
2637 2216 2696 2263 et
2717 2209 2941 2274 veritas,
2969 2216 3026 2263 et
3046 2205 3257 2276 iustitia
3277 2247 3293 2273 ,
3334 2217 3389 2263 et
3392 2224 3520 2285 pas
3549 2216 3655 2273 est,

2067 2312 2123 2360 et
2141 2312 2339 2361 ezetera
2381 2301 2566 2359 omnia
2606 2317 2727 2373 quae
2772 2301 2841 2357 de
2866 2315 2933 2357 eo
2956 2300 3166 2371 scripta
3203 2308 3364 2366 sunt,
3393 2316 3522 2357 cum
3551 2302 3659 2359 hac

2066 2395 2403 2467 plenitudine
2447 2393 2711 2451 virtutum
2759 2392 2918 2449 nobis
2956 2393 3142 2448 omnia
3185 2392 3556 2459 donabantur,
3594 2398 3661 2448 ut

2067 2488 2251 2543 omnia
2281 2502 2621 2559 qluectmque
2664 2485 2874 2545 creavit
2915 2484 3062 2540 Deus
3107 2483 3342 2540 visibilia
3374 2492 3432 2540 et
3457 2484 3656 2541 invisi-

2066 2578 2215 2643 bilia,
2265 2579 2479 2635 occulta
2519 2586 2577 2635 et
2621 2575 2947 2641 manifesta,
2981 2575 3301 2646 temporalia
3325 2584 3381 2631 et
3412 2583 3655 2642 aeterna,

2068 2684 2192 2725 cum
2217 2670 2435 2727 Christo
2459 2669 2667 2742 pariter
2705 2668 3036 2734 habeamus,
3083 2675 3140 2723 et
3170 2667 3280 2724 alio
3307 2668 3491 2732 modo,
3517 2682 3652 2725 cum

2069 2762 2188 2833 ipso
2222 2763 2407 2819 omnia
2452 2762 2608 2820 nobis
2637 2762 2877 2827 donavit,
2923 2762 3027 2817 hoc
3068 2769 3176 2827 est,
3211 2760 3312 2833 ipsi
3337 2768 3396 2816 ut
3423 2759 3655 2824 haeredi,

2069 2855 2227 2909 nobis
2251 2869 2383 2910 vero
2426 2861 2488 2909 ut
2518 2851 2918 2918 coheredibus,
2956 2850 3076 2922 ejus
3122 2852 3329 2923 pariter
3366 2865 3493 2907 cum
3535 2850 3658 2922 ipao

2068 2948 2227 3002 nobis
2251 2946 2508 3003 universa
2534 2943 2740 3016 perfrui
2770 2943 2991 2999 dabitur
3017 2952 3289 2999 creatura.

2141 3035 2272 3104 Quis
2302 3036 2569 3092 accusabit
2593 3036 2844 3092 adversus
2879 3034 3070 3090 electos
3095 3033 3236 3090 Dei?
3275 3033 3418 3089 Deus
3444 3035 3536 3106 qui
3555 3034 3656 3105 ju-

2068 3129 2283 3199 sti/icat.
2324 3128 2549 3183 Videtur
2588 3127 2721 3183 mihi
2761 3127 2906 3198 quod
2931 3126 3047 3181 ait:
3081 3125 3214 3193 Quis
3253 3125 3523 3180 accusabit
3549 3124 3661 3181 elo-

2068 3230 2178 3275 ctos
2209 3219 2346 3275 Dei?
2375 3219 2442 3275 de
2465 3218 2679 3274 diabolo
2702 3218 2917 3283 dicere,
2947 3217 3125 3274 nullus
3145 3225 3229 3275 est
3251 3218 3397 3274 enim
3432 3217 3506 3273 ita
3536 3216 3657 3273 ele-

2067 3320 2206 3374 ctus,
2239 3318 2295 3365 et
2320 3309 2396 3367 ita
2429 3323 2661 3380 magnus
2688 3321 2852 3379 quem
2883 3309 2973 3364 ille
3002 3324 3110 3365 non
3138 3309 3336 3364 audeat
3363 3322 3653 3372 accusare,

2070 3404 2175 3459 nisi
2205 3402 2353 3457 illum
2383 3400 2555 3456 solum
2585 3400 2678 3472 qui
2706 3409 2992 3471 peccatum
3018 3414 3126 3456 non
3156 3398 3316 3464 fecit,
3351 3399 3445 3471 qui
3475 3408 3532 3454 et
3561 3398 3651 3453 di-

2067 3494 2260 3549 cebat:
2296 3489 2453 3545 Nunc
2476 3491 2613 3545 venit
2646 3490 2886 3561 princeps
2931 3489 3093 3559 hujus
3118 3489 3336 3555 mundi,
3376 3499 3423 3544 et
3469 3488 3526 3543 in
3568 3503 3657 3543 me

2068 3582 2200 3638 nihil
2240 3582 2468 3647 invenit;
2521 3580 2619 3636 sed
2678 3580 2930 3651 quamvis
2980 3580 3072 3636 ille
3116 3588 3303 3634 exerat
3351 3578 3655 3649 nequitiam

2067 3671 2342 3743 praepositi
2371 3671 2494 3738 sui,
2536 3670 2649 3725 Deo
2685 3667 3021 3738 justiﬁeante
3061 3676 3118 3723 et
3148 3666 3363 3725 dolente
3392 3667 3658 3738 iniquita-

2070 3771 2177 3818 tem
2205 3762 2497 3817 electorum
2525 3775 2770 3826 suorum,
2798 3760 2927 3831 quid
2956 3758 3208 3829 proﬁciet
3234 3758 3568 3814 accusator?

2140 3850 2271 3918 Quis
2298 3862 2375 3907 est
2403 3852 2493 3923 qui
2537 3849 2882 3905 condemnet?
2906 3847 3147 3905 Christus
3187 3848 3347 3904 Iesus
3390 3851 3482 3921 qui
3511 3866 3659 3905 mor-

2068 3953 2189 3996 tuus
2213 3953 2313 4009 est,
2333 3944 2437 3996 imo
2459 3943 2548 4012 qui
2572 3950 2619 3996 et
2644 3941 2951 4007 resurrexit,
2965 3943 3055 4013 qui
3076 3952 3150 3996 est
3174 3941 3243 3995 ad
3263 3942 3507 3996 dextram
3529 3941 3654 4010 Dei,

2066 4033 2155 4105 qui
2201 4036 2358 4089 eJiam
2398 4033 2693 4105 interpellat
2738 4050 2835 4104 pro
2885 4034 3051 4089 nobis.
3112 4034 3219 4090 Sed
3249 4049 3373 4090 cum
3400 4035 3659 4093 Christus

2067 4142 2166 4197 pro
2203 4125 2284 4180 eis
2322 4133 2570 4180 mortuus
2621 4125 2723 4191 sit,
2772 4126 2884 4181 imo
2922 4126 3107 4197 potius
3135 4141 3167 4181 a
3200 4125 3433 4183 mortuis
3467 4142 3657 4182 resur-

2068 4215 2210 4270 rexit
2237 4222 2293 4270 et
2320 4224 2429 4270 stat
2456 4231 2487 4269 a
2516 4215 2721 4270 dextris
2744 4214 2918 4271 Patris
2961 4225 3015 4270 et
3065 4214 3373 4287 interpellat
3414 4232 3518 4287 pro
3540 4217 3654 4285 his,

2068 4310 2190 4380 quis
2232 4323 2328 4364 eos
2375 4307 2575 4380 poterit
2604 4292 3007 4361 condemnare?
3047 4307 3258 4362 Aliter:
3292 4307 3521 4363 Videtur
3546 4308 3659 4369 hoc

2066 4407 2256 4454 contra
2282 4396 2498 4452 Judteos
2527 4397 2690 4451 tacite
2711 4396 2857 4467 loqui
2884 4415 2896 4452 :
2928 4394 3179 4468 Nunquid
3210 4412 3470 4455 accusare
3496 4410 3659 4470 pote-

2070 4491 2191 4546 ritis
2235 4490 2421 4545 ﬁdeles
2448 4488 2653 4545 Christi
2700 4490 2983 4545 venientes
3014 4505 3081 4545 ex
3107 4490 3389 4561 gentibus,
3415 4491 3507 4560 qui
3531 4505 3659 4546 ere-

382 4588 525 4635 stum
558 4588 642 4635 est
681 4596 749 4635 ex
794 4581 879 4635 his
930 4595 1050 4650 quae
1091 4597 1254 4651 supra
1284 4586 1556 4653 exposuit,
1592 4585 1644 4640 id
1671 4594 1777 4650 est,
1817 4584 1960 4655 quod
1986 4580 2039 4600 ν
2065 4584 2254 4639 dentes
2282 4582 2492 4653 gratiae,
2532 4580 2786 4635 mandata
2836 4580 3026 4652 legalia
3073 4582 3521 4654 praetermittunt,
3555 4581 3655 4652 qui

381 4670 596 4739 spiritus
625 4669 723 4725 Dei
746 4669 951 4723 habitat
978 4670 1030 4722 in
1061 4670 1229 4736 nobis,
1256 4673 1341 4726 vel
1367 4675 1509 4743 quod
1538 4674 1779 4730 Christus
1811 4685 1885 4730 est
1908 4676 1963 4730 in
2056 4675 2191 4745 justi
2235 4676 2408 4745 signis
2438 4683 2494 4731 et
2521 4674 2817 4732 virtutibus
2865 4675 3341 4730 demonstrantur?
3391 4674 3501 4729 Aut
3525 4676 3655 4745 quis

384 4761 551 4827 nobis,
579 4760 664 4816 vel
696 4761 840 4831 quod
884 4760 1071 4832 spiritu
1105 4760 1200 4815 Dei
1225 4765 1435 4833 agimur
1477 4776 1525 4820 et
1564 4767 1808 4837 spiritum
1839 4766 1964 4820 ado-

381 4851 576 4921 ptionis
601 4852 918 4922 accepimus,
947 4850 1033 4906 vel
1059 4850 1202 4922 quod
1229 4870 1410 4909 sumus
1437 4855 1539 4925 ﬁlii
1568 4856 1696 4923 Dei,
1727 4867 1777 4912 et
1799 4857 1964 4912 have-

382 4940 474 4994 des
502 4948 551 4993 et
574 4940 866 4994 coha'redes
890 4938 1121 5005 Christi,
1153 4940 1237 4996 vel
1267 4944 1410 5012 quod
1445 4945 1707 5015 primitias
1743 4947 1961 5017 spiritus

383 5031 698 5101 accepimus,
731 5039 786 5085 et
812 5032 957 5100 quod
977 5032 1088 5103 ipse
1115 5034 1329 5104 spiritus
1350 5035 1646 5106 interpellat
1669 5054 1764 5107 pro
1790 5039 1959 5105 nobis,

382 5120 467 5174 vel
511 5120 653 5190 quod
698 5122 874 5175 omnia
920 5122 1068 5176 nobis
1106 5132 1456 5193 cooperantur
1494 5126 1551 5179 in
1598 5125 1825 5192 bonum,
1874 5128 1961 5183 vel

383 5213 529 5284 quod
556 5212 843 5266 secundum
884 5215 1208 5284 prepositum
1244 5217 1406 5270 vocati
1449 5233 1653 5282 sumus,
1689 5227 1738 5272 et
1766 5234 1963 5289 prlece-

381 5306 533 5378 gniti,
557 5314 605 5359 et
619 5304 931 5375 justiﬁcati,
961 5315 1008 5358 et
1032 5307 1414 5377 prtrdestinati,
1439 5318 1487 5363 et
1516 5309 1820 5380 gloriﬁcati.
1851 5310 1963 5366 Hae

383 5415 505 5454 rum
551 5397 752 5453 ctenim
794 5397 1037 5453 omnium
1067 5399 1232 5454 veluti
1258 5402 1662 5472 anacephaleosi
1697 5413 1873 5472 utens,
1905 5415 1963 5462 et

2064 4770 2164 4825 hos
2209 4770 2301 4841 qui
2348 4784 2445 4839 psr
2492 4770 2963 4841 regenerationem
3012 4768 3183 4825 abluti
3225 4777 3283 4825 et
3316 4768 3655 4825 sanctiﬁcati

2062 4869 2208 4925 sunt,
2242 4876 2340 4933 pro
2370 4860 2615 4930 pristinis
2661 4861 2880 4915 audebit
2916 4874 3205 4927 accusare,
3233 4858 3469 4925 delictis,
3516 4860 3653 4916 sub-

2065 4953 2427 5008 audiendum?
2456 4951 2713 5022 Nunquid
2740 4952 2880 5008 Deus
2907 4952 2998 5023 qui
3020 4950 3305 5022 justiﬁeat,
3334 4953 3654 5009 accusabit?

2067 5041 2321 5113 Nunquid
2365 5042 2616 5098 Christus
2660 5043 2907 5098 viventes
2948 5042 3002 5097 in
3034 5044 3146 5099 suis
3163 5041 3651 5112 iustiﬁcationihus

2066 5134 2474 5200 condemnabit,
2506 5149 2607 5203 pro
2635 5133 2832 5205 quibus
2853 5144 3099 5191 mortuus
3122 5142 3224 5201 est,
3246 5143 3304 5189 et
3325 5148 3427 5197 om
3445 5132 3650 5203 quibus

2065 5225 2377 5295 interpellat
2398 5228 2616 5281 Patrem
2639 5263 2655 5291 ,
2706 5239 2772 5279 ac
2794 5240 2893 5297 pro
2921 5225 3002 5280 eis
3029 5223 3377 5297 infatigabilis
3402 5226 3642 5281 adm-

2065 5321 2151 5369 tus
2204 5313 2446 5369 assistit?
2495 5311 2847 5382 Interpellare
2894 5314 3041 5368 enim
3080 5315 3292 5370 Patrem
3336 5329 3439 5385 pro
3484 5315 3645 5370 nobis

2061 5401 2283 5470 dicitur,
2318 5404 2445 5459 dum
2473 5417 2687 5474 semper
2733 5402 2784 5457 ei
2834 5401 3131 5470 hominem,
3181 5418 3341 5475 quem
3378 5405 3641 5477 suscepit,

381 5490 543 5547 simul
585 5490 767 5546 omnia
820 5496 1093 5560 repetens,
1144 5490 1257 5545 ait:
1305 5491 1445 5558 Quid
1472 5511 1593 5566 ergo
1631 5497 1862 5553 dicemus
1888 5499 1957 5552 ad
2058 5498 2215 5565 quasi
2241 5503 2489 5552 nostrum
2518 5495 2715 5565 pignus
2742 5494 3001 5551 ostendit.

384 5579 518 5648 ha-c,
552 5583 657 5637 hoc
695 5589 809 5645 est,
858 5581 923 5635 ad
975 5582 1091 5636 hcce
1132 5581 1313 5635 omnia
1345 5597 1464 5652 qua:
1494 5600 1653 5655 supra
1698 5587 1955 5654 diximus,

2129 5589 2237 5644 (Ea:
2259 5586 2506 5659 August.)
2542 5586 2677 5642 Cum
2709 5603 2807 5658 pro
2833 5587 2939 5651 his,
2971 5586 3165 5658 inquit,
3194 5586 3447 5643 omnibus
3474 5587 3639 5645 bene

385 5669 510 5733 quia
536 5670 579 5724 si
610 5669 688 5727 sic
717 5669 859 5728 Deus
887 5686 984 5757 pro
1011 5670 1166 5725 nobis
1188 5679 1301 5735 est,
1340 5680 1399 5727 ut
1424 5672 1541 5729 haec
1578 5676 1732 5732 nobis
1762 5689 1954 5734 cuncta
2058 5676 2218 5741 liciis,
2248 5691 2368 5744 qua:
2395 5675 2672 5731 consecuti
2701 5692 2920 5744 sumus,
2972 5675 3066 5732 ﬁxi
3097 5684 3150 5730 et
3180 5676 3408 5732 radicati
3447 5693 3639 5736 sumus

389 5758 733 5826 concesserit,
764 5761 886 5832 quis
912 5776 1031 5818 esse
1054 5761 1339 5817 adversum
1372 5777 1471 5819 nos
1496 5765 1731 5837 poterit?

2059 5766 2113 5821 in
2141 5766 2408 5821 charitate
2452 5762 2571 5833 Dei,
2619 5768 2743 5837 quis
2778 5780 2889 5824 nos
2913 5767 2982 5822 ab
3006 5782 3068 5822 ea
3098 5764 3301 5838 poterit
3328 5782 3587 5838 separare
3612 5769 3639 5826 ἲ
