3932 6204
1116 367 1633 426 COLLECTIONES
1670 370 1743 426 lN
1780 352 2162 432 ΕΡιεΤοιΑε
2200 374 2289 432 ΕΤ
2329 376 2737 434 EVANCELIA.

3482 385 3589 443 530

299 476 613 535 Tribulatio
647 476 693 534 si
719 478 959 545 venerit,
993 478 1238 537 dicemus
1273 483 1338 538 ad
1371 476 1587 539 Deum:
1632 482 1701 539 In
1728 482 1896 539 tribu-
1922 490 1972 550 Α
1998 495 2105 543 tate
2156 487 2278 557 Dei,
2306 506 2427 561 qua:
2462 500 2539 545 est
2582 491 2638 545 in
2693 476 2903 546 Christo
2940 489 3091 546 Jesu’
3116 493 3343 552 Domino
3389 513 3586 555 nostra.

298 570 502 626 latione
520 570 765 627 dilatasti
788 588 872 628 me
899 571 1073 645 (Psal.
1101 574 1175 645 tv)
1202 592 1216 628 :
1245 574 1510 648 Angustia
1527 577 1573 632 si
1597 576 1781 645 fuerit,
1809 593 1897 634 sa-

249 727 256 734 ,
297 666 526 741 pientis:
554 665 652 723 Dei
682 674 739 721 et
771 664 1015 722 scientiae
1046 665 1390 723 latitudinem
1422 668 1795 739 requiremus,
1842 672 1895 727 in

299 775 408 831 qua
436 774 541 815 nos
566 766 861 828 angustare
891 773 997 815 non
1024 760 1229 829 poterit
1257 760 1489 815 mundus
1508 801 1523 825 ,
1568 761 1661 816 sed
1697 776 1795 830 per
1821 761 1898 818 di-

299 849 556 905 vinarum
598 847 828 921 mystice
869 856 925 903 et
965 849 1289 920 spiritaliter
1308 849 1714 920 Scripturarum
1743 852 1897 922 cqui—

301 943 436 999 taho
458 941 829 1012 amplissimos
869 957 1112 1013 campos.
1152 942 1595 999 Persecutionem
1623 945 1669 1001 si
1692 945 1893 1016 patior,

299 1043 359 1092 et
379 1034 653 1093 conﬁteor
683 1034 961 1091 Christum
993 1049 1174 1092 meum
1205 1051 1391 1091 coram
1417 1036 1754 1103 hominibus,
1780 1053 1898 1093 cer-

301 1135 392 1186 tus
429 1142 554 1184 sum
591 1125 718 1197 quia
760 1135 817 1181 et
856 1126 948 1182 ille
993 1141 1082 1181 me
1127 1127 1478 1183 confitebitur
1506 1144 1691 1185 coram
1735 1124 1895 1190 Patre

298 1233 426 1286 suo,
458 1219 553 1290 qui
576 1219 632 1274 in
661 1217 816 1274 oculis
836 1225 921 1274 est
947 1216 1168 1289 (Matth.
1200 1219 1279 1290 ιι).
1311 1217 1510 1275 Fames
1553 1219 1597 1275 si
1635 1219 1890 1286 adfuerit,

299 1311 528 1367 turbare
548 1324 639 1367 me
664 1324 775 1364 non
801 1316 1001 1379 potest,
1028 1309 1205 1365 habeo
1231 1309 1376 1365 enim
1399 1322 1595 1379 panem
1621 1310 1768 1377 vitae,
1798 1311 1893 1381 qui

299 1402 369 1459 de
388 1400 535 1459 celo
560 1399 845 1457 descendit
872 1398 1173 1473 (Joan.vt).
1215 1399 1443 1456 Nuditas
1483 1415 1573 1456 me
1603 1416 1710 1456 non
1756 1415 1892 1456 con-

299 1492 485 1550 fundit
508 1534 526 1561 ,
575 1494 797 1550 indutus
847 1508 969 1550 sum
1016 1494 1164 1551 enim
1204 1494 1494 1550 Dominum
1524 1494 1708 1551 Jesum
1738 1494 1895 1551 Chri-

299 1592 448 1641 stum
473 1584 658 1656 (Rom.
694 1583 837 1657 xm).
891 1583 1197 1641 Periculum
1237 1602 1345 1641 non
1382 1588 1605 1653 timebo,
1637 1586 1894 1641 Dominus

298 1676 449 1732 enim
488 1675 812 1733 illuminatio
861 1693 979 1731 mea
1020 1686 1069 1732 et
1097 1676 1244 1733 salus
1292 1695 1427 1743 mea,
1477 1696 1628 1751 quem
1657 1679 1845 1733 timebo
1868 1679 1894 1733 .’

300 1766 532 1824 Gladius
556 1775 765 1824 terrere
792 1782 885 1823 me
914 1784 1022 1824 non
1050 1778 1264 1840 potest,
1297 1770 1472 1827 habeo
1498 1773 1645 1827 enim
1675 1787 1890 1827 mecum

1996 578 2172 635 Etiam
2199 581 2243 637 si
2271 581 2374 637 alia
2402 589 2686 648 creatura,
2712 581 2765 637 id
2791 591 2896 648 est,
2927 582 3156 641 alterius
3181 589 3441 658 regionis,
3465 606 3587 661 qua:

1996 672 2049 727 in
2080 672 2185 728 alia
2210 689 2393 730 rerum
2425 683 2619 730 natura
2668 677 2902 746 seposita
2934 678 3041 745 sit,
3079 679 3145 735 de
3186 679 3379 737 inferis
3418 684 3591 754 possit

1994 778 2302 836 resurgere,
2323 781 2579 837 separare
2606 754 2717 823 ιιοέ
2734 773 3057 837 aCreatore,
3084 772 3171 826 cui
3203 773 3383 828 anima
3421 775 3589 831 etiam

1996 862 2170 909 morte
2189 854 2461 927 jungenda
2490 866 2597 922 est,
2627 872 2733 912 non
2757 858 2981 914 valeret.

2318 962 2658 1003 EVANGELIU)!
2708 964 2955 1015 JOANNIS,
2998 966 3116 1006 CAP.
3162 968 3252 1006 XV.

2072 1053 2090 1087 ι
2128 1035 2243 1093 Ηοε
2267 1047 2353 1093 εει
2378 1049 2707 1110 praeceptum
2739 1054 2941 1107 meum,
2969 1050 3029 1096 ut
3058 1043 3296 1115 diligatis
3319 1045 3582 1112 invicem,

2000 1145 2019 1178 ι
2062 1127 2205 1181 sicut
2251 1127 2414 1183 dilexi
2468 1143 2585 1184 vos.
2634 1129 2891 1201 Majorem
2928 1131 3031 1187 hac
3058 1133 3403 1190 dilectionem
3429 1152 3589 1192 nemo

2001 1238 2020 1270 ι
2063 1219 2249 1285 habet,
2281 1228 2342 1275 ιιι
2380 1222 2620 1276 animam
2671 1238 2823 1277 suam
2882 1236 3043 1293 puttzll
3072 1228 3194 1297 quis
3249 1242 3350 1296 pro
3397 1228 3588 1283 amicis

1999 1330 2019 1362 ‹
2064 1312 2198 1368 suis.
2252 1313 2360 1369 Vos
2405 1314 2565 1370 amici
2613 1315 2720 1370 mei
2770 1316 2921 1381 estis,
2967 1315 3011 1371 si
3061 1314 3298 1372 feceritis
3328 1334 3448 1387 quae
3485 1333 3587 1389 ego

2001 1420 2020 1452 ι
2065 1401 2322 1472 praecipio
2369 1402 2543 1458 vobis.
2590 1401 2712 1458 Jam
2759 1418 2867 1458 non
2898 1404 3073 1458 dicam
3098 1419 3195 1459 vos
3216 1420 3429 1471 servos,
3459 1407 3584 1477 quia

1999 1508 2019 1543 ι
2058 1506 2248 1547 servus
2280 1493 2458 1547 nescit
2482 1493 2612 1562 quid
2636 1493 2801 1548 faciat
2831 1493 3095 1548 Dominus
3112 1493 3247 1562 ejus.
3276 1497 3386 1551 Vos
3406 1506 3584 1552 autem

1998 1600 2018 1632 ι
2061 1580 2172 1636 dixi
2200 1582 2427 1647 amicos,
2449 1584 2576 1652 quia
2605 1584 2784 1638 omnia
2808 1599 3144 1654 quaecunque
3165 1587 3346 1641 audivi
3366 1603 3397 1641 a
3418 1588 3582 1644 Patre

1999 1690 2018 1724 ι
2065 1687 2207 1738 ιιιεο,
2232 1681 2360 1728 nota
2396 1672 2498 1728 feci
2533 1673 2705 1728 vobis.
2754 1673 2872 1729 Non
2912 1689 3010 1729 vos
3056 1690 3146 1730 me
3189 1675 3463 1747 elegistis,
3489 1680 3584 1732 sed

1999 1782 2018 1817 ι
2060 1779 2161 1836 ego
2185 1764 2320 1836 elegi
2344 1780 2459 1831 vos,
2489 1773 2550 1820 ut
2581 1765 2720 1820 eatis
2746 1774 2802 1821 et
2828 1764 3064 1820 fructum
3090 1766 3332 1823 adoratis
3352 1809 3367 1834 ,
3389 1776 3447 1824 et
3472 1769 3587 1824 fru-

298 1857 549 1930 gladium
573 1857 802 1927 spiritus
823 1898 839 1924 ,
888 1854 1032 1927 quod
1080 1868 1164 1915 est
1191 1861 1415 1917 verbum
1444 1860 1538 1917 Dei
1557 1903 1571 1929 ,
1619 1863 1809 1918 vivens
1833 1872 1889 1919 ει
1915 1866 1964 1927 Β
1998 1875 2017 1908 ι
2062 1866 2183 1913 ειιιε
2209 1865 2390 1913 vester
2420 1866 2638 1913 maneat
2664 1873 2679 1912 :
2702 1865 2764 1912 ut
2790 1858 3152 1928 quodcunque
3188 1862 3458 1931 petieritis
3484 1864 3586 1919 Pa-

297 1948 491 2005 θείω
516 1988 531 2013 ,
565 1958 620 2004 ει
651 1949 1041 2018 penetrabilior
1082 1951 1230 2006 omni
1259 1951 1438 2023 gladio
1468 1953 1711 2024 ancipiti.
1741 1953 1891 2010 Illius

297 2042 451 2098 enim
481 2040 723 2097 Charitas
763 2041 859 2113 qui
904 2057 1005 2098 nos
1035 2042 1225 2099 dilexit
1255 2052 1311 2099 et
1333 2053 1581 2101 nostrum
1608 2047 1675 2101 ad
1709 2062 1768 2101 se
1796 2062 1887 2101 ra-

297 2133 420 2204 puit
466 2130 742 2199 affectum,
785 2135 1089 2190 cruciatum
1137 2138 1383 2208 corporis
1427 2146 1483 2194 et
1514 2138 1759 2194 dolorem
1789 2153 1891 2195 nos

295 2224 507 2280 sentire
532 2223 686 2292 facit,
712 2225 835 2281 ideo
857 2240 990 2298 ergo
1014 2227 1069 2282 in
1096 2228 1183 2283 his
1211 2230 1466 2284 omnibus
1495 2245 1840 2302 superamus.

371 2312 499 2386 (Ea:
533 2312 725 2387 Orig.)
756 2313 983 2371 Videtur
1010 2317 1156 2372 enim
1189 2332 1350 2388 posse
1387 2318 1505 2375 haec
1548 2335 1731 2391 agere,
1764 2329 1823 2376 ut
1860 2336 1892 2375 a

295 2404 574 2460 charitate
602 2403 699 2461 Dei
744 2421 1080 2477 separemur.
1132 2407 1278 2464 Mors
1318 2416 1373 2466 et
1414 2409 1665 2467 fortassis
1693 2411 1890 2484 angeli,

298 2508 363 2557 et
384 2500 739 2571 principatus,
772 2509 830 2557 et
874 2502 1110 2558 virtutes
1164 2503 1517 2560 adversantes
1567 2505 1747 2570 nobis,
1775 2505 1892 2575 sine

297 2591 469 2649 dubio
489 2599 548 2647 et
570 2592 885 2662 praesentia,
917 2607 1039 2663 quae
1067 2599 1194 2648 sunt
1230 2594 1419 2666 utique
1462 2594 1670 2651 lubrica
1702 2603 1757 2651 et
1801 2610 1894 2650 ca-

298 2681 465 2747 duca,
497 2682 593 2739 sed
629 2690 686 2738 et
730 2682 1083 2754 profundum,
1113 2693 1294 2756 potest
1346 2685 1598 2742 similiter
1640 2686 1890 2760 intelligi,

299 2776 418 2829 vita
442 2782 622 2831 autem
650 2772 831 2829 finura
857 2782 914 2831 et
939 2774 1168 2831 altitudo
1195 2784 1250 2832 et
1271 2784 1544 2843 creatura,
1567 2778 1750 2849 aliquo
1776 2794 1895 2834 mo-

299 2863 380 2920 do
405 2880 437 2919 a
466 2865 735 2921 charitate
761 2865 858 2920 Dei
885 2880 1141 2937 separare
1162 2881 1263 2922 nos
1283 2874 1570 2922 conantur.
1607 2866 1725 2923 Non
1753 2868 1893 2923 otio-

301 2966 429 3014 sum
456 2958 674 3015 videtur
693 2972 988 3030 exponere,
1012 2959 1116 3014 nisi
1145 2959 1268 3029 quis
1286 2958 1427 3015 forte
1455 2960 1600 3015 dicat
1630 2960 1896 3031 hyperbo-

300 3048 411 3105 lice
450 3049 567 3105 haec
601 3048 920 3120 Apostolum
968 3049 1171 3116 dicere,
1195 3050 1302 3105 hoc
1326 3057 1430 3116 est,
1458 3065 1567 3105 non
1597 3049 1770 3105 solum
1798 3065 1897 3120 per

300 3153 375 3195 ea
397 3153 520 3209 quae
547 3139 794 3195 accidere
816 3146 1067 3209 possunt,
1098 3141 1194 3195 sed
1221 3153 1289 3195 ne
1320 3155 1416 3210 per
1438 3155 1502 3196 ea
1528 3141 1746 3210 quidem
1771 3155 1899 3211 qua:

1998 1968 2017 2001 ι
2064 1959 2203 2005 trem
2234 1951 2291 2005 in
2316 1951 2536 2007 nomine
2557 1965 2680 2006 meo
2706 1951 2799 2005 det
2826 1950 3000 2005 vobis.
3040 1969 3057 2003 ι

2064 2042 2180 2098 Hoc
2219 2050 2294 2098 est
2320 2050 2638 2113 prmeeptum
2668 2057 2863 2107 meum,
2892 2052 2951 2095 ut
2979 2041 3213 2112 diligatis
3241 2041 3487 2107 invicem,
3510 2044 3583 2097 εἰς

1991 2145 2076 2190 cut
2098 2133 2258 2189 dilexi
2286 2150 2394 2189 vos.
2422 2132 2524 2206 (Ex
2554 2133 2806 2207 August.)
2838 2133 2909 2190 Ut
2935 2134 3066 2204 quid
3085 2134 3229 2189 enim
3265 2149 3366 2190 nos
3392 2136 3581 2193 dilexit

1990 2225 2259 2291 Christus,
2286 2224 2393 2280 nisi
2422 2232 2482 2279 ut
2504 2225 2775 2294 possimus
2804 2240 3034 2295 regnare
3063 2240 3188 2281 cum
3212 2224 3467 2281 Christo?
3493 2226 3577 2283 Ad

1991 2317 2096 2373 hoc
2142 2330 2241 2371 nos
2291 2315 2515 2387 diligere
2545 2316 2807 2372 debemus
2827 2357 2842 2383 ,
2874 2325 2934 2371 nt
2963 2317 3263 2373 habeamus
3302 2318 3494 2384 Deum,
3523 2330 3583 2373 et

1991 2424 2308 2464 maneamus
2362 2408 2417 2463 in
2452 2409 2583 2474 Deo,
2614 2419 2671 2464 et
2723 2410 2771 2464 si
2819 2409 2898 2465 sic
2922 2411 3013 2479 qui
3044 2426 3105 2467 se
3131 2411 3381 2483 diligunt,
3410 2412 3581 2468 Deum

1991 2500 2241 2572 diligunt,
2268 2508 2323 2556 et
2358 2500 2475 2555 hinc
2507 2508 2592 2556 est
2617 2499 2855 2567 dilectio,
2887 2511 2945 2554 ut
2978 2502 3043 2556 sit
3099 2501 3236 2556 Deus
3292 2505 3470 2558 omnia
3527 2505 3582 2557 in

1993 2594 2234 2648 omnibus
2266 2592 2320 2665 (Ι
2343 2589 2467 2647 Cor.
2496 2592 2610 2665 xv).
3359 2655 3370 2665 ι

2066 2682 2328 2753 Majorem
2379 2684 2479 2738 hac
2532 2685 2867 2740 dilectionem
2911 2703 3061 2742 nemo
3118 2688 3272 2743 habet
3321 2705 3479 2759 quam
3526 2698 3584 2741 ut

1992 2774 2227 2828 animam
2266 2791 2419 2829 suam
2455 2787 2614 2846 ponat
2664 2779 2782 2849 quis
2816 2795 2912 2848 pro
2950 2764 3135 2834 amicis
3183 2781 3314 2835 suis.
3346 2772 3426 2834 'ln
3478 2780 3585 2835 hoc

1991 2862 2198 2919 Christi
2229 2863 2447 2919 dilectio
2478 2867 2847 2934 supereminet
2892 2868 2947 2922 in
2995 2882 3124 2932 nos,
3154 2870 3281 2938 quia
3333 2868 3500 2933 venit,
3522 2876 3585 2922 ut

1994 2952 2233 3008 animam
2261 2967 2415 3009 suam
2449 2962 2678 3025 poneret
2710 2970 2811 3026 pro
2840 2956 3079 3012 inimicis
3107 2957 3250 3022 suis,
3275 2956 3343 3012 ad
3370 2957 3475 3011 hoc
3501 2965 3582 3011 ta—

1995 3056 2122 3097 men
2151 3050 2212 3097 ut
2232 3057 2300 3097 ex
2335 3042 2569 3099 inimicis
2597 3043 2802 3102 faceret
2828 3047 3056 3112 amicos,
3078 3047 3175 3103 sed
3202 3063 3311 3103 non
3339 3047 3587 3102 omnium

1995 3141 2081 3189 est
2130 3135 2471 3205 martyrium,
2504 3142 2687 3191 tamen
2720 3137 2963 3192 omnium
3008 3137 3334 3193 beneﬁcium
3395 3147 3483 3196 est
3529 3138 3588 3195 in

298 3230 493 3285 venire
520 3230 743 3285 omnino
776 3245 882 3286 non
906 3237 1153 3301 possunt,
1185 3230 1295 3287 ullo
1318 3240 1480 3301 pacto
1507 3246 1539 3287 a
1573 3232 1669 3288 Dei
1712 3232 1892 3288 chari-
1917 3235 1965 3301 (ζ
1994 3223 2209 3281 fratres.
2239 3225 2341 3293 Qui
2369 3238 2556 3280 veram
2582 3227 2943 3283 substantiam
2980 3244 3133 3283 suam
3180 3227 3338 3284 fratri
3386 3229 3442 3315 in
3490 3245 3587 3285 ue-

302 3332 422 3379 tate
443 3322 801 3381 deﬂectimur.

377 3413 487 3487 (Es
510 3414 671 3486 Aug.)
717 3414 888 3471 Nemo
915 3430 1015 3471 nos
1059 3414 1185 3471 inde
1211 3423 1426 3486 separet
1453 3414 1714 3471 minando
1742 3431 1890 3471 mor-

300 3518 440 3574 tem,
470 3508 702 3577 idipsum
722 3507 887 3573 enim,
920 3508 1064 3579 quod
1092 3507 1365 3578 diligimus
1391 3505 1581 3572 Deum,
1612 3507 1753 3563 mori
1779 3523 1889 3563 non

299 3606 504 3673 potest.
526 3590 640 3656 Nisi
662 3600 788 3655 dum
811 3615 918 3656 non
943 3600 1114 3672 diligit
1137 3600 1326 3665 Deum,
1344 3600 1431 3655 cui
1460 3614 1609 3655 mors
1635 3598 1768 3671 ipsa,
1785 3606 1891 3665 est,

302 3703 418 3745 non
441 3688 663 3760 diligere
689 3689 880 3746 Deum.
900 3688 1069 3746 Nemo
1087 3705 1186 3746 nos
1211 3689 1335 3745 inde
1356 3696 1571 3759 separet
1589 3688 1893 3760 pollicendo

300 3779 496 3836 vitam.
528 3778 697 3837 Nemo
738 3780 884 3837 enim
938 3782 1007 3838 ab
1057 3781 1175 3852 ipso
1215 3778 1363 3837 fonte
1409 3788 1628 3851 separat
1675 3794 1887 3851 aquam.

300 3869 428 3927 Non
458 3879 677 3942 separat
704 3872 954 3943 angelus;
1007 3887 1115 3928 non
1155 3873 1301 3928 enim
1347 3881 1432 3928 est
1474 3872 1718 3944 angelus,
1769 3887 1894 3929 cum

302 3961 635 4019 inhaeremus
662 3963 796 4029 Deo,
828 3971 1019 4018 nostra
1045 3974 1228 4018 mente
1255 3962 1546 4034 potentior.
1578 3961 1696 4018 Non
1739 3977 1895 4033 sepa-

302 4065 400 4111 rat
428 4055 620 4121 virtus,
662 4054 754 4110 illa
798 4055 1021 4117 scilicet,
1055 4069 1175 4123 quae
1200 4060 1523 4124 potestatem
1552 4053 1894 4109 tenebrarum

302 4148 370 4203 in
406 4146 510 4203 hoc
537 4147 737 4203 mundo
767 4155 933 4213 tenet,
968 4154 1082 4202 toto
1110 4145 1311 4201 mundo
1353 4153 1438 4200 est
1480 4145 1704 4201 omnino
1732 4144 1899 4200 subli-

303 4242 454 4298 mior
477 4257 631 4297 mens
662 4242 932 4299 inhaerens
976 4239 1110 4295 Deo.
1157 4237 1276 4294 Non
1325 4245 1581 4309 separant
1633 4237 1899 4292 instantes

301 4332 592 4400 molestias,
624 4334 729 4388 hoc
769 4333 917 4388 enim
963 4332 1196 4387 leviores
1236 4345 1330 4385 eas
1359 4329 1624 4385 sentimus
1653 4344 1759 4399 quo
1788 4327 1836 4382 ei
1866 4343 1897 4382 a

304 4439 425 4496 quo
477 4439 579 4481 nos
632 4437 885 4494 separare
945 4422 1243 4478 moliuntur
1296 4421 1502 4476 arctius
1550 4419 1894 4474 inhaeremus.

306 4514 434 4571 Non
458 4524 673 4585 separat
700 4514 989 4584 promissio
1011 4512 1338 4577 futurorum,
1370 4526 1494 4565 nam
1534 4518 1588 4565 et
1635 4508 1899 4580 quidquid

1994 3317 2255 3372 cessitate
2279 3316 2460 3387 posito
2485 3332 2594 3372 non
2624 3318 2836 3385 tribuit,
2867 3320 3138 3389 quomodo
3165 3321 3402 3376 animam
3429 3337 3585 3377 suam

1991 3406 2047 3462 in
2071 3409 2451 3478 persecutione
2478 3410 2707 3465 daturus
2751 3419 2836 3465 est
2865 3426 2966 3482 pro
3014 3411 3185 3467 fratre
3235 3413 3371 3468 suo?
3398 3413 3586 3468 Virtus

1992 3514 2123 3554 vero
2149 3498 2308 3567 hujus
2338 3501 2621 3556 charitatis
2644 3509 2731 3556 est
2755 3502 2808 3556 in
2838 3516 2973 3571 pace
3001 3517 3098 3557 sua
3128 3502 3456 3559 distribuere
3486 3520 3584 3574 pro

1994 3588 2199 3645 Christi
2229 3605 2414 3644 amore
2444 3598 2506 3645 ut
2534 3592 2708 3662 possit
2741 3592 2797 3646 in
2842 3593 3251 3663 perturbatione
3293 3608 3352 3649 se
3404 3593 3582 3664 ipsum

1993 3681 2211 3738 tradere
2233 3697 2333 3753 pro
2358 3681 2579 3736 nomine
2607 3682 2747 3753 ejus.

2074 3773 2179 3830 Vos
2199 3773 2356 3828 amici
2372 3774 2475 3828 mei
2493 3774 2615 3829 estis
2642 3773 2687 3829 si
2713 3774 2941 3845 feceritis
2969 3792 3087 3847 qua:
3109 3791 3201 3847 ego
3228 3776 3477 3847 prtecipio
3506 3793 3586 3831 ro-

1996 3869 2094 3923 bis.
2128 3866 2318 3939 Magna
2346 3875 2432 3922 εει
2459 3866 2694 3939 dignitas
2719 3868 2954 3923 amicum
2982 3883 3102 3924 esse
3132 3867 3250 3934 Dei,
3280 3869 3376 3925 sed
3397 3869 3586 3924 viden-

1996 3961 2126 4016 dum
2160 3967 2266 4025 est,
2291 3958 2489 4029 quibus
2512 3958 2769 4030 gradibus
2793 3957 2859 4013 ad
2888 3960 3031 4014 hanc
3058 3958 3433 4014 celsitudinem
3455 3975 3583 4029 per-

1995 4053 2264 4109 veniatur.
2286 4049 2576 4121 Subjungit
2603 4068 2617 4104 :
2651 4050 2712 4106 Si
2740 4050 2972 4121 feceritis
2992 4067 3053 4105 ea
3078 4068 3196 4122 quae
3222 4067 3312 4121 ego
3334 4052 3581 4122 prmcipia

1996 4145 2156 4200 vobis.
2190 4145 2269 4199 Ac
2298 4143 2344 4198 si
2375 4148 2563 4213 aperte
2590 4141 2734 4196 dicat
2766 4159 2779 4194 :
2806 4140 3069 4197 Gaudetis
3095 4141 3162 4196 de
3179 4141 3434 4206 culmine,
3451 4157 3584 4212 pen-

1998 4247 2114 4293 sate
2142 4236 2341 4306 quibus
2362 4234 2641 4289 laboribus
2669 4234 2887 4288 venitur
2916 4233 2980 4288 ad
3002 4233 3238 4288 culmen.
3275 4232 3465 4303 Magna
3496 4244 3588 4290 est.

1998 4328 2369 4386 misericordia
2395 4326 2669 4399 largitoris
2690 4327 2882 4392 nostri,
2904 4326 3047 4381 servi
3065 4340 3171 4381 non
3189 4324 3388 4381 fuimus
3410 4326 3580 4397 digni,

1998 4431 2053 4477 et
2072 4420 2231 4475 amici
2256 4434 2534 4485 vocamur,
2562 4418 2683 4474 ideo
2712 4416 3008 4491 subiungit.

2068 4511 2100 4565 Ι
2108 4528 2193 4565 am
2219 4527 2322 4566 non
2356 4511 2529 4565 dicam
2553 4527 2641 4565 vos
2667 4527 2864 4576 servos,
2889 4512 3012 4583 quia
3041 4527 3217 4565 servus
3248 4512 3409 4565 nescit
3453 4512 3581 4582 quid

304 4607 445 4664 boni
469 4604 708 4661 futurum
728 4613 833 4670 est,
855 4604 1059 4659 certius
1084 4602 1351 4673 promittit
1379 4601 1542 4666 Deus,
1568 4609 1622 4656 et
1648 4599 1783 4654 nihil
1813 4610 1898 4654 est
1921 4588 1974 4648 D
1999 4602 2163 4675 faciat
2190 4601 2447 4657 Dominus
2485 4602 2620 4673 ejus.
2648 4601 2806 4656 Aliud
2829 4612 2913 4657 est
2938 4617 3154 4657 servum
3182 4602 3413 4667 timoris,
3438 4603 3581 4659 aliud

307 4698 435 4767 ipso
456 4696 567 4752 Deo
588 4695 803 4762 melius,
829 4695 922 4764 qui
942 4693 1055 4763 jam
1080 4691 1323 4764 profecto
1345 4690 1483 4747 bene
1503 4691 1606 4747 sibi
1634 4691 1902 4745 inhaeren-

309 4788 462 4845 tibus
481 4802 720 4859 praesens
738 4795 842 4842 est.
1078 4853 1083 4858 ν
1500 4776 1503 4779 ’

385 4879 572 4935 Certus
614 4895 731 4934 sum
779 4878 939 4933 enim.
970 4876 1087 4931 Non
1133 4874 1550 4946 dixit,0pinor,
1578 4873 1674 4929 sed
1721 4881 1902 4929 certus

307 4982 437 5028 eum
466 4970 613 5040 quod
635 4968 822 5025 fideles
851 4967 1051 5024 Christi
1082 4982 1190 5023 non
1226 4973 1445 5036 separat
1480 4965 1549 5020 ab
1564 4963 1695 5033 .ejus
1721 4965 1901 5019 chari-

308 5070 451 5128 tate,
479 5078 579 5117 nec
600 5077 768 5129 mors,
801 5076 901 5116 nec
921 5061 1055 5126 vita,
1086 5060 1139 5114 id
1169 5068 1273 5124 est,
1299 5073 1399 5113 nec
1422 5057 1748 5128 persecutio,
1776 5071 1898 5127 quae

302 5167 464 5210 nunc
502 5168 653 5223 spem
691 5153 815 5207 vitae
839 5151 1058 5223 ingerit,
1094 5165 1241 5205 nunc
1273 5152 1537 5204 terrorem
1575 5148 1767 5203 mortis
1814 5147 1900 5201 in—

304 5255 511 5313 tentat,
543 5261 720 5317 neque
764 5253 1006 5317 potestas
1045 5243 1272 5300 adversa
1321 5240 1713 5312 transﬁgurans
1751 5254 1809 5295 se
1843 5239 1897 5294 in

304 5338 563 5410 angelum
587 5338 738 5403 lucis,
764 5336 1028 5391 audienda
1049 5342 1153 5391 est.
1183 5334 1369 5403 Neque
1390 5331 1751 5395 fortitudines,
1771 5330 1897 5400 quia

302 5444 446 5485 vasa
472 5428 627 5485 fortis
656 5428 1001 5499 diripientur,
1035 5426 1127 5497 qui
1149 5440 1247 5495 per
1270 5425 1548 5480 Christum
1572 5422 1764 5493 ligatus
1789 5430 1892 5476 est.

387 5519 572 5592 Neque
615 5519 841 5575 altitudo
864 5559 879 5585 ,
915 5534 1078 5589 neque
1121 5516 1463 5588 profundum.
1502 5515 1560 5569 Id
1596 5522 1698 5579 est,
1721 5527 1897 5583 neque

305 5608 632 5682 astrologia,
662 5626 837 5681 neque
866 5607 1261 5674 necromantia,
1289 5606 1415 5676 quia
1442 5614 1497 5660 et
1532 5604 1623 5660 illa
1662 5602 1898 5659 altitudi-

304 5718 441 5760 nem
464 5717 701 5768 sursum,
723 5710 780 5758 et
806 5702 907 5757 ista
943 5701 1212 5756 infernum
1235 5708 1548 5754 scrutantur
1572 5697 1845 5753 deorsum.

389 5793 573 5867 Neque
600 5805 842 5851 creatura
870 5795 975 5850 alia
1002 5794 1187 5865 poterit
1234 5810 1325 5848 nos
1374 5809 1619 5863 separare
1648 5809 1679 5845 a
1719 5791 1898 5845 citari-

2003 4695 2224 4760 amoris,
2253 4709 2373 4764 quae
2400 4694 2506 4749 duo
2535 4693 2768 4764 exempli
2797 4693 2968 4762 gratia
3002 4693 3115 4763 ipsa
3145 4693 3346 4748 veritas
3376 4693 3430 4754 in
3479 4695 3584 4750 hoc

2002 4787 2192 4845 eodem
2221 4785 2515 4857 Evangelio
2543 4787 2822 4858 exprimit,
2848 4787 3035 4841 dicens
3063 4803 3076 4839 :
3119 4784 3315 4840 Servus
3335 4802 3439 4841 non
3470 4801 3583 4841 ma-

2003 4890 2085 4934 net
2112 4881 2168 4934 in
2190 4879 2343 4933 domo
2368 4878 2423 4932 in
2461 4886 2737 4945 azternum,
2763 4876 2907 4946 ﬁlius
2954 4886 3130 4931 autem
3165 4885 3362 4933 manet.
3412 4877 3585 4933 Filius

2001 4985 2132 5026 vero
2161 4969 2326 5024 servit
2342 4969 2488 5027 Patri
2513 4976 2737 5040 propter
2761 4967 3025 5031 amarem,
3043 4981 3233 5023 serius
3257 4974 3436 5022 autem
3459 4984 3585 5038 pro-

1999 5070 2121 5133 pter
2151 5061 2421 5127 timorem,
2448 5059 2515 5114 de
2544 5074 2651 5130 quo
2678 5058 2897 5113 servitio
2928 5056 3187 5112 Dominus
3218 5057 3355 5113 dixit
3399 5075 3412 5111 :
3457 5057 3584 5112 Jam

2002 5167 2108 5206 non
2149 5151 2266 5205 dico
2300 5168 2386 5205 eos
2417 5166 2610 5216 servos,
2645 5148 2736 5204 sed
2765 5148 3126 5217 amicos,quia
3155 5147 3249 5203 filii
3284 5164 3390 5203 non
3415 5148 3581 5212 servi,

2001 5241 2123 5297 ideo
2149 5249 2206 5296 et
2232 5240 2415 5305 amici,
2443 5241 2569 5311 quia
2611 5255 2787 5293 servus
2838 5240 2998 5294 nescit
3032 5239 3159 5309 quid
3199 5238 3361 5308 faciat
3395 5239 3580 5292 Domi-

2003 5347 2099 5385 nus
2145 5330 2282 5402 ejus.
2327 5329 2513 5384 Neseit
2557 5329 2702 5382 enim
2752 5329 3082 5384 voluntatem
3112 5329 3324 5384 Domini
3354 5328 3460 5392 sui,
3487 5328 3580 5395 qui

2000 5436 2099 5492 per
2124 5421 2335 5475 timoris
2362 5419 2779 5475 amaritudinem
2807 5421 2975 5476 servit
2999 5420 3225 5476 Domino
3248 5433 3365 5481 suo,
3389 5424 3445 5470 et
3470 5431 3579 5470 non

2000 5528 2097 5584 per
2125 5508 2794 5579 charitatis‘dulcedinem,
2826 5512 2981 5582 quasi
3005 5511 3149 5569 Patri
3179 5510 3401 5565 serviat.

2082 5602 2183 5658 Vos
2209 5611 2383 5656 autent
2406 5602 2519 5657 dixi
2542 5604 2756 5668 aulicos,
2783 5605 2908 5675 quia
2937 5602 3111 5655 omnia
3138 5615 3458 5670 qua’cunque
3481 5613 3581 5653 ttu-

2003 5698 2107 5753 divi
2137 5691 2343 5751 aPatre
2388 5712 2525 5762 meo,
2568 5705 2689 5750 nota
2729 5695 2828 5765 feci
2869 5693 3025 5749 vobis.
3058 5692 3189 5758 Qum
3219 5699 3345 5748 sunt
3370 5692 3575 5758 omnia,

2004 5804 2125 5858 quae
2177 5787 2383 5843 audivit
2432 5802 2462 5841 a
2506 5786 2657 5840 latro
2684 5826 2698 5852 ,
2730 5801 2847 5854 quze
2889 5792 3014 5839 nota
3057 5782 3174 5838 ﬁeri
3204 5784 3372 5841 voluit
3407 5788 3579 5843 servis
