3936 6202
335 326 337 328 -
380 286 474 348 εει

1657 296 2012 354 SMARAGDI
2048 300 2340 357 ABBATIS

3535 294 3646 357 552

377 407 514 472 suis,
545 416 604 463 ut
630 423 725 463 eos
761 408 1047 479 perliceret
1070 405 1274 465 amicos
1308 421 1457 476 suos,
1488 409 1597 464 nisi
1643 409 1841 481 gaudia
1889 409 1968 465 in-
1993 413 2044 472 Α
2141 408 2212 463 Ut
2248 411 2506 480 possimus
2531 419 2578 464 et
2608 411 2708 482 ipsi
2732 409 2997 466 consolari
3023 426 3111 464 eos
3141 408 3232 480 qui
3255 409 3309 463 in
3331 410 3474 463 omni
3500 427 3644 475 pres-

375 509 546 556 teras:
567 501 870 566 cbaritatis,
904 502 1007 555 nisi
1034 501 1123 555 illa
1153 499 1293 556 festa
1320 517 1569 572 superna:
1596 504 1810 574 patriae,
1840 516 1961 573 quae

374 591 578 647 nostris
632 591 873 662 quotidie
942 593 1212 648 mentibus
1269 609 1367 664 per
1423 594 1810 664 aspirationem
1873 593 1959 651 sui

377 683 579 738 amoris
609 683 902 752 imprimit,
934 684 1028 738 sed
1081 685 1195 740 haec
1252 685 1512 756 cognitio,
1550 702 1672 756 qua:
1706 701 1850 742 nunc
1888 701 1956 742 ex

375 785 528 844 parte
568 775 802 845 prolicit,
851 777 902 830 in
938 777 1025 830 illa
1056 776 1392 846 plenitudine
1431 778 1673 832 scientia:
1712 778 1957 848 ρει-θείας

375 871 482 930 tur,
520 865 585 920 de
615 880 722 935 quo
747 865 1036 935 Apostolus
1061 867 1137 920 ait
1167 883 1180 919 :
1213 865 1345 920 Cum
1379 876 1554 920 autem
1590 868 1782 922 venerit
1815 868 1956 939 quod

371 957 657 1026 perfectum
681 968 776 1022 est,
799 959 1136 1012 evacuabitur
1162 959 1302 1029 quod
1331 974 1397 1012 ex
1429 967 1578 1029 parte
1618 967 1692 1014 est
1733 958 1802 1030 (1
1828 958 1953 1014 Cor.

373 1048 516 1120 xm),
544 1050 649 1104 hoc
674 1051 818 1104 enim
855 1051 1115 1105 Dominus
1143 1049 1420 1121 discipulis
1448 1065 1508 1106 se
1554 1050 1748 1107 fecisse
1794 1051 1952 1118 dixit,

369 1139 515 1207 quod
538 1139 781 1193 facturus
810 1155 930 1195 esse
965 1140 1190 1194 sciebat.

447 1227 572 1282 Non
601 1246 688 1284 vos
710 1247 792 1284 me
812 1228 1056 1301 elegrfstis,
1076 1232 1165 1286 sed
1189 1247 1281 1303 ego
1309 1231 1438 1302 elegi
1468 1248 1576 1288 vos.
1613 1231 1739 1288 Hinc
1765 1242 1850 1288 est
1869 1231 1952 1287 af-

368 1321 549 1378 fabilis
571 1326 770 1395 gratia,
801 1340 922 1393 qute
953 1326 1215 1394 praevenit
1239 1341 1364 1391 nos,
1394 1334 1453 1380 ut
1489 1326 1662 1381 simus
1695 1325 1858 1381 amici
1884 1341 1949 1380 ex

364 1417 565 1480 servis,
591 1417 710 1471 ideo
739 1418 896 1472 nobis
925 1433 1031 1472 non
1063 1418 1324 1488 subrepat
1347 1417 1628 1488 superbia,
1661 1417 1820 1487 quasi
1849 1432 1950 1487 pro

366 1507 572 1562 nostris
619 1508 831 1562 meritis
885 1507 1088 1575 aliquid
1138 1509 1530 1578 acciperemus,
1556 1509 1683 1563 dum
1713 1508 1809 1562 lilii
1856 1507 1953 1563 iraa

365 1593 591 1660 fuimus,
625 1612 772 1650 nunc
797 1603 978 1650 autem
1001 1595 1102 1649 lilii
1136 1595 1231 1650 Dei
1260 1611 1357 1666 per
1373 1596 1609 1666 grati-am
1643 1594 1821 1650 ell'ecti
1860 1611 1950 1650 su-

363 1700 505 1750 mus,
530 1687 650 1741 sine
677 1701 784 1755 qua
818 1685 954 1740 nihil
990 1701 1280 1756 possumus
1313 1686 1512 1747 facere,
1538 1693 1600 1740 ut
1619 1685 1780 1755 paulo
1821 1694 1947 1741 ante

363 1773 480 1844 ipsa
497 1773 706 1829 Veritas
728 1775 808 1828 ait
839 1793 851 1828 :
884 1773 1009 1829 Sine
1035 1791 1115 1828 me
1145 1773 1275 1827 nihil
1302 1775 1514 1844 potestis
1531 1775 1728 1844 facere.

437 1864 506 1917 Et
529 1865 681 1935 posui
715 1881 824 1930 vos,
855 1875 910 1918 ut
935 1865 1064 1918 eatis
1085 1874 1134 1918 et
1160 1865 1390 1934 fructum
1415 1865 1672 1934 efferatis.
1697 1865 1855 1920 Posui
1879 1866 1946 1920 ad

358 1955 610 2026 gratiam,
640 1956 878 2026 plantavi
902 1963 961 2010 ut
991 1957 1132 2012 eatis
1156 1957 1407 2021 volendo,
1449 1957 1660 2013 fructus
1705 1957 1946 2013 all‘eratis

358 2047 655 2116 operando.
688 2047 838 2102 Estis
853 2047 1004 2103 enim
1027 2047 1259 2102 volendo
1282 2049 1423 2103 diuit
1453 2062 1468 2102 :
1509 2049 1647 2116 Quia
1679 2049 1816 2105 velle
1845 2049 1943 2104 ali-

357 2135 489 2204 quid
514 2135 698 2192 facere
716 2137 830 2207 jam
857 2146 1039 2193 mente
1059 2138 1140 2192 ire
1168 2146 1272 2204 est,
1303 2137 1521 2208 qualem
1545 2153 1674 2195 vero
1703 2139 1943 2196 fructum

359 2223 558 2280 all‘erre
594 2225 832 2281 debeant
865 2226 1166 2298 subjungit.
1433 2209 1438 2218 “

389 2313 498 2368 ’Et
524 2314 725 2383 [ructus
748 2325 911 2369 vester
935 2325 1161 2379 maneat,
1187 2325 1242 2369 ut
1291 2315 1637 2387 quodcunque
1691 2317 1942 2389 petieritis

352 2403 558 2463 I'atnent
589 2405 643 2458 in
671 2407 880 2459 nomine
923 2421 1036 2461 meo
1075 2407 1159 2459 det
1189 2407 1348 2460 vobis.
1381 2406 1589 2461 Nomen
1643 2407 1735 2461 lilii
1784 2406 1943 2465 Jesus

355 2507 456 2560 est,
483 2500 640 2555 Jesus
662 2509 841 2554 autem
867 2500 1125 2566 salvator,
1144 2499 1228 2554 vel
1249 2503 1412 2554 etiam
1430 2501 1685 2555 salutaris
1707 2501 1904 2555 dicitur
1923 2521 1935 2556 :

354 2586 448 2646 Ille
481 2605 612 2662 ergo
643 2591 697 2646 in
735 2591 956 2646 nomine
977 2590 1275 2645 Salvatoris
1303 2591 1457 2660 petit,
1485 2591 1577 2661 qui
1619 2590 1749 2646 illud
1781 2592 1937 2662 petit,

351 2683 497 2751 quod
527 2683 594 2736 ad
623 2697 807 2738 veram
839 2679 1067 2737 salutem
1099 2682 1354 2752 pertinet.
1407 2680 1544 2735 Nam
1599 2681 1645 2736 si
1697 2681 1751 2734 id
1797 2683 1939 2751 quod

351 2787 460 2831 non
484 2777 737 2846 expediat
763 2776 988 2846 petitur,
1018 2789 1124 2829 non
1154 2774 1212 2828 in
1236 2773 1456 2828 nomine
1479 2769 1606 2827 Iesu
1643 2773 1865 2842 petitur.

567 2907 634 2965 IN
675 2906 927 2963 NATALI
977 2905 1186 2963 UNI‘US
1219 2903 1713 2960 CONFES‘SO‘RIS.

347 3032 604 3076 EPISTOLA
660 3035 816 3075 BEATI
880 3033 1033 3073 PAULI
1096 3033 1350 3072 APOSTULI
1412 3030 1478 3072 AD
1540 3030 1796 3072 CO'RIN'I'B.
1858 3033 1934 3084 II,

1008 3103 1180 3142 CAPUT
1219 3098 1258 3141 I.

427 3245 448 3279 ι
491 3225 838 3281 Benedictus
866 3220 1009 3281 Deus
1059 3235 1115 3280 et
1158 3225 1322 3280 Pater
1351 3225 1564 3281 Domini
1600 3228 1774 3285 nostri
1807 3226 1935 3286 Iesu

355 3336 374 3368 ι
417 3316 643 3382 Christi,
692 3315 857 3370 Pater
901 3315 1404 3371 misericordiarum
1458 3324 1514 3372 et
1569 3316 1714 3374 Deus
1767 3320 1936 3374 totius

351 3428 370 3458 ι
417 3408 830 3473 consctationis,
852 3407 946 3478 qui
971 3405 1286 3462 consolatur
1321 3421 1420 3460 nos
1460 3405 1516 3460 in
1570 3407 1715 3463 omni
1764 3409 1936 3463 tribu-

348 3517 367 3550 ι
413 3499 614 3556 latione
645 3509 858 3565 nostra,
885 3506 944 3552 ut
973 3498 1244 3567 possimus
1271 3505 1328 3554 et
1354 3498 1456 3568 ipsi
1497 3500 1770 3554 consolari
1814 3515 1928 3563 eos,

351 3611 368 3641 ι
417 3592 508 3660 qui
541 3592 594 3644 in
622 3591 769 3645 omni
795 3604 1047 3659 pressura
1081 3598 1210 3644 sunt
1231 3604 1330 3659 per
1352 3589 1931 3661 exhortationem,qua

349 3698 368 3731 ι
415 3681 774 3734 exhortamur
796 3689 850 3734 et
889 3680 991 3749 ipsi
1029 3695 1057 3732 a
1097 3681 1228 3743 Deo.
1277 3679 1544 3746 Quoniam
1594 3677 1736 3735 sicut
1761 3683 1931 3736 abun-

348 3790 367 3823 ι
409 3773 542 3828 dant
573 3774 857 3844 passiones
889 3772 1094 3828 Christi
1127 3773 1181 3827 in
1220 3775 1410 3840 nobis,
1443 3775 1518 3828 ita
1546 3785 1601 3829 et
1627 3791 1724 3845 per
1753 3777 1928 3847 ipsum

345 3879 365 3913 ι
411 3864 650 3919 abundat
675 3864 980 3920 consolatio
1009 3872 1218 3929 nostra,
1251 3865 1366 3920 sive
1389 3874 1573 3921 autem
1607 3866 1929 3923 tribulamur

346 3973 365 4006 ι
411 3972 510 4027 pro
535 3964 716 4011 vestra
739 3955 1120 4011 exhortatione
1145 3964 1200 4010 et
1222 3956 1417 4021 salute,
1444 3957 1558 4012 sive
1583 3957 1928 4012 consolamur

345 4067 364 4101 ι
409 4065 510 4120 pro
534 4058 712 4105 vestra
736 4048 1127 4112 consolatione,
1150 4063 1271 4117 quae
1297 4055 1554 4118 operatur
1583 4047 1924 4104 tolerantiam

345 4159 364 4192 ι
409 4142 718 4196 earumdem
735 4139 1067 4211 passionum,
1086 4153 1222 4208 quas
1243 4147 1296 4193 et
1322 4153 1422 4193 nos
1442 4139 1703 4208 patimur,
1722 4146 1782 4192 ut
1804 4155 1925 4210 spes

343 4249 363 4283 ι
411 4241 596 4286 nostra
617 4232 773 4286 ﬁrma
797 4231 870 4287 sit
895 4247 999 4301 pro
1030 4229 1206 4295 vobis,
1235 4230 1472 4286 scientes
1501 4229 1756 4300 quoniam
1782 4231 1926 4286 sicut

342 4340 363 4374 ι
409 4323 540 4378 socii
570 4323 879 4392 passionum
909 4322 1062 4386 estis,
1098 4321 1179 4376 sic
1228 4321 1384 4375 eritis
1419 4328 1476 4375 et
1509 4321 1919 4384 consolationis,

341 4431 362 4466 ι
407 4414 460 4467 in
482 4413 703 4469 Christo
723 4411 851 4467 Jesu
873 4412 1103 4466 Domino
1141 4418 1350 4466 nostro.
1390 4429 1408 4462 ι

408 4507 716 4562 Benedictus
736 4507 878 4561 Deus
907 4515 954 4560 et
983 4501 1145 4558 Pater
1169 4500 1382 4558 Domini
1421 4503 1586 4556 nostri
1628 4503 1778 4568 Jesu,
1805 4512 1910 4559 etc.

335 4596 880 4668 Subintelligendum,
908 4594 1172 4648 Dominus
1202 4601 1388 4647 noster
1423 4591 1696 4647 benedicit
1721 4592 1908 4656 Deum,

333 4691 476 4760 quod
501 4687 925 4744 consolationem
975 4684 1098 4738 ideo
1145 4683 1418 4753 accipiunt
1467 4684 1665 4748 sancti,
1714 4693 1774 4737 ut
1813 4683 1912 4754 ipsi

333 4781 472 4837 alios
495 4779 862 4835 consolentur.

407 4871 568 4926 Pater
591 4868 1086 4926 misericordiarnm.
1109 4864 1163 4922 Id
1187 4874 1290 4932 est,
1305 4867 1427 4936 quia
1446 4882 1509 4922 ex
1536 4869 1650 4938 ipso
1680 4879 1802 4924 nata
1829 4881 1913 4926 est

330 4963 739 5027 misericordia,
769 4969 823 5017 et
860 4969 1039 5015 tamen
1062 4957 1251 5028 junior
1299 4959 1390 5014 illo
1426 4975 1531 5014 non
1567 4969 1671 5015 est.

403 5057 471 5112 Et
499 5055 642 5110 Deus
679 5054 840 5107 totius
882 5049 1274 5114 consolationis,
1301 5051 1391 5122 qui
1439 5051 1745 5105 consolatur
1791 5071 1904 5108 nos.

326 5146 450 5208 ideo
475 5148 612 5205 dixit
630 5146 797 5201 totius
817 5141 1224 5206 consolationis,
1252 5143 1376 5212 quia
1404 5157 1499 5196 eos
1536 5142 1695 5213 plene
1745 5153 1908 5213 atque

2059 515 2186 554 sura
2213 510 2356 554 sunt.
2394 501 2450 556 ld
2485 508 2592 567 est,
2619 510 2905 572 propterea
2936 515 3034 555 nos
3061 500 3278 563 liberat,
3307 507 3368 553 ut
3391 499 3490 569 ipsi
3522 515 3647 569 pos-

2058 591 2227 648 simus
2253 592 2388 647 alios
2409 593 2704 660 consolari,
2735 593 2961 648 formam
2995 579 3151 648 nobis
3197 592 3292 647 dat
3337 589 3472 645 alios
3513 605 3648 646 cor.-

2058 682 2265 738 solandi
2288 691 2342 738 et
2367 700 2465 753 per
2496 684 2964 750 exhortationem,
2993 700 3098 754 qua
3127 683 3226 754 ipsi
3263 697 3362 753 per
3398 683 3648 738 volunta-

2057 785 2168 830 tem
2203 776 2296 830 Dei
2329 777 2464 832 alios
2493 777 2871 842 consolamur,
2918 775 3258 846 agnoscimus
3306 775 3450 844 quod
3497 774 3645 832 Deus

2056 867 2329 922 neminem
2358 867 2720 936 derelinquat,
2751 876 2804 922 et
2834 866 3004 921 multo
3035 867 3205 936 magis
3232 866 3288 920 in
3339 865 3523 920 futuro
3552 881 3646 922 re-

2057 958 2452 1023 tnunerabitur,
2478 974 2614 1028 quos
2644 959 2697 1012 in
2723 958 2975 1029 praesenti
3007 957 3206 1012 saecqu
3232 956 3565 1012 consolatur.

2129 1047 2390 1114 Quoniam
2414 1050 2547 1103 sicut
2572 1049 2844 1103 abundant
2867 1051 3138 1120 passiones
3161 1046 3357 1102 Christi
3379 1048 3434 1102 in
3470 1049 3639 1104 nobis.

2055 1140 2109 1194 Id
2134 1149 2238 1206 est,
2269 1141 2552 1211 passiones
2584 1156 2683 1210 pro
2706 1141 2925 1196 nomine
2949 1140 3177 1196 Christi.

2125 1228 2213 1284 Ita
2243 1240 2292 1284 et
2325 1248 2418 1302 per
2443 1229 2707 1286 Christum
2729 1231 2961 1284 abundat
2990 1229 3279 1285 consolatio
3303 1241 3503 1286 nostra.
3527 1229 3644 1288 Per

2054 1323 2195 1378 hanc
2218 1322 2646 1379 consolationem
2669 1331 2724 1380 et
2750 1323 2866 1394 ipse
2886 1323 2945 1376 in
2969 1322 3078 1387 via,
3102 1321 3387 1377 manifesta
3405 1322 3636 1390 visione,

2053 1413 2154 1469 sub
2203 1422 2444 1485 tempore
2496 1413 2829 1470 evocationis
2879 1407 3148 1480 eruditur,
3171 1419 3228 1468 et
3263 1413 3477 1483 quando
3517 1409 3640 1486 ipse

2053 1503 2136 1558 vel
2159 1502 2354 1558 Petrus
2379 1501 2447 1559 de
2473 1518 2695 1559 carcere
2725 1501 3118 1558 liberabantur.

2123 1590 2244 1647 Sive
2278 1602 2453 1647 autem
2499 1592 2814 1648 tribulamur
2857 1608 2952 1664 pro
2987 1602 3156 1648 vestra
3184 1594 3543 1649 exhortatione
3586 1607 3636 1652 et

2059 1681 2252 1748 salute,
2275 1691 2380 1738 etc.
2415 1683 2474 1738 Id
2510 1691 2614 1752 est,
2665 1683 2863 1754 duplex
2918 1683 3076 1738 nobis
3119 1684 3482 1740 tribulationis
3526 1693 3637 1754 est,

1978 1767 2025 1828 B
2054 1789 2238 1840 causa,
2277 1774 2361 1830 vel
2388 1775 2514 1830 dum
2556 1773 2784 1828 salutem
2812 1779 3072 1840 vestram,
3105 1787 3225 1844 qua:
3253 1774 3499 1830 Christus
3527 1785 3636 1844 est,

2055 1865 2434 1933 pnedicamus,
2482 1863 2567 1918 vel
2594 1864 2722 1918 dum
2761 1863 3068 1934 exemplum
3123 1863 3426 1919 tolerantiae
3472 1863 3638 1921 vobis

2049 1959 2233 2006 nostra
2264 1951 2554 2008 afﬂictione
2581 1953 2904 2023 prtebemus.
3491 2003 3498 2006 _

2117 2041 2350 2098 Scientes
2377 2045 2626 2115 quoniam
2651 2044 2783 2098 sicut
2809 2043 2939 2097 socii
2967 2043 3229 2114 passionis
3255 2045 3398 2111 estis,
3423 2045 3500 2099 sic
3529 2047 3634 2100 eri-

2043 2129 2109 2184 tis
2131 2141 2176 2185 et
2217 2133 2608 2188 consolationis.
2659 2131 2939 2198 Scientes,
2965 2133 3020 2188 id
3047 2142 3150 2200 est,
3173 2149 3275 2206 spe
3317 2135 3633 2192 ﬁrmissima

2042 2222 2355 2280 retinentes.

2417 2327 2759 2368 EVANGELIUII
2779 2328 2960 2378 ιυαε,
2987 2327 3106 2368 CAP.
3140 2329 3249 2368 XIV.

2121 2422 2140 2456 ι
2177 2403 2233 2460 Si
2265 2405 2388 2475 quis
2424 2406 2574 2461 venit
2600 2406 2667 2459 ad
2693 2420 2799 2470 me,
2827 2413 2883 2459 et
2918 2421 3024 2460 non
3057 2405 3171 2461 odit
3204 2413 3414 2476 patrem
3443 2418 3628 2474 suum,

2049 2514 2068 2546 ι
2107 2505 2161 2550 et
2189 2504 2442 2563 matrem,
2465 2504 2519 2551 et
2543 2510 2769 2551 uxorem
2786 2535 2801 2560 ,
2827 2505 2883 2551 et
2920 2493 3151 2561 ﬁlios,et
3174 2495 3369 2551 fratres
3396 2506 3452 2551 et
3469 2512 3618 2553 soro-

2049 2604 2068 2636 ι
2104 2601 2213 2651 res,
2230 2587 2407 2641 adhuc
2425 2595 2607 2640 autem
2631 2595 2686 2642 et
2706 2587 2942 2641 animam
2967 2601 3140 2652 suam,
3157 2603 3264 2642 non
3279 2595 3455 2658 potest
3469 2604 3626 2645 meus

2054 2695 2073 2727 ι
2107 2691 2231 2733 esse
2284 2678 2600 2748 discipulus,
2625 2681 2679 2732 et
2715 2679 2807 2748 qui
2837 2693 2945 2734 non
2975 2677 3178 2756 bajulat
3200 2695 3416 2734 crucem
3441 2695 3627 2749 suam,

2047 2785 2067 2817 ι
2102 2775 2158 2822 et
2193 2770 2340 2823 venit
2359 2780 2485 2839 post
2507 2785 2614 2836 me,
2647 2785 2752 2825 non
2783 2777 2958 2841 potest
2986 2786 3142 2826 meus
3165 2785 3285 2826 esse
3305 2769 3623 2842 discipulus.

2047 2879 2066 2911 ι
2095 2859 2235 2928 ‘Quis
2265 2862 2408 2916 enim
2445 2877 2513 2918 ex
2544 2863 2695 2918 vobis
2715 2863 2900 2919 volens
2923 2863 3115 2918 turrim
3136 2863 3624 2930 aediﬁcat-emortua

2045 2970 2065 3006 ι
2096 2953 2250 3024 prius
2287 2955 2513 3021 sedens,
2560 2963 2838 3026 computat
2871 2964 3128 3027 sumptus
3171 2957 3264 3027 qui
3318 2947 3623 3014 necessarii

2044 3058 2064 3094 t
2101 3049 2247 3108 sunt,
2272 3043 2318 3096 si
2349 3041 2548 3098 habeat
2587 3044 2654 3099 ad
2682 3045 3107 3113 perﬁciendum?
3158 3044 3238 3101 Ne
3265 3056 3621 3117 posteaquam

1962 3111 2006 3174 Ο
2045 3153 2063 3185 ι
2093 3135 2342 3204 posuerit
2371 3111 2801 3201 fundamentum,
2831 3145 2889 3192 e‘t
2931 3152 3039 3192 non
3061 3111 3302 3207 potuerit
3327 3111 3622 3208 perlicere,

2043 3243 2063 3276 ι
2095 3241 2285 3282 omnes
2313 3227 2405 3297 qui
2441 3228 2627 3283 vident
2656 3227 2916 3298 incipiant
2951 3228 3177 3285 illudene
3229 3229 3280 3285 ei
3323 3230 3566 3288 dicentes
3599 3248 3620 3288 ε
3679 3259 3692 3272 ·

2041 3334 2060 3368 ι
2097 3315 2234 3383 Quia
2262 3318 2351 3374 hic
2378 3319 2541 3374 homo
2566 3319 2733 3390 cmpit
2759 3319 3028 3375 aediﬁcare
3053 3328 3109 3376 et
3135 3335 3242 3376 non
3269 3323 3445 3392 potuit
3483 3337 3616 3378 con-

2040 3425 2060 3458 ι
2093 3410 2388 3462 summare.
2412 3408 2521 3462 Aut
2549 3409 2670 3479 quis
2694 3423 2791 3464 rex
2823 3410 2998 3466 iturus
3031 3412 3374 3467 committere
3407 3411 3620 3468 bellum

2039 3515 2058 3550 ι
2095 3498 2354 3555 adversus
2384 3498 2548 3554 alium
2574 3515 2782 3572 regem,
2808 3516 2915 3556 non
2940 3502 3137 3558 sedens
3155 3503 3308 3573 prius
3329 3504 3534 3574 cogitat
3565 3504 3621 3560 si

2037 3607 2056 3640 ι
2098 3590 2271 3660 possit
2307 3605 2432 3646 cum
2457 3590 2646 3646 decem
2683 3591 2922 3648 millibus
2951 3607 3242 3648 occurrere
3277 3593 3324 3649 ei
3358 3594 3449 3664 qui
3482 3607 3620 3649 cum

2037 3699 2055 3732 ι
2093 3682 2282 3754 viginti
2328 3683 2576 3738 millibus
2604 3683 2755 3739 venit
2784 3685 2851 3740 ad
2880 3699 2958 3739 se.
3002 3685 3259 3755 Alioquin
3291 3685 3466 3740 adhuc
3511 3684 3620 3742 illo

2036 3792 2052 3824 ι
2091 3773 2251 3845 longe
2273 3782 2487 3845 agente,
2505 3773 2824 3845 legationem
2840 3774 3061 3830 mittens
3079 3782 3234 3846 rogat
3245 3789 3311 3830 ea
3327 3790 3445 3844 quas
3456 3775 3619 3844 pacis

2034 3884 2050 3915 ι
2094 3875 2238 3920 sunt.
2269 3865 2359 3921 Sic
2383 3881 2514 3938 ergo
2538 3866 2716 3922 omnis
2747 3883 2814 3922 ex
2843 3866 2998 3922 vobis
3026 3867 3121 3938 qui
3165 3882 3281 3921 non
3332 3867 3620 3923 renuntiat

2033 3975 2051 4006 ι
2085 3945 2334 4012 omnibus
2369 3973 2489 4028 quae
2514 3959 2771 4030 possidet,
2807 3973 2913 4013 non
2939 3966 3119 4030 potest
3162 3973 3286 4015 esse
3332 3973 3480 4015 meus
3526 3961 3618 4018 di-

2032 4065 2050 4094 ι
2088 4046 2344 4116 scipulus.
2381 4066 2396 4100 ι

2095 4134 2153 4191 Si
2190 4139 2306 4208 quis
2356 4138 2492 4191 venit
2537 4138 2607 4191 ad
2648 4154 2728 4192 me
2746 4179 2760 4204 ,
2787 4147 2835 4192 et
2860 4154 2965 4193 non
2994 4139 3105 4193 odit
3131 4149 3333 4210 patrem
3353 4157 3520 4205 suum,
3551 4153 3612 4196 et

2023 4239 2240 4281 matrem
2262 4269 2276 4293 ,
2304 4237 2352 4281 et
2394 4245 2627 4294 uxorem,
2672 4238 2776 4284 etc.
2811 4228 2912 4301 (Ex
2940 4228 3126 4302 Beda.)
3152 4229 3499 4286 Percunctari
3537 4232 3614 4285 Ii-

2023 4319 2114 4374 bet
2160 4319 2429 4388 quomodo
2495 4328 2748 4389 parentes
2807 4329 2866 4374 et
2917 4321 3212 4376 carnaliter
3268 4323 3609 4393 propinquos

2021 4411 2365 4480 prmeipimur
2385 4411 2584 4474 odisse,
2601 4411 2690 4481 qui
2711 4411 2967 4481 jubemur
2987 4422 3041 4466 et
3064 4413 3312 4469 inimicos
3337 4413 3566 4482 diligere
3584 4455 3603 4480 ,

2019 4509 2075 4555 et
2106 4510 2252 4556 certe
2287 4501 2353 4555 de
2373 4515 2542 4556 uxore
2570 4499 2788 4556 Veritas
2823 4501 2957 4556 dixit
2984 4521 2996 4555 :
3029 4501 3182 4568 Quod
3228 4503 3367 4557 Deus
3388 4503 3602 4573 ἱππί-ἧι,

2016 4588 2169 4644 homo
2198 4607 2301 4644 non
2327 4600 2532 4660 separet
2577 4589 2794 4662 (Matth.
2821 4591 2957 4664 xxx),
2985 4602 3039 4648 et
3065 4592 3268 4647 Paulus
3297 4595 3370 4647 ait
3399 4611 3410 4645 :
3455 4591 3602 4659 Viri,

2016 4677 2216 4747 diligite
2245 4695 2432 4733 uxores
2471 4689 2689 4744 uestras,
2727 4680 2860 4734 sicut
2905 4689 2957 4734 et
3003 4678 3250 4735 Christus
3301 4680 3602 4735 Ecclesium

2017 4767 2232 4839 (Ep/tes.
2261 4787 2294 4823 ν
2316 4767 2358 4842 ).
2379 4770 2520 4825 Ecce
2541 4771 2835 4840 discipulus
2859 4786 3081 4826 uxorem
3105 4771 3426 4842 diligendum
3450 4784 3602 4839 pra:-

2015 4859 2166 4929 eipit,
2196 4875 2319 4914 cum
2351 4860 2610 4931 magister
2641 4859 2776 4915 dicit
2813 4878 2826 4914 :
2865 4859 2966 4927 Qui
3022 4873 3245 4915 uxorem
3292 4875 3397 4916 non
3447 4859 3596 4926 odit,

2011 4962 2116 5003 non
2147 4957 2326 5018 potest
2345 4965 2464 5005 esse
2487 4964 2637 5004 meus
2660 4933 3228 5021 discipulus,nunquid
3259 4950 3398 5004 aliud
3415 4947 3595 5017 iudex

2010 5039 2243 5104 nuntiat,
2271 5040 2417 5095 aliud
2439 5055 2618 5110 praeco
2636 5028 2874 5095 clamat?
2901 5039 2983 5093 An
3011 5040 3171 5094 simul
3193 5048 3250 5093 et
3263 5040 3440 5093 odisse
3461 5053 3597 5107 pos—

2005 5144 2194 5184 sumus
2221 5137 2274 5185 et
2300 5129 2558 5201 diligere?
2583 5131 2675 5185 sed
2695 5131 2743 5185 si
2767 5131 2873 5184 vim
2896 5131 3152 5200 praecepti
3178 5128 3592 5200 perpendimus,

323 5242 564 5315 perfecte
591 5239 646 5293 in
671 5235 946 5292 laboribus
973 5231 1297 5296 consolatur,
1329 5240 1384 5287 et
1431 5231 1728 5286 consolatio
1783 5246 1904 5287 cum
1999 5229 2296 5315 υῑιξιιῐιιφιθ
2319 5239 2482 5294 agere
2509 5239 2606 5294 Per
2651 5222 3036 5280 discretionem
3077 5222 3338 5315 νθιβωυδν
3385 5228 3445 5275 πί
3477 5234 3594 5278 eos

326 5331 674 5391 tribulatione
709 5331 1046 5396 compensat,
1073 5324 1215 5378 sicut
1240 5323 1376 5378 dixit
1417 5323 1472 5378 in
1512 5324 1722 5394 psalmo
1758 5343 1770 5378 :
1812 5321 1905 5378 Se-

323 5427 550 5482 cundum
580 5419 969 5479 multitudinem
995 5416 1232 5471 dolorunt
1261 5433 1493 5472 meorum
1524 5415 1903 5472 consolationes

320 5523 426 5569 tute
449 5515 831 5571 delectaverunt
869 5509 1101 5562 animam
1126 5523 1294 5560 meum
1326 5503 1495 5577 (Psal.
1522 5505 1694 5576 xcm).

395 5604 461 5659 1η
489 5606 628 5660 omni
657 5600 994 5657 tribulatione
1015 5606 1064 5653 et
1087 5596 1460 5653 consolatione.
1493 5597 1549 5652 ld
1579 5605 1679 5663 est,
1707 5613 1814 5653 non
1843 5597 1896 5653 in

324 5689 611 5759 aliquibus,
647 5693 740 5748 sed
770 5692 822 5746 in
849 5687 1123 5745 omnibus.

2007 5313 2099 5382 qui
2141 5316 2300 5369 nobis
2344 5315 2525 5370 carnis
2573 5316 2890 5386 cognatione
2913 5313 3186 5385 conjuncti
3215 5324 3362 5376 sunt,
3387 5320 3446 5366 et
3465 5325 3590 5379 quo

2005 5407 2281 5475 proximos
2304 5408 2554 5462 novimus
2580 5409 2891 5479 diligamus,
2913 5415 2966 5461 et
2995 5422 3104 5477 quo
3133 5405 3469 5460 adversarios
3519 5404 3587 5458 in

2003 5497 2089 5551 via
2122 5497 2217 5552 Dei
2239 5498 2484 5569 patimur
2506 5499 2741 5554 odiendo
2765 5507 2820 5553 et
2845 5497 3099 5569 fugiendo
3143 5497 3468 5552 nesciamus.
3505 5495 3590 5551 Ut

2002 5599 2184 5645 autem
2215 5589 2473 5647 Dominus
2522 5593 2920 5647 demonstraret
2966 5592 3070 5646 hoc
3120 5605 3250 5661 erga
3299 5587 3588 5661 proximos

2000 5683 2204 5750 odium,
2230 5698 2337 5739 non
2367 5684 2432 5742 de
2458 5682 2798 5740 inalfectione
2817 5683 3130 5754 procedere,
3165 5682 3260 5738 sed
3301 5683 3366 5737 de
3388 5679 3592 5735 chari-
