3936 6202
297 340 412 400 533
571 330 614 361 "

1155 348 1674 414 COLLECTIONES
1707 356 1778 414 ιΝ
1810 358 2194 422 EPISTOL’AS
2226 366 2314 422 ET
2351 369 2762 432 EVANGELIA.

3463 397 3568 453 535

286 462 432 521 uie,
463 454 670 564 addidit
721 456 973 561 protinus
1008 461 1204 563 dicens
1247 481 1266 518 :
1320 465 1507 522 Δάαι
1657 471 1890 526 animum
1917 474 1968 538 A
1995 491 2215 546 sperare
2241 483 2454 542 veniam
2489 487 2767 556 debemus,
2798 495 2889 564 qui
2921 495 2975 551 in
2998 497 3090 554 illo
3119 507 3396 562 tremendo
3439 524 3569 564 eta-

291 561 471 601 suain.
498 545 651 601 Tune
685 548 888 603 etenim
933 551 1171 610 animum
1209 567 1459 624 nostram
1505 559 1740 626 odimus,
1767 578 1892 619 eum
1997 567 2163 635 mine,
2186 586 2310 627 eum
2337 589 2463 646 rege
2487 587 2674 636 nostro
2692 596 2756 637 ex
2779 545 2934 654 teque
2962 588 3030 643 ad
3053 590 3314 660 judicium
3349 613 3453 652 non
3485 617 3572 656 vc-

296 636 411 660 -:__-
467 639 774 660 --__-]!L__-
839 641 943 660 J,s_,-
969 643 1007 660 ιγ
1049 645 1082 657 οι
1462 651 1474 660 .
1577 651 1589 660 .
2039 659 2045 660 ,

281 636 415 706 ejus
463 639 778 696 carnalibus
828 641 1114 700 desideriis
1159 661 1268 702 non
1317 651 1737 720 acquiescimus,
1765 669 1889 710 cum

276 727 414 797 ejus
465 730 765 801 appetitam
811 731 1290 807 frangimus,ejns
1339 741 1713 799 voluntatibus
1745 745 1889 800 relu-

283 830 526 876 ctantur.
577 823 714 890 Qum
761 839 892 895 ergo
947 837 1255 899 contempta
1301 833 1370 887 ad
1404 833 1602 890 melius
1647 837 1896 901 ducitur,

284 914 446 983 quasi
481 930 578 984 per
596 915 780 970 odium
807 925 1042 972 iuuatur.
1076 917 1168 976 Sic
1185 921 1443 978 nimirum
1469 926 1728 982 exhibere
1763 943 1890 998 pro-

279 1005 455 1061 ximis
479 1006 682 1062 nostris
700 1007 813 1062 odii
839 1008 1221 1066 discretionem
1243 1013 1525 1081 debemus,
1553 1024 1610 1073 ut
1641 1017 1696 1072 in
1725 1019 1808 1074 eis
1827 1028 1884 1075 et

269 1095 601 1166 diligamus,
618 1099 768 1168 quod
787 1099 956 1166 Deus,
972 1111 1026 1157 et
1047 1103 1350 1162 habeamus
1369 1106 1517 1174 odio,
1543 1110 1686 1179 quod
1713 1110 1766 1165 in
1788 1111 1882 1168 Dei

271 1188 448 1244 .llObiS
479 1189 672 1245 itinere
692 1191 983 1248 obsistunt.

355 1277 429 1332 Et
449 1279 542 1348 qui
562 1297 669 1335 non
683 1280 890 1352 bejulat
906 1301 1111 1339 crucem
1132 1304 1302 1352 suam,
1317 1297 1368 1342 et
1387 1290 1524 1344 uenit
1545 1301 1660 1362 post
1676 1309 1760 1347 me
1775 1309 1882 1348 non

263 1377 450 1438 potest
477 1386 587 1425 esse
608 1387 755 1427 meus
788 1373 1100 1445 discipulus.
1129 1375 1272 1432 Crux
1303 1379 1504 1450 quippe
1551 1396 1584 1434 a
1635 1382 1878 1438 cruciatu

273 1460 508 1528 dicitur,
523 1471 587 1518 et
611 1464 833 1522 duobus
860 1469 1040 1524 modis
1059 1484 1283 1526 crucem
1315 1472 1530 1528 Domini
1543 1473 1851 1544 bajulamus

271 1567 409 1608 enin
437 1563 529 1610 aut
553 1570 656 1624 per
674 1557 1064 1614 abstinentiam
1093 1575 1313 1616 carnem
1333 1562 1622 1630 allicimus,
1651 1573 1746 1620 aut
1775 1580 1878 1634 per

262 1646 718 1716 cornpassionem
742 1648 979 1717 proximi
1023 1651 1406 1707 necessitatem
1447 1653 1592 1709 illius
1627 1663 1872 1712 nostram

267 1746 555 1806 putamus.
583 1736 684 1805 Qui
705 1738 856 1793 enim
885 1739 1126 1796 dolorem
1145 1743 1369 1799 exhibet
1391 1744 1449 1801 in
1479 1746 1654 1803 aliena
1681 1764 1871 1804 neces-

1993 659 2228 725 niamus,
2254 668 2398 733 quod
2427 669 2685 727 nimirum
2721 677 2996 744 conditio,
3022 659 3312 742 inﬁrmitas
3349 699 3405 744 et
3443 707 3572 747 ca-

1994 764 2076 852 sae.
2108 752 2394 852 inferiores
2419 761 2670 852 cuilibet,
2698 768 2793 822 sed
2819 767 3052 828 fortasse
3076 774 3191 844 jam
3232 780 3360 835 mali
3391 784 3573 852 operis

1992 841 2178 935 culpas
2205 846 2605 917 abscondimus,
2624 854 2736 923 jam
2763 873 2930 927 prava
2959 841 3188 935 quasque
3205 841 3448 928 exterius
3473 875 3570 929 de-

1991 933 2277 1036 clinamus.
2304 939 2558 1037 Nunquid
2585 949 2652 1002 ad
2677 950 3008 1010 reddendam
3052 933 3319 1016 rationem
3365 967 3568 1037 cogita-

1991 1023 2155 1081 tionis
2194 1035 2398 1122 nostra:
2441 1032 2771 1094 suilieimus?
2816 1040 2954 1098 Cum
2979 1045 3140 1116 duplo
3164 1065 3294 1122 ergo
3327 1023 3565 1113 exemita

1986 1123 2176 1172 contra
2199 1118 2454 1190 simplum
2482 1125 2648 1190 venit,
2667 1131 2758 1198 qui
2783 1147 2882 1188 nos
2909 1135 2999 1190 vix
3026 1137 3080 1190 in
3105 1118 3408 1212 solo'opere
3431 1162 3568 1216 prte-
3595 1126 3611 1142 ’

1983 1217 2204 1276 paratos
2237 1212 2398 1269 simul
2435 1217 2503 1272 de
2533 1233 2702 1288 opere
2746 1231 2801 1277 et
2839 1226 3165 1296 cogitatione
3215 1212 3456 1291 discutit.
3499 1239 3570 1294 Et

1985 1298 2104 1354 ideo
2125 1301 2252 1357 dum
2281 1305 2455 1363 adhuc
2478 1307 2636 1380 longe
2657 1321 2764 1378 est,
2791 1315 3117 1384 legationem
3142 1325 3445 1394 mittamus,
3475 1346 3564 1387 ro-

1977 1403 2262 1487 getnus‘ea
2287 1410 2408 1465 quae
2429 1400 2580 1468 pacis
2615 1398 2764 1458 sunt.
2794 1406 2979 1478 Longe
3001 1412 3147 1467 enim
3189 1431 3310 1472 esse
3341 1419 3560 1487 dicitur,

1973 1480 2072 1548 qui
2101 1483 2277 1539 adhttt:
2315 1499 2555 1554 massas
2586 1505 2686 1559 per
2712 1495 2976 1564 judicium
3003 1517 3111 1556 non
3155 1505 3390 1562 videtur.
3435 1480 3562 1564 lit;

1979 1577 2156 1626 tamus
2176 1572 2502 1644 legationem
2532 1578 2798 1652 lacrymas
2834 1595 3069 1655 nostras,
3087 1592 3366 1650 mittamus
3399 1598 3565 1654 mise-

1975 1659 2224 1719 ricordiae
2249 1679 2432 1734 opera,
2463 1680 2764 1730 mactemus
2793 1677 2848 1730 in
2885 1694 2980 1735 ara
3008 1681 3124 1751 ejus
3153 1685 3356 1745 hostias
3379 1689 3562 1760 plac»

1974 1751 2156 1809 tionis.
2179 1755 2309 1813 ﬂzee
2338 1767 2422 1814 est
2439 1770 2626 1819 nostra
2659 1765 2879 1838 legatio,
2897 1785 3018 1840 quae
3044 1790 3225 1845 regem
3257 1751 3557 1838 venientem

267 1832 466 1898 sitate,
487 1847 711 1889 mecm
735 1841 922 1903 portat
947 1835 999 1889 in
1020 1846 1225 1892 mente.
1249 1837 1500 1906 Bajulare
1517 1843 1725 1897 etenim
1739 1859 1871 1899 cru-
1897 1833 1946 1893 Β
1974 1844 2174 1914 placat.

263 1939 402 1979 cem
424 1931 479 1978 et
497 1931 626 1993 pom
663 1925 950 1982 Dominum
985 1927 1088 1994 ire,
1111 1937 1200 1984 est
1243 1930 1328 1984 vel
1373 1933 1557 1986 carnis
1597 1933 1870 1990 abstinen-

265 2017 433 2080 tiam,
457 2015 544 2072 vel
563 2019 996 2086 eompassionem
1020 2022 1270 2090 proximo
1292 2023 1472 2079 studio
1516 2033 1737 2081 aeterna:
1783 2027 1868 2081 in-

261 2106 537 2162 tentionis
562 2108 839 2164 exhibere.
870 2108 1004 2165 Nam
1033 2111 1280 2181 quisquis
1307 2113 1424 2168 haec
1443 2128 1543 2182 pro
1575 2116 1865 2192 temporali

257 2195 578 2254 intentione
596 2198 837 2264 exhibet,
861 2215 1088 2256 crucem
1113 2202 1338 2272 quidem
1379 2203 1584 2275 baiulat
1604 2249 1618 2271 ,
1646 2206 1742 2260 sed
1781 2207 1865 2262 ire

249 2295 398 2358 post
421 2288 710 2346 Dominum
733 2298 965 2346 recusat.
991 2290 1128 2359 Quia
1155 2307 1284 2349 vero
1305 2295 1558 2350 sublimia
1590 2306 1866 2366 prmeepta

260 2379 399 2435 data
436 2389 582 2446 sunt,
606 2381 858 2451 protinus
873 2385 1214 2453 comparatio
1255 2385 1590 2443 aediﬁcandae
1621 2387 1864 2443 sublimi-

259 2471 406 2525 tatis
429 2470 770 2542 adjnngitur,
795 2489 922 2528 eum
945 2474 1144 2529 dicitur
1170 2492 1183 2529 :
1579 2525 1586 2545 ,

344 2559 480 2626 Quis
502 2563 643 2618 enim
675 2579 746 2618 ea:
777 2564 924 2618 vobis
954 2564 1129 2620 rolens
1153 2575 1356 2621 turrem
1377 2568 1660 2639 cedi/icore,
1691 2586 1862 2624 nonne

255 2654 420 2723 prius
454 2654 636 2710 sedens
676 2667 943 2726 computat
979 2669 1216 2728 sumptus
1252 2661 1344 2731 qui
1382 2663 1662 2718 necessarii
1702 2673 1856 2732 sunt,

255 2741 309 2795 si
344 2741 534 2797 habeat
556 2745 627 2797 ad
657 2747 1032 2815 perﬁciendum
1049 2749 1075 2803 γ
1102 2749 1275 2806 Omne
1295 2753 1445 2821 quod
1471 2754 1702 2823 agimus,
1726 2770 1862 2824 pra.»

255 2834 458 2892 venire
483 2849 583 2905 per
611 2836 850 2893 studium
892 2839 1346 2897 considerationis
1392 2843 1668 2899 debemus.
1717 2845 1859 2900 Ecce

256 2924 412 2979 enim
455 2925 612 2995 juxta
645 2925 907 2984 Veritatis
951 2946 1163 2986 vocem.
1211 2931 1315 3000 Qui
1365 2942 1570 2989 turrem
1624 2936 1858 2992 aediﬁcat

247 3018 420 3089 prius
447 3019 662 3075 ardilieii
701 3033 953 3092 sumptus
990 3037 1168 3095 parat.
1218 3026 1276 3082 Si
1329 3029 1492 3100 igitur
1535 3029 1856 3087 humilitatis

251 3117 477 3165 turrem
535 3120 852 3170 construere
895 3116 1172 3185 cupimus,
1201 3118 1354 3188 prius
1404 3134 1503 3174 nos
1547 3134 1854 3190 prteparare

255 3211 458 3258 contra
486 3204 715 3259 adversa
746 3205 907 3275 hujus
935 3208 1120 3264 saeculi
1148 3209 1426 3266 debemus.
1458 3210 1571 3270 Hoc
1590 3213 1734 3267 enim
1768 3212 1855 3268 in-

250 3300 354 3348 ter
381 3302 660 3353 terrenum
691 3305 746 3352 et
771 3298 993 3356 cteleste
1021 3301 1307 3356 aediﬁcium
1340 3303 1525 3369 distat,
1558 3303 1702 3374 quod
1746 3313 1858 3360 ter-

257 3397 460 3441 renum
492 3385 782 3442 aedilicium
833 3404 1102 3460 expensas
1153 3393 1454 3464 colligendo
1497 3397 1855 3460 construitur,

255 3473 492 3530 emleste
524 3485 710 3532 autem
740 3477 1028 3535 aedilicium
1068 3496 1334 3553 expensas
1381 3483 1740 3556 dispergendo
1789 3487 1857 3541 ad

256 3566 399 3620 illud
446 3573 694 3639 sumptus
729 3567 974 3637 facimus,
1003 3572 1050 3626 si
1074 3588 1186 3628 non
1204 3572 1391 3630 habita
1419 3573 1752 3645 colligamus.
1775 3575 1858 3631 Ad

257 3658 410 3712 istud
442 3666 690 3728 sumptus
731 3658 998 3742 facimus,
1043 3663 1089 3718 si
1136 3671 1192 3719 et
1229 3665 1416 3720 habita
1463 3664 1852 3737 relinquamus.
1945 3728 1952 3736 ,

1691 3757 1737 3766 α-

256 3747 730 3810 Considerandum
758 3765 886 3808 vero
923 3753 1066 3824 quod
1095 3754 1295 3810 dicitur
1319 3772 1332 3808 :

338 3836 424 3892 Ne
449 3849 787 3912 posteaquam
813 3843 1046 3914 posuerit
1068 3843 1492 3914 fundamentum,
1521 3856 1570 3902 et
1618 3862 1722 3900 non
1762 3863 1856 3918 po-

253 3929 386 3982 terit
409 3928 678 3998 perﬁcere,
707 3947 883 3988 omnes
913 3934 1002 4005 qui
1046 3934 1265 3989 viderint
1285 3976 1300 4002 ,
1337 3936 1592 4007 incipiant
1635 3936 1856 3993 illudere

254 4020 598 4084 ei,.dicentes
628 4035 647 4075 :
679 4020 820 4089 Quia
856 4025 940 4079 hic
972 4025 1126 4080 homo
1161 4027 1310 4098 σωρὶε
1354 4027 1619 4098 ludiﬁcare
1659 4037 1708 4083 et
1750 4045 1855 4084 non

253 4116 435 4185 potuit
466 4133 848 4174 consummare.
877 4119 1012 4188 Quia
1035 4119 1189 4191 juxta
1225 4121 1377 4178 Pauli
1408 4139 1591 4179 vocem
1637 4132 1853 4195 Specta-

253 4204 447 4262 eulum
469 4206 605 4274 lacti
645 4224 833 4266 sumus
878 4212 1102 4278 mundo,
1128 4213 1333 4284 angelis
1363 4220 1418 4268 et
1439 4213 1776 4281 hominibus,
1795 4222 1856 4271 et

254 4297 324 4352 in
355 4298 501 4352 omni
526 4313 594 4354 eo
626 4301 770 4370 quod
797 4301 1010 4373 agimus
1029 4344 1044 4369 ,
1068 4303 1421 4360 considerare
1467 4305 1711 4360 occultos
1758 4307 1853 4361 ad-

253 4389 538 4444 versarios
564 4398 779 4447 nostros
818 4392 1096 4460 debemus,
1132 4395 1224 4465 qui
1249 4408 1466 4464 semper
1495 4396 1698 4451 nostris
1725 4411 1852 4467 ope-

254 4480 421 4537 ribus
443 4482 754 4550 intendunt,
772 4499 992 4555 semper
1016 4501 1083 4541 ex
1113 4494 1299 4543 nostro
1328 4486 1539 4542 defectu
1575 4488 1850 4559 gratulan-

254 4578 372 4634 tur,
390 4585 527 4640 quos
547 4571 816 4643 Propheta
840 4573 1060 4631 intuens
1087 4577 1202 4631 ait:
1234 4577 1371 4633 Deus
1392 4595 1558 4643 meus,
1587 4579 1642 4634 in
1655 4589 1705 4634 te
1731 4597 1850 4635 con-

256 4659 397 4729 fido,
427 4676 534 4714 non
559 4661 883 4730 erubescam,
916 4681 1078 4738 neque
1099 4667 1358 4722 irrideant
1389 4685 1479 4724 me
1506 4669 1707 4724 inimici
1746 4672 1850 4726 mei

259 4747 497 4819 (Psalm.
522 4751 697 4823 nlv).
732 4752 793 4808 In
835 4755 991 4812 bonis
1024 4757 1167 4812 enim
1214 4758 1468 4828 operibus
1505 4758 1720 4826 intenti,
1741 4760 1849 4816 nisi

257 4847 458 4894 crnnra
507 4839 770 4910 malignos
811 4844 1034 4913 spiritus
1078 4846 1311 4902 sollicite
1357 4848 1664 4921 vigilemus,
1701 4851 1847 4922 ipsos

256 4931 522 4988 Irrisores
553 4932 829 5002 patimur,
853 4951 991 5007 quos
1018 4938 1086 4993 ad
1113 4937 1315 4994 malum
1352 4954 1704 5010 persuasores
1743 4943 1844 4998 ha-

256 5017 480 5076 bemus.

338 5107 446 5163 Aut
488 5112 606 5181 quis
656 5127 750 5166 rea:
794 5112 966 5167 iturus
1007 5115 1327 5170 committere
1369 5115 1560 5171 bellum
1601 5117 1850 5174 adversus

261 5198 434 5254 alium
457 5217 658 5271 regem,
681 5219 786 5257 non
826 5201 1010 5257 sedens
1046 5205 1202 5275 prius
1232 5207 1446 5276 cogitat,
1472 5209 1518 5261 si
1544 5210 1705 5278 possit
1730 5225 1849 5263 cum

261 5285 447 5342 decem
472 5289 702 5344 millibus
739 5307 1012 5345 occurrere
1038 5292 1086 5345 ei
1121 5294 1211 5363 qui
1240 5310 1360 5347 cum
1401 5295 1585 5365 uiginti
1617 5294 1848 5352 millibus

257 5379 410 5432 uenit
434 5379 503 5433 ad
522 5396 596 5434 se.
625 5379 874 5452 Alioquin
925 5381 1097 5436 adhuc
1136 5383 1228 5437 illo
1265 5383 1415 5456 longe
1458 5395 1672 5458 agente,
1700 5386 1845 5458 lega-

264 5469 461 5522 tionem
499 5471 736 5536 mittens,
767 5479 915 5541 rogat
940 5486 1002 5525 ea
1031 5487 1150 5543 qua:
1181 5475 1326 5544 pacis
1344 5484 1484 5528 sunt.
1519 5475 1631 5531 Rex
1658 5486 1847 5533 contra

265 5572 477 5629 regem,
502 5573 570 5614 ex
591 5573 748 5630 aequo
771 5560 920 5614 venit
955 5560 1023 5615 ad
1071 5561 1336 5630 praelium,
1366 5569 1422 5619 et
1466 5572 1651 5621 tamen
1697 5566 1744 5621 si
1787 5583 1847 5627 se

266 5649 556 5720 perpendit
579 5664 685 5704 non
714 5664 876 5719 posse
915 5648 1176 5717 sullicere,
1206 5651 1529 5725 legationem
1576 5658 1764 5725 mittit,
1794 5669 1851 5718 et

267 5753 336 5793 ea
351 5753 467 5808 qua:
487 5738 636 5809 pacis
646 5747 781 5796 sunt
800 5739 1053 5808 postulat.
1084 5739 1290 5807 Quibus
1309 5759 1440 5815 ergo
1469 5762 1568 5803 nos
1592 5748 1848 5821 lacrymis

1874 4529 1927 4590 1)

2043 1936 2328 2030 Sic-cuntis
2347 1960 2415 1997 ea:
2439 1947 2600 2012 vobis,
2628 1951 2722 2020 qui
2742 1967 2845 2006 non
2875 1957 3141 2011 renuntiat
3170 1961 3411 2017 omnibus
3433 1979 3550 2030 qua:

1969 2026 2220 2092 possidet,
2245 2044 2347 2084 non
2375 2043 2540 2101 potest
2567 2052 2678 2091 esse
2701 2055 2848 2095 meus
2881 2042 3192 2114 discipulus.
3233 2026 3548 2107 Manifestis-

1964 2114 2105 2208 sime
2126 2116 2386 2176 Dominus
2443 2124 2544 2180 hac
2568 2129 2916 2188 conclusione
2947 2135 3131 2204 docet,
3157 2141 3286 2208 quid
3324 2142 3398 2196 sit
3424 2142 3556 2198 ωε-

1968 2203 2134 2262 ﬁeare
2158 2216 2386 2278 turrem,
2417 2214 2502 2270 vel
2543 2231 2666 2272 cum
2694 2235 2824 2292 rege
2850 2223 3078 2284 fortiore
3109 2203 3292 2289 facere
3331 2249 3551 2304 pacem,

1965 2311 2125 2354 suum
2163 2303 2415 2359 videlicet
2453 2321 2574 2363 esse
2616 2311 2959 2383 discipulum,
3007 2327 3317 2392 prteparare
3341 2303 3548 2383 fantem

1965 2399 2212 2462 sumptus
2234 2393 2302 2448 ad
2323 2396 2703 2464 perﬁciendam
2735 2411 2965 2474 turrem,
3007 2416 3064 2464 et
3088 2413 3304 2470 mitteee
3325 2414 3554 2488 legatio-

1963 2495 2089 2536 nem
2120 2484 2188 2576 ad
2219 2484 2611 2554 impetrandam
2637 2507 2845 2562 pacem,
2871 2511 2978 2552 non
3019 2513 3147 2556 esse
3183 2502 3332 2560 aliud
3385 2484 3547 2576 quam

1964 2574 2276 2629 renuntiare
2296 2579 2554 2635 omnibus
2575 2595 2696 2651 qua:
2739 2585 3002 2654 possidet.
3047 2589 3224 2647 Distat
3251 2608 3384 2649 sane
3405 2574 3553 2653 inter

1961 2665 2273 2720 renuntiare
2299 2669 2552 2726 erunibus
2584 2679 2638 2726 et
2672 2675 2983 2746 relinquere
3015 2682 3217 2737 omnia.
3243 2683 3547 2742 Faueorum

1954 2756 2106 2809 enim
2147 2757 2632 2833 perfectorumque
2678 2775 2763 2822 est
2807 2770 3114 2841 relinquere
3161 2778 3364 2842 omnia,
3387 2794 3550 2838 curas

1955 2844 2147 2898 mundi
2197 2853 2544 2918 postponere,
2575 2853 2707 2910 solis
2738 2856 3024 2916 desideriis
3067 2866 3287 2921 ater-nis
3315 2867 3544 2926 inhiare.

1959 2931 2291 2990 Cunctorum
2322 2946 2501 2995 autem
2535 2941 2780 3000 ﬁdelium
2810 2956 2895 3003 est
2935 2953 3251 3008 renuntiare
3289 2959 3546 3014 omnibus

1954 3038 2081 3093 qua:
2104 3027 2414 3096 possident,
2437 3032 2542 3088 hoc
2573 3043 2679 3101 est,
2693 3037 2783 3092 sic
2806 3045 3016 3106 tenere,
3034 3057 3155 3113 qua:
3177 3047 3369 3102 mundi
3395 3059 3544 3112 sum,
3585 3035 3588 3038 ’

1955 3124 2020 3170 ut
2050 3125 2231 3174 tamen
2257 3134 2358 3189 per
2401 3137 2467 3178 ea
2515 3140 2627 3180 non
2670 3134 2958 3186 teneantur
3011 3133 3067 3188 in
3101 3137 3303 3192 mundo
3345 3138 3548 3197 habere

1961 3221 2077 3262 rem
2103 3211 2460 3279 temporalem
2493 3214 2548 3268 in
2596 3231 2724 3284 nisu,
2749 3227 3013 3276 aternam
3061 3225 3116 3279 in
3145 3225 3436 3294 desiderio,
3467 3231 3547 3287 sie

1960 3305 2176 3354 terrena
2220 3317 2428 3374 regere,
2464 3313 2528 3359 ut
2571 3315 2752 3363 tamen
2802 3317 2917 3367 tota
2959 3321 3142 3371 mente
3185 3317 3256 3374 ad
3303 3319 3551 3379 omlestia

1956 3389 2203 3448 tenhnt.
3412 3441 3414 3446 .

2027 3516 2098 3572 ιη
2142 3519 2469 3578 NATALEM
2517 3523 2940 3586 SANCTORUM
2984 3529 3464 3596 PLURIMORUM.

2133 3650 2385 3694 Εριετοω
2417 3655 2576 3697 ΒΒΔΤΙ
2613 3658 2773 3699 PETRI
2817 3661 3105 3713 APOS'I'OLI,
3147 3667 3267 3708 CAP.
3319 3670 3360 3710 ι.

2033 3763 2054 3795 ι
2087 3744 2412 3806 Benedictus
2433 3750 2580 3810 Deus
2623 3763 2678 3810 et
2717 3754 2884 3812 Pater
2929 3758 3142 3818 Domini
3189 3767 3364 3824 nostri
3405 3767 3541 3826 Jesn

1961 3853 1982 3886 ε
2017 3835 2256 3906 Christi,
2303 3840 2399 3911 qui
2453 3843 2752 3902 secundum
2798 3862 3052 3920 magnam
3108 3853 3536 3915 misericordiam

1961 3944 1980 3978 ι
2017 3942 2170 3984 suam
2215 3933 2558 4000 regeneravit
2595 3951 2698 3991 nos
2733 3937 2794 3992 in
2822 3953 2974 4009 spem
3004 3940 3207 4008 vivam,
3229 3960 3330 4013 per
3364 3963 3542 4003 resur-

1960 4035 1979 4070 ι
2023 4019 2318 4076 rectionem
2341 4020 2467 4077 Jesu
2487 4023 2689 4081 Christi
2711 4043 2778 4082 ex
2800 4031 3053 4096 mortuis,
3077 4031 3134 4088 in
3164 4033 3540 4094 btereditatem

1959 4129 1978 4161 ι
2017 4112 2477 4182 icorruptibilem
2498 4125 2554 4172 et
2577 4117 3063 4177 incontaminatam
3111 4132 3170 4180 et
3223 4125 3536 4184 immarces-

1960 4218 1980 4252 ι
2015 4201 2256 4268 eibile,
2281 4215 2653 4260 conservatam
2677 4207 2732 4262 in
2762 4208 2938 4275 etatis,
2960 4211 3116 4267 vobis
3137 4214 3308 4283 quiin
3335 4216 3536 4273 virtute

1955 4310 1976 4344 s
2014 4292 2112 4348 Dei
2135 4295 2482 4352 custodimini
2508 4311 2606 4367 per
2632 4297 2791 4353 tidem
2822 4299 2878 4354 in
2898 4301 3152 4370 salutem,
3175 4314 3422 4375 paratam
3451 4321 3537 4364 rc-

1961 4401 1980 4434 ι
2021 4383 2188 4439 velari
2223 4385 2279 4440 in
2321 4392 2566 4457 tempore
2592 4389 2888 4446 novissimo
2935 4392 3000 4448 in
3043 4409 3152 4464 quo
3195 4398 3530 4456 exultabitis.

1952 4494 1978 4527 ς
2015 4476 2276 4534 Modicum
2295 4492 2445 4534 nunc
2473 4479 2520 4534 si
2543 4488 2756 4550 ornortet
2776 4483 3089 4540 contristari
3118 4486 3174 4541 in
3206 4489 3372 4544 variis
3421 4498 3533 4546 ten-

1957 4586 1978 4619 ι
2017 4569 2341 4634 tationibus,
2376 4577 2439 4625 ut
2469 4572 2724 4640 puohatio
2747 4583 2942 4630 vestrae
2976 4575 3106 4632 ﬁdei
3131 4579 3301 4634 multo
3325 4583 3532 4649 pretio-

1957 4673 1978 4708 ι
2015 4656 2128 4712 sior
2151 4657 2224 4713 sit
2243 4672 2401 4724 auro,
2430 4659 2573 4730 quod
2613 4675 2716 4729 per
2767 4662 2948 4732 ignem
2987 4665 3266 4732 probatur.
3317 4667 3534 4728 Christo

1957 4764 1979 4799 ί
2020 4747 2186 4818 igitur
2209 4761 2374 4818 passo
2394 4749 2449 4803 in
2473 4764 2642 4806 carne
2667 4759 2725 4807 et
2750 4767 2846 4808 vos
2869 4754 3061 4810 eadem
3082 4757 3409 4826 cogitatione
3437 4778 3529 4824 ar-

1959 4855 1979 4890 ¢
2021 4839 2264 4893 mamini.
2305 4838 2440 4906 Quia
2487 4842 2580 4910 qui
2619 4855 2817 4911 passus
2867 4853 2953 4901 est
2987 4845 3043 4900 in
3081 4863 3273 4916 carne,
3300 4852 3462 4909 desiit
3499 4869 3529 4910 a
3596 4897 3605 4906 .

1955 4946 1982 4980 ι
2014 4929 2270 4998 peccatis,
2303 4938 2364 4985 ut
2384 4929 2497 4998 jam
2526 4947 2634 4987 non
2668 4934 2946 4990 hominum
2976 4935 3286 5005 desideriis,
3313 4945 3409 4997 sed
3437 4959 3531 4998 vo-

1953 5037 1977 5071 (
2015 5019 2222 5075 luntate
2247 5021 2364 5088 Dei,
2389 5021 2532 5092 quod
2558 5022 2825 5092 reliquum
2845 5033 2931 5081 est
2976 5028 3239 5098 temporis
3271 5030 3328 5084 in
3364 5045 3530 5085 carne

1956 5126 1975 5160 ι
2021 5109 2188 5164 vivat.
2216 5110 2360 5165 Deus
2382 5120 2563 5166 autem
2605 5112 2784 5166 omnis
2810 5114 3032 5184 gratiae,
3059 5117 3155 5184 qui
3180 5119 3394 5174 vocavit
3431 5136 3527 5176 vos

1957 5217 1974 5250 ι
2019 5200 2072 5253 in
2099 5208 2358 5255 maternam
2383 5215 2536 5256 suam
2564 5201 2791 5272 gloriam
2824 5203 2881 5258 in
2919 5203 3139 5264 Christo
3177 5206 3306 5266 Iesu
3351 5212 3525 5266 modi-

1952 5308 1972 5342 ε
2019 5305 2143 5345 cum
2170 5305 2380 5360 passos,
2412 5293 2527 5362 ipse
2554 5291 2824 5362 perficiet,
2848 5295 3222 5364 conﬁrmabit,
3249 5299 3524 5355 solidabit-

1956 5399 1974 5433 ι
2017 5396 2142 5450 que.
2171 5382 2276 5453 ipsi
2297 5382 2465 5454 gloria
2488 5390 2543 5438 et
2569 5384 2858 5456 imperium
2892 5388 2950 5463 in
2974 5389 3170 5445 saecula
3204 5390 3524 5446 stewlorum

1953 5488 1973 5523 ε
2017 5471 2210 5526 Amen.
2256 5491 2277 5525 ι

2017 5563 2332 5620 Benedictus
2346 5564 2543 5621 Deuset
2555 5563 2719 5624 Pater
2727 5568 2942 5625 Domini
2960 5570 3125 5624 nostri
3133 5569 3284 5634 Jesu,
3293 5575 3401 5623 etc.
3419 5568 3521 5641 (Ex

1949 5654 2140 5728 Beda.)
2163 5655 2245 5712 ita
2288 5656 2399 5714 Deo
2423 5659 2576 5715 Patri
2601 5658 2791 5715 laudes
2816 5659 3208 5716 benedictionis
3247 5659 3434 5728 refert,
3463 5669 3524 5717 ut

1949 5748 2236 5805 Dominum
2254 5746 2578 5806 salvatorem
2602 5757 2842 5805 nostrum
2864 5757 2920 5804 et
2941 5749 3108 5803 Deum
3123 5762 3520 5808 essetnonstret
