3932 6204
413 354 520 411 555

1700 347 1978 405 SMARAG
1990 352 2049 406 Dl
2092 346 2380 406 ABBATIS

3555 345 3668 400 '556

415 478 471 525 ot
515 465 806 524 hominem.
851 463 982 520 Cum
1011 463 1154 518 enim
1183 463 1312 519 dicit
1344 464 1482 517 Deus
1507 473 1553 518 et
1583 463 1745 518 Pater
1773 464 1982 517 Domini
2012 467 2060 525 Λ
2087 463 2165 518 sic
2191 471 2404 532 oportet
2431 459 2740 517 contristari
2761 500 2774 524 ,
2814 467 3062 530 oportet,
3095 457 3294 528 inquit,
3332 457 3666 522 contristari,

411 562 583 616 nostri
609 558 738 613 Iesu
761 555 975 622 Christi,
995 557 1159 610 Deum
1187 555 1404 625 quidem
1429 556 1639 610 Domini
1664 557 1832 612 nostri
1861 554 1987 611 Jesu

413 649 617 707 Christi
647 646 897 718 appellat,
929 647 1053 715 quia
1083 647 1257 715 ipsum
1286 645 1569 699 Dominum
1598 643 1781 699 Iesum
1818 644 1990 698 homi-

413 755 539 795 nem
577 738 776 796 factum
805 736 973 792 fuisse
1005 735 1267 792 meminit.
1313 735 1528 789 Patrem
1570 742 1749 789 autem
1779 735 1987 790 Domini

414 829 588 887 nostri
637 829 895 891 nominat,
940 827 1067 897 quia
1119 827 1368 881 eumdem
1414 825 1702 881 Dominum
1744 834 1988 882 nostrum

419 919 514 974 Dei
547 919 745 973 Filium
773 933 986 988 semper
1005 916 1278 972 exstitisse
1304 932 1409 970 non
1438 917 1666 972 dubitat.

489 1009 593 1076 Qui
620 1011 906 1065 secundum
941 1024 1186 1079 magnam
1217 1009 1629 1063 misericordiam
1665 1025 1815 1063 suam
1850 1024 1988 1077 rege-

413 1103 612 1157 nerarit
638 1103 694 1156 in
718 1117 859 1174 spem
886 1102 1052 1155 vivam
1072 1116 1165 1170 per
1192 1102 1618 1154 resurrectionem
1644 1101 1771 1156 Jcsu
1795 1100 1988 1154 Christi

360 1185 365 1191 ’
409 1209 477 1248 ex
504 1192 722 1247 mortuis
744 1191 799 1247 in
823 1191 1340 1256 lttereditatem,etc.
1393 1189 1523 1246 Jure
1572 1191 1912 1246 benedieitur
1958 1206 1989 1245 a

409 1283 568 1338 nobis
596 1283 762 1349 Deus,
782 1282 873 1353 qui
903 1297 1027 1337 eum
1056 1283 1109 1336 in
1141 1282 1342 1336 nostris
1368 1283 1578 1337 meritis
1599 1284 1838 1353 generati
1861 1282 1995 1337 fuisé

409 1385 596 1426 selinus
627 1371 694 1426 ad
728 1378 980 1435 mortem,
1005 1386 1099 1425 sua
1129 1386 1229 1426 nos
1254 1371 1625 1426 misericordia
1651 1372 1991 1441 regeneravit

407 1459 477 1514 ad
489 1459 677 1515 vitam.
702 1459 768 1514 Et
796 1461 897 1515 hoc
919 1477 1016 1530 per
1043 1461 1492 1516 resurrectionem
1515 1461 1633 1516 Filii
1659 1463 1762 1525 sui,
1782 1477 1904 1516 cum
1935 1462 1988 1516 in

407 1558 619 1604 tantum
658 1560 902 1605 nostram
935 1551 1187 1606 dilexerit
1235 1553 1402 1605 vitam
1424 1592 1438 1616 ,
1468 1560 1528 1605 ut
1558 1552 1706 1606 illum
1744 1568 1843 1622 pro
1885 1554 1988 1607 hac

407 1640 548 1695 mori
584 1639 917 1709 disponeret,
955 1650 1116 1710 atque
1157 1641 1345 1695 eadem
1386 1648 1558 1695 morte
1600 1655 1698 1709 per
1746 1655 1987 1694 resurre-

405 1731 640 1788 ctionem
661 1730 959 1797 destructa,
985 1747 1133 1800 spem
1166 1733 1322 1787 nobis
1347 1733 1760 1803 exemplumque
1805 1747 1984 1788 resur-

405 1819 566 1889 gendi
591 1829 939 1875 monstraret.
977 1821 1218 1877 Mortuus
1247 1830 1330 1876 est
1357 1837 1610 1892 namque,
1633 1837 1701 1877 ne
1724 1837 1824 1877 nos
1845 1823 1980 1877 mori
2011 1827 2058 1886 B

407 1912 744 1976 timeremus,
775 1913 1072 1969 resurrexit
1098 1929 1166 1968 ex
1195 1915 1440 1979 mortuis,
1457 1923 1518 1968 ut
1541 1923 1594 1970 et
1613 1929 1715 1970 nos
1740 1928 1836 1984 per
1857 1928 1981 1968 eum

406 2013 810 2061 resurrecturus
833 2020 954 2061 €858
978 2021 1341 2077 speraremus.

474 2095 543 2150 In
567 2097 925 2151 hareditatent
949 2096 1392 2169 incorrup!ibi!em
1433 2108 1479 2152 et
1517 2097 1982 2152 incontaminatam

402 2196 453 2240 et
489 2187 986 2242 immarcescibilem.
1019 2187 1495 2258 Incorruptibilem,
1527 2188 1734 2258 inquit,
1767 2196 1986 2258 propter

404 2277 572 2332 vitam
609 2276 913 2344 caelestem,
961 2293 1082 2348 quas
1128 2292 1227 2331 nec
1269 2277 1443 2340 senio,
1495 2292 1597 2332 nec
1644 2279 1857 2341 morbo,
1885 2291 1986 2332 nec

405 2376 598 2430 morte,
622 2380 724 2420 nec
757 2365 936 2436 aliqua
988 2366 1244 2421 maestitia
1297 2368 1553 2433 tangitur.
1588 2365 1986 2420 lncontamina—

405 2466 536 2522 tam,
564 2456 690 2525 quia
723 2455 902 2512 nullus
930 2471 1046 2512 eam
1074 2463 1252 2525 potest
1274 2456 1582 2510 immundus
1622 2457 1844 2510 intrare.
1880 2456 1986 2510 Int-

404 2546 833 2612 marcesoibilem,
864 2548 990 2617 quia
1013 2563 1114 2603 nec
1137 2547 1190 2602 in
1220 2548 1352 2619 ipsis
1375 2548 1662 2602 beatorum
1705 2549 1982 2603 hominum

405 2640 699 2704 mentibus,
727 2653 795 2694 ex
827 2639 988 2710 longo
1042 2654 1143 2694 usu
1198 2638 1438 2694 cmlestis
1496 2639 1585 2692 illa
1641 2639 1985 2693 conversatio

401 2729 547 2787 valet
573 2730 864 2801 aliquando
885 2731 1163 2793 vilescere,
1184 2728 1455 2800 quomodo
1484 2730 1770 2800 przesentis
1801 2731 1986 2786 saeculi

402 2821 565 2878 luxus
589 2830 642 2876 et
658 2821 867 2878 delicia:
883 2821 1082 2886 solent,
1111 2836 1218 2876 non
1250 2836 1526 2890 nunquam
1549 2820 1733 2876 divina
1759 2835 1987 2877 consue-

404 2913 592 2968 tudine
618 2919 676 2968 et
703 2928 804 2968 usu
836 2913 890 2967 in
907 2911 1188 2968 fastidium
1220 2911 1381 2967 verti.

471 3001 847 3059 Conservatam
875 3004 932 3058 in
952 3002 1114 3068 etalio,
1144 3011 1253 3058 etc.
1292 3001 1681 3058 Conservatam
1726 3001 1779 3056 in
1831 3001 1985 3058 vobis

401 3095 554 3160 dicit,
573 3109 673 3165 pro
693 3109 758 3149 co
787 3102 849 3148 ut
877 3094 1083 3148 diceret
1114 3113 1126 3146 :
1159 3093 1548 3149 Conservatam
1576 3093 1748 3160 vobis,
1781 3093 1832 3148 id
1873 3102 1978 3159 est,

404 3185 475 3240 ad
497 3185 600 3239 hoc
625 3191 1019 3264 conservatam,
1050 3198 1197 3238 nunc
1223 3191 1285 3236 ut
1314 3182 1470 3236 vobis
1508 3191 1750 3251 tempore
1775 3184 1986 3252 prmsti-
2013 3191 2058 3254 ρ

404 3283 525 3329 tuto
561 3275 818 3328 reddatur
865 3272 922 3329 in
967 3273 1140 3337 cadis,
1182 3272 1268 3328 vel
1315 3281 1468 3328 certe
1513 3281 1895 3328 conservatam
1925 3273 1980 3328 in

403 3364 577 3430 cadis,
609 3364 662 3419 in
698 3365 876 3434 vobis,
902 3366 1028 3437 quia
1060 3365 1152 3436 qui
1182 3365 1330 3420 dedit
1362 3363 1712 3420 credentibus
1748 3372 1984 3435 potesta-

411 3463 514 3515 tem
539 3455 681 3513 ﬁlios
714 3455 811 3512 Dei
852 3455 990 3522 ﬁeri,
1029 3457 1146 3529 ipse
1193 3457 1342 3512 dedit
1375 3457 1580 3512 eisdem
1621 3465 1946 3526 potestatem
1967 3498 1982 3524 ,

403 3547 773 3604 hereditatem
797 3548 866 3604 ab
886 3563 972 3614 eo,
998 3565 1106 3604 non
1137 3557 1409 3604 merentes
1439 3549 1703 3618 accipere,
1733 3564 1984 3620 perseve-

406 3640 576 3696 rando
598 3657 768 3711 usque
798 3643 854 3697 in
889 3642 1069 3706 ﬁnem,
1102 3649 1161 3696 ut
1190 3641 1324 3697 salvi
1362 3641 1488 3697 sint.
1521 3641 1589 3697 Et
1617 3642 1738 3698 ideo
1759 3658 1982 3719 conser-

405 3739 585 3785 vatam
638 3730 770 3786 dicit
799 3751 811 3785 :
845 3731 901 3786 In
926 3731 1030 3788 illis
1070 3734 1465 3798 htereditatem,
1492 3749 1724 3804 quorum
1773 3735 1985 3790 meritis

399 3822 625 3888 iuvante
647 3821 878 3877 Domino
913 3824 1333 3893 perveniendum
1381 3823 1532 3878 novit
1565 3825 1633 3878 ad
1663 3825 1830 3891 illam,
1855 3826 1982 3894 quia
2036 3865 2041 3869 .

404 3914 500 3984 qui
530 3928 638 3970 non
660 3914 1000 3971 servaverint
1023 3914 1367 3985 disciplinam
1395 3913 1588 3980 Patris,
1610 3916 2003 3995 htereditatetu

405 4003 476 4059 ab
507 4019 572 4058 eo
600 4018 706 4057 non
739 4012 1018 4058 merentur
1042 4004 1308 4073 accipere.

479 4091 584 4158 Qui
602 4093 657 4146 in
681 4092 870 4146 virtute
892 4092 1007 4158 Dei,
1039 4101 1144 4148 etc.
1179 4095 1246 4148 Et
1274 4093 1533 4150 Dominus
1559 4095 1636 4150 ait
1663 4094 1717 4150 in
1742 4094 1988 4169 Evange-

406 4183 479 4238 Iio
502 4201 516 4236 :
538 4182 606 4237 In
625 4183 782 4238 domo
805 4182 983 4238 Patris
1009 4186 1108 4237 mei
1136 4184 1312 4239 multa:
1337 4188 1634 4241 mansiones
1655 4197 1772 4242 sunt
1803 4187 1984 4260 (Jomt.

406 4275 542 4349 XIV),
571 4282 628 4332 et
654 4277 852 4332 iterum
883 4296 896 4332 :
931 4278 1054 4332 Non
1087 4288 1161 4333 est
1189 4297 1360 4333 meum
1386 4281 1542 4346 dare,
1572 4283 1663 4336 sed
1684 4283 1870 4354 quibus
1894 4303 1990 4355 pa-

407 4377 580 4422 ratum
613 4379 689 4423 est
727 4387 760 4424 a
791 4368 946 4425 Putre
982 4387 1114 4424 meo.
1161 4370 1370 4427 Parata:
1401 4381 1525 4427 sunt
1567 4377 1887 4444 ergo'sedcs
1933 4377 1987 4431 in

405 4472 575 4528 regno
600 4458 713 4522 Dei,
737 4468 939 4528 parata:
969 4461 1276 4515 mansiones
1302 4461 1354 4515 in
1383 4463 1544 4517 domo
1572 4463 1771 4528 Patris,
1799 4474 1989 4534 parata

2090 557 2217 625 quia
2247 571 2352 610 non
2392 556 2494 610 nisi
2534 570 2633 626 per
2662 554 2938 609 tristitiam
2963 551 3142 608 saeculi
3177 550 3427 610 labcntis,
3457 559 3515 604 et
3536 551 3667 605 aliti-

2071 647 2298 701 ‘ctiones
2323 654 2500 717 potest
2526 647 2593 700 ad
2621 645 2811 715 gaudia
2843 655 3042 699 aeterna
3075 641 3369 711 perveniri.
3399 640 3670 696 Modicum

2091 745 2272 792 autem
2319 737 2480 801 dicit,
2509 737 2634 806 quia
2680 736 2772 792 ubi
2820 749 3028 790 merces
3074 742 3279 787 aeterna
3327 732 3670 795 retribuitur,

2090 830 2256 884 breve
2285 828 2555 884 videbitur
2585 843 2652 882 ac
2678 828 2795 883 leve
2816 835 2990 881 totum
3016 826 3204 889 fuisse,
3231 823 3374 894 quod
3403 825 3461 878 in
3487 825 3671 880 sznculi

2092 919 2526 976 tribulationibus
2557 934 2721 990 grave
2748 919 3038 974 videbatur
3060 925 3116 972 et
3145 917 3421 971 acerbum.

2164 1027 2230 1082 Ut
2255 1028 2492 1098 probatio
2522 1038 2704 1083 vestra:
2729 1028 2854 1097 ﬁdei
2895 1027 3060 1080 multo
3089 1026 3366 1098 pretiosius
3401 1027 3468 1080 sit
3513 1042 3668 1092 auro,

2065 1121 2226 1189 quod
2259 1121 2414 1190 perit,
2441 1128 2546 1176 etc.
2571 1121 2637 1174 Et
2667 1119 2948 1190 sapientia:
2983 1119 3122 1174 liber
3142 1118 3420 1188 passiones
3455 1126 3672 1173 sancto-

2091 1228 2208 1266 rum
2234 1213 2543 1280 anrn,quod
2560 1227 2657 1282 per
2682 1211 2856 1282 ignem
2883 1210 3247 1274 examinator,
3265 1219 3564 1278 comparat,
3591 1211 3673 1266 di-

2090 1317 2218 1356 ccns
2250 1316 2264 1353 :
2293 1301 2573 1371 Tanquam
2600 1316 2791 1355 aurum
2829 1302 2882 1354 in
2914 1299 3137 1354 fornace
3184 1299 3434 1369 probavit
3471 1299 3674 1355 electos

2090 1393 2368 1457 Dominus,
2395 1400 2450 1446 et
2476 1392 2631 1462 quasi
2681 1391 3058 1446 holocaustum
3088 1399 3144 1446 et
3185 1391 3416 1444 hostiam
3463 1391 3675 1461 accepit

2089 1485 2208 1540 illos
2233 1483 2508 1556 (Sap.tn).
2539 1484 2669 1551 Quae
2698 1483 2954 1538 nimirum
2989 1483 3144 1553 quasi
3178 1482 3232 1537 in
3263 1483 3480 1537 camino
3507 1483 3673 1537 tribu-

2087 1575 2306 1631 lationis
2355 1575 2541 1632 ﬁdeles
2572 1577 2904 1646 probaverit,
2933 1576 3033 1630 hos
3067 1577 3120 1629 in
3144 1576 3340 1645 gaudio
3361 1576 3671 1631 retributio-

2085 1667 2192 1732 nis,
2221 1667 2374 1736 quasi
2401 1665 2719 1737 placabilem
2751 1667 2853 1722 sibi
2881 1667 3114 1722 hostiam
3160 1665 3407 1721 assumit.
3429 1666 3510 1720 Et
3536 1667 3672 1722 bene

2085 1761 2348 1830 patientia
2395 1770 2707 1816 sanctorum
2739 1775 2873 1814 auro
2909 1759 3272 1823 assimilatur,
3299 1759 3426 1828 quia
3453 1760 3599 1814 sicut
3617 1759 3670 1814 in

2086 1850 2316 1906 metallis
2338 1851 2627 1922 pretiosius
2653 1866 2785 1904 auro
2807 1850 3007 1921 aliquid
3034 1840 3138 1904 non
3163 1857 3265 1912 est,
3299 1851 3370 1904 ita
3393 1851 3510 1903 hrec
3531 1853 3672 1918 apud

2089 1942 2371 1997 Dominum
2409 1944 2556 1998 omni
2600 1952 2684 1998 est
2735 1943 2890 1998 laude
2928 1942 3268 2013 dignissima,
3315 1941 3443 1996 hinc
3471 1944 3671 1997 etenim

2085 2033 2345 2102 scriptum
2384 2042 2468 2088 est
2512 2052 2524 2087 ε
2567 2031 2807 2086 Pretiosa
2834 2033 2904 2088 .in
2949 2041 3226 2101 conspectu
3267 2030 3480 2084 Domini
3529 2047 3673 2084 mors

2085 2133 2386 2177 sanctorum
2416 2123 2531 2194 ejus
2563 2120 2736 2194 (Psal.
2764 2121 2909 2192 cxv).
2966 2120 3120 2176 Sicut
3163 2120 3311 2175 enim
3365 2135 3561 2173 aurum
3615 2120 3670 2173 in

2087 2215 2308 2272 fornace
2342 2216 2582 2271 clausum
2611 2215 2824 2286 ignibus
2844 2212 3514 2283 examinatur,probatum
3545 2226 3674 2266 vero

2087 2307 2252 2373 foras,
2283 2307 2437 2376 cujus
2466 2309 2537 2363 sit
2563 2307 2785 2378 fulgoris
2823 2306 3122 2376 apparebit,
3150 2304 3223 2358 ita
3265 2301 3505 2357 ﬁdelium
3546 2317 3673 2356 con-

2086 2401 2285 2454 stantia
2320 2402 2463 2455 inter
2489 2399 2725 2455 ﬁdelium
2772 2399 2987 2468 quidem
3027 2411 3314 2468 pressuras
3351 2398 3674 2466 contemptis

2085 2492 2211 2547 bilis
2230 2493 2461 2557 videtur,
2489 2506 2553 2546 ac
2579 2491 2766 2555 stulta,
2791 2490 2887 2545 sed
2917 2489 3007 2544 ubi
3035 2498 3249 2559 tempus
3271 2489 3671 2553 retributionis,

2087 2580 2239 2636 finito
2259 2580 2580 2646 certamine,
2600 2580 3011 2634 tribulationum
3027 2577 3284 2642 adfuerit,
3301 2585 3430 2631 tunc
3451 2581 3673 2646 quantae

2088 2671 2251 2728 fuerit
2273 2673 2475 2744 glorim,
2499 2681 2760 2742 quantum
2786 2670 3019 2726 ﬂammis
3042 2671 3352 2741 passionum
3377 2669 3676 2725 profecerit

2087 2780 2277 2820 eorum
2307 2766 2480 2820 virtus
2503 2765 2828 2821 ostenditur.

2158 2881 2365 2937 Christo
2390 2882 2552 2954 igitur
2575 2897 2728 2951 passo
2761 2882 2817 2936 in
2844 2897 3001 2935 carne
3028 2890 3077 2936 et
3104 2897 3193 2934 vos
3243 2880 3425 2935 eadem
3473 2879 3674 2950 cogita-

2085 2976 2226 3027 tione
2252 2973 2552 3027 armamini.
2585 2972 2877 3042 Postquam
2919 2970 3225 3041 cxemplum
3252 2957 3674 3026 resurrectionis

2087 3062 2372 3118 dominicae
2394 3069 2448 3119 et
2475 3062 2766 3117 ablutionis
2789 3069 3007 3126 nostrai,
3051 3078 3170 3134 qua:
3202 3062 3261 3116 ﬁt
3303 3062 3358 3116 in
3400 3051 3673 3132 baptismo

2089 3154 2156 3208 de
2205 3168 2345 3208 arca:
2399 3169 2464 3208 ac
2509 3154 2694 3208 diluvii
2727 3163 3070 3209 sacramento
3095 3153 3461 3218 adstruxerat,
3494 3169 3676 3207 rever-

2093 3243 2230 3299 titur
2255 3245 2323 3299 ad
2377 3245 2479 3300 hoc
2533 3246 2676 3316 quod
2721 3247 2904 3302 dicere
2942 3257 3204 3316 ctrperat,
3250 3247 3354 3302 hoc
3397 3246 3676 3302 imitantes

2083 3351 2219 3406 opus
2270 3337 2636 3406 redemptoris
2682 3338 2877 3403 nostri,
2919 3337 3062 3394 inter
3105 3338 3244 3394 bona
3273 3353 3393 3410 qua:
3420 3339 3671 3403 facimus,

2085 3428 2352 3499 patienter
2388 3429 2653 3484 malorum
2691 3431 2988 3500 nequitiam
3026 3431 3336 3486 toleremus.
3362 3431 3676 3485 Notandum

2085 3529 2304 3586 autem,
2332 3536 2493 3592 quam
2531 3522 2777 3578 districto
2815 3522 3043 3593 loquens
3084 3523 3161 3578 ait
3198 3541 3212 3577 :
3247 3521 3457 3578 Christo
3509 3524 3677 3593 igitur

2083 3631 2238 3685 passo
2277 3616 2332 3670 in
2376 3633 2554 3671 carne.
2596 3615 2733 3684 Quia
2782 3617 2922 3672 sicut
2956 3618 3148 3672 beatus
3172 3617 3497 3672 Ambrosius
3522 3617 3602 3670 ait
3655 3631 3671 3671 :

2084 3706 2225 3762 Caro
2249 3707 2392 3762 enim
2422 3723 2602 3778 passa,
2631 3708 2887 3764 divinitas
2917 3716 3096 3763 autem
3123 3708 3312 3764 mortis
3336 3708 3526 3775 libera,
3553 3725 3677 3780 pas-

2084 3799 2225 3854 sioni
2255 3813 2455 3868 corpus
2478 3806 2686 3853 natura:
2708 3797 2960 3853 humanas
2990 3798 3108 3870 lege
3132 3798 3418 3853 concessit.
3435 3796 3516 3852 An
3542 3813 3678 3852 vero

2084 3887 2221 3943 mori
2257 3887 2510 3943 divinitas
2536 3896 2733 3958 potest,
2765 3903 2886 3944 cum
2925 3889 3106 3944 anima
3147 3905 3255 3943 non
3298 3890 3506 3960 possit?
3558 3891 3677 3944 No-

2081 3979 2192 4043 lite,
2229 3979 2422 4048 inquit,
2452 3980 2633 4034 timere
2669 3997 2756 4034 eos
2795 3981 2884 4052 qui
2913 3997 3107 4051 corpus
3137 3981 3404 4044 occidunt,
3435 3979 3677 4034 animum

2081 4081 2255 4125 autem
2287 4087 2388 4125 non
2414 4081 2629 4142 possunt
2655 4073 2912 4127 occidere.
2931 4071 2987 4126 Si
3010 4087 3140 4143 ergo
3163 4072 3344 4127 anima
3361 4069 3536 4126 occidi
3563 4087 3677 4125 non

2081 4171 2279 4232 potest,
2305 4163 2576 4234 quomodo
2597 4164 2850 4220 divinitas
2871 4165 3084 4236 potest?

2153 4273 2293 4339 Quia
2315 4276 2402 4347 qui
2417 4293 2602 4345 passus
2624 4287 2697 4332 est
2723 4278 2778 4331 in
2799 4295 2976 4344 carne,
2993 4286 3098 4333 etc.
3119 4277 3374 4347 Quisquis
3394 4275 3675 4346 iustorum

2081 4379 2282 4434 corpus
2327 4381 2482 4420 suum
2515 4367 2582 4420 ad
2628 4369 2946 4438 martyrium
2996 4375 3405 4439 persecutorum
3458 4367 3675 4426 violen-

2086 4457 2175 4511 tia:
2201 4458 2412 4523 subdit,
2457 4459 2589 4514 nulli
2629 4459 2848 4515 dubium
2885 4463 3014 4530 quin
3056 4476 3227 4530 usque
3268 4461 3338 4517 ad
3379 4461 3508 4516 vita:
3559 4477 3678 4516 sua:

407 4546 554 4602 salus
577 4547 632 4602 in
661 4549 832 4602 caelis.
859 4547 1088 4602 Tantum
1115 4549 1278 4605 faciat
1304 4564 1364 4605 se
1388 4553 1604 4622 dignum
1629 4556 1721 4624 qui
1743 4557 1988 4626 accipere
2008 4538 2061 4598 D
2088 4551 2402 4615 terminum,
2437 4561 2696 4620 quantum
2727 4552 2978 4608 humanm
3015 4562 3221 4608 natura:
3259 4552 3518 4623 possibile
3564 4561 3673 4616 cst,

408 4634 697 4690 desiderat.
753 4637 857 4690 Sed
901 4638 1027 4705 quia
1077 4654 1176 4692 suo
1215 4649 1422 4696 tantum
1467 4645 1748 4698 conamine
1797 4646 1988 4716 dignus

408 4723 523 4778 ﬁeri
557 4725 672 4779 suis
701 4725 928 4791 viribus,
958 4727 1023 4780 ad
1053 4735 1312 4783 attcrnam
1342 4745 1450 4784 non
1479 4739 1655 4800 potest
1683 4733 1867 4788 venire
1896 4749 1985 4790 sa-

403 4812 601 4879 intem,
644 4824 794 4871 recte
831 4819 1198 4886 praemittitur,
1237 4822 1327 4888 qui
1357 4822 1410 4875 in
1439 4823 1638 4876 virtute
1668 4823 1762 4879 Dei
1800 4836 1984 4882 custo-

409 4897 598 4953 dimini
625 4912 723 4967 per
752 4897 933 4965 ﬁdem,
959 4915 1135 4970 neque
1161 4902 1304 4956 enim
1347 4904 1634 4974 quisquam
1680 4922 1792 4962 suae
1820 4907 1982 4963 liber-

413 4986 539 5042 tatis
566 4989 810 5058 potentia
838 4993 1096 5048 custodiri
1129 4995 1268 5048 valet
1291 4997 1344 5049 in
1375 4997 1551 5060 bonis,
1579 5000 1672 5052 sed
1708 4999 1850 5054 illius
1885 5017 1981 5071 per

406 5075 590 5131 omnia
634 5081 984 5148 querendum
1028 5093 1116 5138 est
1164 5085 1444 5149 auxilium,
1476 5088 1920 5156 ut‘perliciamur
1950 5107 1980 5145 a

409 5180 518 5237 quo
547 5167 757 5224 initium
780 5170 934 5226 bona:
957 5174 1188 5229 actionis
1214 5177 1541 5244 accepimus.

476 5256 548 5314 In
593 5275 698 5328 quo
742 5259 1037 5316 exaltabitis
1073 5265 1352 5325 modicum,
1382 5282 1518 5319 nunc
1547 5269 1590 5319 si
1622 5278 1822 5337 oportet
1852 5287 1979 5323 cou-

406 5349 612 5405 tristtm'
635 5352 688 5405 in
719 5352 878 5405 variis
903 5353 1344 5408 tribulationibus.
1390 5357 1540 5422 Quod
1565 5358 1716 5421 dicit,
1747 5360 1800 5414 in
1849 5375 1980 5430 quo,

406 5439 679 5511 signiﬁcat
704 5441 758 5496 in
783 5456 867 5510 eo,
892 5443 1031 5510 quod
1075 5443 1176 5499 hoc
1217 5453 1459 5516 tempore
1499 5449 1792 5505 novissimo
1832 5451 1980 5508 salus

406 5537 595 5596 parata
623 5529 970 5596 revelabitur,
993 5533 1061 5587 de
1087 5547 1196 5602 quo
1218 5533 1476 5591 Dominus
1501 5539 1612 5592 ait:
1649 5538 1849 5596 lterum
1881 5559 1978 5595 au-

408 5628 508 5672 tern
527 5621 703 5676 ridebo
729 5640 814 5678 ros
835 5633 883 5678 et
904 5624 1147 5694 gaudebit
1169 5642 1260 5679 cor
1289 5638 1512 5682 rostrum
1540 5640 1588 5683 et
1617 5631 1866 5700 gaudium
1893 5648 1978 5686 rc-

407 5717 570 5762 strunt
599 5728 744 5769 nemo
766 5715 908 5772 tollet
939 5736 969 5771 tt
1002 5718 1140 5773 vobis
1167 5719 1345 5790 (Joau.
1377 5721 1507 5795 xvi).
1541 5721 1804 5778 Modicum
1837 5742 1977 5780 nunc

2085 4654 2206 4694 sese
2233 4655 2262 4692 a
2286 4642 2524 4709 peccatis
2549 4643 2828 4697 abstinuit.
2854 4641 2993 4710 Quid
3029 4644 3175 4699 enim
3205 4643 3271 4698 de
3295 4644 3509 4714 peccati
3547 4659 3676 4713 per-

2084 4729 2408 4796 petratioue,
2437 4729 2562 4799 quid
2590 4731 2658 4786 de
2703 4732 3015 4788 carnalibus
3064 4733 3350 4788 desideriis
3400 4734 3670 4804 cogitare.

2085 4819 2212 4886 quid
2243 4820 2346 4875 nisi
2388 4821 2719 4878 voluntatem
2763 4824 2853 4878 Dei
2882 4825 3057 4894 potuit
3085 4825 3266 4891 animo
3298 4840 3546 4890 versare,
3576 4825 3674 4895 qui

2085 4907 2168 4961 vel
2198 4908 2341 4979 ligno
2378 4910 2598 4978 afﬁxus,
2632 4913 2710 4967 vel
2746 4914 2981 4982 lapidum
3026 4915 3240 4970 ictibns‘
3273 4915 3675 4981 circumdatus,

2087 4998 2170 5051 vel
2224 4999 2292 5053 de
2344 5001 2641 5056 bestiarum
2692 5004 2962 5058 morsibus
3010 5007 3290 5069 subactus,
3321 5005 3408 5058 vel
3460 5006 3675 5076 ignium

2084 5088 2316 5143 flammis
2354 5092 2747 5161 superpositus,
2774 5093 2859 5148 vel
2873 5109 2937 5147 ex
2956 5095 3300 5164 scorpionum
3331 5093 3519 5163 ﬂagris
3543 5111 3677 5164 per—

2084 5180 2280 5243 fossus,
2309 5179 2390 5233 vel
2436 5180 2542 5233 alio
2585 5181 2826 5249 quolibet
2869 5197 3155 5252 pmnarum
3187 5198 3385 5253 genere
3414 5182 3672 5247 aliectus,

2084 5269 2186 5322 hoc
2212 5270 2582 5324 tantummodo
2605 5271 2912 5326 desiderare
2934 5273 3246 5343 cogebatur,
3269 5272 3485 5342 quando
3510 5273 3677 5328 linito

2084 5361 2380 5416 certamine
2431 5375 2686 5416 coronam
2733 5363 2857 5416 vitae
2897 5364 3215 5433 perciperet.
3267 5363 3480 5417 Talium
3533 5379 3678 5433 ergo

2085 5460 2318 5507 tuentem
2349 5453 2539 5507 beatus
2580 5452 2774 5507 Petrus
2818 5455 2970 5523 cupit
3015 5471 3228 5525 semper
3271 5455 3498 5520 imitari,
3539 5471 3674 5510 cum

2083 5543 2356 5612 proposito
2379 5541 2665 5598 dominicm
2714 5545 2981 5612 passionis
3014 5544 3286 5614 exetnplo,
3317 5561 3421 5599 nos
3469 5545 3670 5599 eadem

2082 5634 2407 5700 cogitatione
2444 5645 2632 5688 contra
2679 5636 2973 5703 nequitiam
3020 5653 3330 5705 pravorum,
3359 5645 3674 5706 contraque

2085 5725 2337 5779 \itiotutn
2362 5724 2757 5780 oblectamenta
2791 5727 3028 5796 praecipit
3064 5727 3284 5786 armari.
3329 5725 3527 5780 Volcns
3580 5725 3670 5778 iu-
