3932 6204
337 363 443 421 537
1162 359 1674 418 COLLECTIONES
1711 360 1778 417 IN
1828 359 2205 418 EPISTOLAS
2243 361 2330 417 ET
2370 361 2780 420 EVANGELIA.
3493 372 3602 428 558

336 478 502 550 telligi
533 474 678 548 quod
700 474 865 530 etiam
894 489 999 530 nos
1026 473 1079 529 in
1107 490 1241 544 pace
1269 476 1523 532 Ecclesiae
1550 479 1910 548 quiescentes,
1944 484 1989 541 Α
2019 480 2174 545 riam,
2226 480 2278 535 id
2311 488 2417 546 est,
2459 481 2512 536 in
2566 482 2732 536 vitam
2791 490 3070 547 aeternam,
3105 481 3160 538 in
3208 481 3424 540 Christo
3448 483 3598 555 Iesu,

335 572 381 628 si
414 569 658 625 habitum
684 566 936 635 patientis
960 564 1251 631 induimus,
1274 566 1428 621 facile
1445 569 1666 638 jnvante
1691 569 1916 623 Domino
2015 570 2070 623 id
2133 578 2259 635 est,
2309 585 2408 640 per
2471 572 2899 626 incarnationem
2957 572 3168 641 ipsius,
3215 574 3331 628 sive
3385 578 3600 632 vocavit

334 657 519 731 lapsus
553 656 793 711 vitamus
825 661 1174 724 peccatorum
1213 657 1599 725 hominumque
1647 657 1916 712 desideria
1995 668 2073 714 “ut
2099 668 2184 716 est
2213 660 2381 715 illud:
2419 660 2600 716 Venite
2625 662 2694 715 ad
2722 679 2825 726 me,
2860 677 3037 716 omnes
3077 663 3168 733 qui
3188 661 3466 731 laboratis,
3486 674 3596 724 etc.

333 759 528 808 cuncta
557 749 755 804 divinae
781 747 1074 802 voluntatis
1103 748 1451 819 subjugamus
1481 748 1738 818 imperiis.

405 841 588 896 Estote
615 841 792 910 itaque
821 841 1124 910 prudentes,
1151 849 1256 896 etc.
1306 841 1449 896 Bene
1494 850 1672 896 autem
1716 843 1767 896 in
1797 858 1918 896 ora-

334 933 574 988 tionibus
608 931 830 1000 vigilare
852 929 1128 997 jubcmur,
1160 939 1218 985 ut
1242 945 1361 985 eum
1393 939 1603 986 stamus
1627 933 1693 986 ad
1719 933 1916 986 oratio-

331 1037 460 1078 nem
489 1022 745 1092 cogitatio
771 1022 948 1076 omnis
975 1021 1210 1076 carnalis
1236 1031 1291 1076 et
1320 1021 1598 1078 saecularis
1637 1023 1911 1078 abscedat.

333 1111 446 1167 Nec
469 1112 762 1181 quidquam
793 1111 1005 1165 animus
1029 1121 1226 1180 prauer
1255 1112 1306 1165 id
1335 1113 1508 1167 solum
1544 1114 1743 1184 cogitet
1772 1115 1914 1182 quod

332 1212 607 1272 precatur.
645 1201 893 1271 Subripit
920 1203 1064 1256 enim
1106 1201 1418 1272 frequenter
1448 1204 1619 1258 hostis
1647 1213 1703 1259 et
1742 1204 1916 1258 subti-

333 1293 462 1348 liter
489 1293 683 1348 fallens
724 1308 918 1362 preces
956 1301 1171 1347 nostras
1201 1308 1230 1346 a
1276 1293 1388 1348 Deo
1427 1302 1648 1358 avocat,
1685 1303 1744 1347 ut
1769 1293 1912 1348 aliud

333 1385 632 1439 habeamus
652 1385 707 1438 in
729 1385 912 1448 corde,
935 1393 991 1439 et
1008 1384 1152 1438 aliud
1176 1384 1514 1452 proferamus
1539 1386 1590 1438 in
1613 1401 1763 1439 voce.
1779 1385 1912 1440 Cum

332 1477 634 1530 intentione
660 1477 872 1530 sincera
904 1476 1071 1530 Deum
1091 1476 1287 1530 debeat
1309 1491 1416 1530 non
1441 1477 1614 1532 solum
1634 1479 1804 1541 vocis,
1819 1478 1912 1532 sed

334 1567 503 1621 animi
532 1581 725 1621 sensus
753 1581 931 1619 orare.

407 1659 537 1712 Ante
565 1657 742 1712 omnia
771 1665 1010 1710 mutuam
1048 1656 1102 1711 in
1124 1656 1284 1721 vobis,
1308 1663 1412 1711 etc.
1445 1655 1588 1709 Bene
1613 1654 1763 1708 addit
1789 1671 1914 1710 cou-

334 1748 561 1811 tinuam,
585 1747 712 1816 quia
739 1753 954 1816 semper
972 1747 1195 1817 diligere
1213 1746 1475 1808 valemus,
1495 1758 1708 1812 semper
1728 1753 1910 1799 autem

2015 749 2231 822 (Matth.
2257 752 2357 822 xi).
2386 753 2638 808 Perficiet
2687 753 2740 807 in
2773 753 2878 808 lide
2905 762 2962 808 et
2995 757 3398 824 perseverantia
3431 760 3600 815 bono-

2016 857 2133 894 rum
2173 857 2415 911 opcrum,
2446 845 2585 898 etin
2632 843 2816 899 futttro
2861 862 2985 900 cum
3027 847 3226 901 dixerit
3271 850 3600 918 generaliter

2013 932 2262 986 omnibus
2306 935 2509 988 sanctis
2546 935 2659 989 suis
2688 953 2701 988 :
2743 935 2943 1001 Venite,
2977 938 3227 992 benedicti
3256 937 3437 994 Patris
3464 944 3586 1006 mei,

2011 1025 2257 1094 percipite
2279 1042 2512 1094 regnum,
2526 1028 2664 1097 quod
2681 1029 2822 1082 vobis
2840 1041 3085 1099 paratum
3107 1041 3181 1085 est
3203 1031 3419 1103 (Matth.
3440 1036 3591 1102 xxv).

2014 1112 2142 1167 Sive
2164 1113 2506 1168 conﬁrmabit
2545 1117 2596 1170 in
2627 1117 2752 1180 ﬁde,
2796 1119 3052 1173 solidabit
3087 1121 3140 1174 in
3174 1136 3360 1190 opere,
3384 1123 3469 1176 cui
3513 1131 3596 1178 est

2013 1203 2182 1273 gloria
2211 1214 2268 1259 et
2297 1205 2580 1275 imperium
2608 1207 2661 1260 in
2693 1208 2892 1262 sincula
2921 1209 3262 1264 saa'culorum.
3292 1209 3486 1265 Amen.

2354 1351 2691 1392 avucauru
2748 1354 2919 1404 LUC.E,
2965 1356 3082 1394 ων.
3131 1356 3229 1394 xu.

2087 1483 2104 1514 ι
2145 1463 2266 1519 Sint
2293 1465 2461 1520 lumbi
2491 1468 2654 1521 vestri
2681 1469 2979 1536 prmcincti,
3003 1478 3060 1523 et
3086 1469 3320 1525 lucerna:
3345 1473 3597 1531 ardentes

2019 1573 2037 1604 σ
2071 1556 2123 1608 in
2160 1558 2408 1613 manibus
2429 1560 2644 1613 vestris.
2681 1560 2748 1613 Et
2778 1575 2875 1614 vos
2914 1561 3120 1617 similes
3147 1563 3457 1620 hominibus
3501 1583 3598 1624 cx—

2019 1663 2038 1695 i
2081 1648 2453 1714 spectantibus
2480 1649 2764 1704 Dominum
2795 1666 2972 1715 suum,
2998 1653 3212 1721 quando
3241 1665 3543 1712 revertatur
3566 1672 3597 1711 a

2018 1757 2036 1788 ι
2082 1740 2304 1808 nuptiis,
2335 1749 2545 1796 utcum
2594 1744 2804 1798 venerit
2852 1751 2908 1797 et
2959 1744 3257 1812 pulsaverit
3306 1727 3592 1804 confestim

331 1837 559 1908 vigilare
579 1837 632 1891 in
658 1836 998 1891 orationibus
1017 1835 1308 1907 fragilitate
1334 1835 1514 1890 carnis
1538 1835 1788 1889 obstante
1817 1850 1913 1888 ue—
1937 1821 1985 1880 Β
2019 1847 2038 1879 t
2075 1831 2323 1900 aperiant
2347 1832 2418 1888 ei.
2450 1831 2601 1886 Beati
2634 1834 2776 1888 servi
2815 1834 2910 1898 illi,
2933 1851 3069 1904 quos
3105 1852 3226 1890 cum
3253 1839 3460 1893 venerit
3495 1840 3596 1894 Do-

299 1951 306 1956 -
329 1927 570 1999 quimus,
605 1928 719 1998 ipsa
739 1935 921 1981 autem
947 1926 1188 1982 cbaritas
1213 1925 1366 1994 cujus
1392 1927 1648 1981 instinctu
1678 1927 1792 1981 haec
1830 1925 1912 1980 fo-

329 2032 426 2074 ras
475 2027 730 2088 aguntur,
783 2033 906 2088 quae
959 2018 1016 2072 in
1055 2017 1302 2072 interiori
1352 2018 1574 2072 homine
1623 2017 1908 2086 prtesidet,

329 2121 550 2180 semper
575 2109 773 2164 ibidem
800 2108 986 2162 haberi
1029 2116 1225 2176 potest,
1249 2107 1496 2178 quamvis
1537 2108 1592 2162 in
1635 2109 1911 2177 publicum

305 2209 440 2255 non
467 2211 686 2266 semper
709 2197 923 2252 ostendi
953 2205 1158 2266 potest.

400 2287 462 2344 Si
494 2290 610 2359 quis
638 2289 892 2360 loquitur,
921 2297 1029 2343 etc.
1068 2289 1288 2343 Timens
1315 2288 1587 2351 videlicet,
1617 2302 1688 2342 ne
1715 2297 1913 2358 prteter

327 2377 664 2434 voluntatem
692 2376 787 2432 Dei
810 2377 895 2431 vel
920 2385 1116 2446 praeter
1141 2378 1285 2447 quod
1315 2378 1370 2432 in
1395 2379 1599 2434 sanctis
1613 2378 1910 2448 Scripturis

328 2469 608 2526 evidenter
631 2467 956 2538 prazcipitur,
986 2468 1070 2522 vel
1102 2469 1245 2522 dicat
1278 2467 1482 2537 aliquid
1519 2468 1604 2522 vel
1654 2469 1909 2538 imperet,

327 2566 387 2612 et
411 2557 716 2612 inveniatur
751 2564 1008 2625 tanquam
1041 2554 1210 2610 falsus
1233 2557 1390 2610 testis
1421 2556 1516 2611 Dei
1562 2564 1656 2610 aut
1697 2559 1910 2613 sacrile

330 2664 453 2720 gus,
487 2647 571 2701 vel
601 2647 953 2702 introducens
975 2646 1177 2715 aliquid
1197 2645 1434 2701 alienum
1470 2662 1499 2700 a
1531 2648 1775 2702 doctrina
1806 2649 1909 2704 Do—

331 2738 487 2802 mini,
511 2736 596 2791 vel
615 2745 765 2792 certe
791 2735 1207 2804 subrelinquens
1248 2742 1305 2789 et
1348 2735 1664 2804 praeteriens
1707 2736 1908 2806 aliquid

329 2843 519 2884 eorum
539 2843 660 2898 quae
679 2826 792 2880 Deo
804 2826 1002 2895 placita
1024 2833 1172 2889 sunt,
1185 2840 1306 2878 cum
1331 2825 1446 2894 ipse
1471 2824 1908 2881 manifestissime

330 2918 777 2989 praedicatoribus
793 2917 1057 2980 veritatis,
1083 2916 1149 2971 de
1164 2916 1250 2970 his
1275 2931 1414 2985 quos
1438 2915 1764 2981 imbuerent,
1778 2932 1910 2987 pra:-

332 3009 501 3078 cipiat
527 3008 712 3063 dicens
750 3007 1046 3061 :Docentes
1085 3021 1173 3062 eos
1197 3021 1407 3060 servare
1441 3007 1618 3059 omnia
1655 3022 1907 3075 quiscun-

328 3117 432 3172 que
472 3099 717 3154 mandavi
767 3097 907 3154 vobis
967 3096 1180 3168 (Matth.
1214 3095 1360 3169 ala),
1391 3104 1446 3152 et
1494 3111 1558 3151 ea
1605 3097 1748 3151 enim
1787 3112 1907 3166 quae

2017 1939 2037 1972 ι
2079 1922 2257 1976 minus
2294 1923 2563 1978 invenerit
2588 1924 2892 1993 vigilantes.
2912 1925 3082 1980 Amen
3109 1927 3231 1981 dico
3249 1929 3426 1994 vobis,
3451 1930 3594 1998 quod

2017 2027 2036 2059 ς
2072 2013 2361 2082 praecinget
2396 2027 2475 2078 se,
2499 2021 2553 2067 et
2581 2011 2745 2068 faciet
2791 2014 2910 2069 illos
2933 2014 3294 2081 discumbere,
3318 2026 3372 2072 et
3409 2026 3588 2074 trans-

2016 2119 2036 2151 ‹
2071 2102 2190 2157 iens
2228 2103 2558 2158 ministrabit
2602 2104 2728 2159 illis.
2759 2105 2828 2160 Et
2855 2105 2900 2161 si
2927 2108 3138 2162 venerit
3164 2107 3218 2161 in
3249 2111 3484 2164 secunda
3513 2109 3593 2163 vi-

2017 2211 2035 2242 σ
2080 2193 2228 2262 gilia,
2255 2202 2310 2247 et
2333 2193 2381 2248 si
2407 2194 2461 2248 in
2487 2194 2644 2248 tertia
2667 2195 2848 2264 vigilia
2869 2197 3100 2262 venerit,
3125 2205 3180 2251 et
3207 2197 3282 2250 ita
3307 2198 3590 2263 invenerit,

2016 2301 2034 2333 ‹
2073 2283 2216 2337 beati
2255 2291 2382 2337 sunt
2426 2285 2570 2338 servi
2603 2284 2698 2338 illi.
2728 2283 2839 2340 Hoc
2865 2294 3046 2339 autem
3093 2287 3310 2351 scitote,
3334 2289 3592 2356 quoniam

2015 2389 2035 2422 ι
2081 2372 2126 2426 si
2157 2372 2320 2427 sciret
2351 2371 2761 2442 paterfamilias,
2790 2389 2895 2443 qua
2925 2375 3060 2428 bora
3104 2374 3190 2428 fur
3239 2377 3471 2441 veniret,
3507 2377 3590 2432 vi-

2015 2480 2035 2514 t
2079 2463 2273 2534 gilarct
2294 2463 2498 2533 utique,
2521 2474 2574 2518 et
2597 2480 2701 2519 non
2725 2464 3152 2534 sineretperfodi
3175 2465 3390 2520 domum
3415 2483 3588 2522 suam.

2015 2573 2033 2604 ι
2079 2554 2145 2607 Et
2171 2570 2266 2608 vos
2295 2562 2467 2610 estote
2504 2555 2862 2625 parati,quia
2893 2571 2999 2626 qua
3052 2556 3185 2610 bora
3235 2572 3341 2612 non
3390 2557 3594 2626 putatis

2013 2665 2030 2696 ο
2051 2642 2212 2700 Filius
2238 2647 2472 2702 hominis
2498 2647 2698 2701 veniet.
2735 2667 2754 2699 ι

2077 2734 2194 2790 Sint
2245 2735 2408 2789 lumbi
2449 2738 2602 2791 vestri
2647 2738 2917 2806 prtecincti
2966 2747 3014 2791 et
3065 2738 3294 2794 lucerna:
3330 2741 3591 2797 ardentes.

2008 2827 2108 2899 (Ex
2140 2825 2330 2897 Beda.)
2361 2827 2498 2894 Quia
2537 2827 2735 2882 multos
2767 2827 3094 2891 ostenderat,
3131 2829 3216 2884 vel
3261 2831 3315 2884 in
3359 2841 3472 2886 toto
3501 2848 3594 2888 sat-

2007 2917 2130 2974 culo
2183 2917 2451 2982 subditos,
2485 2917 2569 2972 vel
2597 2917 2876 2972 saecularis
2921 2917 3119 2972 intuitu
3163 2921 3433 2974 commodi
3481 2921 3592 2977 Do-

2006 3010 2155 3064 mino
2183 3010 2502 3075 servientes,
2533 3009 2759 3079 pulchre
2786 3009 3135 3078 breviterque
3169 3026 3300 3066 suos
3329 3010 3506 3078 docet,
3539 3020 3595 3068 et

2010 3099 2224 3156 lumbos
2252 3101 2605 3171 praecingere,
2631 3107 2855 3170 propter
2892 3099 3289 3155 continentiam
3315 3103 3382 3156 ab
3409 3117 3597 3158 amore

332 3166 450 3262 ipse
477 3189 772 3253 mandavit,
801 3204 909 3243 non
947 3166 1074 3253 alia,
1097 3195 1154 3242 et
1187 3166 1324 3242 haec
1344 3202 1452 3242 non
1496 3203 1562 3242 ex
1608 3196 1787 3257 parte,
1813 3189 1908 3244 sed
1934 3166 1978 3228 C
2012 3207 2190 3247 rerum
2219 3166 2598 3258 saecularium,
2625 3166 2680 3246 et
2723 3166 2973 3247 lucernas
3007 3193 3260 3248 ardentes
3290 3194 3510 3261 habere,
3536 3206 3597 3251 ut

331 3280 517 3336 omnia
546 3279 658 3335 suis
686 3279 1020 3334 auditoribus
1042 3279 1110 3332 ad
1158 3279 1424 3334 servanda
1475 3279 1688 3334 tradere
1731 3279 1906 3347 jubet.

405 3369 464 3427 Si
487 3372 605 3442 quis
631 3372 893 3426 ministrat
931 3379 1182 3441 tanquam
1205 3386 1271 3424 ea:
1292 3371 1482 3424 virtute
1502 3409 1518 3434 ,
1537 3387 1695 3441 quant
1735 3371 1910 3424 admi-

329 3467 523 3521 nistrat
549 3464 710 3518 Deus.
737 3464 912 3518 Tanto
941 3462 1197 3518 humilius
1228 3463 1505 3533 impendat
1530 3464 1759 3533 quisque
1793 3480 1912 3534 pro-

328 3556 483 3611 ximo
511 3553 708 3609 bonum
737 3568 896 3608 omne
937 3553 1082 3622 quod
1127 3560 1325 3621 potest,
1353 3561 1557 3622 quanto
1608 3553 1911 3610 certissime

327 3647 506 3713 novit,
529 3661 650 3718 qua:
671 3661 705 3700 a
743 3644 1034 3714 semetipso
1064 3659 1173 3698 non
1191 3651 1369 3714 potest
1393 3643 1614 3707 habere,
1642 3658 1762 3712 qua:
1806 3642 1910 3698 im-

328 3737 558 3809 pendat.

407 3828 478 3884 Ut
502 3831 558 3884 in
582 3829 822 3884 omnibus
842 3826 1218 3897 honoriﬁcetur
1245 3825 1409 3890 Deus,
1431 3843 1524 3896 per
1543 3825 1725 3880 Jesum
1755 3824 1910 3879 Chri-

295 3980 298 3982 γ
328 3932 494 3978 stunt.
521 3919 681 3976 Juxta
707 3921 876 3992 ipsius
900 3919 1028 3976 Jesu
1056 3919 1256 3975 Christi
1282 3927 1631 3989 praeceptum,
1655 3935 1763 3989 quo
1788 3919 1865 3972 ait
1893 3936 1906 3973 :

341 4013 570 4069 Videant
597 4023 765 4068 vestra
787 4029 945 4083 opera
974 4013 1130 4076 bona,
1159 4021 1206 4066 et
1251 4011 1545 4082 gloriﬁcent
1579 4009 1789 4065 Patrem
1835 4029 1912 4066 ve-

327 4104 632 4176 strum,qui
655 4105 710 4157 in
733 4102 872 4157 cwlis
894 4112 969 4156 est
995 4101 1206 4174 (Matth.
1233 4117 1265 4155 v
1290 4107 1331 4173 ).
1358 4100 1757 4156 Houorilicatur
1783 4116 1910 4172 ergo

329 4198 482 4254 Deus
508 4198 562 4252 in
595 4197 806 4252 actibus
837 4195 1068 4260 nostris,
1111 4209 1234 4249 cum
1278 4194 1456 4248 omnia
1488 4209 1609 4262 qua:
1661 4195 1800 4249 bene
1847 4209 1912 4247 ac

330 4288 633 4346 secundum
661 4287 995 4341 voluntatem
1037 4283 1154 4354 ejus
1179 4284 1424 4351 facimus,
1448 4300 1554 4339 non
1585 4284 1687 4340 hoc
1711 4285 1910 4338 nostris

331 4378 569 4442 meritis,
597 4377 691 4432 sed
711 4376 828 4447 ejus
847 4375 1038 4445 gratia:
1069 4375 1376 4430 tribuimus.

406 4467 477 4521 Et
511 4483 627 4522 cum
649 4466 948 4537 apparuerit
978 4465 1214 4535 princeps
1242 4474 1531 4534 pastorum.
1585 4462 1739 4519 Sicut
1765 4463 1907 4519 enim

333 4557 540 4614 dicitur
564 4555 812 4611 Christus
849 4570 944 4609 rex
992 4569 1198 4624 regum,
1224 4553 1484 4609 Dominus
1517 4555 1904 4609 dominantium

331 4658 395 4706 et
445 4647 698 4718 princeps
744 4645 1066 4716 principum,
1099 4652 1154 4699 et
1181 4652 1364 4712 pastor
1395 4652 1692 4712 pastorum,
1719 4643 1791 4697 ita
1821 4643 1910 4698 hic

333 4738 658 4809 intelligitur
677 4735 991 4806 Apostolum
1021 4735 1222 4788 dixisse
1242 4734 1492 4804 princeps
1520 4742 1818 4803 pastorum.

411 4827 716 4900 Percipietis
746 4826 1226 4882 immarcescibilem
1267 4824 1448 4896 gloria:
1493 4841 1760 4879 coronam.
1807 4824 1911 4880 lm-

331 4918 764 4976 marcescibilem
812 4917 968 4983 dixit,
1016 4916 1142 4986 quia
1190 4930 1296 4970 non
1350 4915 1760 4969 inveterabitur.
1810 4913 1912 4967 Co-

333 5026 528 5068 ronam
551 5025 648 5079 pro
673 5009 972 5064 aeternitate
993 5008 1115 5062 vitta
1135 5021 1257 5061 cum
1286 5007 1524 5076 prmmiis
1546 5005 1910 5076 sempiternis.

413 5101 551 5154 Deus
569 5107 743 5154 autem
769 5100 938 5153 omnis
956 5099 1162 5168 gratim,
1184 5097 1272 5167 qui
1310 5097 1506 5150 vocavit
1547 5111 1641 5148 nos
1678 5095 1734 5148 in
1772 5103 1918 5147 teter-

332 5209 464 5249 nam
489 5207 642 5246 suam
675 5189 899 5261 gloriam
929 5190 982 5242 in
1010 5188 1219 5243 Christo
1250 5187 1400 5252 Iesu,
1430 5187 1689 5240 modicum
1712 5195 1912 5254 passos.

334 5283 485 5338 Deus
519 5290 698 5335 autem
730 5280 908 5335 omnis
931 5279 1120 5350 gratia:
1149 5277 1348 5332 dicitur
1389 5277 1527 5332 idem
1571 5275 1919 5330 multiformis

331 5373 546 5446 gratim.
596 5372 768 5430 Omne
811 5371 955 5425 enim
997 5372 1198 5425 bonum
1242 5367 1386 5438 quod
1420 5367 1585 5422 habet
1606 5367 1788 5430 homo,
1817 5382 1915 5436 per

331 5464 570 5535 gratiam
594 5462 792 5532 accipit
815 5460 940 5526 Dei,
957 5461 1132 5515 omnis
1155 5461 1298 5514 enim
1326 5459 1497 5530 gloria
1524 5459 1593 5512 ab
1621 5459 1710 5512 illo
1734 5458 1910 5525 datur,

331 5554 539 5611 iterum
577 5555 646 5608 ad
673 5553 823 5608 illum
854 5551 1107 5606 refertur.

415 5643 536 5714 Ipse
561 5644 812 5716 perﬁciet,
839 5641 1166 5710 conﬁrmabit
1184 5680 1198 5705 ,
1229 5639 1594 5709 solidubitque,
1623 5641 1719 5708 ipsi
1749 5639 1914 5710 gloria

337 5737 400 5791 in
419 5735 612 5802 sucula
642 5733 974 5790 sa’cttlorum.
1012 5732 1235 5787 Vocavit
1261 5749 1356 5786 nos
1403 5732 1456 5784 in
1501 5741 1753 5787 aeternam
1803 5733 1916 5796 glo-

1934 4507 1988 4564 D

2010 3285 2112 3340 hoc
2138 3285 2314 3356 ipsum
2342 3301 2473 3340 vero
2501 3286 2606 3340 line
2633 3293 2686 3339 et
2713 3293 2862 3340 recta
2889 3285 3192 3340 intentione
3221 3285 3443 3342 faciant.
3486 3286 3601 3342 Ali-

2011 3383 2114 3440 ter,
2139 3375 2350 3430 lumbos
2395 3376 2794 3447 prmeingimus,
2822 3390 2945 3430 eum
2978 3376 3160 3430 carnis
3184 3377 3474 3443 luxuriam,
3497 3393 3596 3449 per

2010 3467 2397 3521 continentiam
2429 3476 2794 3522 coarctamus.

2079 3558 2353 3614 Lucernas
2392 3566 2576 3612 autem
2607 3561 2864 3616 ardentes
2919 3561 2972 3616 in
3019 3560 3268 3615 manibus
3321 3568 3596 3626 tenemus,

2009 3665 2132 3705 cum
2168 3663 2265 3718 per
2294 3649 2433 3703 bona
2458 3663 2623 3719 opera
2646 3651 2912 3718 proximis
2941 3651 3143 3706 nostris
3177 3649 3312 3704 lucis
3352 3651 3598 3720 exempla

2009 3740 2755 3809 monstramuleedemptori
2798 3742 3000 3796 ctenim
3045 3750 3232 3796 nostro
3273 3757 3438 3796 unum
3479 3743 3598 3798 sine

2009 3830 2180 3884 altero
2208 3829 2420 3900 placere
2446 3845 2788 3900 nequaquam
2810 3839 3010 3902 potest.

2078 3921 2146 3975 Et
2173 3938 2258 3976 vos
2291 3920 2486 3976 similes
2519 3921 2816 3976 hominibus
2847 3920 3267 3991 exspectantibus
3307 3920 3596 3976 Dominum

2009 4031 2182 4078 suum,
2211 4025 2318 4069 etc.
2349 4013 2430 4068 Ad
2454 4013 2672 4083 nuptias
2693 4014 2890 4084 quippe
2916 4013 3174 4067 Dominus
3201 4013 3358 4077 abiit,
3387 4012 3479 4081 qui
3514 4026 3598 4067 re-

2011 4119 2238 4174 surgens
2263 4119 2294 4158 a
2339 4103 2586 4167 mortuis,
2613 4104 2909 4158 ascendens
2959 4103 3010 4155 in
3063 4103 3278 4167 ctelum,
3308 4117 3596 4170 supernam

2011 4197 2115 4252 sibi
2143 4196 2459 4266 angelorum
2485 4195 2885 4250 multitudinem
2916 4210 3086 4250 novus
3110 4194 3273 4248 homo
3303 4193 3593 4262 copulavit,

2011 4288 2136 4358 quia
2168 4295 2298 4341 tunc
2321 4294 2626 4340 revertetur
2647 4301 2770 4340 cum
2819 4284 2977 4338 nobis
3020 4284 3132 4353 jam
3186 4299 3286 4353 per
3332 4281 3597 4350 judicium

2012 4377 2411 4438 manifestatur,
2437 4377 2575 4432 bene
2609 4384 2789 4431 autem
2832 4377 2902 4432 de
2942 4375 3113 4431 servis
3157 4373 3598 4445 exspectantibus

2013 4468 2279 4522 subditur.

2087 4557 2154 4611 Ut
2181 4575 2300 4612 cum
2335 4558 2524 4612 venerit
2561 4565 2609 4611 et
2647 4556 2930 4628 pulsaverit
2960 4556 3232 4626 confestim
3260 4554 3496 4626 aperiant
3524 4554 3594 4608 ei.

2019 4650 2178 4705 Venit
2206 4649 2404 4718 quippe
2432 4663 2554 4703 cum
2583 4648 2650 4702 ad
2669 4647 2930 4717 judicium
2957 4654 3231 4716 properat.
3259 4644 3440 4699 l’ulsat
3469 4658 3600 4699 vero

2015 4756 2140 4795 cum
2168 4739 2282 4808 jam
2313 4754 2409 4808 per
2433 4738 2766 4808 aegritudinis
2797 4736 3072 4792 molestias
3095 4753 3216 4791 esse
3257 4743 3489 4790 mortem
3517 4735 3598 4789 vi-

2017 4831 2194 4884 cinam
2246 4830 2526 4898 designat,
2573 4827 2658 4882 cui
2709 4825 2989 4880 confestim
3039 4825 3345 4894 aperimus,
3373 4825 3416 4878 si
3452 4824 3599 4880 hunc

2019 4935 2141 4974 cum
2181 4934 2366 4972 amore
2395 4917 2738 4985 suscipimus.
2765 4914 2987 4984 Aperire
3014 4915 3155 4968 enim
3176 4913 3340 4982 judici
3363 4912 3599 4983 pulsanti

2019 5025 2126 5064 non
2160 5009 2294 5072 vult,
2323 5007 2413 5078 qui
2458 5007 2609 5060 exire
2661 5006 2727 5059 de
2771 5020 2999 5072 corpore
3048 5005 3299 5072 trepidat,
3330 5011 3385 5056 et
3414 5003 3600 5058 videre

2017 5116 2164 5164 eum,
2191 5115 2352 5168 quem
2381 5097 2770 5166 contempsisse
2799 5111 2856 5150 se
2885 5095 3128 5148 meminit
3150 5095 3386 5164 judicem
3410 5093 3599 5148 formi-

2022 5193 2132 5247 dat.
2157 5191 2256 5258 Qui
2289 5198 2467 5244 autem
2497 5189 2562 5243 de
2589 5204 2684 5241 sua
2718 5203 2813 5256 spe
2835 5187 3218 5256 etoperatione
3240 5200 3461 5241 securus
3487 5192 3596 5247 est,

2019 5281 2254 5352 pulsanti
2293 5278 2576 5334 confestim
2607 5277 2797 5346 aperit,
2825 5277 2949 5346 quia
2978 5276 3131 5330 lactus
3154 5263 3389 5344 judicem
3425 5272 3595 5326 susti-

2022 5381 2132 5427 net.
2172 5371 2236 5424 Et
2262 5386 2382 5424 cum
2413 5379 2623 5439 tempus
2649 5367 2962 5437 propinqure
2991 5367 3180 5422 mortis
3203 5363 3501 5434 agnoverit,
3530 5360 3598 5416 de

2017 5460 2185 5533 gloria
2214 5457 2581 5512 retributionis
2607 5457 2904 5510 bilaresrit.
2939 5455 3089 5510 Unde
3114 5463 3166 5506 et
3192 5451 3441 5506 subditur
3474 5466 3487 5500 :

2089 5551 2240 5604 Beati
2265 5550 2402 5603 servi
2431 5548 2510 5602 illi
2536 5565 2664 5620 quos
2689 5564 2804 5601 cum
2830 5547 3017 5601 venerit
3045 5544 3320 5604 Dominus,
3344 5537 3598 5592 invenerit

2019 5641 2309 5710 vigilantes.
2341 5639 2539 5709 Vigilat
2567 5639 2656 5708 qui
2681 5638 2748 5692 ad
2770 5645 3045 5705 aspectum
3075 5632 3187 5684 veri
3210 5629 3428 5684 luminis
3448 5644 3599 5684 men-

2021 5732 2090 5786 tis
2124 5729 2308 5786 oculos
2340 5738 2553 5786 aucrtos
2583 5737 2742 5782 tenet.
2777 5724 2970 5790 Vigilat
2995 5722 3084 5784 qui
3115 5729 3294 5776 servat
3321 5719 3594 5786 operando
