3932 6204
347 351 459 409 539

1623 339 1978 400 SIIARAGDI
2013 336 2306 395 ABBATIS

3521 326 3624 384 550

354 464 498 536 quod
512 463 708 520 credit.
741 460 937 532 Vigilat
956 460 1084 532 quis
1115 473 1178 516 se
1221 458 1474 529 corporis
1509 465 1567 512 et
1587 453 1928 527 negligentie
1955 456 2007 514 Α
2035 449 2210 504 Moses
2255 464 2287 502 a
2344 455 2556 503 sacrae
2604 447 2700 502 Dei
2755 446 2943 502 exiens
2991 453 3373 502 coruscantem
3402 442 3627 536 faciem

355 557 608 612 tenebras
631 556 862 626 repellit.

425 654 588 705 Amen
623 650 744 704 dico
787 646 1117 720 subi-qud
1155 646 1434 718 prma'nget
1476 660 1550 709 se,
1581 652 1630 698 et
1654 643 1782 711 fecit
1809 640 1933 695 illos

353 742 695 806 discumbere,
720 748 770 794 et
809 741 1074 794 transiens
1112 738 1430 793 ministrabit
1471 735 1604 790 illis.
1646 733 1936 801 Prseingit

351 849 433 899 se,
460 834 514 888 id
542 840 655 896 est,
688 832 754 886 ad
779 831 1192 886 retributionem
1217 835 1577 898 praeparatur,
1603 825 1767 880 faciet
1813 825 1934 879 illos

353 923 711 986 discumbere,
742 923 794 977 id
822 931 924 986 est,
955 923 1008 976 in
1050 930 1254 976 :cterna
1282 920 1462 989 quiete
1509 917 1764 973 refoveri.
1809 917 1932 971 Dis-

351 1017 608 1072 eumbere
644 1016 840 1085 quippe
880 1023 1129 1068 nostrqu
1185 1013 1243 1067 in
1287 1025 1456 1081 regno
1497 1011 1779 1080 quiescere
1827 1015 1931 1063 est.

353 1108 649 1163 Transions
686 1118 866 1161 autem
899 1106 1157 1160 Dominus
1180 1105 1479 1169 ministrat,
1502 1103 1627 1172 quia
1658 1102 1795 1157 lucis
1823 1115 1935 1156 suae

353 1203 710 1257 illustratiene
763 1216 864 1255 nos
907 1199 1088 1255 satiat.
1135 1197 1444 1252 Transitum
1491 1197 1694 1251 dictum
1739 1204 1843 1260 est,
1868 1195 1936 1250 de

345 1295 560 1365 judicio
591 1294 656 1348 ad
705 1308 930 1365 regnum
982 1291 1141 1354 redit,
1175 1288 1255 1343 vel
1294 1296 1442 1344 certe
1471 1287 1731 1342 Dominus
1779 1285 1936 1339 nobis

350 1396 474 1456 post
489 1384 752 1453 judicium
805 1383 1016 1445 transit,
1063 1381 1156 1450 qui
1202 1379 1268 1433 ad
1317 1376 1673 1446 humanitatis
1702 1374 1934 1428 formam

351 1477 652 1533 divinitatis
667 1491 776 1531 suae
797 1473 1250 1544 contemplatione
1274 1487 1375 1525 nos
1393 1470 1587 1525 elevat.
1607 1468 1676 1522 Et
1703 1467 1936 1522 transire

350 1568 495 1623 enim
519 1574 601 1621 est
627 1567 680 1620 in
707 1564 971 1620 claritatis
993 1578 1103 1617 sum
1131 1561 1554 1632 speculationem
1587 1575 1686 1614 nos
1715 1558 1934 1622 ducere,

351 1685 472 1724 cum
503 1668 646 1722 enim
676 1679 798 1722 eum
821 1678 982 1734 quem
1014 1663 1068 1716 in
1099 1661 1438 1716 humanitate
1461 1659 1513 1712 in
1535 1657 1741 1728 judicio
1763 1655 1913 1711 cerni

352 1777 474 1816 mus
494 1801 508 1826 ,
541 1759 704 1814 etiam
728 1757 789 1811 in
819 1755 1099 1810 divinitate
1127 1760 1244 1822 post
1269 1749 1533 1819 judicium
1557 1748 1824 1802 videmus.

420 1850 489 1904 Et
515 1849 562 1903 si
590 1848 780 1904 venerit
809 1847 862 1899 in
884 1843 1114 1899 secunda
1135 1842 1398 1912 vigilia,et
1422 1840 1468 1893 si
1493 1841 1549 1893 in
1565 1838 1722 1892 tertia
1749 1836 1930 1908 vigilia

347 1939 564 2002 venerit,
596 1945 643 1990 et
677 1935 751 1989 ita
797 1934 1070 1997 invenerit,
1102 1932 1238 1986 beati
1267 1938 1387 1984 sunt
1423 1929 1560 1983 servi
1599 1927 1699 1982 illi.
1745 1926 1930 1981 Prima

346 2030 530 2102 vigilia
560 2030 882 2101 primmvum
909 2034 1126 2095 tempus
1171 2031 1274 2088 est,
1297 2021 1354 2077 id
1397 2030 1501 2086 est,
1529 2019 1781 2091 pueritia.
1833 2017 1932 2074 Se-

347 2121 523 2178 cunda
574 2119 957 2185 adolescentia,
986 2117 1073 2172 vel
1114 2115 1405 2187 juventus,
1444 2128 1566 2184 quae
1604 2111 1932 2167 auctoritate

339 2216 488 2272 sacri
516 2213 713 2284 eloquii
738 2227 904 2268 unum
938 2217 1065 2266 sunt
1087 2208 1318 2264 dicentis
1345 2225 1360 2261 :
1392 2202 1852 2275 La’tarejuvenis,
1876 2201 1932 2256 in

347 2303 698 2359 adolescentia
751 2314 844 2356 tua
885 2299 1092 2374 ‘(Eccle.
1115 2297 1208 2374 si).
1248 2297 1431 2352 Tertia
1466 2304 1647 2350 autem
1677 2302 1931 2350 senectus

347 2394 630 2463 accipitur.
660 2391 761 2460 Qui
787 2371 916 2446 vero
939 2371 1163 2460 vigilare
1187 2388 1241 2442 in
1287 2387 1460 2457 prima
1505 2385 1684 2455 vigilia
1737 2384 1928 2449 noluit,

347 2485 616 2540 custodiat
643 2483 728 2539 vel
769 2482 1084 2543 secundam,
1113 2487 1167 2532 et
1195 2478 1284 2548 qui
1313 2476 1555 2532 converti
1582 2491 1612 2529 a
1644 2477 1930 2545 pravitati-

337 2576 445 2632 bus
476 2576 590 2631 suis
618 2575 669 2628 in
695 2573 926 2644 pueritia
957 2569 1190 2639 neglexit
1239 2569 1307 2623 ad
1335 2567 1450 2621 vias
1478 2566 1623 2632 vit-.e,
1659 2566 1851 2621 saltem
1873 2567 1930 2623 in

348 2664 897 2736 temporejuventutis
917 2661 1148 2732 evigilet.
1171 2660 1238 2714 Et
1261 2659 1349 2729 qui
1371 2658 1598 2728 vigilare
1614 2659 1667 2712 in
1691 2661 1929 2714 secunda

343 2755 529 2827 vigilia
563 2752 960 2818 noluit,terti:c
1009 2749 1202 2820 vigilia:
1249 2747 1488 2803 remedia
1537 2761 1644 2801 non
1690 2750 1926 2802 amittat.

338 2846 421 2903 Ut
439 2846 530 2916 qui
553 2854 610 2902 et
637 2847 688 2900 in
707 2845 988 2915 iuventute
1015 2843 1081 2896 ad
1109 2841 1227 2896 vias
1253 2841 1378 2895 vitae
1408 2854 1516 2894 non
1545 2838 1790 2910 evigilat,
1818 2839 1930 2894 sal-

348 2946 457 2992 tem
481 2937 534 2992 in
570 2943 847 2992 senectute
899 2933 1203 3004 resipiscat.
1251 2930 1334 2985 Ad
1375 2930 1751 2986 excutiendam
1797 2944 1930 2986 vero

347 3032 544 3086 mentis
571 3038 771 3085 nostra:
799 3028 1081 3091 desidiam,
1110 3027 1276 3082 etiam
1305 3025 1575 3080 exteriora
1606 3025 1801 3080 damna
1831 3039 1930 3093 per

348 3119 752 3176 similitudinem
789 3118 1148 3181 deducuntur,
1175 3123 1235 3170 ut
1282 3130 1384 3184 per
1421 3115 1545 3170 haec
1593 3115 1806 3170 animus
1859 3115 1928 3170 ad

349 3223 505 3265 suam
529 3209 830 3264 custodiam
859 3209 1168 3263 suscitetur.
1198 3205 1331 3261 Nam
1360 3205 1558 3262 dicitur
1591 3226 1604 3261 :

423 3299 540 3353 Hoc
559 3308 734 3352 autem
762 3299 942 3352 scitote
960 3337 972 3348 .
999 3289 1261 3362 Quoniam
1285 3295 1332 3350 si
1347 3298 1502 3351 sciret
1524 3296 1928 3368 paterfamilias,

348 3406 455 3463 qua
487 3380 619 3444 hora
661 3389 750 3460 {ur
783 3389 1011 3454 veniret,
1040 3387 1276 3460 vigilaret
1301 3389 1502 3460 utique,
1530 3397 1580 3442 et
1610 3405 1714 3442 non
1739 3390 1929 3443 sineret

348 3481 556 3554 perfodi
580 3480 793 3535 domum
813 3497 984 3534 suam.
1010 3479 1088 3534 Ex
1111 3494 1216 3549 qua
1239 3481 1521 3551 praamissa
1559 3479 1928 3546 similitudine,

347 3572 512 3628 etiam
543 3571 850 3626 exhortatio
877 3569 1238 3638 subinfertur,
1261 3585 1383 3626 cum
1412 3571 1648 3626 dicitur:

425 3659 492 3713 Et
534 3675 620 3714 vos
649 3669 809 3714 estote
835 3660 1028 3729 parati,
1055 3659 1180 3730 quia
1211 3661 1421 3715 nescitis
1457 3678 1561 3732 qua
1613 3662 1744 3715 liora
1763 3656 1931 3717 Filius

348 3747 576 3802 hominis
629 3748 813 3802 veniet.
862 3747 1151 3804 Nesciente
1201 3749 1343 3804 enim
1399 3748 1794 3819 patrisfamilias
1841 3752 1932 3808 fur

350 3841 571 3895 domum
615 3838 868 3910 perfodit,
900 3840 1027 3908 quia
1067 3839 1194 3894 dum
1238 3855 1270 3894 a
1319 3840 1401 3894 sui
1431 3841 1674 3895 custodia
1703 3843 1932 3911 spiritus

353 3933 574 3998 dormit,
604 3932 896 4002 improvisa
939 3947 1086 3987 mors
1111 3932 1334 3987 veniens
1354 3932 1533 3987 carnis
1554 3940 1754 3988 nostra:
1777 3934 1931 3990 habi-

349 4025 588 4080 taculum
625 4025 896 4094 irrumpit,
929 4032 985 4080 et
1009 4039 1134 4080 eum
1158 4038 1318 4094 quem
1341 4024 1589 4080 dominus
1626 4024 1818 4080 domus
1851 4025 1929 4081 in-

346 4117 562 4173 venerit
584 4118 940 4174 dormientem
971 4126 1147 4185 necat,
1180 4118 1305 4188 quia
1332 4133 1455 4174 cum
1481 4126 1708 4173 ventura
1734 4119 1929 4174 damna

349 4211 573 4281 spiritus
621 4211 842 4267 minime
882 4211 1150 4283 praevidit,
1181 4212 1326 4268 hunc
1349 4226 1498 4267 mors
1520 4211 1585 4267 ad
1611 4211 1927 4282 supplicium

351 4303 681 4358 nescientem
713 4304 871 4374 rapit.
905 4303 1033 4357 Furi
1057 4311 1234 4358 autem
1267 4304 1563 4369 resisteret,
1589 4304 1633 4358 si
1660 4303 1927 4375 vigilaret,

349 4394 478 4464 quia
524 4395 811 4449 adventum
860 4393 1080 4464 iudicis,
1126 4394 1218 4464 qui
1255 4394 1465 4450 occulte
1492 4394 1730 4449 animam
1761 4394 1924 4465 rapit,

347 4497 657 4556 praecavens
699 4487 748 4540 ei
792 4487 1104 4557 pmuitendo
1130 4495 1460 4550 occurreret,
1488 4502 1557 4542 ne
1579 4487 1926 4558 imptenitens

2033 555 2217 596 coram
2261 537 2459 608 populo
2504 537 2668 603 velat,
2699 540 2828 608 quia
2856 538 3115 592 nimirum
3157 536 3336 592 turbis
3364 535 3631 594 claritatis

2034 630 2240 686 uitium
2281 645 2482 685 arcana
2513 647 2621 686 non
2657 632 2882 688 indicat.
2923 628 3031 685 Pro
3059 630 3323 700 qualitate
3346 629 3515 700 igitur
3535 643 3630 686 au-

2033 722 2297 778 dientium
2329 720 2555 777 formari
2597 723 2760 778 debet
2789 737 2974 778 sermo
3005 722 3320 784 docuit-um,
3345 729 3412 775 ut
3457 729 3517 775 et
3555 719 3628 777 ad

2031 830 2130 870 sua
2155 814 2380 888 singulis
2407 823 2692 884 congruat,
2724 822 2780 870 et
2802 822 2982 870 tamen
3002 828 3034 868 a
3055 812 3362 868 communis
3378 810 3628 867 aediﬁca-

2033 908 2195 963 tionis
2219 917 2340 963 arte
2358 924 2636 979 nunquam
2661 907 2900 963 recedat.

2101 999 2299 1056 Beatus
2321 999 2412 1056 ille
2432 1017 2636 1065 servus,
2661 1015 2813 1071 quem
2841 1015 2960 1053 cum
2987 998 3179 1054 venerit
3202 995 3461 1053 Dominus
3486 995 3625 1068 ejus,

2032 1091 2282 1145 invenerit
2307 1091 2382 1144 ita
2403 1091 2704 1161 facientem.
2733 1088 2860 1144 Vere
2880 1089 2999 1144 dico
3020 1089 3184 1153 vobis,
3196 1089 3322 1160 quis
3341 1104 3501 1159 super
3515 1104 3625 1143 omo

2035 1184 2125 1236 nia
2150 1198 2269 1252 quae
2302 1181 2533 1252 possidet
2559 1182 2838 1234 constituet
2862 1196 3004 1234 eum.
3043 1178 3260 1246 Quanta
3289 1179 3433 1234 inter
3453 1177 3628 1234 bonos

2034 1274 2313 1328 auditores
2356 1281 2415 1327 et
2457 1272 2634 1328 bonos
2669 1271 2923 1328 doctores
2959 1271 3288 1326 meritomm
3336 1270 3624 1334 distantis,

2035 1373 2186 1420 tanta
2206 1366 2294 1419 est
2315 1373 2371 1419 et
2398 1363 2765 1432 praemiorum.
2808 1361 2918 1417 [los
2962 1362 3106 1417 enim
3157 1362 3476 1426 adveniens,
3503 1376 3627 1416 cum

2034 1454 2325 1526 vigilantes
2353 1453 2620 1509 invenerit
2640 1493 2656 1519 ,
2684 1451 2843 1508 faciet
2865 1452 3244 1517 diswmbere,
3270 1459 3327 1507 et
3355 1452 3628 1512 transiens

2036 1544 2371 1600 ministrabit
2391 1545 2492 1598 eis.
2513 1544 2638 1600 lllos
2661 1552 2842 1600 autem
2859 1559 2984 1600 eum
3006 1543 3157 1599 verbi
3176 1557 3390 1598 manus
3409 1541 3631 1602 familia:

2037 1637 2142 1693 sibi
2191 1636 2432 1703 credita,
2470 1635 2748 1702 ﬁdeliter.
2787 1636 3197 1706 prudenterqu
3243 1634 3630 1704 dispensantes

2035 1727 2326 1788 invenerit.
2353 1741 2522 1798 81mm
2544 1729 2729 1784 omnia
2755 1743 2882 1798 quae
2928 1728 3173 1797 possidet
3215 1727 3534 1791 constituet,
3575 1724 3629 1780 id

1959 1811 2008 1873 Β
2027 1828 2143 1883 est,
2165 1832 2332 1887 supra
2355 1816 2545 1871 omstia
2579 1817 2827 1873 cmlestis
2848 1817 3003 1887 segni
3040 1816 3264 1886 gaudia,
3294 1831 3404 1872 non
3439 1815 3630 1886 utique

2024 1919 2095 1965 ut
2115 1911 2308 1965 horum
2334 1909 2438 1964 soli
2465 1909 2769 1966 dominium
2787 1917 3031 1976 temet,
3044 1911 3141 1966 sed
3158 1918 3223 1966 ut
3242 1925 3438 1966 eorum
3455 1909 3631 1966 abun-

2025 2001 2248 2056 .dnntius
2262 2017 2376 2071 prae
2393 2000 2608 2056 ciem-is
2625 2001 2830 2058 sanctis
2841 2009 3053 2058 aeterna
3075 2001 3426 2071 possessione
3439 1999 3623 2056 trusa-

2014 2101 2142 2146 ων.
2175 2091 2280 2158 Qui
2311 2092 2457 2148 enim
2489 2090 2638 2148 docti
2665 2091 2888 2158 fuerint,
2920 2089 3205 2162 litigabunt
3242 2090 3402 2160 quasi
3443 2089 3631 2160 splen-

2033 2183 2133 2238 dor
2155 2182 2502 2249 lirmamenti,
2526 2193 2582 2238 et
2606 2183 2699 2254 qui
2725 2183 2792 2238 ad
2811 2183 3083 2254 justitiam
3105 2182 3366 2238 etv-dium
3381 2181 3592 2241 mlta
3605 2219 3628 2250 ν

2029 2275 2191 2344 quasi
2215 2274 2388 2330 stella:
2420 2275 2476 2330 in
2495 2283 2789 2346 perpetuas
2803 2275 3145 2331 :etenitates

2385 2383 2552 2423 Λιιω
2587 2382 2960 2436 εγλιιιεειιοι,
2989 2383 3112 2424 LUC.
3146 2383 3263 2424 XIX.

2107 2477 2126 2512 ι
2161 2459 2338 2515 Homo
2360 2459 2580 2530 quidam
2610 2461 2809 2515 nobilis
2839 2461 2974 2516 abiit
2991 2461 3057 2515 in
3083 2459 3371 2531 regionem
3389 2461 3624 2531 longin-

2025 2567 2056 2602 ί
2095 2565 2284 2620 quam,
2330 2551 2578 2620 accipere
2613 2551 2718 2606 sibi
2751 2566 2978 2623 regnum
3015 2560 3076 2608 et
3117 2553 3340 2608 reverti.
3393 2553 3619 2612 Vocati!

2033 2661 2056 2696 ι
2097 2655 2280 2698 autem
2303 2643 2479 2698 servis
2513 2642 2646 2710 suis,
2678 2643 2834 2698 dedit
2865 2643 2970 2699 illis
2993 2644 3182 2699 decem
3217 2646 3418 2711 atinas,
3460 2657 3516 2702 et
3545 2647 3628 2702 ait

2029 2754 2055 2788 4
2100 2736 2166 2790 ad
2205 2734 2324 2790 illos
2363 2753 2376 2790 :
2418 2733 2781 2805 Negotiamini
2830 2734 2958 2789 dum
3004 2737 3184 2790 venio.
3232 2735 3398 2791 Cives
3437 2744 3621 2792 autem

2029 2847 2055 2881 ς
2089 2828 2208 2897 eius
2245 2828 2476 2883 oderant
2513 2827 2664 2882 illum
2694 2841 2710 2881 :
2741 2827 2810 2881 Et
2841 2827 3114 2882 miserunt
3138 2827 3465 2898 legationem
3501 2835 3627 2898 post

2031 2937 2054 2972 λι
2096 2921 2248 2975 illum
2276 2962 2294 2988 ,
2339 2921 2625 2977 dicentes:
2664 2917 2928 2974 Nolumus
2971 2918 3120 2974 hunc
3174 2934 3407 2991 regnare
3453 2934 3621 2990 super

2034 3028 2054 3061 ι
2091 3026 2194 3067 nos
2217 3026 2232 3066 :
2257 3012 2329 3066 Et
2359 3010 2566 3066 factum
2598 3017 2689 3066 est
2705 3017 2770 3064 ut
2797 3009 3001 3064 rediret
3025 3017 3252 3080 accepto
3280 3025 3474 3082 regno,
3497 3012 3622 3082 jus—

2031 3118 2054 3152 s
2095 3101 2168 3155 sit
2196 3101 2381 3157 vocari
2414 3115 2636 3166 servos,
2660 3099 2862 3170 quibus
2902 3099 3050 3155 dedit
3071 3102 3360 3171 pecuniam
3379 3143 3396 3167 ,
3425 3112 3486 3157 ut
3509 3103 3623 3158 sci-

1952 3191 2000 3254 C
2034 3213 2056 3247 ς
2100 3203 2186 3250 ret
2203 3204 2468 3266 quantum
2489 3195 2724 3266 quisque
2745 3194 3052 3266 negotiatus
3065 3202 3232 3250 esset.
3258 3195 3421 3250 Venit
3439 3204 3621 3251 autem

2036 3303 2056 3336 ι
2097 3287 2306 3355 primus
2347 3286 2534 3342 dicens
2565 3303 2580 3341 :
2612 3285 2863 3351 Domine,
2895 3284 3044 3339 mina
3075 3292 3198 3350 tua,
3224 3286 3416 3341 decem
3442 3287 3626 3341 minas

2037 3397 2055 3429 ι
2093 3377 2402 3447 acquisivit,
2443 3385 2497 3433 et
2528 3377 2605 3431 ait
2635 3375 2711 3430 illi
2738 3393 2752 3430 :
2777 3370 2957 3447 Euge,
2981 3389 3146 3430 serve
3170 3375 3314 3431 bone
3331 3384 3395 3430 et
3413 3375 3622 3441 ﬁdelis,

2035 3485 2055 3520 ο
2098 3468 2222 3539 quia
2237 3467 2298 3522 .in
2322 3467 2697 3524 modicwfuisti
2720 3465 2915 3532 ﬁdelis,
2933 3467 3049 3521 eris
3069 3473 3393 3537 potestatem
3410 3467 3628 3522 habens

2035 3576 2055 3609 ι
2102 3574 2264 3629 super
2281 3557 2466 3613 decem
2480 3559 2754 3613 civitates.
2781 3557 2856 3611 Et
2882 3556 3018 3612 alter
3049 3556 3220 3624 venit,
3248 3556 3437 3612 dicens
3465 3555 3616 3612 τι).-

2035 3673 2054 3708 ι
2100 3657 2262 3720 mine,
2295 3657 2439 3711 mina
2461 3666 2556 3712 tua
2579 3655 2712 3712 fecit
2741 3659 2980 3727 quinque
3009 3658 3187 3713 minas
3207 3701 3221 3725 ,
3242 3658 3380 3713 huic
3408 3659 3484 3713 ait
3513 3657 3629 3716 εει

2037 3767 2055 3799 ι
2104 3759 2157 3804 tu
2186 3759 2304 3806 esto
2343 3765 2507 3819 super
2533 3750 2774 3820 quinque
2800 3751 3071 3806 civitates.
3100 3751 3167 3806 Et
3193 3753 3335 3807 alter
3363 3752 3510 3805 venit
3537 3751 3628 3806 ﬁ-

2035 3856 2053 3889 ι
2101 3855 2230 3895 cens
2263 3858 2276 3894 :
2309 3839 2557 3907 Domine,
2590 3856 2716 3896 ecce
2743 3841 2891 3896 mina
2922 3851 3034 3908 tua,
3069 3858 3232 3912 quam
3261 3843 3426 3898 habui
3465 3857 3628 3914 repo-

2037 3949 2054 3982 t
2102 3933 2262 3986 sitam
2287 3933 2340 3987 in
2369 3933 2619 3999 sudario;
2651 3933 2805 3988 timui
2833 3935 2977 3989 enim
2997 3943 3072 4000 te,
3098 3935 3226 4005 quia
3253 3935 3415 3990 homo
3432 3943 3628 3992 auste-

2037 4039 2058 4074 c
2097 4039 2188 4078 rus
2213 4039 2292 4089 es,
2318 4023 2461 4079 tollis
2487 4025 2631 4095 quod
2656 4039 2768 4079 non
2793 4025 3046 4096 posuisti,
3076 4035 3131 4080 et
3157 4027 3316 4082 metis
3345 4029 3489 4097 quod
3510 4044 3624 4084 non

2036 4134 2054 4166 ι
2095 4115 2394 4180 seminasti,
2425 4114 2556 4170 dicit
2578 4115 2628 4171 ei
2657 4115 2774 4171 :‘De
2796 4131 2890 4172 ore
2917 4125 3013 4172 tuo
3041 4127 3093 4173 te
3107 4116 3312 4186 judico,
3345 4134 3501 4175 serve
3526 4137 3626 4177 ne~

2035 4222 2054 4254 ι
2092 4219 2272 4274 quam.
2303 4203 2529 4261 Sciebas
2556 4207 2700 4275 quod
2725 4223 2826 4278 ego
2851 4209 3014 4263 homo
3040 4219 3290 4265 austeros
3327 4226 3446 4266 sum
3464 4252 3479 4277 ,
3507 4209 3616 4266 toi—

2036 4314 2054 4346 ‹
2093 4295 2216 4349 Ἰεηε
2232 4295 2374 4364 quod
2396 4311 2502 4350 non
2526 4297 2706 4366 posui,
2729 4306 2785 4351 et
2802 4307 3014 4354 metens
3037 4300 3179 4368 quod
3197 4315 3309 4354 non
3327 4301 3616 4364 seminavi,

2034 4403 2053 4436 ς
2097 4393 2153 4440 et
2180 4401 2348 4455 quare
2375 4401 2481 4440 non
2505 4386 2698 4441 dedisti
2725 4387 3011 4457 pecuniam
3033 4403 3208 4443 meam
3233 4389 3305 4443 ad
3327 4404 3572 4444 mensam
3593 4391 3620 4445 τ

2036 4494 2054 4526 ι
2100 4484 2155 4531 et
2174 4490 2275 4549 ego
2299 4475 2524 4530 veniens
2549 4491 2676 4531 cum
2705 4477 2884 4531 usuris
2905 4479 3092 4547 utique
3117 4477 3415 4550 exegimm
3446 4477 3617 4546 illam,

349 4541 570 4644 periret.
595 4541 944 4630 Horam‘vero
957 4576 1200 4631 ultimam
1225 4577 1488 4632 Dominus
1507 4541 1694 4632 noste‘r
1721 4578 1924 4634 idcirco
1949 4541 2003 4600 Β
2035 4588 2053 4621 ι
2100 4579 2155 4625 el
2183 4570 2490 4626 amantibus
2510 4570 2646 4625 άῖιῖῑ
2675 4583 2691 4624 ε
2717 4570 2941 4628 Auferte
2971 4572 3156 4628 abillo
3180 4574 3385 4627 utinam
3405 4583 3462 4627 et
3483 4573 3616 4628 date

350 4661 506 4719 nobis
535 4663 704 4717 voluit
724 4678 844 4718 esse
870 4663 1220 4734 incognitam,
1241 4672 1305 4719 ut
1338 4679 1551 4734 semper
1595 4666 1768 4734 possit
1806 4681 1928 4722 esse

349 4762 622 4822 suspecta,
649 4761 708 4807 ut
733 4754 857 4809 dum
883 4753 1028 4807 illam
1065 4755 1362 4824 praevidere
1389 4771 1494 4810 non
1518 4770 1830 4826 possumus,
1858 4757 1927 4814 ad

351 4843 497 4899 illam
527 4845 644 4899 sine
664 4845 1062 4900 intermissione
1088 4859 1473 4917 praeparemur.

423 4931 511 4985 Ait
541 4942 713 4986 autem
747 4933 794 4987 ei
840 4931 1030 4989 Petrus
1055 4948 1074 4986 :
1097 4934 1341 5001 Domine,
1371 4935 1440 4989 ad
1470 4952 1565 4991 nos
1612 4936 1744 4991 dicis
1788 4938 1924 4993 hanc

348 5023 674 5095 parabolam,
699 5042 767 5078 an
795 5033 844 5079 et
872 5025 941 5079 ad
967 5026 1185 5080 omnes?
1219 5025 1276 5081 Id
1296 5036 1377 5082 est
1410 5028 1477 5082 ad
1502 5043 1597 5082 nos
1621 5029 1926 5099 specialiter

354 5111 647 5185 apostolos,
685 5129 752 5167 an
792 5123 846 5168 et
884 5116 950 5168 ad
973 5130 1160 5171 omnes
1190 5116 1278 5186 qui
1317 5117 1557 5172 salvandi
1585 5126 1730 5184 sunt,
1755 5119 1926 5174 dicis?

420 5203 569 5257 Dixit
594 5211 765 5256 autem
798 5203 1054 5259 Dominus
1082 5220 1100 5257 .'
1143 5206 1272 5272 Quis
1300 5218 1492 5278 putans
1517 5218 1591 5262 est
1619 5209 1793 5278 ﬁdelis
1844 5211 1927 5264 di-

348 5303 622 5367 spensator
648 5305 694 5349 et
718 5296 965 5366 prudens,
989 5314 1140 5367 quem
1180 5302 1456 5353 constituet
1492 5299 1748 5354 Dominus
1770 5317 1926 5372 super

348 5387 610 5459 familiam
639 5403 813 5453 suam,
844 5396 899 5440 ut
926 5387 1011 5441 det
1034 5387 1138 5442 illis
1161 5389 1216 5442 in
1243 5399 1469 5460 tempore
1513 5391 1673 5444 tritici
1720 5408 1926 5445 mensu-

350 5498 484 5534 ram.
515 5479 617 5534 Per
650 5494 960 5534 mensuram
989 5478 1149 5533 tritici
1175 5480 1496 5549 exprimitur
1516 5481 1708 5537 modus
1752 5481 1922 5536 verbi.

349 5572 469 5627 Alta
504 5571 704 5627 etenim
735 5585 963 5642 quaeque
994 5571 1187 5626 debent
1212 5570 1394 5626 multis
1417 5572 1761 5628 audientibus
1797 5587 1927 5628 con-

353 5662 481 5731 tegi,
505 5671 559 5716 et
582 5663 668 5718 vix
691 5663 883 5734 paucis
909 5661 1132 5733 aperiri,
1154 5676 1225 5716 ne
1243 5677 1364 5718 cum
1396 5672 1624 5734 angusto
1657 5663 1807 5718 cordi
1838 5662 1922 5717 in-

353 5749 596 5820 capabile
652 5750 851 5823 aliquid
901 5752 1176 5822 tribuitur,
1228 5762 1381 5809 extra
1446 5752 1716 5808 fundatur.
1780 5753 1922 5808 llinc

2034 4679 2053 4713 c
2089 4660 2166 4715 illi
2196 4661 2288 4731 qui
2329 4661 2514 4717 decem
2553 4661 2728 4717 minas
2757 4663 2952 4728 habet,
2982 4671 3037 4718 et
3063 4663 3318 4717 dixerunt
3347 4659 3421 4717 illi
3458 4682 3472 4717 :
3510 4663 3617 4718 Do-

2035 4769 2053 4803 ι
2100 4752 2262 4819 mine,
2289 4753 2454 4807 habet
2476 4754 2664 4808 decem
2699 4752 2890 4806 minas.
2924 4753 3055 4808 Dico
3077 4761 3260 4807 autem
3277 4753 3457 4816 vobis,
3485 4753 3615 4823 quia

2033 4857 2051 4890 ι
2097 4841 2246 4895 omni
2284 4841 2505 4896 habenti
2546 4841 2793 4906 dabitur,
2837 4841 2888 4895 ei
2932 4849 3113 4898 autem
3148 4843 3240 4912 qui
3275 4858 3385 4896 non
3423 4843 3614 4911 habet,

2032 4950 2050 4983 ι
2097 4943 2151 4988 et
2185 4934 2328 5004 quod
2347 4933 2516 4988 habet
2545 4931 2822 4987 auferetur
2849 4933 2918 4988 ab
2943 4948 3027 4988 eo.
3057 4951 3078 4987 ι

2103 5023 2274 5079 Homo
2294 5026 2508 5096 quidam
2536 5025 2726 5081 nobilis
2753 5025 2882 5079 abiit
2901 5026 2957 5079 in
2987 5025 3248 5095 regionem
3271 5024 3615 5095 longinquam

2031 5117 2263 5186 accipere
2291 5117 2389 5170 sibi
2422 5133 2637 5187 regnum
2665 5125 2713 5170 et
2742 5117 2942 5171 reverti.
2972 5116 3146 5172 Homo
3176 5118 3370 5173 nobilis
3395 5127 3477 5172 est
3495 5118 3612 5184 ille,

2029 5204 2115 5259 cui
2136 5219 2310 5259 cacus
2332 5219 2493 5273 supra
2518 5203 2788 5261 clamabat
2816 5224 2828 5259 :
2860 5203 2972 5259 Fili
3004 5206 3196 5270 David,
3218 5208 3468 5262 miserere
3481 5210 3611 5273 mei,

2028 5305 2084 5350 et
2112 5297 2348 5352 venienti
2389 5295 2817 5368 Hierosolymam
2855 5300 3260 5354 concinebant:
3289 5298 3507 5355 Osanna
3545 5301 3618 5370 ﬁ-

2029 5385 2099 5441 lio
2121 5386 2310 5440 David.
2340 5385 2653 5442 Benedictus
2674 5388 2765 5459 qui
2787 5389 2921 5442 venit
2951 5405 3006 5443 tn
3034 5390 3243 5443 nomine
3273 5371 3498 5443 Domini
3519 5407 3614 5444 rea:

2028 5476 2217 5531 Israel.
2243 5477 2560 5548 Longinqua
2583 5479 2751 5549 regio,
2776 5479 3016 5534 Ecclesia
3039 5487 3212 5534 estex
3239 5478 3513 5550 gentibus,
3543 5479 3613 5534 de

2025 5583 2132 5638 qua
2161 5567 2302 5623 idem
2333 5569 2495 5624 homo
2533 5570 2730 5625 nobilis
2759 5569 2999 5640 loquitur
3025 5587 3041 5622 :
3075 5585 3168 5640 ego
3204 5579 3377 5623 autem
3406 5571 3607 5624 consti-

2023 5667 2166 5714 tutus
2199 5675 2317 5711 sum
2359 5674 2453 5713 rea:
2483 5659 2546 5712 ab
2575 5675 2664 5723 eo,
2697 5659 2896 5714 dicitur
2919 5675 2950 5714 a
2970 5659 3180 5714 Patre:
3214 5658 3434 5714 Postulo
3459 5677 3494 5712 a
3528 5675 3613 5712 me

2024 5757 2070 5801 et
2093 5747 2226 5801 dabo
2245 5748 2336 5803 tibi
2360 5758 2557 5819 gentes,
2585 5749 2938 5805 hereditatem
2962 5761 3127 5817 tuam,
3151 5760 3199 5805 et
3225 5749 3611 5818 possessionem
