3932 6204
323 342 424 400 5H

1161 336 1679 398 COLLECTIONES
1715 338 1786 396 IN
1821 338 2199 397 EPISTOLAS
2234 341 2325 398 ΕΤ
2364 340 2775 399 EVANGELIA.

3475 351 3587 406 διε

320 465 469 510 tuam
492 453 744 509 terminos
771 462 948 519 term,
973 466 1095 523 qua:
1115 453 1368 509 videlicet
1387 453 1757 510 meditatae
1777 467 1904 523 pos-
1925 456 1976 518 Δ
2003 469 2126 511 cum
2161 465 2245 512 est
2265 497 2282 522 ,
2315 463 2372 512 et
2397 457 2700 524 modicum,
2728 456 2980 512 civitates
3015 466 3200 514 autem
3231 460 3418 516 decem
3458 476 3586 520 sum

319 546 495 603 sessio
513 543 719 601 bifaria
753 544 969 599 ratione
1007 545 1160 614 regio
1186 544 1478 616 longinqua
1521 553 1777 611 vocatur,
1819 544 1904 601 vel

317 636 448 705 quia
481 648 514 689 a
555 633 756 688 ﬁnibus
793 639 955 688 terrae
997 631 1267 689 domabat
1311 634 1379 688 ad
1425 636 1618 699 Deum,
1663 635 1748 690 vel
1775 635 1902 705 quia

320 725 480 796 longe
510 733 597 781 est
624 740 655 779 a
689 724 1067 795 peccatoribus
1089 725 1260 791 salus,
1285 735 1343 781 et
1375 741 1495 781 etim
1534 727 1677 781 Deus
1700 727 1904 796 ubique

317 818 390 872 sit
406 831 676 887 praesens,
707 816 868 885 longe
895 823 1076 870 tamen
1103 817 1172 870 ab
1201 832 1392 872 eorum
1419 832 1604 882 sensu,
1629 818 1722 887 qui
1757 818 1900 873 idola

315 910 524 971 coierit,
562 909 705 965 Deus
729 925 892 966 verus
919 911 1093 966 abest.
1126 911 1232 970 Sed
1269 913 1362 982 qui
1382 922 1540 968 erant
1567 913 1746 982 longe,
1767 913 1900 970 facti

317 1008 448 1055 sunt
465 1015 638 1070 prope
669 1000 724 1054 in
752 1001 1019 1070 sanguine
1042 999 1266 1056 Christi.

398 1088 611 1144 Vocati:
649 1101 821 1144 autem
861 1092 1036 1145 decem
1063 1093 1224 1146 seruis
1261 1093 1374 1147 suis
1401 1094 1542 1147 dedit
1575 1093 1683 1148 illis
1723 1095 1902 1148 decem

317 1182 515 1244 minas,
541 1189 645 1234 etc.
675 1180 939 1234 Denarius
965 1197 1220 1238 numerus
1243 1182 1310 1236 ad
1332 1183 1502 1253 legem
1524 1184 1758 1252 pertinet
1777 1201 1903 1254 pro-

315 1279 442 1341 pter
475 1272 828 1341 Decalogum,
863 1281 1021 1328 vocat
1055 1275 1240 1343 itaque
1280 1275 1674 1344 paterfamilias
1713 1276 1900 1332 decem

316 1375 529 1425 serves,
561 1361 688 1429 quia
717 1361 880 1432 elegit
909 1362 1205 1432 discipulos
1228 1379 1328 1433 per
1356 1364 1591 1420 litteram
1621 1365 1757 1437 legis
1794 1367 1899 1424 im-

316 1453 507 1508 butos.
535 1451 642 1506 Dat
665 1453 778 1507 illis
804 1454 995 1508 decem
1013 1455 1219 1520 minas,
1249 1456 1376 1524 quia
1406 1456 1540 1527 legs
1567 1457 1711 1513 dicta
1735 1458 1900 1528 spiri-

316 1542 545 1598 taa-liter.
560 1543 913 1612 intelligenda
937 1544 1156 1599 revelat.
1187 1545 1316 1600 Post
1339 1548 1645 1615 passionem
1675 1549 1896 1617 quippe,

316 1633 885 1703 resurrectionequ
913 1648 1065 1688 suam
1093 1634 1311 1704 apeth
1337 1634 1444 1690 illis
1469 1651 1692 1692 sensum
1719 1644 1780 1691 ut
1803 1638 1894 1691 in-

313 1722 626 1793 telligerent
661 1721 991 1792 Scriptores.
1041 1722 1180 1777 lina
1225 1738 1389 1792 quam
1419 1724 1593 1780 Graeci
1622 1731 1765 1798 μνᾶμ.
1804 1740 1898 1781 vo-

2007 545 2203 600 anima:
2235 561 2335 615 per
2381 545 2514 614 legis
2540 548 2766 602 verm
2810 547 2877 602 ad
2905 548 3136 618 gratiam
3174 549 3455 620 Evangelii
3497 569 3588 612 vo-

2005 636 2240 701 nientes,
2259 638 2456 706 quibus
2486 648 2616 694 tunc
2639 654 2765 708 Jure
2786 638 3175 709 gloriﬁcamus
3203 641 3293 696 ilic
3317 646 3589 714 prepond-

2001 733 2123 790 tur,
2152 728 2245 797 qui
2273 727 2356 784 eis
2387 729 2673 798 pecuniam
2709 731 2860 785 verbi
2905 731 3068 800 digne
3102 735 3584 800 commendaverit.

2076 816 2146 870 Et
2163 817 2302 872 alter
2321 819 2459 873 venit
2485 821 2662 876 dicens
2691 838 2709 876 :
2736 822 2980 886 Domine,
3004 825 3150 878 mina
3178 834 3270 880 tua
3292 825 3413 894 fecit
3430 828 3584 898 quin-

2002 924 2104 979 que
2132 911 2326 964 minus.
2361 910 2563 966 Servus
2599 913 2704 968 iste
2741 921 2915 968 omnis
2954 922 3038 968 est
3077 929 3264 969 eorum
3311 917 3402 985 qui
3440 931 3581 985 pm—

2001 999 2156 1068 putio
2177 1001 2551 1071 evangelizare
2581 1003 2729 1057 missi
2760 1011 2906 1067 sunt,
2943 1003 3030 1058 cui
3063 1004 3320 1060 Dominus
3339 1007 3407 1062 ad
3441 1021 3582 1077 prte-

2004 1090 2289 1146 dicandum
2315 1094 2484 1160 eunti,
2518 1109 2680 1147 unam
2714 1095 2934 1158 minam,
2962 1095 3065 1151 hoc
3090 1106 3206 1162 est,
3238 1113 3401 1152 unam
3426 1113 3580 1153 eam-

2004 1183 2236 1254 demque
2264 1183 2426 1239 ﬁdem
2455 1199 2578 1255 qua:
2605 1197 2663 1240 et
2686 1187 3088 1242 circumcisioni
3115 1189 3319 1244 credita
3343 1198 3427 1244 est
3449 1205 3585 1260 prae-

2002 1274 2249 1341 stiterat,
2276 1277 2369 1331 sed
2394 1277 2510 1331 haec
2548 1277 2786 1347 quinque
2826 1279 3000 1332 minas
3037 1277 3195 1348 fecit,
3231 1280 3354 1349 quia
3394 1289 3586 1351 gentes

1999 1367 2248 1438 corporis
2275 1368 2527 1424 sensibus
2555 1377 2714 1424 antea
2755 1370 3092 1440 amcipatas
3111 1411 3127 1435 ,
3151 1371 3223 1426 ad
3260 1371 3385 1426 ﬁdei
3413 1388 3582 1427 evan-

1998 1458 2184 1530 gelicae
2212 1459 2443 1529 gratiam
2477 1459 2765 1514 convertit.

2069 1551 2140 1605 Et
2165 1551 2290 1605 huic
2311 1552 2385 1605 ait
2409 1563 2428 1602 .'
2455 1550 2526 1604 Et
2549 1560 2604 1603 tu
2627 1561 2736 1604 esto
2754 1567 2914 1619 super
2940 1551 3167 1622 quinque
3185 1552 3441 1607 civitates.
3467 1553 3581 1609 Hoc

1992 1649 2084 1697 est
2117 1656 2187 1696 ea
2217 1655 2406 1696 earum
2431 1656 2566 1711 quas
2600 1640 2874 1696 imbu‘eras
2905 1643 3210 1698 animarum
3240 1643 3346 1697 fide
3365 1653 3421 1698 et
3441 1660 3581 1699 oon-

2000 1731 2336 1796 versatiune,
2362 1747 2595 1802 magnus
2617 1720 2996 1800 'suldimisque
3023 1730 3256 1803 fulgeto,
3295 1735 3388 1803 qui
3416 1750 3512 1790 eas
3541 1753 3578 1792 τι

311 1819 445 1866 cant
471 1827 503 1867 c
531 1812 769 1882 dragmis
792 1813 1132 1882 appenditur,
1165 1821 1220 1869 et
1243 1815 1420 1870 omnis
1458 1815 1750 1886 Scriptum
1779 1832 1893 1872 ser-
1922 1807 1970 1866 Β
1998 1824 2236 1879 tenebris
2265 1824 2506 1879 docendo
2531 1832 2989 1886 commutaverat,
3035 1833 3185 1879 recte
3220 1827 3457 1894 quinque
3502 1827 3581 1882 ci-

306 1918 430 1968 ano,
463 1905 597 1973 quia
623 1903 748 1959 vitae
771 1905 1014 1961 celestis
1036 1904 1424 1975 perfectionem
1445 1911 1710 1981 suggerit,
1737 1911 1894 1980 quasi

306 1997 528 2053 numeri
553 1997 851 2052 centenarii
879 1998 1116 2067 pondere
1141 1997 1412 2070 fulgescit.

383 2087 459 2144 Et
481 2089 559 2145 ait
579 2088 727 2144 illis:
755 2087 1115 2158 Negotiamini
1134 2091 1447 2146 Maenio.
1471 2091 1667 2158 Verba,
1697 2093 1891 2163 inquit,

307 2177 454 2251 legis
497 2194 563 2235 ac
610 2181 996 2250 pmpbetarum
1041 2181 1269 2252 mystica
1315 2181 1766 2251 interpretatione
1809 2185 1892 2238 di-

301 2283 528 2334 scussa,
561 2268 769 2338 populis
797 2267 1007 2335 oﬂ‘erte,
1043 2279 1206 2340 atque
1233 2271 1301 2326 ab
1327 2271 1417 2326 eis
1439 2269 1564 2326 ﬁdei
1593 2271 1891 2328 confessio-

310 2376 442 2418 nem
462 2402 478 2428 ,
513 2377 840 2432 morumque
875 2362 1198 2433 probitatem
1243 2364 1468 2434 recipito
1500 2364 1692 2433 :juxta
1741 2370 1888 2438 quod

311 2451 604 2508 Psalmista
632 2453 744 2508 suis
777 2455 1117 2510 auditoribus
1148 2456 1407 2525 pracepit
1430 2457 1616 2511 dicens
1648 2475 1662 2510 :
1693 2457 1893 2514 Sumite

307 2544 575 2614 Mam
595 2554 643 2600 et
678 2545 801 2600 date
835 2555 1161 2616 tympanum,
1195 2547 1298 2603 hoc
1328 2557 1434 2614 est,
1464 2548 1676 2606 laudem
1695 2553 1894 2620 praedi-

305 2634 543 2690 cationis
557 2635 816 2691 incordis
837 2636 1134 2691 intentione
1154 2638 1417 2706 percipite
1429 2677 1450 2702 ,
1469 2647 1531 2694 et
1552 2640 1892 2696 devotionem

304 2726 496 2795 operis
518 2726 574 2780 in
588 2727 776 2782 carnis
802 2727 1158 2798 castigatione
1187 2729 1433 2798 redigite.

385 2815 535 2873 Cives
563 2827 739 2872 autem
769 2818 888 2887 ejus
920 2818 1138 2872 oderant
1167 2817 1341 2884 illum,
1375 2828 1429 2872 et
1469 2820 1722 2874 miserunt
1750 2820 1894 2892 lega-

305 2908 506 2964 tionem
526 2917 641 2980 post
667 2908 838 2972 illam,
876 2909 1148 2962 dicentes:
1179 2907 1444 2963 Nolumus
1485 2909 1624 2963 hunc
1670 2927 1892 2981 regnare

305 3015 472 3071 super
493 3013 609 3054 nos.
627 2999 788 3055 Cives
807 3000 1005 3070 impios
1029 2999 1242 3055 Judasos
1267 3001 1420 3066 dicit,
1452 3002 1520 3056 de
1549 3001 1746 3070 quibus
1763 3002 1888 3058 alibi

305 3100 686 3162 protestetur:
722 3091 877 3146 Nunc
925 3103 1099 3147 autem
1135 3104 1183 3147 et
1225 3093 1466 3148 uiderant
1501 3103 1555 3148 et
1580 3094 1812 3148 oderunt
1842 3104 1890 3149 et

1997 1914 2256 1969 vitatiltus
2267 1913 2469 1984 praeﬁci
2493 1923 2844 1978 memoratur,
2861 1915 2986 1983 quia
3005 1930 3112 1970 non
3129 1915 3198 1970 de
3213 1916 3325 1970 suis
3343 1925 3574 1982 tantum,

1995 2003 2094 2059 sed
2121 2003 2188 2059 de
2214 2004 2521 2058 auditorum
2569 2019 2814 2069 suorum,
2856 2019 2992 2075 quos
3019 2005 3086 2058 ad
3132 2004 3309 2061 lucem
3359 2008 3575 2062 vocavit

1996 2092 2334 2164 profectibus
2364 2094 2684 2172 honoratur.

2069 2185 2137 2239 Et
2149 2184 2282 2238 alter
2302 2184 2434 2238 venit
2454 2184 2629 2239 dicens
2656 2202 2667 2236 :
2692 2183 2937 2248 Domine,
2961 2201 3078 2239 ecce
3095 2186 3240 2241 mina
3273 2196 3386 2252 tua,
3413 2202 3575 2258 quam

1993 2275 2156 2328 habui
2186 2275 2408 2342 reposita
2427 2314 2442 2338 ,
2473 2282 2582 2330 etc.
2618 2273 2910 2329 Pecuniam
2929 2275 2990 2329 in
3011 2275 3232 2330 sudario
3257 2277 3454 2347 quippe
3485 2293 3576 2333 re.-

1997 2365 2188 2436 ligare,
2211 2372 2297 2419 est
2322 2374 2574 2434 percepta
2589 2365 2730 2420 dona
2754 2366 2857 2420 sub
2885 2365 2998 2420 otio
3020 2365 3147 2421 lenti
3169 2369 3422 2438 corporis
3446 2369 3574 2425 abs—-

1994 2457 2246 2519 condere,
2285 2462 2412 2510 sunt
2446 2455 2588 2510 enim
2621 2455 2900 2520 homines,
2939 2455 3040 2510 hac
3085 2455 3188 2511 sibi
3219 2458 3578 2526 perversitate

1987 2547 2353 2610 blandientes,
2393 2544 2595 2601 sufﬁcit
2626 2553 2688 2599 ut
2721 2545 2792 2600 de
2817 2559 2877 2600 se
2911 2545 3280 2616 unusquisque
3309 2547 3573 2602 rationem

1994 2640 2206 2702 reddat,
2241 2637 2372 2705 quid
2409 2652 2544 2706 opus
2580 2645 2664 2692 est
2685 2636 2810 2692 aliis
2838 2637 3154 2707 pmdicare,
3198 2637 3460 2691 ut'etiam
3500 2637 3574 2692 de

1993 2731 2127 2800 ipsis
2165 2730 2431 2784 raticmea)
2461 2728 2692 2784 reddere
2725 2729 2956 2799 quisque
2983 2737 3240 2798 cogatur,
3271 2737 3396 2784 cum
3430 2728 3583 2799 apud

1993 2820 2280 2876 Dominum
2303 2818 2470 2872 etiam
2505 2817 2581 2872 illi
2621 2819 2735 2873 sint
2775 2817 3204 2883 inexcusabiles,
3249 2819 3446 2888 quibus
3488 2818 3574 2874 lex

1972 2911 2118 2967 data
2157 2925 2268 2964 non
2301 2917 2405 2974 est,
2444 2922 2620 2978 neque
2651 2908 2836 2962 audito
2870 2907 3171 2976 Evangelio
3202 2907 3574 2981 dormierunt,

1995 3001 2125 3072 quia
2149 3014 2248 3071 per
2273 3007 2586 3054 creaturam
2607 3006 2862 3067 poterant
2881 2999 3198 3055 Creatorem
3216 3011 3574 3068 cognoscere,

1995 3089 2100 3144 hoc
2139 3096 2224 3144 est
2255 3089 2401 3144 enim
2435 3087 2592 3158 quasi
2619 3094 2858 3152 metere.
2889 3086 2982 3143 ubi
3030 3101 3137 3141 non
3181 3086 3490 3152 seminavit,
3519 3085 3578 3142 id

307 3153 397 3236 ine
436 3190 488 3235 et
515 3177 737 3234 Patrem
778 3197 988 3245 meum,
1039 3181 1133 3250 qui
1182 3197 1291 3236 non
1340 3181 1515 3236 solum
1573 3191 1891 3252 pmsentem
1913 3153 1965 3216 (ἶ
1997 3190 2082 3236 est
2117 3181 2282 3236 etiam
2301 3196 2398 3237 eos
2418 3153 2720 3249 impietatis
2743 3195 2868 3235 reos
2896 3188 3098 3243 tenere,
3120 3179 3328 3248 quibus
3353 3179 3578 3234 verbum

315 3286 490 3342 usque
520 3270 589 3324 ad
628 3278 857 3324 mortem
894 3270 1072 3326 crucis
1110 3271 1358 3335 oderant,
1401 3273 1496 3328 sed
1534 3282 1597 3328 et
1629 3274 1745 3344 jam
1774 3282 1896 3344 post

309 3361 772 3420 resurrectionem
813 3359 952 3429 ejus,
997 3370 1266 3417 noverunt
1289 3364 1726 3432 persecutionem
1765 3379 1896 3434 apo-

208 3521 221 3531 .
309 3452 502 3519 stolis,
539 3461 596 3508 et
621 3452 1059 3522 praedicationem
1089 3452 1239 3522 regni
1276 3451 1514 3508 ctelestis
1552 3461 1891 3523 spreverunt.

379 3539 460 3596 Et
493 3542 692 3612 factum
711 3550 787 3595 est
823 3551 882 3595 ut
925 3541 1113 3594 rediret
1146 3552 1356 3612 accepto
1387 3559 1571 3613 regno.
1615 3542 1895 3614 S'gniﬁcat

316 3641 550 3704 tempus,
577 3633 793 3702 quando
825 3632 879 3686 in
903 3629 1352 3688 manifestissima
1381 3641 1437 3687 et
1467 3633 1895 3690 eminentissima

315 3725 563 3780 claritate
603 3733 862 3779 venturus
905 3731 1012 3789 est,
1077 3724 1166 3793 qui
1215 3725 1296 3779 eis
1345 3725 1564 3780 humilis
1619 3727 1892 3796 apparuit,

313 3830 442 3870 cum
470 3815 673 3870 diceret
705 3833 718 3868 :
745 3813 983 3884 Regnum
1017 3829 1196 3869 meum
1233 3830 1341 3867 non
1371 3823 1448 3868 est
1475 3814 1544 3868 de
1565 3815 1670 3869 -Ιιος
1697 3816 1893 3871 mundo

315 3902 505 3977 (lacn.
539 3903 676 3975 ιιι).

390 3993 591 4060 Quibus
625 4005 672 4048 et
703 3993 1067 4064 justitoocari
1088 4009 1300 4058 servm,
1341 3993 1526 4065 quibus
1555 3995 1701 4049 dedit
1738 4012 1896 4066 pecu-

316 4088 484 4152 niam,
509 4097 567 4140 ut
581 4087 737 4140 sciret
765 4095 1019 4156 quantum
1045 4086 1262 4156 quisque
1290 4088 1582 4156 negotiatus
1610 4098 1764 4153 esset,
1787 4096 1890 4143 etc.

320 4181 394 4237 Ut
423 4180 604 4241 sciret,
633 4179 828 4248 inquit,
857 4193 962 4232 non
986 4177 1128 4247 quod
1157 4193 1281 4232 eum
1311 4178 1439 4247 quid
1472 4178 1658 4242 lateat,
1685 4180 1772 4234 cui
1800 4196 1891 4234 ve-

317 4271 532 4329 rissime
553 4270 753 4325 dictum
780 4277 883 4333 est,
915 4268 1153 4334 Domine,
1187 4278 1243 4322 tu
1271 4270 1448 4324 mnia
1473 4271 1606 4334 scis,
1631 4271 1727 4325 sed
1753 4272 1894 4326 scire

316 4364 469 4426 dicit,
492 4363 633 4418 scire
656 4374 845 4414 omnes
865 4359 1086 4413 faceret.
1117 4358 1268 4414 Tunc
1287 4360 1430 4414 enim
1460 4361 1702 4414 omnium
1729 4375 1893 4430 opera

313 4464 372 4510 et
396 4453 749 4524 cogitationes
778 4450 954 4520 palam
982 4450 1235 4505 omnibus
1259 4451 1632 4505 ostenduntur.

396 4541 546 4596 Venit
571 4551 747 4595 autem
765 4541 964 4610 primus
993 4538 1168 4593 dicens
1196 4552 1214 4590 :
1240 4539 1486 4605 Domine,
1512 4542 1656 4594 mina
1679 4553 1770 4596 tua
1804 4541 1894 4596 de-

314 4651 428 4690 cem
456 4636 626 4688 minas
647 4632 940 4704 acquisivit.
967 4630 1178 4686 Primus
1201 4646 1388 4687 servus
1403 4672 1418 4698 ,
1449 4633 1583 4688 ordo
1606 4634 1888 4689 doctorum

313 4733 422 4791 est,
449 4725 504 4778 in
541 4723 1007 4779 circumcisionem
1039 4721 1350 4787 missorum,
1377 4723 1469 4792 qui
1498 4738 1660 4778 unam
1687 4725 1888 4780 minam

313 4815 688 4888 negotiaturus
706 4811 946 4880 accepit;
972 4809 1065 4880 qui
1105 4827 1269 4865 unum
1300 4811 1494 4878 Deum,
1516 4828 1676 4867 unam
1705 4813 1887 4880 ﬁdem,

310 4920 485 4962 unum
519 4904 818 4973 baptisma,
863 4919 1028 4958 unum
1063 4902 1347 4958 Dominum
1380 4906 1682 4975 praedicare
1703 4907 1889 4978 jussus

309 5008 423 5054 est.
465 4997 575 5055 Sed
613 5001 730 5056 haec
750 4997 940 5054 eadem
985 4997 1132 5052 mina
1173 4997 1357 5052 decem
1395 4997 1572 5053 minas
1606 4999 1894 5068 acquisivit

315 5092 410 5161 qui
437 5091 698 5162 populum
711 5090 818 5146 sub
845 5090 963 5160 lege
989 5089 1366 5155 constitutum,
1389 5089 1620 5146 sibimet
1647 5091 1893 5147 docendo

316 5180 564 5236 sociavit.
681 5173 690 5182 ’

387 5270 459 5324 Et
493 5271 568 5324 ait
597 5270 722 5325 illi:
755 5270 921 5342 Euge,
943 5287 1089 5326 serve
1105 5271 1240 5326 bone
1260 5281 1310 5326 et
1334 5271 1527 5342 ﬁdelis,
1550 5275 1676 5343 quia
1701 5274 1756 5328 in
1783 5291 1895 5329 mo-

303 5362 433 5417 dico
461 5362 612 5432 fuisti
629 5361 824 5433 ﬁdelis,
853 5364 957 5418 eris
984 5373 1290 5434 potestatein
1311 5365 1506 5419 habent
1529 5382 1687 5436 super
1711 5367 1890 5422 decem

311 5454 570 5511 ciuitates.
598 5454 655 5509 In
681 5455 892 5510 modico
917 5471 1108 5510 servus
1132 5465 1217 5511 est
1237 5455 1542 5526 ﬁdelis,'qui
1562 5471 1668 5511 non
1689 5457 1895 5513 adulte—

311 5551 405 5598 rat
435 5545 656 5598 verbum
687 5545 784 5600 Dei
813 5563 826 5599 :
860 5546 954 5600 sed
986 5546 1130 5600 sicut
1155 5560 1222 5600 ex
1259 5545 1399 5611 Deo,
1447 5561 1630 5601 coram
1659 5547 1790 5613 Deo,
1834 5549 1888 5604 in

308 5633 535 5690 Christo
565 5635 820 5706 loquitur,
850 5636 1112 5708 quidquid
1135 5638 1278 5693 enim
1313 5638 1366 5692 in
1385 5637 1640 5707 praisenti
1665 5639 1891 5708 percipi-

304 5735 336 5782 r
344 5738 439 5784 ius
453 5724 746 5794 donorum,
777 5728 829 5782 in
853 5728 1257 5800 enumeratione
1285 5727 1609 5795 fututorum,
1632 5743 1729 5798 per
1755 5745 1886 5800 pau-

1994 3271 2155 3342 legis,
2179 3280 2273 3326 aut
2296 3271 2573 3342 Evangelii
2602 3285 2708 3323 non
2734 3261 3224 3325 ministratumest.
3253 3267 3372 3323 Hoc
3393 3278 3572 3324 anilem

1996 3363 2160 3418 veluti
2187 3362 2490 3432 periculum
2513 3360 2705 3430 iudicii
2745 3361 3069 3424 devitantes,
3095 3360 3254 3430 pigro
3280 3359 3541 3431 languore
3558 3396 3578 3425 ,

1993 3469 2028 3509 a
2062 3454 2212 3510 verbi
2241 3453 2640 3507 tninistratione
2677 3453 3086 3520 conquiescunt,
3133 3451 3235 3505 hoc
3266 3457 3377 3514 est.
3423 3448 3580 3520 quasi

1995 3545 2050 3599 in
2087 3544 2307 3598 sudario
2333 3543 2512 3614 ligari,
2555 3543 2700 3612 quod
2729 3548 3074 3610 actaepemnt.

2067 3636 2206 3690 Dicit
2223 3635 2271 3691 ei
2290 3648 2314 3704 ⁴ε
2344 3634 2423 3689 De
2458 3651 2547 3689 ore
2569 3642 2660 3688 tuo
2683 3644 2733 3687 te
2747 3633 2960 3703 judico,
2999 3647 3143 3685 serve
3166 3646 3411 3702 aequant.
3438 3628 3579 3686 Ser-

1996 3742 2097 3782 vus
2129 3741 2361 3796 nequam
2391 3734 2639 3792 vocatur,
2669 3724 2797 3794 quia
2827 3731 2882 3779 et
2908 3722 3061 3794 piger
3087 3737 3150 3777 ac
3172 3720 3331 3795 deses
3364 3729 3482 3789 est,
3507 3721 3578 3777 ad

1995 3818 2358 3873 exercendum
2400 3817 2698 3889 negotium,
2747 3824 2802 3871 et
2841 3830 3045 3886 procax
3091 3829 3158 3869 ac
3202 3813 3468 3884 superbus
3507 3812 3578 3868 ad

1997 3910 2359 3966 accusandum
2391 3908 2603 3963 Domini
2627 3907 2914 3978 judicium.

2067 4004 2279 4060 Sciebas
2313 4002 2452 4074 quod
2477 4019 2569 4072 ego
2595 4002 2748 4055 homo
2783 4008 3024 4054 austeras
3058 4014 3198 4063 tum,
3227 3995 3413 4051 tollens
3436 3995 3578 4068 quod

1997 4111 2100 4148 non
2129 4092 2310 4163 posui,
2345 4102 2451 4146 etc.
2475 4090 2582 4162 .(Ex
2615 4088 2864 4160 Hieron.)
2890 4087 3044 4156 Quod
3063 4095 3354 4158 putaverat
3386 4101 3447 4141 se
3482 4100 3579 4140 ex-

1997 4185 2276 4239 cusatione
2310 4182 2530 4245 dixisse,
2565 4180 2621 4233 in
2661 4178 2874 4248 culpam
2903 4178 3177 4248 propriam
3209 4177 3472 4243 vertitur,
3503 4175 3575 4237 si,

1999 4274 2194 4344 inquit,
2218 4273 2412 4328 durum
2431 4281 2488 4326 et
2506 4271 3028 4336 crudclcmesseme
3049 4282 3300 4332 noveras,
3325 4275 3380 4322 et
3399 4266 3576 4322 aliena

1997 4374 2145 4420 secta
2175 4363 2401 4427 sectari,
2432 4363 2614 4433 ibique
2645 4369 2868 4422 molere,
2907 4354 2997 4413 ubi
3021 4374 3135 4412 non
3171 4357 3574 4422 seminaverim,

1919 4493 1972 4552 Β
1998 4472 2166 4528 quare
2177 4472 2283 4510 non
2294 4455 2398 4510 tibi
2418 4454 2724 4509 istiusmodi
2745 4451 3007 4524 cogitatio
3029 4449 3262 4505 incussit
3293 4449 3576 4504 timorem?

1996 4557 2056 4602 ut
2088 4547 2258 4603 scires
2289 4561 2384 4601 me
2422 4561 2541 4601 mea
2571 4544 2882 4616 diligentius
2914 4541 3291 4612 quaesiturum,
3321 4549 3376 4595 et
3415 4541 3576 4596 dares

1993 4638 2278 4707 pecuniam
2297 4652 2497 4702 meam,
2519 4639 2635 4692 sive
2655 4643 2937 4706 argentum
2965 4633 3032 4687 ad
3063 4647 3326 4686 mensam.
3355 4630 3578 4686 Utrum-

1994 4743 2100 4798 que
2121 4729 2264 4784 enim
2285 4730 2527 4804 ἀργύριον
2553 4725 2772 4783 Graecus
2790 4741 2975 4782 sermo
3005 4722 3278 4793 signiﬁcat
3301 4741 3314 4777 :
3346 4723 3576 4795 Eloquia

1994 4817 2230 4885 Domini,
2259 4819 2464 4889 inquit,
2482 4817 2694 4886 eloquia
2719 4827 2888 4882 casta,
2927 4824 3200 4885 argentum
3227 4815 3344 4884 igne
3369 4813 3574 4867 exami-

1995 4919 2198 4964 natum.
2225 4909 2460 4964 Pecunia
2488 4922 2618 4979 ergo
2640 4915 2694 4962 et
2713 4915 3023 4976 argentum,
3056 4904 3370 4974 pradicatio
3392 4903 3575 4957 Evan-

1995 5001 2122 5071 gelii
2151 5008 2254 5066 est,
2289 5010 2344 5055 et
2373 5016 2553 5055 sermo
2581 4999 2819 5064 divinus,
2848 4997 3085 5068 qui-dari
3112 4997 3297 5053 debuit
3331 4997 3396 5052 ad
3422 5011 3576 5052 men-

1999 5106 2139 5156 sam,
2162 5092 2267 5145 hoc
2296 5098 2400 5155 est,
2428 5089 2693 5160 promptis
2717 5088 3031 5158 paratisque
3056 5085 3293 5141 ﬁdelium
3317 5085 3572 5140 cordibus

1995 5183 2278 5247 intimari;
2331 5182 2397 5237 ad
2445 5197 2607 5252 quam
2640 5180 2890 5235 videlicet
2923 5180 3216 5235 mensam?
3261 5179 3318 5234 id
3358 5187 3463 5243 est,
3503 5176 3572 5230 ad

1988 5282 2230 5328 mentem
2258 5273 2586 5336 auditorum,
2619 5287 2732 5326 non
2765 5271 2866 5324 alia
2898 5286 3058 5340 quam
3081 5269 3348 5327 dominica
3373 5278 3459 5324 eSt
3477 5266 3572 5320 de-

1995 5361 2215 5417 ferenda
2238 5362 2485 5432 pecunia.
2515 5370 2573 5415 ut
2610 5361 2787 5416 omnis
2808 5377 2989 5416 sermo
3011 5362 3254 5418 docentis
3277 5357 3570 5426 Scripturae

1992 5466 2210 5506 sensum
2227 5460 2504 5520 sequatur.
2523 5449 2658 5504 Nam
2684 5453 2828 5520 quod
2855 5453 2944 5506 hic
2965 5451 3224 5506 Dominus
3250 5462 3354 5502 non
3376 5459 3567 5513 quam-

1990 5547 2122 5602 libet
2146 5546 2430 5614 pecuniam
2451 5586 2465 5609 ,
2498 5547 2593 5600 sed
2628 5561 2782 5601 suam
2827 5545 2958 5600 dicit
2990 5558 3006 5597 :
3045 5537 3414 5596 nummulariis
3443 5550 3564 5591 esse

1989 5637 2374 5703 t'enerandam,
2408 5638 2630 5707 exponit
2651 5635 2944 5706 Apostolus
2970 5633 3157 5688 dicens
3197 5648 3210 5685 :
3255 5628 3315 5684 Si
3345 5627 3460 5699 quis
3482 5625 3564 5683 lea

1989 5729 2188 5800 quitur,
2214 5729 2366 5800 quasi
2389 5744 2652 5783 sermones
2679 5726 2800 5780 Dei.
