3932 6204
365 351 474 410 ηδ

1649 336 1781 395 SMA
1791 338 1996 394 RAG‘Dl
2037 338 2328 395 ABBATIS

3536 335 3637 395 5H

431 461 499 516 Εε
529 475 622 531 ego
650 455 858 513 geniem
881 469 997 509 cum
1023 451 1202 506 usuris
1238 450 1416 522 utique
1446 450 1736 520 exegissem
1769 448 1937 503 illam.
1967 455 2019 514 Λ
2115 451 2299 508 Sancti
2317 469 2410 524 per
2438 452 2596 522 ﬁdem
2621 452 2851 506 uicerunt
2879 466 3061 522 regna,
3091 451 3293 522 operati
3324 462 3446 506 sinit
3465 452 3634 521 justi-

359 554 463 621 Qui
499 549 648 606 verbi
675 546 958 619 pecuniam
987 541 1218 612 percipit
1245 556 1279 595 a
1307 541 1532 596 doctore
1560 539 1802 608 emitque
1823 553 1945 592 cre-
2045 547 2174 598 tiam
2202 584 2218 610 ,
2257 544 2432 615 adepti
2463 553 2618 609 sunt,
2656 551 2764 598 etc.
2807 541 2912 597 Este
2937 549 3121 598 autem
3165 541 3303 598 ﬁdes
3334 544 3636 612 speranda-

357 646 558 708 dendo,
589 654 810 696 necesse
843 645 928 690 est
947 650 1068 691 eam
1095 649 1220 690 cum
1247 635 1430 689 usuris
1450 633 1626 687 solvat
1649 631 1945 701 operando,

363 746 426 792 ut
452 734 595 805 quod
629 731 816 786 auditu
841 729 1049 794 didicit,
1078 736 1411 797 exsequatur
1438 735 1491 780 et
1521 733 1664 779 actu.
1703 723 1760 778 ln
1785 737 1947 778 usura

361 827 560 898 quippe
590 822 821 894 pecunia
849 821 1012 875 etiam
1059 835 1168 874 non
1199 820 1320 874 data
1352 818 1640 887 recipitur,
1681 815 1767 871 vel
1801 824 1949 870 certe

361 918 430 973 de
460 923 684 984 accepto
721 913 874 970 verbi
911 911 1096 966 fenore
1121 927 1334 974 usuras,
1375 910 1466 979 qui
1498 926 1566 964 ex
1599 923 1664 963 eo
1685 908 1830 977 quod
1851 921 1953 960 au-

363 1008 483 1071 dit,
521 1007 690 1060 etiam
728 1004 833 1058 alia
863 1004 1044 1057 studet
1084 1002 1408 1072 intelligere,
1447 1016 1569 1070 quae
1610 1000 1842 1056 necdum
1882 1010 1953 1052 ex

364 1100 738 1172 praedicatoris
759 1113 851 1152 ore
868 1097 1084 1174 didicit.

444 1191 513 1245 Et
537 1189 830 1244 astantibus
859 1187 992 1240 dixit
1021 1201 1040 1238 :
1065 1188 1281 1257 Auferte
1311 1185 1488 1238 abillo
1514 1185 1733 1248 minam,
1763 1194 1810 1238 et
1831 1183 1955 1238 date

366 1283 448 1337 illi
470 1283 560 1354 qui
585 1283 761 1335 decem
799 1281 969 1333 minas
993 1278 1176 1344 habet,
1221 1288 1269 1332 et
1306 1278 1552 1331 dixerunt
1582 1279 1628 1330 ei
1657 1290 1674 1328 :
1700 1276 1949 1339 Domine,

371 1374 526 1428 habet
551 1373 727 1426 decem
766 1371 956 1424 minus.
990 1369 1159 1424 Recte
1192 1370 1394 1422 amittit
1425 1367 1670 1424 collatam
1700 1367 1951 1437 gratiam,

367 1477 533 1533 quam
557 1461 901 1530 praedicando
933 1459 1054 1514 aliis
1092 1459 1496 1513 communicare
1524 1457 1778 1528 neglexit,
1817 1466 1878 1510 ut
1901 1454 1953 1509 ei

373 1561 637 1622 augeatur
669 1551 762 1618 qui
792 1551 846 1603 in
875 1549 963 1602 illa
1003 1549 1288 1615 laboravit,
1321 1559 1378 1603 et
1407 1565 1531 1604 cum
1571 1548 1776 1618 regium
1810 1546 1957 1601 chri-

373 1657 514 1708 sma,
541 1642 685 1712 quod
704 1641 1065 1710 superbiendo
1085 1640 1217 1694 Saul
1240 1640 1444 1705 amisit,
1465 1640 1633 1694 David
1657 1637 1957 1694 obediendo

373 1732 696 1803 promeruit.
729 1730 882 1797 Quod
918 1745 1048 1786 vero
1088 1730 1265 1786 ablata
1297 1747 1327 1784 a
1361 1745 1594 1800 nequam
1621 1744 1779 1784 servo
1813 1728 1956 1782 mina

372 1826 441 1882 ei.
465 1825 558 1894 qui
589 1823 778 1878 decem
800 1823 976 1877 minas
1001 1823 1256 1888 habebat,
1280 1823 1398 1876 dari
1421 1823 1574 1892 jussa
1595 1828 1702 1885 est,
1730 1821 1955 1890 mystice

371 1925 434 1970 ut
452 1931 577 1971 reor
602 1915 825 1978 indicat,
871 1915 1111 1970 intrante
1155 1914 1488 1984 plenitudine
1533 1912 1794 1983 gentium,
1840 1925 1957 1964 om-

372 2025 499 2064 nem
543 2007 708 2063 lsrael
752 2007 963 2061 salvum
1007 2006 1268 2067 futurum,
1301 2013 1358 2059 et
1399 2014 1528 2061 tunc
1571 2001 1956 2057 abundantiam

375 2099 562 2170 gratia:
609 2098 869 2169 spiritalis
896 2139 911 2162 ,
949 2113 1108 2166 quam
1146 2098 1306 2151 modo
1339 2111 1439 2150 nos
1467 2104 1714 2165 tepenter
1737 2107 1957 2148 exerce-

374 2203 516 2252 mus,
541 2187 686 2242 illius
711 2186 892 2256 populi
922 2187 1232 2241 doctoribus
1271 2201 1392 2240 esse
1418 2183 1824 2238 conferendum.

445 2277 576 2330 Dico
616 2287 790 2330 autem
829 2277 1002 2341 nobis,
1031 2278 1158 2347 quia
1195 2277 1337 2329 omni
1379 2275 1590 2329 habenti
1631 2275 1864 2335 dabitur,
1907 2281 1957 2325 et

375 2369 681 2430 abundabit,
711 2368 760 2422 ei
799 2379 972 2422 autem
1007 2369 1098 2439 qui
1137 2384 1241 2422 non
1277 2367 1450 2432 habet,
1484 2375 1533 2419 et
1573 2365 1713 2436 quod
1753 2365 1959 2418 videtur

377 2461 588 2523 habere,
617 2460 886 2528 auferetur
915 2459 980 2513 ab
1018 2475 1100 2513 eo.
1139 2459 1241 2528 (Ex
1263 2455 1516 2529 August.)
1545 2455 1670 2510 Haec
1692 2456 1958 2511 sententia

379 2553 448 2606 ad
475 2551 754 2620 superiora
777 2550 1020 2619 respicit,
1041 2550 1242 2605 docens
1261 2557 1318 2604 et
1345 2549 1491 2602 illum
1523 2561 1680 2618 posse
1707 2547 1960 2601 amittere

375 2657 572 2696 munus
593 2641 711 2705 Dei,
741 2640 833 2709 qui
862 2641 1066 2695 habens
1089 2641 1268 2705 habet,
1307 2640 1411 2694 hoc
1435 2647 1542 2703 est,
1585 2639 1722 2692 bene
1754 2637 1950 2698 utitur,

376 2747 499 2802 quae
538 2731 834 2802 gratiarum
879 2731 1141 2796 mutatio,
1180 2729 1434 2800 quoniam
1478 2729 1532 2782 in
1561 2729 1664 2782 hac
1693 2727 1805 2781 vita
1845 2726 1960 2798 geri

355 2821 546 2888 solet,
587 2821 880 2876 notandum
920 2821 1066 2890 quod
1095 2821 1224 2874 illud
1267 2819 1481 2875 Domini
1515 2818 1794 2873 redeuntis
1831 2833 1961 2873 exa-

379 2928 504 2969 men
523 2953 540 2979 ,
579 2913 742 2979 etiam
779 2927 922 2968 nunc
939 2926 1008 2967 ex
1023 2918 1177 2982 parte
1202 2910 1562 2975 celebratum,
1599 2909 1694 2964 sed
1722 2917 1852 2964 tunc
1879 2916 1964 2964 est

376 3004 754 3061 universaliter
792 3004 1141 3072 implendum.
1172 3004 1424 3071 Quotidie
1459 3017 1692 3072 namque
1739 3010 1962 3071 accepto

378 3113 410 3152 ι
441 3099 602 3152 Patre
631 3112 798 3167 regno
823 3097 984 3160 redit,
1019 3097 1146 3166 quia
1167 3096 1565 3166 peregrinantis
1594 3097 1648 3150 in
1675 3102 1819 3150 terra
1853 3095 1958 3149 Ec-

1984 1792 2031 1850 B

2049 654 2166 692 rum
2200 652 2380 692 rerum
2409 653 2519 691 non
2548 636 2920 706 apparentium
2941 676 2956 702 ,
2999 649 3176 706 neque
3201 636 3350 690 enim
3379 636 3524 706 quod
3556 638 3639 690 vi-

2047 726 2160 790 det,
2197 729 2322 797 quis
2346 735 2548 797 sperat,
2574 727 2668 782 sed
2697 728 2841 796 quod
2870 741 2976 780 non
3006 727 3400 796 videmus,~per
3427 728 3639 797 patien-

2051 819 2178 872 tiam
2222 828 2588 888 expectamus.
2629 817 2791 872 Fides
2828 818 2934 871 dlci
2976 831 3082 870 non
3111 825 3322 886 potest,
3363 818 3467 872 nisi
3506 833 3639 874 cum

2050 910 2195 965 circa
2225 925 2310 974 ea,
2361 925 2482 978 quae
2523 923 2632 964 non
2676 909 2931 962 videntur
2969 907 3232 976 amplius,
3285 923 3450 976 quam
3485 913 3636 966 circa

2050 1019 2114 1058 ea
2146 1019 2265 1072 qua:
2293 1003 2564 1068 videntur,
2597 1001 3025 1058 satisfactionem
3066 1003 3189 1072 quis
3217 1003 3462 1058 haberet.

2125 1093 2512 1149 Obturaverunt
2539 1089 2632 1149 οἱα
2655 1094 2883 1148 leonum.
2915 1094 3016 1149 llic
3047 1095 3114 1148 de
3149 1095 3373 1151 Danicle
3396 1111 3524 1150 eum
3551 1095 3640 1152 di-

2051 1201 2178 1242 cere
2206 1196 2358 1256 puto.

2126 1277 2510 1332 Exstinxerunt
2536 1277 2786 1347 impetum
2813 1277 2971 1348 ignis,
2993 1278 3288 1348 eﬂugerunt
3319 1280 3486 1334 aciem
3517 1278 3638 1349 gla-

2053 1367 2147 1422 dii.
2172 1366 2270 1422 llic
2290 1374 2469 1420 autem
2498 1367 2564 1421 de
2593 1367 2766 1421 tribus
2795 1367 2978 1435 pueris
3005 1383 3132 1422 eum
3163 1367 3344 1424 dicere
3374 1377 3527 1438 puto.

2125 1457 2514 1514 Convaluerunt
2533 1459 2597 1513 de
2615 1459 2937 1528 inﬁrmitate.
2961 1460 3062 1515 ilic
3089 1461 3216 1515 illud
3247 1469 3458 1531 tempus
3479 1462 3636 1527 dicit,

2056 1553 2273 1621 quando
2307 1552 2511 1606 reversi
2550 1561 2676 1605 sunt
2703 1566 2769 1604 ex
2807 1550 3122 1621 Babylonia,
3166 1554 3312 1622 quod
3340 1554 3436 1617 ait,
3465 1571 3531 1608 ex
3551 1556 3639 1608 in—

2056 1645 2327 1712 ﬁrmitate,
2365 1645 2470 1699 hoc
2502 1657 2623 1699 esse
2654 1653 2784 1714 puto
2811 1659 2876 1697 ex
2909 1645 3246 1713 captivitate,
3276 1648 3494 1714 quando
3521 1646 3636 1715 jam

2060 1733 2113 1786 in
2153 1733 2529 1804 desperatione
2569 1743 2728 1789 erant
2770 1732 3009 1789 iudaice:
3038 1749 3156 1798 res,
3206 1736 3420 1804 quando
3453 1734 3570 1804 jam
3605 1752 3639 1790 a

2058 1825 2290 1880 mortuis
2317 1825 2452 1879 nihil
2475 1825 2768 1880 distabant.

2129 1914 2316 1968 Fortes
2355 1915 2483 1984 facti
2520 1924 2643 1969 sunt
2663 1915 2719 1969 in
2745 1914 2901 1982 bello,
2933 1925 3108 1971 castra
3138 1926 3405 1973 verterunt
3437 1928 3646 1974 extero-

2059 2021 2196 2058 rum.
2226 2004 2324 2060 llic
2347 2013 2536 2074 aperte
2561 2005 2629 2060 de
2649 2004 2974 2062 Machabaais
2993 2007 3172 2062 dicere
3188 2009 3423 2071 videtur,
3452 2025 3648 2079 quam-

2061 2094 2142 2147 vis
2171 2102 2226 2150 et
2251 2095 2319 2150 de
2341 2092 2504 2149 Josua
2522 2134 2538 2161 ,
2565 2094 2816 2161 Samson,
2844 2096 3036 2162 David,
3064 2105 3120 2152 et
3151 2098 3239 2154 bis
3266 2099 3537 2156 similibus
3561 2101 3647 2154 in-

2059 2185 2225 2255 telligi
2254 2193 2451 2255 potest.

2129 2277 2448 2346 Acceperunt
2475 2277 2716 2332 mulieres
2743 2277 2810 2332 de
2833 2281 3214 2335 resurrectione
3239 2294 3476 2336 mortuos
3499 2301 3642 2338 suos.

2058 2365 2132 2419 Ea
2155 2381 2276 2434 quae
2302 2367 2447 2421 circa
2483 2367 2781 2436 Prophetas
2807 2381 3174 2439 provenerunt
3207 2373 3367 2436 dicit,
3403 2374 3642 2430 Eliseum

2056 2465 2112 2512 et
2127 2457 2295 2512 Etiam
2321 2458 2650 2529 signiﬁcans,
2668 2461 2760 2528 qui
2789 2470 3028 2516 mortuos
3054 2463 3409 2520 suscitabant.

2128 2549 2234 2602 A'ii
2256 2558 2431 2602 autem
2452 2551 2667 2603 distenti
2692 2559 2815 2604 sunt
2842 2567 2946 2606 non
2966 2553 3306 2623 suscipientes
3328 2554 3645 2624 redemptio-

2060 2655 2176 2694 nem
2195 2680 2210 2703 ,
2243 2648 2298 2692 ut
2324 2639 2590 2694 meliorem
2622 2639 2908 2696 invenirent
2936 2645 3392 2698 resurrectionem.
3423 2644 3647 2700 Clarum

2059 2738 2144 2784 est
2178 2745 2325 2801 ergo,
2359 2730 2486 2800 quia
2509 2739 2571 2785 ut
2599 2731 2880 2786 meliorem
2905 2733 3359 2789 resurrectionem
3381 2736 3650 2805 adipisce-

2062 2828 2264 2884 rentur,
2296 2837 2401 2876 nou
2427 2822 2572 2876 enim
2601 2822 2762 2878 talem
2783 2863 2798 2888 ,
2823 2822 3039 2894 qualem
3071 2826 3527 2881 resurrectionem
3553 2841 3650 2885 ae-
3733 2895 3740 2902 ,

2060 2919 2322 2980 ceperunt
2348 2911 2440 2967 ﬁlii
2465 2911 2676 2967 illarum
2703 2913 3011 2970 mulierum.
3049 2915 3106 2970 lu
3147 2904 3252 2972 hac
3279 2917 3398 2972 loco
3431 2917 3650 2973 videtur

2060 3003 2216 3069 mihi,
2245 3004 2370 3074 quia
2397 3004 2659 3060 Joannem
2688 3005 2958 3077 signiﬁcat
2975 3017 3032 3062 et
3057 3007 3340 3064 Jacobum.
3372 3009 3646 3067 Distentio

2061 3097 2258 3167 quippe
2281 3098 2481 3153 dicitur
2503 3097 2785 3154 decollatio
2803 3141 2816 3163 ,
2847 3099 3129 3170 elegerunt
3157 3103 3302 3157 enim
3329 3104 3503 3174 magis
3523 3119 3649 3160 mo-

379 3187 558 3242 clesim
595 3173 813 3254 semper
849 3193 1054 3240 statum
1093 3185 1374 3254 conspicit.
1429 3185 1682 3252 Quotidie
1720 3185 1775 3239 in
1811 3193 1960 3240 tanto
1987 3170 2031 3232 C
2063 3187 2131 3250 ri,
2171 3201 2292 3241 cum
2335 3187 2434 3256 ipsi
2478 3187 2614 3243 alios
2642 3189 2990 3255 suscitarent,
3032 3199 3092 3245 ut
3136 3170 3649 3249 meliorem-resur-

381 3277 618 3332 ﬁdelium
655 3291 935 3331 servorum
966 3291 1214 3341 numero,
1253 3277 1377 3330 huic
1405 3276 1690 3346 pecuniam
1725 3278 1962 3348 negotia-

379 3378 504 3424 turo
527 3371 856 3426 commodat.
893 3370 968 3424 ln~
991 3369 1164 3424 altero
1197 3369 1413 3425 modum
1440 3371 1797 3424 consummati
1830 3386 1960 3441 ope-

381 3459 462 3514 ris
486 3460 781 3514 examinat.
822 3458 978 3514 Hunc
1011 3458 1246 3514 ﬁdeliter
1271 3461 1673 3530 prudenterque
1713 3461 1964 3516 laboran-

382 3558 490 3605 tem
523 3550 800 3620 amplioris
831 3551 1021 3621 gratiae
1050 3565 1275 3606 munere
1311 3550 1507 3616 donat,
1540 3552 1689 3607 illum
1727 3553 1964 3610 desidias

380 3638 589 3704 molles,
622 3647 677 3694 et
706 3640 945 3695 marcida
974 3639 1102 3695 luxu
1129 3640 1241 3696 otia
1277 3647 1574 3696 sectantem
1595 3682 1610 3709 ,
1641 3649 1695 3698 et
1725 3657 1792 3698 eo
1819 3643 1964 3714 quod

381 3728 604 3783 dederat
630 3728 829 3799 privat.

501 3876 569 3932 IN
609 3877 858 3934 NATALI
910 3878 1332 3935 SANCTORUM
1378 3878 1838 3938 PLURIMORUM

964 3968 1361 4025 MARTYRUM
1376 4011 1392 4026 .

382 4091 578 4133 ιεοτιο
614 4093 884 4134 εριετοικε
920 4095 1079 4134 BEATI
1118 4096 1272 4135 PAULI
1299 4096 1556 4138 Αροετοω
1587 4097 1654 4137 ΔΙ)
1690 4099 1964 4150 ιιεθιιδοε,

1072 4166 1188 4205 CAP.
1209 4167 1285 4206 XI.

460 4303 479 4336 ‹
525 4285 706 4341 Sancti
752 4303 852 4358 per
886 4286 1044 4342 ﬁdem
1083 4288 1334 4344 vicerunt
1368 4305 1554 4363 regna,
1592 4294 1798 4362 operati
1841 4303 1968 4349 sunt

390 4394 408 4428 ι
441 4377 732 4447 justitiam,
750 4381 928 4448 adepti
943 4389 1069 4435 sunt
1082 4383 1553 4451 repromissiones,
1571 4385 1966 4441 obturaverunt

389 4485 409 4518 ί
454 4483 552 4523 ora
581 4469 819 4537 leonum,
844 4472 1224 4527 exstinxerunt
1251 4475 1506 4544 impetum
1524 4475 1680 4546 ignis,
1698 4476 1967 4545 eii‘ugave-

395 4577 415 4610 ε
461 4571 588 4615 runt
632 4564 806 4618 aciem
849 4563 1040 4633 gladii,
1088 4566 1475 4621 convaluerunt
1519 4569 1584 4622 de
1624 4569 1959 4626 inﬁrmitate.

394 4666 415 4700 ε
470 4649 660 4706 Fortes
689 4653 818 4708 facti
858 4663 982 4707 sunt
1007 4655 1058 4707 in
1089 4655 1249 4710 bello.
1279 4656 1469 4711 Castra
1493 4667 1772 4712 verterunt
1807 4669 1960 4714 exte-

393 4756 412 4790 t
457 4756 674 4807 rerum,
738 4751 1062 4812 acceperunt
1113 4745 1368 4800 mulieres
1441 4748 1507 4801 de
1567 4752 1964 4808 resurrectione

392 4858 412 4893 ι
458 4847 700 4894 mortuos
729 4853 873 4893 suos.
906 4837 1010 4892 Alii
1039 4846 1216 4892 autem
1245 4839 1463 4895 distenti
1486 4850 1630 4907 sunt,
1654 4859 1760 4897 non
1788 4847 1961 4900 susci-

392 4948 413 4984 t
456 4930 670 5001 pientes
695 4929 1134 4997 redemptionem,
1166 4936 1223 4982 ut
1245 4930 1524 4984 meliorem
1555 4932 1857 4988 invenirent
1879 4951 1963 4990 re-

392 5039 414 5076 t
459 5020 872 5078 surrectionem.
907 5019 1012 5074 Alii
1042 5036 1172 5077 vero
1215 5020 1467 5085 ludibria,
1511 5032 1566 5078 et
1593 5025 1817 5078 verbera
1863 5042 1961 5094 ex;

393 5130 414 5165 α
455 5112 594 5181 perti
620 5111 840 5179 insuper
860 5118 916 5163 et
940 5111 1175 5176 vincula,
1197 5121 1250 5164 et
1277 5126 1545 5179 carceres,
1573 5113 1791 5182 lapidati
1815 5127 1958 5184 sunt,

393 5219 414 5252 t
459 5201 594 5256 secti
621 5208 768 5264 sunt,
817 5201 1005 5254 tentati
1035 5211 1188 5265 sunt,
1232 5202 1285 5255 in
1333 5203 1604 5258 occisione
1631 5204 1792 5274 gladii
1821 5223 1964 5262 mor-

392 5309 414 5344 ι
459 5292 538 5346 tui
568 5298 712 5347 sunt.
741 5289 1084 5345 Circuierunt
1115 5293 1168 5346 in
1200 5293 1414 5348 melotis
1445 5295 1497 5348 in
1526 5295 1753 5365 pellibus
1791 5300 1965 5366 capri-

394 5400 415 5435 t
460 5382 562 5437 nis.
602 5381 866 5452 Egentes,
919 5369 1242 5450 angustiati,
1289 5383 1492 5449 afﬂicti,
1529 5385 1724 5454 quibus
1773 5387 1964 5456 dignus

394 5489 414 5524 ι
454 5485 562 5526 non
592 5478 708 5524 erat
752 5470 1004 5525 mundus.
1046 5469 1102 5524 ln
1153 5471 1528 5527 solitudinibus
1578 5483 1852 5537 errantes,
1909 5474 1964 5527 in

395 5579 416 5614 ι
459 5561 753 5626 montibus,
777 5569 832 5615 et
855 5559 1143 5629 speluncis,
1176 5569 1228 5614 et
1262 5561 1316 5614 in
1342 5565 1588 5619 cavernis
1616 5572 1791 5620 terrm.
1821 5565 1885 5619 Et
1909 5565 1962 5619 hi

395 5669 419 5706 ς
460 5668 651 5708 omnes
672 5653 980 5709 testimonio
1001 5651 1124 5707 ﬁdei
1139 5654 1350 5722 probati
1367 5655 1571 5712 inventi
1593 5667 1719 5713 sunt
1734 5659 1786 5714 in
1809 5659 1962 5715 Chri-

400 5760 421 5794 ι
466 5752 553 5800 sto
575 5743 702 5802 Jcsu
724 5743 950 5802 Domino
983 5754 1186 5801 nostro.
1227 5765 1245 5798 ι

2063 3277 2356 3333 rectionem
2380 3278 2828 3349 adipiscerentur.

2134 3369 2240 3423 Alii
2268 3369 2498 3423 ludibria
2518 3372 2737 3440 experti,
2766 3374 2979 3442 insuper
3004 3382 3054 3426 et
3080 3375 3287 3430 vincula
3310 3385 3358 3430 et
3385 3393 3647 3433 carceres.

2135 3459 2261 3516 Haec
2283 3461 2405 3515 ideo
2432 3461 2593 3527 dicit,
2630 3469 2690 3516 ut
2715 3465 2930 3533 quando
2955 3465 3152 3535 aliquis
3174 3467 3228 3522 in
3250 3469 3440 3524 eadem
3458 3485 3648 3536 causa,

2061 3547 2148 3603 vel
2201 3548 2255 3602 in
2294 3549 2483 3604 eadem
2526 3551 2812 3622 passione,
2864 3562 2956 3608 aut
3009 3555 3231 3610 tristitia
3288 3557 3646 3624 detineretur,

2062 3643 2314 3698 solatium
2343 3657 2412 3698 ex
2435 3644 2788 3700 similitudine
2814 3647 3192 3718 compatientis
3221 3650 3469 3720 accipiat.
3497 3651 3579 3706 Ac
3599 3654 3650 3708 si

2062 3735 2302 3806 peiorem
2331 3735 2564 3806 aliquam
2596 3737 2901 3806 passionem
2925 3739 3121 3806 ducas,
3149 3741 3195 3796 si
3223 3757 3326 3796 non
3359 3757 3427 3797 ex
3455 3742 3652 3798 eadem

2063 3840 2227 3881 causa
2257 3835 2378 3880 orta
2407 3827 2499 3891 sit,
2530 3827 2575 3882 si
2608 3841 2715 3881 non
2741 3843 2840 3898 pro
2859 3827 3070 3897 iustitia
3092 3832 3318 3900 patiaris
3352 3834 3490 3888 nihil
3523 3850 3655 3904 pro-

2064 3915 2204 3972 dest.
2242 3915 2392 3970 Beati
2416 3917 2574 3983 enim,
2606 3919 2681 3972 ait
2714 3918 3086 3989 Evangelium,
3117 3922 3207 3992 qui
3234 3924 3654 3992 persecutionem

2061 4006 2339 4075 patiuntur
2359 4015 2569 4076 propter
2577 4007 2840 4077 justitiam
2865 4008 3079 4081 (Matth.
3109 4010 3186 4082 v).

2137 4095 2384 4166 Lapidati
2416 4106 2561 4163 sunt,
2596 4099 2720 4152 secti
2742 4109 2896 4164 sunt,
2923 4101 3110 4155 tentati
3133 4112 3278 4167 sunt,
3310 4103 3365 4156 in
3389 4102 3655 4157 occisione

2064 4190 2228 4262 gladii
2262 4193 2454 4246 mortui
2481 4203 2622 4247 sunt.
2663 4193 2718 4247 in
2748 4195 2852 4248 hoc
2883 4195 3000 4250 loco
3031 4195 3290 4265 pluralem
3323 4212 3426 4266 pro
3465 4203 3654 4261 sing"-

2065 4286 2166 4341 lari
2198 4302 2422 4341 numero
2450 4287 2650 4357 posuit.
2691 4287 3008 4356 Lapidatum
3049 4289 3194 4344 enim
3219 4287 3428 4357 justum
3465 4290 3519 4343 in
3551 4289 3653 4345 Ve-

2067 4377 2170 4431 teri
2212 4376 2562 4431 Testamento
2603 4392 2704 4447 pro
2737 4377 2965 4446 iustitia,
3013 4381 3388 4434 tantummodo
3420 4378 3655 4451 legimus

2069 4471 2280 4526 Nabotb
2319 4468 2716 4526 Gezrahelitam
2744 4511 2759 4535 ,
2829 4481 3036 4527 sectum
3112 4489 3242 4530 vero
3307 4476 3655 4530 solummodo

2067 4561 2282 4624 Isaiam,
2327 4560 2522 4615 tentati
2562 4577 2694 4616 vero
2739 4571 2796 4616 et
2837 4563 2891 4617 in
2927 4563 3200 4618 occisione
3237 4565 3400 4635 gladii
3446 4567 3654 4620 mortui

2069 4652 2221 4707 multi
2253 4651 2488 4706 fuerunt.

2140 4741 2470 4798 Circuierunt
2492 4745 2547 4798 in
2572 4744 2776 4798 melotis
2809 4746 2862 4799 in
2893 4745 3113 4816 pellibus
3142 4746 3394 4816 caprinis,
3418 4756 3650 4816 egentes,

2071 4837 2378 4904 angustiati,
2407 4843 2512 4890 etc.
2542 4833 2668 4889 Hmc
2683 4837 2862 4890 omnia
2887 4836 2951 4890 de
2974 4836 3099 4890 ﬁliis
3113 4835 3528 4905 Prophetarum,
3553 4836 3652 4906 qui

2073 4927 2126 4979 in
2163 4940 2344 4980 eremo
2391 4927 2874 4989 conversabantur,
2905 4927 3009 4981 dici
3039 4928 3306 4990 videntur,
3340 4927 3409 4982 de
3449 4928 3653 4997 quibus

2072 5016 2296 5071 testibus
2332 5016 2384 5070 in
2403 5015 2551 5072 Novo
2579 5018 2930 5073 Testamento
2959 5017 3227 5084 ﬁdelibus,
3265 5017 3557 5088 Apostolus
3585 5019 3652 5071 li-

2065 5107 2188 5160 dcm
2222 5105 2380 5172 facit,
2418 5117 2476 5163 ut
2523 5111 2850 5179 torpentium
2880 5108 3042 5164 corda
3075 5108 3139 5161 ad
3181 5109 3486 5178 exemplum
3519 5124 3652 5162 san-

2065 5209 2276 5254 ctorum
2301 5200 2519 5255 illorum
2549 5200 2887 5256 inllammans
2914 5201 3115 5255 excitet
3140 5209 3195 5255 et
3219 5207 3446 5255 recreet.

2485 5307 2820 5347 EVANGEHUM
2853 5307 3130 5352 MATTIUEI,
3171 5307 3221 5344 ν.

2143 5400 2160 5433 α
2207 5381 2406 5437 Videas
2449 5381 2607 5438 Jcsns
2657 5383 2841 5436 turbas
2885 5382 3131 5436 ascendit
3175 5382 3227 5434 in
3266 5389 3526 5436 montem.
3581 5382 3652 5438 Et

2072 5491 2090 5524 ε
2133 5489 2254 5527 cum
2305 5474 2532 5528 sedisset
2575 5480 2920 5527 accesserunt
2961 5473 3026 5524 ad
3055 5487 3179 5525 eum
3222 5471 3465 5540 discipuli
3506 5469 3648 5536 ejus.

2072 5582 2089 5615 ι
2133 5564 2199 5617 Et
2225 5565 2475 5634 aperiens
2517 5579 2579 5618 es
2619 5578 2773 5618 suum
2819 5563 3045 5617 docebat
3083 5579 3177 5617 eos
3219 5563 3407 5617 dicens
3441 5580 3454 5615 :
3491 5563 3647 5618 Beati

2072 5673 2089 5706 ι
2134 5669 2399 5724 pauperes
2435 5655 2625 5725 spiritu
2653 5694 2668 5718 ,
2711 5655 2962 5722 quoniam
3009 5655 3245 5722 ipsorum
3295 5661 3378 5706 est
3420 5668 3652 5722 regnum

2072 5765 2088 5796 ι
2133 5745 2412 5802 ctelorum.
2452 5744 2603 5800 Beati
2633 5745 2812 5809 mites,
2852 5745 3105 5815 quoniam
3148 5747 3244 5814 ipsi
3291 5745 3655 5815 possidebunt
