3932 6204
316 359 414 419 545

1155 363 1670 422 COLLECTIONES
1711 367 1775 422 IN
1816 367 2198 425 EPISTOLAS
2237 368 2324 425 ET
2364 369 2781 430 EVANCELIA.

3487 378 3599 438 ΜΘ

317 497 334 531 ι
377 489 600 532 terram.
633 475 785 531 Beati
824 475 916 545 qui
958 475 1178 548 lugent,
1207 481 1462 550 quoniam
1504 482 1606 552 ipsi
1649 483 1896 537 consola-
1928 490 1976 547 Α
2003 496 2164 551 aqua,
2189 483 2257 539 de
2294 499 2401 554 qua
2428 485 2672 556 quisquis
2709 487 2930 554 biberit,
2981 487 3072 545 ﬁet
3097 490 3151 546 in
3174 504 3242 546 eo
3284 489 3407 548 fons
3440 509 3593 565 aqua

315 587 332 617 ο
378 568 601 620 buntur.
650 565 799 619 Beati
839 566 930 634 qui
977 568 1225 622 esuriant
1277 579 1332 624 et
1375 571 1566 626 sitiunt
1608 571 1896 641 justitiam,

313 680 332 711 ι
376 661 636 730 quoniam
681 659 781 728 ipsi
830 659 1238 715 saturabnntur.
1285 661 1432 716 Beati
1489 663 1895 728 misericordes,

313 771 330 802 ι
369 752 627 822 quoniam
668 749 770 820 ipsi
815 750 1245 806 misericordiam
1287 764 1706 823 consequentur.
1747 755 1897 810 Beati

312 859 331 892 ι
377 842 578 895 mundo
604 841 788 903 corde,
823 841 1083 909 quoniam
1107 842 1206 912 ipsi
1235 844 1398 898 Deum
1427 845 1710 899 videbunt.
1742 846 1894 901 Beati

311 951 328 983 ι
372 932 620 1002 paciﬁci,
665 934 923 1002 quoniam
964 933 1058 987 ﬁlii
1095 934 1188 987 Dci
1219 937 1574 992 vocabuntur.
1613 938 1766 991 Beati
1801 939 1894 1008 qtti

307 1042 326 1075 ι
371 1025 809 1094 persecutionem
853 1025 1136 1094 patiuntur
1174 1035 1394 1096 propter
1423 1025 1727 1095 justitiam,
1760 1045 1898 1098 quo-

304 1134 325 1168 t
369 1117 520 1170 niam
570 1116 810 1184 ipsorum
839 1125 921 1171 est
963 1132 1186 1188 regnum
1232 1118 1518 1174 etelorum.
1557 1120 1708 1175 Beati
1758 1123 1893 1178 estis

305 1226 322 1258 ι
366 1224 493 1263 cum
523 1207 909 1263 maledixerint
930 1211 1084 1264 vobis
1115 1211 1386 1277 homines,
1417 1222 1471 1268 et
1499 1215 1767 1283 persecuti
1797 1231 1892 1269 vos

303 1320 322 1350 ο
363 1299 604 1366 fuerint,
649 1311 706 1355 et
747 1301 984 1356 dixerint
1013 1318 1175 1357 omne
1209 1303 1411 1357 malum
1451 1306 1739 1360 adversum
1771 1321 1885 1371 vos,

303 1409 319 1440 ι
368 1392 697 1446 mentientes
725 1401 947 1461 propter
969 1407 1072 1447 me.
1092 1393 1337 1450 Gaudete
1363 1403 1419 1448 et
1445 1396 1736 1462 exsultate,
1754 1413 1889 1466 quo-

301 1499 320 1532 ι
359 1482 508 1535 niam
539 1497 751 1537 merces
777 1491 959 1536 vestra
995 1484 1213 1553 cupiosa
1239 1493 1324 1539 est
1349 1485 1400 1538 in
1425 1486 1597 1540 ctelis.
1647 1506 1666 1538 ι

378 1569 574 1626 Videns
611 1570 772 1626 Iesus
804 1573 986 1626 turbas
1016 1574 1249 1627 ascendit
1287 1575 1341 1628 in
1391 1584 1648 1641 montem,
1679 1586 1727 1630 et
1766 1593 1884 1631 cum

291 1665 532 1731 sedisset,
567 1675 898 1720 accesserunt
921 1667 990 1720 ad
1022 1683 1139 1722 cum
1166 1667 1409 1737 discipuli
1437 1669 1573 1738 ejus.
1600 1670 1698 1738 (Ex
1721 1671 1884 1743 Aug.)

291 1755 354 1811 Si
385 1755 653 1824 quan-itur
690 1755 819 1824 quid
859 1755 1128 1826 signiﬁcet
1170 1772 1344 1819 mons,
1389 1757 1526 1813 bene
1564 1760 1885 1830 intelligitur

2001 572 2248 630 salientis
2275 576 2329 629 in
2355 577 2523 630 vitam
2561 587 2842 634 aeternam.

2069 665 2222 720 Beati
2273 670 2662 737 misericordes,
2717 675 2965 744 quoniam
3024 676 3126 746 ipsi
3176 677 3595 733 misericordiam

1999 771 2408 830 consequuntur.
2443 763 2639 819 Beatos
2679 779 2800 820 esse
2833 766 2964 820 dicit
3007 769 3097 836 qui
3123 769 3450 824 subveniunt
3492 771 3594 824 mi-

1997 849 2154 914 seris,
2187 853 2443 920 qnoniam
2463 855 2542 909 eis
2579 856 2650 908 ita
2681 857 3015 925 rependitur,
3061 867 3122 912 ut
3161 858 3231 913 de
3271 861 3489 916 miseria
3529 861 3587 915 li-

1995 942 2275 997 berentur.

2065 1034 2217 1089 Beati
2246 1039 2442 1092 mundo
2484 1041 2660 1105 corde,
2703 1044 2952 1112 quoniam
2990 1047 3091 1116 ipsi
3125 1046 3287 1100 Deum
3323 1048 3587 1103 videbunt.

1996 1123 2146 1179 Sicut
2167 1127 2290 1181 alibi
2314 1130 2573 1198 scriptum
2595 1141 2678 1186 est
2697 1151 2708 1184 :
2731 1133 2796 1186 In
2810 1135 3142 1204 simplicitate
3157 1139 3353 1204 cordis,
3368 1143 3588 1210 qua’rits

1992 1215 2162 1282 illum,
2194 1219 2297 1274 hoc
2317 1231 2400 1275 est
2427 1223 2570 1276 enim
2593 1227 2854 1280 mundum
2896 1243 3010 1293 cor,
3056 1232 3199 1299 quod
3234 1241 3318 1286 est
3359 1233 3589 1303 simplex

1991 1323 2106 1372 cor,
2133 1319 2188 1363 et
2207 1311 2350 1365 sicut
2383 1312 2564 1368 lumen
2587 1317 2690 1370 hoc
2713 1318 2883 1371 videri
2914 1335 3019 1373 non
3041 1330 3238 1389 potest,
3274 1323 3376 1377 nisi
3415 1325 3588 1378 oculis

1988 1402 2225 1467 mundis,
2256 1405 2330 1458 ita
2353 1420 2455 1460 nec
2486 1407 2629 1463 Deus
2655 1410 2945 1476 videbitur,
2990 1413 3093 1466 nisi
3126 1417 3385 1469 mundum
3427 1416 3497 1470 sit
3523 1417 3588 1469 ilo

1988 1493 2079 1548 lud
2108 1496 2250 1564 quod
2276 1497 2460 1552 videre
2479 1509 2678 1578 potest.

2057 1584 2211 1639 Beati
2239 1588 2463 1656 paciﬁci,
2493 1592 2744 1659 quoniam
2777 1590 2878 1659 ﬁlii
2913 1591 3010 1646 Det
3041 1593 3383 1649 vocabuntur.
3410 1595 3470 1650 ln
3493 1612 3586 1666 pa-

1985 1691 2050 1730 ce
2092 1679 2354 1747 perfectio
2396 1690 2498 1744 est,
2552 1681 2641 1734 ubi
2696 1683 2830 1736 nihil
2878 1695 3166 1752 repugnat,
3215 1693 3270 1739 et
3319 1686 3441 1740 ideo
3487 1687 3582 1744 ﬁlii

1984 1768 2078 1822 Dei
2123 1770 2357 1838 paciﬁci,
2414 1773 2671 1840 quoniam
2727 1774 2860 1828 nihil
2912 1776 3119 1830 resistit
3177 1775 3308 1830 Deo.
3363 1775 3582 1833 Paciﬁci

289 1845 603 1919 signiﬁcare
641 1845 844 1915 majora
889 1856 1158 1916 przeccpta
1195 1845 1453 1915 justitize,
1497 1851 1623 1920 quia
1669 1852 1878 1906 minora
1912 1855 1956 1912 B
1984 1868 2161 1912 autem
2190 1861 2244 1913 in
2267 1862 2573 1932 semetipsis
2599 1864 2836 1932 suntqui
2864 1879 3054 1919 omnes
3082 1867 3248 1920 animi
3274 1867 3356 1921 sui
3397 1878 3581 1923 motus

287 1948 480 2004 erant,
513 1953 635 2008 qua:
660 1936 862 1993 ludatis
885 1937 1007 1992 data
1036 1947 1180 1992 sunt.
1228 1939 1376 1995 Unus
1403 1948 1581 1995 tamtm
1611 1939 1752 1995 Deus
1783 1956 1880 2010 per

287 2040 511 2086 sanctos
539 2031 834 2102 prophetas
876 2038 931 2084 et
961 2029 1190 2085 famulos
1217 2046 1368 2095 suos,
1396 2033 1694 2086 secundum
1733 2035 1879 2087 ordi-
1920 2034 1925 2039 ’

287 2123 631 2178 uatissimam
672 2123 1106 2178 distributionem
1146 2132 1448 2192 temporum
1485 2125 1876 2179 deditminora

286 2222 560 2283 pmcepta
589 2211 810 2282 pupula,
841 2227 1002 2282 quem
1040 2213 1232 2268 timore
1261 2215 1440 2269 adhuc
1474 2215 1682 2286 alligari
1719 2233 1878 2286 opor-

287 2307 461 2368 lebat,
483 2313 539 2358 et
565 2302 861 2374 perFiiium
885 2321 1039 2359 suum
1067 2303 1270 2372 majora
1301 2307 1500 2376 populo
1517 2347 1533 2371 ,
1564 2322 1725 2376 quem
1752 2309 1877 2363 cha-

284 2395 451 2448 ritate
469 2395 582 2464 jam
607 2395 827 2449 liberari
850 2405 1201 2450 convenerat.
1239 2394 1447 2451 Sedens
1477 2405 1658 2452 autem
1693 2398 1872 2464 docet,

292 2488 442 2555 quod
471 2489 707 2556 pertinet
740 2487 807 2541 ad
838 2486 1154 2557 dignitatem
1196 2488 1491 2560 magisterii
1523 2496 1577 2542 et
1613 2489 1876 2544 accedunt

285 2583 358 2637 ad
394 2597 514 2635 eum
544 2581 790 2650 discipuli
818 2581 935 2645 sui,
979 2589 1036 2634 ut
1079 2580 1365 2661 audiendis
1396 2580 1536 2635 illius
1567 2583 1773 2646 verbis,
1817 2583 1870 2637 hi

281 2680 472 2726 essent
505 2673 668 2725 etiam
698 2685 926 2741 corpore
968 2671 1293 2736 viciniores,
1328 2672 1418 2741 qui
1457 2673 1742 2741 praeceptis
1771 2672 1872 2726 im-

282 2761 496 2832 plendis
523 2755 1174 2830 animo'propinquabant.

360 2853 468 2918 (Ex
500 2850 686 2923 Fulg.)
726 2851 892 2908 Recte
929 2851 1073 2906 Deus
1109 2851 1357 2906 excelsus
1387 2853 1439 2905 in
1474 2851 1650 2906 locum
1685 2852 1868 2908 excel-

282 2958 406 2996 sum
435 2941 708 3009 ascendit,
742 2949 802 2996 ut
829 2942 1141 2997 hominibus
1167 2941 1399 2997 excelsis
1425 2943 1744 3012 praedicaret
1775 2959 1869 2998 ex-

279 3033 448 3096 celsa,
476 3041 528 3086 et
563 3041 747 3103 aperte
782 3032 866 3087 lex
897 3048 1037 3087 nova
1063 3033 1117 3086 in
1148 3042 1330 3088 mente
1353 3033 1701 3104 przedicatur,
1737 3035 1866 3107 quia

280 3133 440 3179 vetus
468 3124 598 3179 Mosi
623 3125 676 3179 in
703 3134 884 3179 monte
911 3125 1038 3180 data
1066 3134 1168 3180 est.

1985 1961 2372 2020 componentes
2412 1953 2547 2008 ﬁunt
2597 1970 2822 2026 regnum
2869 1956 2984 2010 Dei.
3017 1957 3116 2012 llic
3159 1959 3416 2014 convenit
3448 1959 3580 2016 illud

1982 2043 2254 2111 poeticum
2271 2060 2284 2098 :

2105 2182 2205 2250 Eax
2234 2187 2442 2250 animam
2471 2187 2642 2250 nutrit,
2672 2188 2855 2237 retinet
2880 2189 3136 2238 concertis
3163 2202 3356 2250 pacem.

2107 2244 2206 2309 [fas
2234 2249 2458 2304 reprimit
2489 2244 2648 2309 litem,
2667 2251 2940 2298 concordes
2965 2258 3115 2300 nectit
3140 2244 3192 2300 et
3222 2253 3370 2300 idem.

2109 2305 2194 2372 Lis
2218 2319 2388 2367 pacem
2413 2311 2614 2372 metuit,
2635 2305 2827 2370 refugit
2843 2312 3084 2361 discordis
3111 2324 3296 2372 pacem.

2103 2366 2225 2418 Odia
2253 2381 2348 2430 pax
2369 2369 2535 2434 pellit,
2562 2366 2872 2434 castum'psx
2902 2376 3056 2422 nutrit
3075 2366 3314 2425 amorem.

2045 2489 2198 2543 Beati
2225 2491 2316 2560 qui
2350 2493 2761 2562 persecutionem
2815 2495 3112 2563 patiuntur,
3165 2503 3378 2566 propter
3405 2495 3572 2566 justi-

1974 2579 2124 2644 ticm,
2151 2582 2400 2650 quoniam
2429 2583 2662 2652 ipsorum
2687 2593 2762 2636 est
2792 2599 3009 2652 regnum
3046 2583 3313 2638 ctelontm.
3339 2584 3456 2639 Non
3475 2585 3570 2655 qui

1973 2682 2196 2740 propter
2228 2672 2588 2740 iniquitatem,
2617 2674 2710 2728 sed
2742 2683 2962 2743 propter
3001 2673 3327 2729 Christianae
3375 2676 3567 2730 unita-

1975 2763 2042 2816 tis
2074 2761 2414 2826 divisionem,
2445 2779 2568 2817 nam
2597 2773 2652 2817 et
2675 2764 2822 2835 Agar
2847 2780 3003 2834 passa
3035 2774 3140 2830 est,
3172 2781 3203 2820 a
3227 2765 3358 2820 Sara
3384 2783 3572 2837 perse-

1971 2851 2266 2914 cutionem,
2289 2857 2344 2903 et
2373 2850 2462 2904 illa
2485 2863 2604 2905 erat
2629 2862 2817 2906 sancta
2839 2868 2959 2922 quae
2980 2852 3234 2919 faciebat,
3267 2855 3354 2908 illa
3375 2858 3559 2926 iniqua

1971 2953 2091 3010 quae
2128 2940 2456 3009 patiebatur.
2482 2939 2773 3011 Signanter
2796 2942 2998 2997 addidit
3034 2953 3248 3013 propter
3274 2944 3566 3013 justitiam,

1970 3032 2124 3085 multi
2151 3032 2296 3086 enim
2339 3032 2772 3102 persecutionem
2810 3042 3035 3102 propter
3063 3048 3162 3088 sua
3207 3045 3428 3104 peccata
3471 3052 3569 3106 pa-

1969 3122 2199 3185 tiuntur,
2219 3131 2275 3176 et
2294 3137 2402 3176 non
2423 3129 2550 3176 sunt
2561 3119 2717 3190 justi.
2743 3122 2852 3194 (Ea:
2875 3121 3122 3194 Hieron.)
3149 3122 3428 3194 Simulque
3440 3141 3568 3180 con-

359 3216 426 3270 Et
447 3219 683 3287 aperiens
703 3235 758 3272 os
787 3216 1602 3286 suum,docebateos,dicens.ln
1619 3223 1863 3292 aperien-
1889 3201 1934 3263 (ἶ
1967 3215 2164 3277 sidera,
2187 3214 2330 3283 quod
2362 3223 2551 3269 octava
2598 3230 2741 3270 rem
2808 3215 3242 3271 circumcisionis
3290 3216 3569 3272 beatitudo

277 3308 354 3362 do
383 3308 524 3362 enim
563 3323 644 3372 os,
690 3308 922 3363 ostendit
970 3309 1294 3378 profundum
1342 3318 1398 3366 et
1437 3311 1707 3366 occultum
1748 3327 1864 3366 ser-

279 3413 496 3452 mortem
527 3398 859 3468 prolaturum
888 3415 1065 3466 suum,
1095 3401 1183 3455 hic
1213 3401 1358 3456 enim
1387 3418 1450 3456 os
1477 3417 1632 3457 suum
1665 3401 1864 3458 dicitur

275 3487 512 3556 aperire,
534 3489 674 3557 quod
699 3490 850 3558 prius
872 3491 1254 3560 prophetarum
1288 3507 1384 3547 ora
1414 3493 1645 3562 aperuit.

352 3578 500 3634 Beati
527 3597 778 3651 pauperes
800 3583 1008 3652 spiritu,
1024 3585 1271 3654 quoniam
1291 3585 1523 3654 ipsorum
1546 3595 1620 3639 est
1645 3601 1862 3656 regnum

274 3669 545 3723 caelorum.
571 3671 680 3726 Nec
706 3672 919 3727 aliunde
936 3673 1173 3744 incipere
1192 3677 1430 3742 oportuit
1454 3676 1858 3743 beatitudinem,

275 3761 545 3830 siquidem
598 3771 920 3832 perventura
962 3771 1046 3819 est
1108 3765 1176 3819 ad
1241 3781 1508 3820 summam
1557 3767 1858 3836 sapientiae.

277 3850 501 3905 Initium
530 3863 706 3907 autem
735 3855 1006 3926 sapientiae
1040 3856 1196 3908 timor
1236 3855 1470 3921 Domini,
1511 3857 1767 3926 quoniam
1807 3864 1862 3912 et

272 3957 310 3996 ο
342 3944 632 4008 contrario,
674 3945 879 3999 initium
933 3947 1098 4000 omnis
1139 3948 1358 4016 peccati,
1403 3947 1666 4017 superbia,
1731 3962 1862 4017 qua-

273 4021 498 4104 propter
519 4035 605 4090 hic
630 4036 1000 4106 intelliguntur
1025 4053 1289 4107 pauperes
1319 4039 1532 4107 spiritu,
1557 4039 1788 4092 humiles
1807 4047 1863 4094 et

273 4125 532 4180 timentes
556 4125 742 4192 Deum,
768 4126 822 4181 id
849 4136 953 4194 est,
980 4143 1087 4182 non
1126 4128 1388 4184 habentes
1431 4128 1709 4186 inﬁantem
1752 4132 1861 4200 spi-

275 4215 465 4268 ritum.

350 4307 501 4360 Beati
553 4307 721 4373 mites,
762 4310 1011 4379 quoniam
1057 4310 1159 4380 ipsi
1202 4310 1586 4364 Iurrcditabunt
1639 4320 1854 4364 terram.

274 4398 426 4452 Illam
473 4399 668 4463 credo,
731 4400 797 4454 de
844 4414 950 4468 qua
998 4399 1052 4453 in
1099 4399 1328 4455 Psalmis
1372 4401 1567 4455 dicitur
1610 4418 1622 4452 :
1673 4397 1858 4453 Portio

270 4505 416 4554 mea,
437 4489 492 4542 in
511 4498 651 4542 terra
665 4489 936 4542 viventium
959 4487 1186 4560 (Psalm.
1225 4489 1382 4560 cm).
1413 4488 1694 4558 Signiﬁcat
1712 4490 1856 4542 enim

272 4582 564 4650 quamdam
586 4580 908 4636 soliditatem
930 4589 984 4634 et
1011 4579 1358 4635 stabilitatem
1387 4580 1719 4634 haereditatis
1741 4595 1860 4650 per-

271 4681 474 4743 petuae,
502 4673 615 4742 ipse
637 4673 780 4727 enim
802 4680 885 4727 est
913 4673 1144 4742 requies,
1178 4681 1232 4726 et
1259 4672 1366 4726 vita
1390 4681 1723 4726 sanctorum.
1763 4673 1860 4726 Mi-

276 4774 361 4818 tes
399 4773 574 4818 autem
598 4765 872 4830 dicuntur,
897 4764 990 4833 qui
1011 4779 1118 4818 non
1152 4763 1412 4817 resistunt
1437 4763 1598 4828 malo,
1629 4765 1723 4819 sed
1743 4763 1861 4818 vin-

273 4861 408 4909 cunt
435 4855 487 4909 in
515 4856 658 4910 bono
683 4855 904 4909 malum.

347 4943 496 5000 Beati
518 4947 606 5016 qui
630 4945 1090 5015 lugent,quoniam
1129 4943 1228 5013 ipsi
1263 4943 1684 4997 consolabuntur.
1712 4943 1866 4998 Beati

272 5041 368 5109 qui
405 5039 588 5108 lugent
638 5045 879 5107 peccata,
926 5037 1350 5091 consolabuntur
1397 5034 1600 5104 Spiritu
1645 5043 1854 5101 sancto,

274 5134 366 5203 qni
392 5142 676 5202 propterea
703 5129 1034 5194 Paracletns,
1056 5129 1106 5182 id
1137 5137 1242 5192 est,
1270 5127 1579 5182 consolator
1609 5115 1856 5182 nomina-

275 5234 387 5288 tur,
429 5233 487 5278 ut
512 5221 861 5292 temporalem
892 5221 1226 5281 amittentes,
1265 5229 1468 5272 aeterna
1507 5218 1692 5272 lictitia
1736 5234 1860 5288 per-

272 5315 540 5370 fruantur.

350 5408 497 5463 Beati
544 5409 634 5477 qui
684 5407 941 5471 esuriant,
986 5416 1033 5459 et
1072 5406 1254 5459 sitiunt
1293 5405 1577 5476 justitiam,
1607 5404 1854 5475 quoniam

269 5501 373 5570 ipsi
401 5498 796 5553 saturabuntur.
829 5497 927 5551 llic
949 5503 1218 5552 amatores
1246 5496 1395 5558 dicit,
1423 5497 1533 5550 veri
1569 5505 1625 5548 et
1672 5496 1859 5551 incon-

272 5590 416 5642 cussi
449 5589 594 5653 boni,
629 5587 719 5642 illo
750 5603 880 5657 ergo
906 5588 1026 5641 cibo
1045 5587 1456 5651 saturahnntnr,
1488 5587 1552 5638 de
1592 5600 1701 5652 quo
1742 5585 1859 5653 ipse

274 5682 536 5736 Dominus
564 5681 682 5733 ait:
712 5677 862 5733 Meus
902 5678 1045 5732 cibus
1085 5687 1160 5731 est
1200 5688 1253 5731 ut
1296 5678 1489 5746 faciant
1538 5673 1854 5728 voluntatem

271 5772 455 5830 Patris
490 5776 589 5830 mei
614 5773 796 5848 (Joan.
822 5774 1028 5847 tv),ubi
1055 5772 1302 5844 loquitur
1331 5772 1396 5830 de
1426 5769 1634 5841 justitia
1671 5777 1726 5824 et
1767 5767 1857 5822 illa

1965 3307 2230 3377 martyrio
2258 3307 2602 3361 terminatur.

2033 3399 2187 3454 Beati
2212 3403 2337 3454 estis
2362 3418 2479 3453 cum
2503 3401 2873 3454 mali-dixerint
2893 3400 3035 3456 vobis
3057 3401 3317 3465 homines,
3360 3411 3409 3456 et
3440 3418 3563 3471 per-

1960 3491 2129 3545 secuti
2157 3507 2244 3544 vos
2283 3491 2478 3559 fuerint
2504 3499 2553 3544 et
2579 3491 2809 3544 dixerint
2851 3506 3002 3543 omne
3045 3488 3244 3543 malum
3291 3491 3565 3544 adversum

1963 3597 2072 3645 ros,
2108 3581 2409 3634 mentientes
2447 3589 2658 3650 propter
2692 3596 2794 3633 me.
2844 3578 2980 3633 Illud
3028 3579 3379 3634 maledictum
3430 3595 3564 3635 con-

1964 3671 2310 3726 temnendum
2334 3677 2438 3737 est,
2466 3681 2521 3726 et
2565 3671 2956 3726 beatitudinem
3004 3679 3178 3736 creat,
3228 3672 3374 3740 quod
3423 3671 3562 3726 falso

1962 3762 2335 3817 maledicentis
2370 3777 2467 3818 ore
2509 3762 2802 3834 profertur,
2826 3764 2968 3818 unde
3005 3772 3060 3818 et
3090 3763 3400 3834 specialiter
3457 3763 3564 3818 dif-

1965 3851 2178 3919 llniunt,
2223 3868 2345 3923 qua:
2373 3855 2444 3909 sit
2474 3856 2629 3910 beata
2658 3854 2991 3921 maledictio,
3023 3871 3184 3910 omne
3211 3855 3398 3910 dicens
3446 3871 3563 3910 ma-

1963 3945 2220 4000 ledictum
2245 3946 2534 4001 adversum
2557 3962 2674 4012 vos,
2701 3948 3028 4002 mentientes
3055 3953 3277 4016 propter
3306 3962 3426 4009 me;
3463 3946 3554 4001 ubi

1961 4052 2092 4108 ergo
2124 4035 2376 4092 Christus
2404 4037 2458 4090 in
2492 4053 2656 4092 causa
2698 4049 2800 4102 est,
2852 4039 2924 4092 ibi
2962 4038 3199 4108 Optanda
3227 4037 3560 4092 maledictio.

2032 4124 2268 4180 Gaudete
2293 4137 2339 4180 et
2360 4126 2639 4192 exsultare,
2663 4128 2910 4197 quoniam
2932 4143 3127 4181 merces
3155 4134 3322 4180 vestra
3351 4126 3560 4195 copiosa

1961 4229 2036 4272 est
2069 4221 2122 4272 in
2153 4217 2312 4272 coriis.
2345 4216 2540 4271 Nescio
2565 4217 2687 4286 quis
2714 4218 2818 4270 hoc
2844 4223 3088 4270 nostrum
3117 4215 3286 4286 possit
3310 4215 3560 4285 implere,

1963 4319 2022 4364 ut
2047 4309 2316 4364 laceretur
2341 4307 2666 4377 opprobriis,
2697 4307 2839 4359 fama
2865 4313 3073 4369 nostra,
3099 4313 3152 4359 et
3184 4320 3286 4359 nos
3312 4305 3558 4360 exsulte-

1961 4416 2082 4454 mus
2101 4400 2154 4453 in
2185 4399 2433 4461 Domino,
2461 4398 2563 4452 hoc
2588 4397 2679 4465 qui
2707 4412 2903 4451 vanam
2930 4405 3172 4451 sectatur
3196 4397 3419 4468 gloriam
3447 4398 3553 4451 im-

1960 4490 2108 4560 plere
2139 4504 2244 4545 non
2265 4496 2463 4558 potest.
2485 4487 2735 4544 Gaudere
2751 4487 2914 4558 igitur
2929 4488 3271 4543 etexsnltare
3291 4489 3556 4543 debemus

1965 4589 2022 4634 ut
2049 4594 2258 4634 merces
2281 4578 2434 4633 nobis
2459 4578 2511 4632 in
2539 4577 2853 4632 coelestibus
2885 4586 3237 4647 praeparetur.
3264 4577 3556 4646 Eleganter

1964 4670 2020 4724 in
2045 4671 2277 4740 quodam
2323 4668 2595 4722 volumine
2626 4667 2890 4738 scriptum
2939 4667 3198 4738 legimus:
3225 4665 3303 4721 Ne
3340 4682 3556 4736 quaeras

1966 4762 2218 4833 gloriam,
2249 4771 2304 4815 et
2334 4777 2443 4815 non
2474 4760 2683 4815 dolebis
2710 4775 2833 4815 cum
2867 4759 3192 4830 ingloriosus
3219 4759 3403 4815 fueris.

2037 4853 2146 4924 (Ex
2169 4851 2503 4922 August.)ln
2533 4851 2687 4906 curiis
2709 4851 2913 4904 dictum
2962 4859 3064 4915 est,
3115 4851 3171 4905 in
3219 4850 3554 4920 spiritalibus

1969 4945 2344 5011 ﬁrmamentis,
2372 4945 2462 4999 ubi
2487 4944 2696 5000 habitat
2735 4943 3022 5012 sapientia,
3053 4943 3284 5011 justitia,
3325 4943 3467 4997 unde
3497 4951 3554 4998 et

1953 5035 2246 5104 Apostolus
2297 5035 2504 5104 inquit,
2573 5033 2898 5087 conversatio
2955 5041 3128 5085 uestra
3169 5031 3225 5085 in
3283 5030 3426 5085 caelis
3477 5040 3554 5085 est

1956 5126 2419 5200 (Philip.tt|).(E.r
2445 5122 2850 5193 Hieron.)Cum
2895 5121 3043 5184 dicit,
3083 5121 3235 5176 Beati
3276 5138 3550 5192 pauperes,

1953 5218 2238 5272 avaritiam
2270 5216 2498 5286 repellit.
2545 5214 2696 5268 Beati
2723 5214 2906 5276 mites,
2962 5211 3101 5265 iram
3138 5219 3194 5264 et
3231 5211 3552 5280 indignatio-

1959 5323 2082 5362 nem
2112 5306 2369 5361 excludit.
2397 5304 2551 5358 Beati
2578 5304 2667 5373 qui
2690 5301 2888 5372 lugent,
2916 5300 3098 5355 sasculi
3127 5299 3402 5354 tristitiam
3427 5311 3550 5366 quae

1962 5407 2192 5452 mortem
2213 5404 2469 5465 operatur
2499 5403 2780 5464 repugnat.
2798 5391 3049 5462 Beatiqui
3071 5391 3327 5452 esuriant,
3343 5387 3545 5459 gulam,

1958 5491 2074 5545 sive
2099 5487 2340 5542 omnium
2372 5485 2690 5540 deliciarum
2733 5483 3105 5553 cupiditatem,
3150 5493 3247 5548 per
3279 5475 3546 5545 jejunium

1959 5579 2218 5635 retundit.
2237 5576 2386 5630 Beati
2402 5576 2784 5639 misericordes,
2802 5571 2992 5628 htnnili
3006 5565 3381 5636 compatiendo
3396 5563 3543 5628 iecit.

1961 5671 2110 5724 Beati
2138 5669 2331 5723 mundo
2355 5668 2533 5734 corde,
2559 5667 2613 5720 in
2640 5664 3051 5722 fornicationem
3074 5667 3128 5713 et
3161 5671 3378 5718 omnem
3415 5670 3543 5713 cor-

1959 5768 2106 5839 poris
2142 5767 2608 5837 inquinamentum
2639 5761 2852 5816 fortiter
2875 5762 3180 5824 cxtorquet.
3214 5751 3365 5810 Beati
3396 5753 3538 5819 uarie
