  <div class='ocr_page' id='page_1' title='image "/cluster/home/n/w/nwhite01/storage/ocr_20150623/102/hvd.32044052820032/279.png"; bbox 0 0 3932 6204; ppageno 0'>
   <div class='ocr_carea' id='block_1_1' title="bbox 284 370 458 430">
    <p class='ocr_par' dir='ltr' id='par_1_1' title="bbox 284 370 458 430">
     <span class='ocr_line' id='line_1_1' title="bbox 284 370 458 430; baseline 0.006 -1"><span class='ocrx_word' id='word_1_1' title='bbox 284 370 288 374; x_wconf 28' lang='grc' dir='ltr'>λ</span> <span class='ocrx_word' id='word_1_2' title='bbox 350 375 458 430; x_wconf 72' lang='lat' dir='ltr'><strong>Si?</strong></span> 
     </span>
    </p>
   </div>
   <div class='ocr_carea' id='block_1_2' title="bbox 1602 357 2289 422">
    <p class='ocr_par' dir='ltr' id='par_1_2' title="bbox 1602 357 2289 422">
     <span class='ocr_line' id='line_1_2' title="bbox 1602 357 2289 422; baseline -0.01 -1"><span class='ocrx_word' id='word_1_3' title='bbox 1602 361 1883 422; x_wconf 75' lang='lat' dir='ltr'><strong>SMARAG</strong></span> <span class='ocrx_word' id='word_1_4' title='bbox 1894 363 1958 417; x_wconf 80' lang='lat' dir='ltr'><strong>Di</strong></span> <span class='ocrx_word' id='word_1_5' title='bbox 1998 357 2289 416; x_wconf 74' lang='lat' dir='ltr'><strong>ABBATIS</strong></span> 
     </span>
    </p>
   </div>
   <div class='ocr_carea' id='block_1_3' title="bbox 3504 331 3606 386">
    <p class='ocr_par' dir='ltr' id='par_1_3' title="bbox 3504 331 3606 386">
     <span class='ocr_line' id='line_1_3' title="bbox 3504 331 3606 386; baseline -0.01 0"><span class='ocrx_word' id='word_1_6' title='bbox 3504 331 3606 386; x_wconf 66' lang='lat'><strong>5.58</strong></span> 
     </span>
    </p>
   </div>
   <div class='ocr_carea' id='block_1_4' title="bbox 347 467 3626 558">
    <p class='ocr_par' dir='ltr' id='par_1_4' title="bbox 347 467 3626 558">
     <span class='ocr_line' id='line_1_4' title="bbox 347 467 3626 558; baseline -0.007 -13"><span class='ocrx_word' id='word_1_7' title='bbox 347 490 458 558; x_wconf 51' lang='lat' dir='ltr'><strong>ﬁci,</strong></span> <span class='ocrx_word' id='word_1_8' title='bbox 517 501 710 544; x_wconf 85' lang='lat' dir='ltr'><strong>vanam</strong></span> <span class='ocrx_word' id='word_1_9' title='bbox 756 498 1003 557; x_wconf 67' lang='lat' dir='ltr'><strong>gloriam,</strong></span> <span class='ocrx_word' id='word_1_10' title='bbox 1049 481 1201 552; x_wconf 80' lang='lat' dir='ltr'><strong>pacis</strong></span> <span class='ocrx_word' id='word_1_11' title='bbox 1255 479 1594 536; x_wconf 70' lang='lat' dir='ltr'><strong>dilectionem</strong></span> <span class='ocrx_word' id='word_1_12' title='bbox 1659 478 1924 534; x_wconf 79' lang='lat' dir='ltr'><strong>humiliot.</strong></span> <span class='ocrx_word' id='word_1_13' title='bbox 1957 479 2007 539; x_wconf 78' lang='grc' dir='ltr'>Α</span> <span class='ocrx_word' id='word_1_14' title='bbox 2100 474 2301 530; x_wconf 80' lang='lat' dir='ltr'><strong>Iterum</strong></span> <span class='ocrx_word' id='word_1_15' title='bbox 2328 472 2500 528; x_wconf 74' lang='lat' dir='ltr'><strong>simile</strong></span> <span class='ocrx_word' id='word_1_16' title='bbox 2523 481 2597 527; x_wconf 81' lang='lat' dir='ltr'><strong>est</strong></span> <span class='ocrx_word' id='word_1_17' title='bbox 2622 486 2840 558; x_wconf 74' lang='lat' dir='ltr'><strong>regnum</strong></span> <span class='ocrx_word' id='word_1_18' title='bbox 2861 469 3108 524; x_wconf 73' lang='lat' dir='ltr'><strong>calorum</strong></span> <span class='ocrx_word' id='word_1_19' title='bbox 3133 484 3343 558; x_wconf 71' lang='lat' dir='ltr'><strong>sugente</strong></span> <span class='ocrx_word' id='word_1_20' title='bbox 3369 467 3546 558; x_wconf 62' lang='lat' dir='ltr'><strong>missa</strong></span> <span class='ocrx_word' id='word_1_21' title='bbox 3565 470 3626 521; x_wconf 82' lang='lat' dir='ltr'><strong>in</strong></span> 
     </span>
    </p>
   </div>
   <div class='ocr_carea' id='block_1_5' title="bbox 351 569 1935 650">
    <p class='ocr_par' dir='ltr' id='par_1_5' title="bbox 351 569 1935 650">
     <span class='ocr_line' id='line_1_5' title="bbox 351 569 1935 650; baseline -0.008 -15"><span class='ocrx_word' id='word_1_22' title='bbox 351 582 505 636; x_wconf 85' lang='lat' dir='ltr'><strong>Beatt</strong></span> <span class='ocrx_word' id='word_1_23' title='bbox 556 579 645 650; x_wconf 81' lang='lat' dir='ltr'><strong>qui</strong></span> <span class='ocrx_word' id='word_1_24' title='bbox 687 574 1117 648; x_wconf 74' lang='lat' dir='ltr'><strong>persecutionem,</strong></span> <span class='ocrx_word' id='word_1_25' title='bbox 1162 571 1422 626; x_wconf 83' lang='lat' dir='ltr'><strong>accidiam</strong></span> <span class='ocrx_word' id='word_1_26' title='bbox 1472 583 1794 640; x_wconf 82' lang='lat' dir='ltr'><strong>omnemque</strong></span> <span class='ocrx_word' id='word_1_27' title='bbox 1851 569 1935 624; x_wconf 89' lang='lat' dir='ltr'><strong>di-</strong></span> 
     </span>
    </p>
   </div>
   <div class='ocr_carea' id='block_1_6' title="bbox 349 664 1134 734">
    <p class='ocr_par' dir='ltr' id='par_1_6' title="bbox 349 664 1134 734">
     <span class='ocr_line' id='line_1_6' title="bbox 349 664 1134 734; baseline -0.022 -4"><span class='ocrx_word' id='word_1_28' title='bbox 349 671 634 730; x_wconf 86' lang='lat' dir='ltr'><strong>scurrendi</strong></span> <span class='ocrx_word' id='word_1_29' title='bbox 659 683 901 726; x_wconf 87' lang='lat' dir='ltr'><strong>amorem</strong></span> <span class='ocrx_word' id='word_1_30' title='bbox 929 664 1134 734; x_wconf 80' lang='lat' dir='ltr'><strong>abiicit.</strong></span> 
     </span>
    </p>
   </div>
   <div class='ocr_carea' id='block_1_7' title="bbox 774 791 1517 855">
    <p class='ocr_par' dir='ltr' id='par_1_7' title="bbox 774 791 1517 855">
     <span class='ocr_line' id='line_1_7' title="bbox 774 791 1517 855; baseline -0.011 -1"><span class='ocrx_word' id='word_1_31' title='bbox 774 799 842 855; x_wconf 83' lang='lat' dir='ltr'><strong>l&#39;N</strong></span> <span class='ocrx_word' id='word_1_32' title='bbox 878 797 1130 854; x_wconf 73' lang='lat' dir='ltr'><strong>NATAL!</strong></span> <span class='ocrx_word' id='word_1_33' title='bbox 1157 791 1517 850; x_wconf 72' lang='lat' dir='ltr'><strong>VIRGINUM.</strong></span> 
     </span>
    </p>
   </div>
   <div class='ocr_carea' id='block_1_8' title="bbox 700 915 1618 971">
    <p class='ocr_par' dir='ltr' id='par_1_8' title="bbox 700 915 1618 971">
     <span class='ocr_line' id='line_1_8' title="bbox 700 915 1618 971; baseline -0.01 -8"><span class='ocrx_word' id='word_1_34' title='bbox 700 924 1033 965; x_wconf 70' lang='lat' dir='ltr'><strong>EVANGELIUM</strong></span> <span class='ocrx_word' id='word_1_35' title='bbox 1047 921 1324 971; x_wconf 69' lang='grc' dir='ltr'><strong>ΙΔΤἸΊΙᾸΞΙ,</strong></span> <span class='ocrx_word' id='word_1_36' title='bbox 1350 919 1470 958; x_wconf 68' lang='lat' dir='ltr'><strong>CAP.</strong></span> <span class='ocrx_word' id='word_1_37' title='bbox 1497 915 1618 956; x_wconf 74' lang='grc' dir='ltr'><strong>ιιιι.</strong></span> 
     </span>
    </p>
   </div>
   <div class='ocr_carea' id='block_1_9' title="bbox 431 1009 1938 1090">
    <p class='ocr_par' dir='ltr' id='par_1_9' title="bbox 431 1009 1938 1090">
     <span class='ocr_line' id='line_1_9' title="bbox 431 1009 1938 1090; baseline -0.009 -16"><span class='ocrx_word' id='word_1_38' title='bbox 431 1041 452 1074; x_wconf 75' lang='grc' dir='ltr'><strong><em>ο</em></strong></span> <span class='ocrx_word' id='word_1_39' title='bbox 478 1020 667 1076; x_wconf 78' lang='lat' dir='ltr'><strong>Simile</strong></span> <span class='ocrx_word' id='word_1_40' title='bbox 691 1029 774 1076; x_wconf 91' lang='lat' dir='ltr'><strong>est</strong></span> <span class='ocrx_word' id='word_1_41' title='bbox 819 1035 1047 1090; x_wconf 90' lang='lat' dir='ltr'><strong>regnum</strong></span> <span class='ocrx_word' id='word_1_42' title='bbox 1092 1019 1353 1074; x_wconf 67' lang='lat' dir='ltr'><strong>coriorum</strong></span> <span class='ocrx_word' id='word_1_43' title='bbox 1405 1015 1664 1070; x_wconf 74' lang='lat' dir='ltr'><strong>thesauro</strong></span> <span class='ocrx_word' id='word_1_44' title='bbox 1705 1009 1938 1064; x_wconf 80' lang='lat' dir='ltr'><strong>abscon-</strong></span> 
     </span>
    </p>
   </div>
   <div class='ocr_carea' id='block_1_10' title="bbox 359 1098 1942 1182">
    <p class='ocr_par' dir='ltr' id='par_1_10' title="bbox 359 1098 1942 1182">
     <span class='ocr_line' id='line_1_10' title="bbox 359 1098 1942 1182; baseline -0.009 -17"><span class='ocrx_word' id='word_1_45' title='bbox 359 1131 382 1165; x_wconf 75' lang='grc' dir='ltr'><strong>σ</strong></span> <span class='ocrx_word' id='word_1_46' title='bbox 409 1114 524 1168; x_wconf 91' lang='lat' dir='ltr'><strong>dito</strong></span> <span class='ocrx_word' id='word_1_47' title='bbox 546 1113 603 1168; x_wconf 91' lang='lat' dir='ltr'><strong>in</strong></span> <span class='ocrx_word' id='word_1_48' title='bbox 630 1127 784 1182; x_wconf 89' lang='lat' dir='ltr'><strong>agro,</strong></span> <span class='ocrx_word' id='word_1_49' title='bbox 819 1126 981 1180; x_wconf 85' lang='lat' dir='ltr'><strong>quem</strong></span> <span class='ocrx_word' id='word_1_50' title='bbox 1015 1111 1110 1180; x_wconf 88' lang='lat' dir='ltr'><strong>qui</strong></span> <span class='ocrx_word' id='word_1_51' title='bbox 1158 1109 1363 1162; x_wconf 75' lang='lat' dir='ltr'><strong>invenit</strong></span> <span class='ocrx_word' id='word_1_52' title='bbox 1405 1108 1590 1168; x_wconf 85' lang='lat' dir='ltr'><strong>homo,</strong></span> <span class='ocrx_word' id='word_1_53' title='bbox 1633 1098 1942 1162; x_wconf 82' lang='lat' dir='ltr'><strong>abscondit,</strong></span> 
     </span>
    </p>
   </div>
   <div class='ocr_carea' id='block_1_11' title="bbox 360 1195 1943 1275">
    <p class='ocr_par' dir='ltr' id='par_1_11' title="bbox 360 1195 1943 1275">
     <span class='ocr_line' id='line_1_11' title="bbox 360 1195 1943 1275; baseline -0.01 -17"><span class='ocrx_word' id='word_1_54' title='bbox 360 1221 382 1258; x_wconf 73' lang='grc' dir='ltr'><strong>α</strong></span> <span class='ocrx_word' id='word_1_55' title='bbox 409 1214 467 1260; x_wconf 89' lang='lat' dir='ltr'><strong>et</strong></span> <span class='ocrx_word' id='word_1_56' title='bbox 490 1221 600 1274; x_wconf 68' lang='lat' dir='ltr'><strong>prae</strong></span> <span class='ocrx_word' id='word_1_57' title='bbox 628 1205 826 1275; x_wconf 85' lang='lat' dir='ltr'><strong>gaudio</strong></span> <span class='ocrx_word' id='word_1_58' title='bbox 851 1203 994 1258; x_wconf 89' lang='lat' dir='ltr'><strong>illius</strong></span> <span class='ocrx_word' id='word_1_59' title='bbox 1025 1202 1174 1256; x_wconf 82' lang='lat' dir='ltr'><strong>vadit</strong></span> <span class='ocrx_word' id='word_1_60' title='bbox 1218 1207 1275 1254; x_wconf 90' lang='lat' dir='ltr'><strong>et</strong></span> <span class='ocrx_word' id='word_1_61' title='bbox 1295 1197 1482 1253; x_wconf 83' lang='lat' dir='ltr'><strong>vendit</strong></span> <span class='ocrx_word' id='word_1_62' title='bbox 1526 1195 1776 1248; x_wconf 84' lang='lat' dir='ltr'><strong>universa</strong></span> <span class='ocrx_word' id='word_1_63' title='bbox 1821 1204 1943 1259; x_wconf 78' lang='lat' dir='ltr'><strong>qua:</strong></span> 
     </span>
    </p>
   </div>
   <div class='ocr_carea' id='block_1_12' title="bbox 359 1285 1948 1367">
    <p class='ocr_par' dir='ltr' id='par_1_12' title="bbox 359 1285 1948 1367">
     <span class='ocr_line' id='line_1_12' title="bbox 359 1285 1948 1367; baseline -0.008 -19"><span class='ocrx_word' id='word_1_64' title='bbox 359 1312 383 1348; x_wconf 73' lang='grc' dir='ltr'><strong><em>ε</em></strong></span> <span class='ocrx_word' id='word_1_65' title='bbox 411 1296 599 1359; x_wconf 84' lang='lat' dir='ltr'><strong>habet,</strong></span> <span class='ocrx_word' id='word_1_66' title='bbox 631 1305 688 1349; x_wconf 89' lang='lat' dir='ltr'><strong>et</strong></span> <span class='ocrx_word' id='word_1_67' title='bbox 711 1295 844 1367; x_wconf 83' lang='lat' dir='ltr'><strong>emit</strong></span> <span class='ocrx_word' id='word_1_68' title='bbox 869 1309 1058 1364; x_wconf 97' lang='lat' dir='ltr'><strong>agrum</strong></span> <span class='ocrx_word' id='word_1_69' title='bbox 1081 1292 1253 1348; x_wconf 84' lang='lat' dir='ltr'><strong>illum.</strong></span> <span class='ocrx_word' id='word_1_70' title='bbox 1278 1291 1479 1344; x_wconf 85' lang='lat' dir='ltr'><strong>lterum</strong></span> <span class='ocrx_word' id='word_1_71' title='bbox 1514 1285 1694 1342; x_wconf 84' lang='lat' dir='ltr'><strong>simile</strong></span> <span class='ocrx_word' id='word_1_72' title='bbox 1730 1293 1814 1338; x_wconf 90' lang='lat' dir='ltr'><strong>est</strong></span> <span class='ocrx_word' id='word_1_73' title='bbox 1861 1296 1948 1336; x_wconf 77' lang='lat' dir='ltr'><strong>re-</strong></span> 
     </span>
    </p>
   </div>
   <div class='ocr_carea' id='block_1_13' title="bbox 361 1373 1948 1456">
    <p class='ocr_par' dir='ltr' id='par_1_13' title="bbox 361 1373 1948 1456">
     <span class='ocr_line' id='line_1_13' title="bbox 361 1373 1948 1456; baseline -0.006 -19"><span class='ocrx_word' id='word_1_74' title='bbox 361 1405 384 1437; x_wconf 68' lang='grc' dir='ltr'><strong><em>ι</em></strong></span> <span class='ocrx_word' id='word_1_75' title='bbox 410 1402 574 1456; x_wconf 89' lang='lat' dir='ltr'><strong>gnum</strong></span> <span class='ocrx_word' id='word_1_76' title='bbox 609 1387 872 1442; x_wconf 72' lang='lat' dir='ltr'><strong>emtor-um</strong></span> <span class='ocrx_word' id='word_1_77' title='bbox 913 1384 1123 1440; x_wconf 85' lang='lat' dir='ltr'><strong>homini</strong></span> <span class='ocrx_word' id='word_1_78' title='bbox 1165 1379 1511 1452; x_wconf 71' lang='lat' dir='ltr'><strong>negotiatori,</strong></span> <span class='ocrx_word' id='word_1_79' title='bbox 1555 1373 1816 1446; x_wconf 71' lang='lat' dir='ltr'><strong>qumrenti</strong></span> <span class='ocrx_word' id='word_1_80' title='bbox 1850 1373 1948 1428; x_wconf 82' lang='lat' dir='ltr'><strong>bo-</strong></span> 
     </span>
    </p>
   </div>
   <div class='ocr_carea' id='block_1_14' title="bbox 365 1467 1948 1545">
    <p class='ocr_par' dir='ltr' id='par_1_14' title="bbox 365 1467 1948 1545">
     <span class='ocr_line' id='line_1_14' title="bbox 365 1467 1948 1545; baseline -0.008 -14"><span class='ocrx_word' id='word_1_81' title='bbox 365 1495 384 1530; x_wconf 75' lang='grc' dir='ltr'>σ</span> <span class='ocrx_word' id='word_1_82' title='bbox 413 1492 514 1531; x_wconf 90' lang='lat' dir='ltr'><strong>nas</strong></span> <span class='ocrx_word' id='word_1_83' title='bbox 543 1476 884 1545; x_wconf 75' lang='lat' dir='ltr'><strong>margaritas.</strong></span> <span class='ocrx_word' id='word_1_84' title='bbox 923 1474 1142 1527; x_wconf 84' lang='lat' dir='ltr'><strong>Inventa</strong></span> <span class='ocrx_word' id='word_1_85' title='bbox 1175 1481 1356 1526; x_wconf 77' lang='lat' dir='ltr'><strong>autem</strong></span> <span class='ocrx_word' id='word_1_86' title='bbox 1399 1483 1506 1524; x_wconf 83' lang='lat' dir='ltr'><strong>una</strong></span> <span class='ocrx_word' id='word_1_87' title='bbox 1536 1467 1773 1538; x_wconf 89' lang='lat' dir='ltr'><strong>pretiosa</strong></span> <span class='ocrx_word' id='word_1_88' title='bbox 1803 1478 1948 1518; x_wconf 89' lang='lat' dir='ltr'><strong>mar-</strong></span> 
     </span>
    </p>
   </div>
   <div class='ocr_carea' id='block_1_15' title="bbox 364 1553 1947 1633">
    <p class='ocr_par' dir='ltr' id='par_1_15' title="bbox 364 1553 1947 1633">
     <span class='ocr_line' id='line_1_15' title="bbox 364 1553 1947 1633; baseline -0.008 -16"><span class='ocrx_word' id='word_1_89' title='bbox 364 1584 388 1617; x_wconf 76' lang='grc' dir='ltr'>ι</span> <span class='ocrx_word' id='word_1_90' title='bbox 415 1564 610 1633; x_wconf 84' lang='lat' dir='ltr'><strong>garita,</strong></span> <span class='ocrx_word' id='word_1_91' title='bbox 635 1563 768 1617; x_wconf 89' lang='lat' dir='ltr'><strong>abiit</strong></span> <span class='ocrx_word' id='word_1_92' title='bbox 792 1570 850 1617; x_wconf 91' lang='lat' dir='ltr'><strong>et</strong></span> <span class='ocrx_word' id='word_1_93' title='bbox 868 1561 1108 1616; x_wconf 85' lang='lat' dir='ltr'><strong>vendidit</strong></span> <span class='ocrx_word' id='word_1_94' title='bbox 1137 1561 1320 1615; x_wconf 81' lang='lat' dir='ltr'><strong>omnia</strong></span> <span class='ocrx_word' id='word_1_95' title='bbox 1347 1574 1466 1628; x_wconf 72' lang='lat' dir='ltr'><strong>qua:</strong></span> <span class='ocrx_word' id='word_1_96' title='bbox 1504 1556 1694 1611; x_wconf 82' lang='lat' dir='ltr'><strong>habuit</strong></span> <span class='ocrx_word' id='word_1_97' title='bbox 1729 1562 1784 1608; x_wconf 87' lang='lat' dir='ltr'><strong>et</strong></span> <span class='ocrx_word' id='word_1_98' title='bbox 1814 1553 1947 1608; x_wconf 89' lang='lat' dir='ltr'><strong>emit</strong></span> 
     </span>
    </p>
   </div>
   <div class='ocr_carea' id='block_1_16' title="bbox 365 1645 1952 1719">
    <p class='ocr_par' dir='ltr' id='par_1_16' title="bbox 365 1645 1952 1719">
     <span class='ocr_line' id='line_1_16' title="bbox 365 1645 1952 1719; baseline -0.006 -13"><span class='ocrx_word' id='word_1_99' title='bbox 365 1673 386 1706; x_wconf 69' lang='grc' dir='ltr'>ι</span> <span class='ocrx_word' id='word_1_100' title='bbox 415 1669 556 1708; x_wconf 89' lang='lat' dir='ltr'><strong>eam.</strong></span> <span class='ocrx_word' id='word_1_101' title='bbox 589 1653 789 1707; x_wconf 85' lang='lat' dir='ltr'><strong>lterum</strong></span> <span class='ocrx_word' id='word_1_102' title='bbox 817 1650 994 1705; x_wconf 84' lang='lat' dir='ltr'><strong>simile</strong></span> <span class='ocrx_word' id='word_1_103' title='bbox 1029 1661 1116 1705; x_wconf 88' lang='lat' dir='ltr'><strong>est</strong></span> <span class='ocrx_word' id='word_1_104' title='bbox 1158 1664 1385 1719; x_wconf 78' lang='lat' dir='ltr'><strong>regnum</strong></span> <span class='ocrx_word' id='word_1_105' title='bbox 1431 1645 1690 1702; x_wconf 65' lang='lat' dir='ltr'><strong>editorum</strong></span> <span class='ocrx_word' id='word_1_106' title='bbox 1736 1656 1952 1713; x_wconf 64' lang='lat' dir='ltr'><strong>sagena</strong></span> 
     </span>
    </p>
   </div>
   <div class='ocr_carea' id='block_1_17' title="bbox 366 1736 1950 1809">
    <p class='ocr_par' dir='ltr' id='par_1_17' title="bbox 366 1736 1950 1809">
     <span class='ocr_line' id='line_1_17' title="bbox 366 1736 1950 1809; baseline -0.004 -15"><span class='ocrx_word' id='word_1_107' title='bbox 366 1762 386 1794; x_wconf 74' lang='grc' dir='ltr'>ι</span> <span class='ocrx_word' id='word_1_108' title='bbox 415 1743 592 1797; x_wconf 73' lang='lat' dir='ltr'><strong>missa:</strong></span> <span class='ocrx_word' id='word_1_109' title='bbox 619 1743 672 1796; x_wconf 90' lang='lat' dir='ltr'><strong>in</strong></span> <span class='ocrx_word' id='word_1_110' title='bbox 708 1756 883 1804; x_wconf 84' lang='lat' dir='ltr'><strong>mare,</strong></span> <span class='ocrx_word' id='word_1_111' title='bbox 916 1749 972 1795; x_wconf 89' lang='lat' dir='ltr'><strong>et</strong></span> <span class='ocrx_word' id='word_1_112' title='bbox 1005 1756 1072 1795; x_wconf 80' lang='lat' dir='ltr'><strong>ex</strong></span> <span class='ocrx_word' id='word_1_113' title='bbox 1116 1739 1262 1795; x_wconf 80' lang='lat' dir='ltr'><strong>omni</strong></span> <span class='ocrx_word' id='word_1_114' title='bbox 1313 1751 1510 1809; x_wconf 87' lang='lat' dir='ltr'><strong>genere</strong></span> <span class='ocrx_word' id='word_1_115' title='bbox 1554 1736 1782 1804; x_wconf 85' lang='lat' dir='ltr'><strong>piscium</strong></span> <span class='ocrx_word' id='word_1_116' title='bbox 1823 1749 1950 1788; x_wconf 90' lang='lat' dir='ltr'><strong>con-</strong></span> 
     </span>
    </p>
   </div>
   <div class='ocr_carea' id='block_1_18' title="bbox 2034 555 3626 631">
    <p class='ocr_par' dir='ltr' id='par_1_18' title="bbox 2034 555 3626 631">
     <span class='ocr_line' id='line_1_18' title="bbox 2034 555 3626 631; baseline -0.005 -12"><span class='ocrx_word' id='word_1_117' title='bbox 2034 581 2200 629; x_wconf 81' lang='lat' dir='ltr'><strong>mare,</strong></span> <span class='ocrx_word' id='word_1_118' title='bbox 2231 574 2282 618; x_wconf 83' lang='lat' dir='ltr'><strong>et</strong></span> <span class='ocrx_word' id='word_1_119' title='bbox 2307 579 2372 618; x_wconf 75' lang='lat' dir='ltr'><strong>ea:</strong></span> <span class='ocrx_word' id='word_1_120' title='bbox 2399 562 2541 617; x_wconf 79' lang='lat' dir='ltr'><strong>omni</strong></span> <span class='ocrx_word' id='word_1_121' title='bbox 2564 575 2747 631; x_wconf 78' lang='lat' dir='ltr'><strong>genere</strong></span> <span class='ocrx_word' id='word_1_122' title='bbox 2779 557 3000 630; x_wconf 74' lang='lat' dir='ltr'><strong>piscium</strong></span> <span class='ocrx_word' id='word_1_123' title='bbox 3048 556 3408 629; x_wconf 59' lang='lat' dir='ltr'><strong>conpl-egenti.</strong></span> <span class='ocrx_word' id='word_1_124' title='bbox 3447 555 3626 623; x_wconf 75' lang='lat' dir='ltr'><strong>Quam</strong></span> 
     </span>
    </p>
   </div>
   <div class='ocr_carea' id='block_1_19' title="bbox 2037 649 3626 725">
    <p class='ocr_par' dir='ltr' id='par_1_19' title="bbox 2037 649 3626 725">
     <span class='ocr_line' id='line_1_19' title="bbox 2037 649 3626 725; baseline -0.004 -15"><span class='ocrx_word' id='word_1_125' title='bbox 2037 672 2154 710; x_wconf 72' lang='lat' dir='ltr'><strong>cum</strong></span> <span class='ocrx_word' id='word_1_126' title='bbox 2182 655 2398 725; x_wconf 75' lang='lat' dir='ltr'><strong>impleta</strong></span> <span class='ocrx_word' id='word_1_127' title='bbox 2440 661 2568 708; x_wconf 81' lang='lat' dir='ltr'><strong>esset</strong></span> <span class='ocrx_word' id='word_1_128' title='bbox 2594 651 2890 716; x_wconf 82' lang='lat' dir='ltr'><strong>educentes,</strong></span> <span class='ocrx_word' id='word_1_129' title='bbox 2919 660 2970 704; x_wconf 85' lang='lat' dir='ltr'><strong>et</strong></span> <span class='ocrx_word' id='word_1_130' title='bbox 2997 666 3146 705; x_wconf 80' lang='lat' dir='ltr'><strong>secus</strong></span> <span class='ocrx_word' id='word_1_131' title='bbox 3176 649 3324 704; x_wconf 80' lang='lat' dir='ltr'><strong>littus</strong></span> <span class='ocrx_word' id='word_1_132' title='bbox 3363 649 3626 716; x_wconf 73' lang='lat' dir='ltr'><strong>sedentes,</strong></span> 
     </span>
    </p>
   </div>
   <div class='ocr_carea' id='block_1_20' title="bbox 2035 742 3628 818">
    <p class='ocr_par' dir='ltr' id='par_1_20' title="bbox 2035 742 3628 818">
     <span class='ocr_line' id='line_1_20' title="bbox 2035 742 3628 818; baseline -0.003 -16"><span class='ocrx_word' id='word_1_133' title='bbox 2035 747 2296 818; x_wconf 76' lang='lat' dir='ltr'><strong>elegerunt</strong></span> <span class='ocrx_word' id='word_1_134' title='bbox 2323 746 2480 800; x_wconf 77' lang='lat' dir='ltr'><strong>bonos</strong></span> <span class='ocrx_word' id='word_1_135' title='bbox 2505 745 2562 799; x_wconf 73' lang='lat' dir='ltr'><strong>in</strong></span> <span class='ocrx_word' id='word_1_136' title='bbox 2589 761 2713 798; x_wconf 74' lang='lat' dir='ltr'><strong>uasa</strong></span> <span class='ocrx_word' id='word_1_137' title='bbox 2733 761 2854 808; x_wconf 80' lang='lat' dir='ltr'><strong>sua,</strong></span> <span class='ocrx_word' id='word_1_138' title='bbox 2880 742 3047 797; x_wconf 81' lang='lat' dir='ltr'><strong>malos</strong></span> <span class='ocrx_word' id='word_1_139' title='bbox 3081 751 3258 797; x_wconf 86' lang='lat' dir='ltr'><strong>autem</strong></span> <span class='ocrx_word' id='word_1_140' title='bbox 3283 742 3428 811; x_wconf 76' lang='lat' dir='ltr'><strong>foras</strong></span> <span class='ocrx_word' id='word_1_141' title='bbox 3464 744 3628 798; x_wconf 76' lang='lat' dir='ltr'><strong>mise-</strong></span> 
     </span>
    </p>
   </div>
   <div class='ocr_carea' id='block_1_21' title="bbox 2040 832 3630 905">
    <p class='ocr_par' dir='ltr' id='par_1_21' title="bbox 2040 832 3630 905">
     <span class='ocr_line' id='line_1_21' title="bbox 2040 832 3630 905; baseline -0.001 -16"><span class='ocrx_word' id='word_1_142' title='bbox 2040 847 2178 891; x_wconf 72' lang='lat' dir='ltr'><strong>runt.</strong></span> <span class='ocrx_word' id='word_1_143' title='bbox 2209 836 2298 892; x_wconf 81' lang='lat' dir='ltr'><strong>Sic</strong></span> <span class='ocrx_word' id='word_1_144' title='bbox 2322 836 2416 890; x_wconf 85' lang='lat' dir='ltr'><strong>erit</strong></span> <span class='ocrx_word' id='word_1_145' title='bbox 2438 837 2494 889; x_wconf 84' lang='lat' dir='ltr'><strong>in</strong></span> <span class='ocrx_word' id='word_1_146' title='bbox 2520 835 2967 889; x_wconf 72' lang='lat' dir='ltr'><strong>consummatione</strong></span> <span class='ocrx_word' id='word_1_147' title='bbox 2989 832 3190 889; x_wconf 66' lang='lat' dir='ltr'><strong>circuli.</strong></span> <span class='ocrx_word' id='word_1_148' title='bbox 3220 833 3456 889; x_wconf 71' lang='lat' dir='ltr'><strong>Exibunt</strong></span> <span class='ocrx_word' id='word_1_149' title='bbox 3469 852 3630 905; x_wconf 73' lang='lat' dir='ltr'><strong>ange-</strong></span> 
     </span>
    </p>
   </div>
   <div class='ocr_carea' id='block_1_22' title="bbox 2038 926 3630 998">
    <p class='ocr_par' dir='ltr' id='par_1_22' title="bbox 2038 926 3630 998">
     <span class='ocr_line' id='line_1_22' title="bbox 2038 926 3630 998; baseline -0.001 -16"><span class='ocrx_word' id='word_1_150' title='bbox 2038 929 2076 982; x_wconf 75' lang='lat' dir='ltr'><strong>li</strong></span> <span class='ocrx_word' id='word_1_151' title='bbox 2105 939 2152 984; x_wconf 87' lang='lat' dir='ltr'><strong>et</strong></span> <span class='ocrx_word' id='word_1_152' title='bbox 2175 928 2489 998; x_wconf 79' lang='lat' dir='ltr'><strong>separabunt</strong></span> <span class='ocrx_word' id='word_1_153' title='bbox 2513 926 2681 982; x_wconf 77' lang='lat' dir='ltr'><strong>malos</strong></span> <span class='ocrx_word' id='word_1_154' title='bbox 2709 927 2773 981; x_wconf 81' lang='lat' dir='ltr'><strong>de</strong></span> <span class='ocrx_word' id='word_1_155' title='bbox 2803 927 2977 981; x_wconf 76' lang='lat' dir='ltr'><strong>medio</strong></span> <span class='ocrx_word' id='word_1_156' title='bbox 2995 926 3282 995; x_wconf 83' lang='lat' dir='ltr'><strong>justorum,</strong></span> <span class='ocrx_word' id='word_1_157' title='bbox 3311 934 3418 982; x_wconf 72' lang='lat' dir='ltr'><strong>etc.</strong></span> <span class='ocrx_word' id='word_1_158' title='bbox 3434 927 3630 997; x_wconf 75' lang='lat' dir='ltr'><strong>Imple-</strong></span> 
     </span>
    </p>
   </div>
   <div class='ocr_carea' id='block_1_23' title="bbox 2041 1021 3631 1092">
    <p class='ocr_par' dir='ltr' id='par_1_23' title="bbox 2041 1021 3631 1092">
     <span class='ocr_line' id='line_1_23' title="bbox 2041 1021 3631 1092; baseline 0 -15"><span class='ocrx_word' id='word_1_159' title='bbox 2041 1031 2096 1077; x_wconf 90' lang='lat' dir='ltr'><strong>to</strong></span> <span class='ocrx_word' id='word_1_160' title='bbox 2123 1022 2371 1078; x_wconf 60' lang='lat' dir='ltr'><strong>Ieremia:</strong></span> <span class='ocrx_word' id='word_1_161' title='bbox 2395 1024 2657 1078; x_wconf 90' lang='lat' dir='ltr'><strong>vaticinio</strong></span> <span class='ocrx_word' id='word_1_162' title='bbox 2683 1023 2966 1079; x_wconf 88' lang='lat' dir='ltr'><strong>docentis:</strong></span> <span class='ocrx_word' id='word_1_163' title='bbox 2996 1021 3133 1075; x_wconf 84' lang='lat' dir='ltr'><strong>Ecce</strong></span> <span class='ocrx_word' id='word_1_164' title='bbox 3167 1039 3259 1092; x_wconf 83' lang='lat' dir='ltr'><strong>ego</strong></span> <span class='ocrx_word' id='word_1_165' title='bbox 3280 1022 3429 1076; x_wconf 85' lang='lat' dir='ltr'><strong>mitto</strong></span> <span class='ocrx_word' id='word_1_166' title='bbox 3453 1023 3523 1076; x_wconf 84' lang='lat' dir='ltr'><strong>ad</strong></span> <span class='ocrx_word' id='word_1_167' title='bbox 3543 1040 3631 1080; x_wconf 74' lang='lat' dir='ltr'><strong>eos</strong></span> 
     </span>
    </p>
   </div>
   <div class='ocr_carea' id='block_1_24' title="bbox 2040 1113 3633 1186">
    <p class='ocr_par' dir='ltr' id='par_1_24' title="bbox 2040 1113 3633 1186">
     <span class='ocr_line' id='line_1_24' title="bbox 2040 1113 3633 1186; baseline -0.001 -17"><span class='ocrx_word' id='word_1_168' title='bbox 2040 1116 2324 1184; x_wconf 75' lang='lat' dir='ltr'><strong>piscatores</strong></span> <span class='ocrx_word' id='word_1_169' title='bbox 2351 1113 2699 1185; x_wconf 68' lang='lat' dir='ltr'><strong>multosUer.</strong></span> <span class='ocrx_word' id='word_1_170' title='bbox 2727 1114 3168 1186; x_wconf 72' lang='lat' dir='ltr'><strong>xv:),postquam</strong></span> <span class='ocrx_word' id='word_1_171' title='bbox 3197 1113 3488 1180; x_wconf 84' lang='lat' dir='ltr'><strong>audierunt</strong></span> <span class='ocrx_word' id='word_1_172' title='bbox 3530 1113 3633 1168; x_wconf 82' lang='lat' dir='ltr'><strong>Pe-</strong></span> 
     </span>
    </p>
   </div>
   <div class='ocr_carea' id='block_1_25' title="bbox 2043 1204 3632 1270">
    <p class='ocr_par' dir='ltr' id='par_1_25' title="bbox 2043 1204 3632 1270">
     <span class='ocr_line' id='line_1_25' title="bbox 2043 1204 3632 1270; baseline 0 -10"><span class='ocrx_word' id='word_1_173' title='bbox 2043 1217 2160 1263; x_wconf 88' lang='lat' dir='ltr'><strong>trus</strong></span> <span class='ocrx_word' id='word_1_174' title='bbox 2183 1217 2238 1262; x_wconf 90' lang='lat' dir='ltr'><strong>et</strong></span> <span class='ocrx_word' id='word_1_175' title='bbox 2264 1208 2528 1270; x_wconf 84' lang='lat' dir='ltr'><strong>Andreas.</strong></span> <span class='ocrx_word' id='word_1_176' title='bbox 2557 1207 2724 1263; x_wconf 86' lang='lat' dir='ltr'><strong>Jacob</strong></span> <span class='ocrx_word' id='word_1_177' title='bbox 2754 1215 2811 1261; x_wconf 89' lang='lat' dir='ltr'><strong>et</strong></span> <span class='ocrx_word' id='word_1_178' title='bbox 2831 1205 3090 1270; x_wconf 82' lang='lat' dir='ltr'><strong>Joannes,</strong></span> <span class='ocrx_word' id='word_1_179' title='bbox 3120 1204 3212 1258; x_wconf 81' lang='lat' dir='ltr'><strong>lilii</strong></span> <span class='ocrx_word' id='word_1_180' title='bbox 3241 1205 3515 1270; x_wconf 70' lang='lat' dir='ltr'><strong>Zebedaei,</strong></span> <span class='ocrx_word' id='word_1_181' title='bbox 3546 1219 3632 1260; x_wconf 84' lang='lat' dir='ltr'><strong>se-</strong></span> 
     </span>
    </p>
   </div>
   <div class='ocr_carea' id='block_1_26' title="bbox 2041 1294 3633 1366">
    <p class='ocr_par' dir='ltr' id='par_1_26' title="bbox 2041 1294 3633 1366">
     <span class='ocr_line' id='line_1_26' title="bbox 2041 1294 3633 1366; baseline -0.002 -15"><span class='ocrx_word' id='word_1_182' title='bbox 2041 1297 2266 1366; x_wconf 85' lang='lat' dir='ltr'><strong>quimini</strong></span> <span class='ocrx_word' id='word_1_183' title='bbox 2294 1312 2401 1363; x_wconf 88' lang='lat' dir='ltr'><strong>me,</strong></span> <span class='ocrx_word' id='word_1_184' title='bbox 2431 1306 2487 1352; x_wconf 90' lang='lat' dir='ltr'><strong>et</strong></span> <span class='ocrx_word' id='word_1_185' title='bbox 2510 1296 2704 1352; x_wconf 80' lang='lat' dir='ltr'><strong>faciam</strong></span> <span class='ocrx_word' id='word_1_186' title='bbox 2724 1311 2820 1350; x_wconf 87' lang='lat' dir='ltr'><strong>vos</strong></span> <span class='ocrx_word' id='word_1_187' title='bbox 2850 1296 3154 1365; x_wconf 84' lang='lat' dir='ltr'><strong>piscatores</strong></span> <span class='ocrx_word' id='word_1_188' title='bbox 3177 1294 3482 1359; x_wconf 79' lang='lat' dir='ltr'><strong>hominum,</strong></span> <span class='ocrx_word' id='word_1_189' title='bbox 3503 1309 3633 1348; x_wconf 84' lang='lat' dir='ltr'><strong>con-</strong></span> 
     </span>
    </p>
   </div>
   <div class='ocr_carea' id='block_1_27' title="bbox 2043 1385 3630 1455">
    <p class='ocr_par' dir='ltr' id='par_1_27' title="bbox 2043 1385 3630 1455">
     <span class='ocr_line' id='line_1_27' title="bbox 2043 1385 3630 1455; baseline -0.002 -13"><span class='ocrx_word' id='word_1_190' title='bbox 2043 1396 2333 1452; x_wconf 78' lang='lat' dir='ltr'><strong>texuerunt</strong></span> <span class='ocrx_word' id='word_1_191' title='bbox 2367 1389 2471 1444; x_wconf 87' lang='lat' dir='ltr'><strong>sibi</strong></span> <span class='ocrx_word' id='word_1_192' title='bbox 2501 1402 2563 1442; x_wconf 76' lang='lat' dir='ltr'><strong>ex</strong></span> <span class='ocrx_word' id='word_1_193' title='bbox 2589 1387 2769 1443; x_wconf 73' lang='lat' dir='ltr'><strong>Veteri</strong></span> <span class='ocrx_word' id='word_1_194' title='bbox 2795 1401 2858 1441; x_wconf 88' lang='lat' dir='ltr'><strong>ac</strong></span> <span class='ocrx_word' id='word_1_195' title='bbox 2886 1385 3039 1440; x_wconf 81' lang='lat' dir='ltr'><strong>Novo</strong></span> <span class='ocrx_word' id='word_1_196' title='bbox 3068 1385 3419 1440; x_wconf 82' lang='lat' dir='ltr'><strong>Testamento</strong></span> <span class='ocrx_word' id='word_1_197' title='bbox 3471 1400 3630 1455; x_wconf 79' lang='lat' dir='ltr'><strong>sago-</strong></span> 
     </span>
    </p>
   </div>
   <div class='ocr_carea' id='block_1_28' title="bbox 2042 1475 3632 1549">
    <p class='ocr_par' dir='ltr' id='par_1_28' title="bbox 2042 1475 3632 1549">
     <span class='ocr_line' id='line_1_28' title="bbox 2042 1475 3632 1549; baseline -0.001 -18"><span class='ocrx_word' id='word_1_198' title='bbox 2042 1493 2167 1531; x_wconf 88' lang='lat' dir='ltr'><strong>nam</strong></span> <span class='ocrx_word' id='word_1_199' title='bbox 2191 1477 2630 1549; x_wconf 84' lang='lat' dir='ltr'><strong>evangelicorum</strong></span> <span class='ocrx_word' id='word_1_200' title='bbox 2661 1477 2995 1548; x_wconf 77' lang='lat' dir='ltr'><strong>dogmatuln,</strong></span> <span class='ocrx_word' id='word_1_201' title='bbox 3028 1483 3084 1531; x_wconf 90' lang='lat' dir='ltr'><strong>et</strong></span> <span class='ocrx_word' id='word_1_202' title='bbox 3119 1475 3385 1530; x_wconf 78' lang='lat' dir='ltr'><strong>miserunt</strong></span> <span class='ocrx_word' id='word_1_203' title='bbox 3420 1490 3543 1531; x_wconf 82' lang='lat' dir='ltr'><strong>eam</strong></span> <span class='ocrx_word' id='word_1_204' title='bbox 3577 1477 3632 1530; x_wconf 88' lang='lat' dir='ltr'><strong>in</strong></span> 
     </span>
    </p>
   </div>
   <div class='ocr_carea' id='block_1_29' title="bbox 2045 1563 3604 1637">
    <p class='ocr_par' dir='ltr' id='par_1_29' title="bbox 2045 1563 3604 1637">
     <span class='ocr_line' id='line_1_29' title="bbox 2045 1563 3604 1637; baseline -0.001 -17"><span class='ocrx_word' id='word_1_205' title='bbox 2045 1581 2197 1622; x_wconf 82' lang='lat' dir='ltr'><strong>mare</strong></span> <span class='ocrx_word' id='word_1_206' title='bbox 2221 1567 2378 1636; x_wconf 91' lang='lat' dir='ltr'><strong>hujus</strong></span> <span class='ocrx_word' id='word_1_207' title='bbox 2404 1567 2584 1622; x_wconf 57' lang='grc' dir='ltr'><strong>δεουιί</strong></span> <span class='ocrx_word' id='word_1_208' title='bbox 2606 1582 2728 1637; x_wconf 67' lang='lat' dir='ltr'><strong>qua:</strong></span> <span class='ocrx_word' id='word_1_209' title='bbox 2754 1581 2926 1636; x_wconf 87' lang='lat' dir='ltr'><strong>usque</strong></span> <span class='ocrx_word' id='word_1_210' title='bbox 2948 1566 3111 1621; x_wconf 79' lang='lat' dir='ltr'><strong>hodie</strong></span> <span class='ocrx_word' id='word_1_211' title='bbox 3143 1566 3199 1619; x_wconf 88' lang='lat' dir='ltr'><strong>in</strong></span> <span class='ocrx_word' id='word_1_212' title='bbox 3231 1565 3424 1620; x_wconf 82' lang='lat' dir='ltr'><strong>mediis</strong></span> <span class='ocrx_word' id='word_1_213' title='bbox 3459 1563 3604 1620; x_wconf 70' lang='lat' dir='ltr'><strong>nun</strong></span> 
     </span>
    </p>
   </div>
   <div class='ocr_carea' id='block_1_30' title="bbox 2044 1656 3628 1728">
    <p class='ocr_par' dir='ltr' id='par_1_30' title="bbox 2044 1656 3628 1728">
     <span class='ocr_line' id='line_1_30' title="bbox 2044 1656 3628 1728; baseline -0.001 -18"><span class='ocrx_word' id='word_1_214' title='bbox 2044 1656 2147 1710; x_wconf 79' lang='lat' dir='ltr'><strong>bus</strong></span> <span class='ocrx_word' id='word_1_215' title='bbox 2173 1657 2412 1713; x_wconf 85' lang='lat' dir='ltr'><strong>tenditur</strong></span> <span class='ocrx_word' id='word_1_216' title='bbox 2435 1657 2657 1728; x_wconf 84' lang='lat' dir='ltr'><strong>capiens</strong></span> <span class='ocrx_word' id='word_1_217' title='bbox 2679 1658 2747 1712; x_wconf 83' lang='lat' dir='ltr'><strong>de</strong></span> <span class='ocrx_word' id='word_1_218' title='bbox 2784 1657 2916 1712; x_wconf 80' lang='lat' dir='ltr'><strong>salis</strong></span> <span class='ocrx_word' id='word_1_219' title='bbox 2957 1664 3013 1711; x_wconf 87' lang='lat' dir='ltr'><strong>et</strong></span> <span class='ocrx_word' id='word_1_220' title='bbox 3059 1656 3264 1711; x_wconf 81' lang='lat' dir='ltr'><strong>ama-ris</strong></span> <span class='ocrx_word' id='word_1_221' title='bbox 3306 1656 3628 1728; x_wconf 78' lang='lat' dir='ltr'><strong>gurgitibus.</strong></span> 
     </span>
    </p>
   </div>
   <div class='ocr_carea' id='block_1_31' title="bbox 2045 1739 3637 1815">
    <p class='ocr_par' dir='ltr' id='par_1_31' title="bbox 2045 1739 3637 1815">
     <span class='ocr_line' id='line_1_31' title="bbox 2045 1739 3637 1815; baseline 0.001 -14"><span class='ocrx_word' id='word_1_222' title='bbox 2045 1745 2308 1815; x_wconf 73' lang='lat' dir='ltr'><strong>quidquid</strong></span> <span class='ocrx_word' id='word_1_223' title='bbox 2333 1747 2604 1811; x_wconf 85' lang='lat' dir='ltr'><strong>inciderit,</strong></span> <span class='ocrx_word' id='word_1_224' title='bbox 2631 1747 2691 1802; x_wconf 79' lang='lat' dir='ltr'><strong>id</strong></span> <span class='ocrx_word' id='word_1_225' title='bbox 2707 1755 2815 1813; x_wconf 85' lang='lat' dir='ltr'><strong>est,</strong></span> <span class='ocrx_word' id='word_1_226' title='bbox 2843 1754 2899 1802; x_wconf 88' lang='lat' dir='ltr'><strong>et</strong></span> <span class='ocrx_word' id='word_1_227' title='bbox 2919 1747 3092 1814; x_wconf 79' lang='lat' dir='ltr'><strong>bonos</strong></span> <span class='ocrx_word' id='word_1_228' title='bbox 3121 1739 3371 1801; x_wconf 79' lang='lat' dir='ltr'><strong>homines</strong></span> <span class='ocrx_word' id='word_1_229' title='bbox 3385 1755 3446 1801; x_wconf 86' lang='lat' dir='ltr'><strong>et</strong></span> <span class='ocrx_word' id='word_1_230' title='bbox 3462 1746 3637 1803; x_wconf 79' lang='lat' dir='ltr'><strong>malos</strong></span> 
     </span>
    </p>
   </div>
   <div class='ocr_carea' id='block_1_32' title="bbox 369 1826 3639 1909">
    <p class='ocr_par' dir='ltr' id='par_1_32' title="bbox 369 1826 3639 1909">
     <span class='ocr_line' id='line_1_32' title="bbox 369 1826 3639 1909; baseline -0.002 -25"><span class='ocrx_word' id='word_1_231' title='bbox 369 1851 388 1884; x_wconf 74' lang='grc' dir='ltr'>ι</span> <span class='ocrx_word' id='word_1_232' title='bbox 417 1831 683 1901; x_wconf 88' lang='lat' dir='ltr'><strong>greganti.</strong></span> <span class='ocrx_word' id='word_1_233' title='bbox 702 1830 873 1897; x_wconf 81' lang='lat' dir='ltr'><strong>Quam</strong></span> <span class='ocrx_word' id='word_1_234' title='bbox 889 1845 1013 1884; x_wconf 75' lang='lat' dir='ltr'><strong>cum</strong></span> <span class='ocrx_word' id='word_1_235' title='bbox 1027 1829 1246 1898; x_wconf 83' lang='lat' dir='ltr'><strong>impleta</strong></span> <span class='ocrx_word' id='word_1_236' title='bbox 1261 1826 1770 1882; x_wconf 86' lang='lat' dir='ltr'><strong>esseteducenleset</strong></span> <span class='ocrx_word' id='word_1_237' title='bbox 1794 1838 1950 1882; x_wconf 83' lang='lat' dir='ltr'><strong>secus</strong></span> <span class='ocrx_word' id='word_1_238' title='bbox 1977 1827 2024 1886; x_wconf 88' lang='lat' dir='ltr'><strong>B</strong></span> <span class='ocrx_word' id='word_1_239' title='bbox 2051 1843 2106 1890; x_wconf 71' lang='grc' dir='ltr'>ει</span> <span class='ocrx_word' id='word_1_240' title='bbox 2137 1838 2370 1907; x_wconf 52' lang='lat' dir='ltr'><strong>optimos</strong></span> <span class='ocrx_word' id='word_1_241' title='bbox 2394 1838 2576 1907; x_wconf 63' lang='lat' dir='ltr'><strong>pisces</strong></span> <span class='ocrx_word' id='word_1_242' title='bbox 2603 1846 2660 1894; x_wconf 66' lang='grc' dir='ltr'><strong>οι</strong></span> <span class='ocrx_word' id='word_1_243' title='bbox 2698 1838 2987 1909; x_wconf 58' lang='lat' dir='ltr'><strong>pessimos,</strong></span> <span class='ocrx_word' id='word_1_244' title='bbox 3034 1853 3156 1894; x_wconf 70' lang='lat' dir='ltr'><strong>cum</strong></span> <span class='ocrx_word' id='word_1_245' title='bbox 3197 1847 3379 1894; x_wconf 55' lang='lat' dir='ltr'><strong>ante.</strong></span> <span class='ocrx_word' id='word_1_246' title='bbox 3425 1839 3639 1894; x_wconf 60' lang='lat' dir='ltr'><strong>mm</strong></span> 
     </span>
    </p>
   </div>
   <div class='ocr_carea' id='block_1_33' title="bbox 368 1919 1955 1991">
    <p class='ocr_par' dir='ltr' id='par_1_33' title="bbox 368 1919 1955 1991">
     <span class='ocr_line' id='line_1_33' title="bbox 368 1919 1955 1991; baseline -0.005 -15"><span class='ocrx_word' id='word_1_247' title='bbox 368 1943 389 1976; x_wconf 69' lang='grc' dir='ltr'>ι</span> <span class='ocrx_word' id='word_1_248' title='bbox 418 1924 570 1979; x_wconf 81' lang='lat' dir='ltr'><strong>littus</strong></span> <span class='ocrx_word' id='word_1_249' title='bbox 600 1924 874 1986; x_wconf 76' lang='lat' dir='ltr'><strong>sedentes,</strong></span> <span class='ocrx_word' id='word_1_250' title='bbox 903 1921 1181 1991; x_wconf 84' lang='lat' dir='ltr'><strong>elegerunt</strong></span> <span class='ocrx_word' id='word_1_251' title='bbox 1212 1921 1381 1974; x_wconf 86' lang='lat' dir='ltr'><strong>bonos</strong></span> <span class='ocrx_word' id='word_1_252' title='bbox 1403 1919 1458 1973; x_wconf 91' lang='lat' dir='ltr'><strong>in</strong></span> <span class='ocrx_word' id='word_1_253' title='bbox 1497 1931 1626 1991; x_wconf 86' lang='lat' dir='ltr'><strong>vasa</strong></span> <span class='ocrx_word' id='word_1_254' title='bbox 1674 1931 1793 1980; x_wconf 89' lang='lat' dir='ltr'><strong>sua,</strong></span> <span class='ocrx_word' id='word_1_255' title='bbox 1838 1929 1955 1968; x_wconf 87' lang='lat' dir='ltr'><strong>ma-</strong></span> 
     </span>
    </p>
   </div>
   <div class='ocr_carea' id='block_1_34' title="bbox 373 2002 2020 2074">
    <p class='ocr_par' dir='ltr' id='par_1_34' title="bbox 373 2002 2020 2074">
     <span class='ocr_line' id='line_1_34' title="bbox 373 2002 2020 2074; baseline -0.007 -2"><span class='ocrx_word' id='word_1_256' title='bbox 373 2036 391 2067; x_wconf 74' lang='grc' dir='ltr'>σ</span> <span class='ocrx_word' id='word_1_257' title='bbox 421 2018 499 2072; x_wconf 91' lang='lat' dir='ltr'><strong>los</strong></span> <span class='ocrx_word' id='word_1_258' title='bbox 528 2027 707 2074; x_wconf 88' lang='lat' dir='ltr'><strong>autem</strong></span> <span class='ocrx_word' id='word_1_259' title='bbox 737 2016 884 2071; x_wconf 86' lang='lat' dir='ltr'><strong>foras</strong></span> <span class='ocrx_word' id='word_1_260' title='bbox 909 2002 1191 2069; x_wconf 87' lang='lat' dir='ltr'><strong>miserunt.</strong></span> <span class='ocrx_word' id='word_1_261' title='bbox 1218 2011 1309 2067; x_wconf 91' lang='lat' dir='ltr'><strong>Sic</strong></span> <span class='ocrx_word' id='word_1_262' title='bbox 1350 2011 1456 2066; x_wconf 90' lang='lat' dir='ltr'><strong>erit</strong></span> <span class='ocrx_word' id='word_1_263' title='bbox 1504 2010 1558 2064; x_wconf 92' lang='lat' dir='ltr'><strong>in</strong></span> <span class='ocrx_word' id='word_1_264' title='bbox 1609 2021 1956 2064; x_wconf 85' lang='lat' dir='ltr'><strong>consumma—</strong></span> <span class='ocrx_word' id='word_1_265' title='bbox 2011 2012 2020 2020; x_wconf 91' lang='lat'>&#39;</span> 
     </span>
    </p>
   </div>
   <div class='ocr_carea' id='block_1_35' title="bbox 369 2097 1957 2176">
    <p class='ocr_par' dir='ltr' id='par_1_35' title="bbox 369 2097 1957 2176">
     <span class='ocr_line' id='line_1_35' title="bbox 369 2097 1957 2176; baseline -0.006 -16"><span class='ocrx_word' id='word_1_266' title='bbox 369 2129 388 2160; x_wconf 69' lang='grc' dir='ltr'>ι</span> <span class='ocrx_word' id='word_1_267' title='bbox 419 2111 566 2163; x_wconf 89' lang='lat' dir='ltr'><strong>tione</strong></span> <span class='ocrx_word' id='word_1_268' title='bbox 594 2108 796 2162; x_wconf 68' lang='lat' dir='ltr'><strong>stnculi.</strong></span> <span class='ocrx_word' id='word_1_269' title='bbox 823 2108 1057 2162; x_wconf 82' lang='lat' dir='ltr'><strong>Exibunt</strong></span> <span class='ocrx_word' id='word_1_270' title='bbox 1074 2104 1247 2176; x_wconf 81' lang='lat' dir='ltr'><strong>angeli</strong></span> <span class='ocrx_word' id='word_1_271' title='bbox 1279 2111 1334 2158; x_wconf 91' lang='lat' dir='ltr'><strong>et</strong></span> <span class='ocrx_word' id='word_1_272' title='bbox 1357 2101 1684 2172; x_wconf 90' lang='lat' dir='ltr'><strong>separabunt</strong></span> <span class='ocrx_word' id='word_1_273' title='bbox 1701 2099 1872 2154; x_wconf 87' lang='lat' dir='ltr'><strong>malos</strong></span> <span class='ocrx_word' id='word_1_274' title='bbox 1892 2097 1957 2151; x_wconf 84' lang='lat' dir='ltr'><strong>de</strong></span> 
     </span>
    </p>
   </div>
   <div class='ocr_carea' id='block_1_36' title="bbox 370 2188 1953 2268">
    <p class='ocr_par' dir='ltr' id='par_1_36' title="bbox 370 2188 1953 2268">
     <span class='ocr_line' id='line_1_36' title="bbox 370 2188 1953 2268; baseline -0.006 -18"><span class='ocrx_word' id='word_1_275' title='bbox 370 2218 388 2250; x_wconf 82' lang='lat' dir='ltr'><strong>e</strong></span> <span class='ocrx_word' id='word_1_276' title='bbox 417 2199 596 2253; x_wconf 90' lang='lat' dir='ltr'><strong>medio</strong></span> <span class='ocrx_word' id='word_1_277' title='bbox 613 2199 905 2268; x_wconf 85' lang='lat' dir='ltr'><strong>justorum,</strong></span> <span class='ocrx_word' id='word_1_278' title='bbox 929 2206 985 2250; x_wconf 90' lang='lat' dir='ltr'><strong>et</strong></span> <span class='ocrx_word' id='word_1_279' title='bbox 1017 2196 1232 2250; x_wconf 83' lang='lat' dir='ltr'><strong>mittent</strong></span> <span class='ocrx_word' id='word_1_280' title='bbox 1260 2208 1355 2249; x_wconf 88' lang='lat' dir='ltr'><strong>eos</strong></span> <span class='ocrx_word' id='word_1_281' title='bbox 1384 2193 1443 2248; x_wconf 86' lang='lat' dir='ltr'><strong>in</strong></span> <span class='ocrx_word' id='word_1_282' title='bbox 1479 2191 1751 2246; x_wconf 87' lang='lat' dir='ltr'><strong>caminum</strong></span> <span class='ocrx_word' id='word_1_283' title='bbox 1797 2188 1953 2260; x_wconf 87' lang='lat' dir='ltr'><strong>ignis.</strong></span> 
     </span>
    </p>
   </div>
   <div class='ocr_carea' id='block_1_37' title="bbox 372 2278 1958 2343">
    <p class='ocr_par' dir='ltr' id='par_1_37' title="bbox 372 2278 1958 2343">
     <span class='ocr_line' id='line_1_37' title="bbox 372 2278 1958 2343; baseline -0.006 -3"><span class='ocrx_word' id='word_1_284' title='bbox 372 2307 391 2340; x_wconf 75' lang='grc' dir='ltr'>ι</span> <span class='ocrx_word' id='word_1_285' title='bbox 421 2289 499 2343; x_wconf 90' lang='lat' dir='ltr'><strong>lbi</strong></span> <span class='ocrx_word' id='word_1_286' title='bbox 521 2290 627 2342; x_wconf 89' lang='lat' dir='ltr'><strong>erit</strong></span> <span class='ocrx_word' id='word_1_287' title='bbox 655 2288 818 2343; x_wconf 75' lang='lat' dir='ltr'><strong>ﬂetus</strong></span> <span class='ocrx_word' id='word_1_288' title='bbox 839 2294 896 2341; x_wconf 90' lang='lat' dir='ltr'><strong>et</strong></span> <span class='ocrx_word' id='word_1_289' title='bbox 920 2286 1124 2340; x_wconf 86' lang='lat' dir='ltr'><strong>stridor</strong></span> <span class='ocrx_word' id='word_1_290' title='bbox 1149 2285 1410 2338; x_wconf 80' lang='lat' dir='ltr'><strong>dentium.</strong></span> <span class='ocrx_word' id='word_1_291' title='bbox 1453 2279 1802 2334; x_wconf 75' lang='lat' dir='ltr'><strong>lnteilexistis</strong></span> <span class='ocrx_word' id='word_1_292' title='bbox 1842 2278 1958 2331; x_wconf 72' lang='lat' dir='ltr'><strong>haec</strong></span> 
     </span>
    </p>
   </div>
   <div class='ocr_carea' id='block_1_38' title="bbox 374 2369 1960 2435">
    <p class='ocr_par' dir='ltr' id='par_1_38' title="bbox 374 2369 1960 2435">
     <span class='ocr_line' id='line_1_38' title="bbox 374 2369 1960 2435; baseline -0.006 -3"><span class='ocrx_word' id='word_1_293' title='bbox 374 2399 394 2432; x_wconf 75' lang='grc' dir='ltr'>ί</span> <span class='ocrx_word' id='word_1_294' title='bbox 422 2379 641 2435; x_wconf 77' lang='lat' dir='ltr'><strong>omnia?</strong></span> <span class='ocrx_word' id='word_1_295' title='bbox 663 2379 859 2433; x_wconf 90' lang='lat' dir='ltr'><strong>Dicunt</strong></span> <span class='ocrx_word' id='word_1_296' title='bbox 885 2379 935 2432; x_wconf 89' lang='lat' dir='ltr'><strong>ei</strong></span> <span class='ocrx_word' id='word_1_297' title='bbox 962 2396 976 2431; x_wconf 87' lang='lat'><strong>:</strong></span> <span class='ocrx_word' id='word_1_298' title='bbox 1004 2377 1202 2431; x_wconf 87' lang='lat' dir='ltr'><strong>Etiam.</strong></span> <span class='ocrx_word' id='word_1_299' title='bbox 1222 2373 1434 2430; x_wconf 84' lang='lat' dir='ltr'><strong>Aitillis</strong></span> <span class='ocrx_word' id='word_1_300' title='bbox 1455 2391 1466 2425; x_wconf 92' lang='lat'><strong>:</strong></span> <span class='ocrx_word' id='word_1_301' title='bbox 1491 2372 1616 2426; x_wconf 87' lang='lat' dir='ltr'><strong>Ideo</strong></span> <span class='ocrx_word' id='word_1_302' title='bbox 1640 2371 1816 2426; x_wconf 91' lang='lat' dir='ltr'><strong>omnis</strong></span> <span class='ocrx_word' id='word_1_303' title='bbox 1829 2369 1960 2425; x_wconf 91' lang='lat' dir='ltr'><strong>scri-</strong></span> 
     </span>
    </p>
   </div>
   <div class='ocr_carea' id='block_1_39' title="bbox 371 2463 1957 2540">
    <p class='ocr_par' dir='ltr' id='par_1_39' title="bbox 371 2463 1957 2540">
     <span class='ocr_line' id='line_1_39' title="bbox 371 2463 1957 2540; baseline -0.004 -16"><span class='ocrx_word' id='word_1_304' title='bbox 371 2490 395 2524; x_wconf 71' lang='grc' dir='ltr'>ι</span> <span class='ocrx_word' id='word_1_305' title='bbox 421 2473 489 2526; x_wconf 87' lang='lat' dir='ltr'><strong>ba</strong></span> <span class='ocrx_word' id='word_1_306' title='bbox 535 2471 727 2526; x_wconf 87' lang='lat' dir='ltr'><strong>doetus</strong></span> <span class='ocrx_word' id='word_1_307' title='bbox 763 2471 818 2524; x_wconf 91' lang='lat' dir='ltr'><strong>in</strong></span> <span class='ocrx_word' id='word_1_308' title='bbox 859 2485 1027 2540; x_wconf 89' lang='lat' dir='ltr'><strong>regno</strong></span> <span class='ocrx_word' id='word_1_309' title='bbox 1068 2469 1354 2533; x_wconf 67' lang='lat' dir='ltr'><strong>caelorum,</strong></span> <span class='ocrx_word' id='word_1_310' title='bbox 1402 2466 1597 2520; x_wconf 87' lang='lat' dir='ltr'><strong>similis</strong></span> <span class='ocrx_word' id='word_1_311' title='bbox 1621 2472 1707 2520; x_wconf 84' lang='lat' dir='ltr'><strong>est</strong></span> <span class='ocrx_word' id='word_1_312' title='bbox 1753 2463 1957 2518; x_wconf 84' lang='lat' dir='ltr'><strong>homini</strong></span> 
     </span>
    </p>
   </div>
   <div class='ocr_carea' id='block_1_40' title="bbox 371 2557 1962 2634">
    <p class='ocr_par' dir='ltr' id='par_1_40' title="bbox 371 2557 1962 2634">
     <span class='ocr_line' id='line_1_40' title="bbox 371 2557 1962 2634; baseline -0.005 -19"><span class='ocrx_word' id='word_1_313' title='bbox 371 2582 396 2615; x_wconf 67' lang='grc' dir='ltr'><strong><em>ε</em></strong></span> <span class='ocrx_word' id='word_1_314' title='bbox 421 2561 940 2634; x_wconf 74' lang='lat' dir='ltr'><strong>patrifamilias,qui</strong></span> <span class='ocrx_word' id='word_1_315' title='bbox 965 2557 1175 2629; x_wconf 75' lang='lat' dir='ltr'><strong>profert</strong></span> <span class='ocrx_word' id='word_1_316' title='bbox 1199 2558 1268 2613; x_wconf 86' lang='lat' dir='ltr'><strong>de</strong></span> <span class='ocrx_word' id='word_1_317' title='bbox 1301 2558 1558 2612; x_wconf 80' lang='lat' dir='ltr'><strong>thesauro</strong></span> <span class='ocrx_word' id='word_1_318' title='bbox 1599 2569 1698 2609; x_wconf 86' lang='lat' dir='ltr'><strong>suo</strong></span> <span class='ocrx_word' id='word_1_319' title='bbox 1728 2567 1866 2608; x_wconf 85' lang='lat' dir='ltr'><strong>nova</strong></span> <span class='ocrx_word' id='word_1_320' title='bbox 1905 2559 1962 2607; x_wconf 88' lang='lat' dir='ltr'><strong>et</strong></span> 
     </span>
    </p>
   </div>
   <div class='ocr_carea' id='block_1_41' title="bbox 373 2663 671 2706">
    <p class='ocr_par' dir='ltr' id='par_1_41' title="bbox 373 2663 671 2706">
     <span class='ocr_line' id='line_1_41' title="bbox 373 2663 671 2706; baseline 0 -3"><span class='ocrx_word' id='word_1_321' title='bbox 373 2669 397 2703; x_wconf 73' lang='grc' dir='ltr'>ι</span> <span class='ocrx_word' id='word_1_322' title='bbox 423 2663 627 2706; x_wconf 77' lang='lat' dir='ltr'><strong>vetera.</strong></span> <span class='ocrx_word' id='word_1_323' title='bbox 651 2670 671 2703; x_wconf 76' lang='grc' dir='ltr'><strong><em>ι</em></strong></span> 
     </span>
    </p>
   </div>
   <div class='ocr_carea' id='block_1_42' title="bbox 442 2733 1960 2809">
    <p class='ocr_par' dir='ltr' id='par_1_42' title="bbox 442 2733 1960 2809">
     <span class='ocr_line' id='line_1_42' title="bbox 442 2733 1960 2809; baseline -0.005 -13"><span class='ocrx_word' id='word_1_324' title='bbox 442 2739 626 2796; x_wconf 79' lang='lat' dir='ltr'><strong>Simile</strong></span> <span class='ocrx_word' id='word_1_325' title='bbox 645 2747 720 2794; x_wconf 82' lang='lat' dir='ltr'><strong>est</strong></span> <span class='ocrx_word' id='word_1_326' title='bbox 747 2754 962 2809; x_wconf 81' lang='lat' dir='ltr'><strong>regnum</strong></span> <span class='ocrx_word' id='word_1_327' title='bbox 989 2737 1236 2792; x_wconf 66' lang='lat' dir='ltr'><strong>citatorum</strong></span> <span class='ocrx_word' id='word_1_328' title='bbox 1277 2737 1522 2790; x_wconf 71' lang='lat' dir='ltr'><strong>thesauro</strong></span> <span class='ocrx_word' id='word_1_329' title='bbox 1563 2733 1867 2788; x_wconf 71' lang='lat' dir='ltr'><strong>abscondito</strong></span> <span class='ocrx_word' id='word_1_330' title='bbox 1905 2733 1960 2788; x_wconf 79' lang='lat' dir='ltr'><strong>in</strong></span> 
     </span>
    </p>
   </div>
   <div class='ocr_carea' id='block_1_43' title="bbox 371 2825 1961 2900">
    <p class='ocr_par' dir='ltr' id='par_1_43' title="bbox 371 2825 1961 2900">
     <span class='ocr_line' id='line_1_43' title="bbox 371 2825 1961 2900; baseline -0.005 -15"><span class='ocrx_word' id='word_1_331' title='bbox 371 2845 528 2900; x_wconf 76' lang='lat' dir='ltr'><strong>agro,</strong></span> <span class='ocrx_word' id='word_1_332' title='bbox 552 2846 706 2900; x_wconf 83' lang='lat' dir='ltr'><strong>quem</strong></span> <span class='ocrx_word' id='word_1_333' title='bbox 732 2829 823 2899; x_wconf 76' lang='lat' dir='ltr'><strong>qui</strong></span> <span class='ocrx_word' id='word_1_334' title='bbox 851 2827 1046 2881; x_wconf 79' lang='lat' dir='ltr'><strong>invenit</strong></span> <span class='ocrx_word' id='word_1_335' title='bbox 1067 2827 1246 2891; x_wconf 70' lang='lat' dir='ltr'><strong>homo,</strong></span> <span class='ocrx_word' id='word_1_336' title='bbox 1270 2825 1563 2889; x_wconf 74' lang='lat' dir='ltr'><strong>abscondit,</strong></span> <span class='ocrx_word' id='word_1_337' title='bbox 1595 2833 1643 2878; x_wconf 86' lang='lat' dir='ltr'><strong>et</strong></span> <span class='ocrx_word' id='word_1_338' title='bbox 1674 2839 1784 2895; x_wconf 68' lang='lat' dir='ltr'><strong>pra</strong></span> <span class='ocrx_word' id='word_1_339' title='bbox 1828 2840 1961 2894; x_wconf 79' lang='lat' dir='ltr'><strong>gau-</strong></span> 
     </span>
    </p>
   </div>
   <div class='ocr_carea' id='block_1_44' title="bbox 368 2913 1960 2986">
    <p class='ocr_par' dir='ltr' id='par_1_44' title="bbox 368 2913 1960 2986">
     <span class='ocr_line' id='line_1_44' title="bbox 368 2913 1960 2986; baseline -0.004 -12"><span class='ocrx_word' id='word_1_340' title='bbox 368 2921 461 2974; x_wconf 82' lang='lat' dir='ltr'><strong>dio</strong></span> <span class='ocrx_word' id='word_1_341' title='bbox 485 2919 628 2973; x_wconf 74' lang='lat' dir='ltr'><strong>illius</strong></span> <span class='ocrx_word' id='word_1_342' title='bbox 659 2919 801 2973; x_wconf 74' lang='lat' dir='ltr'><strong>vadit</strong></span> <span class='ocrx_word' id='word_1_343' title='bbox 826 2925 876 2971; x_wconf 89' lang='lat' dir='ltr'><strong>et</strong></span> <span class='ocrx_word' id='word_1_344' title='bbox 903 2916 1078 2972; x_wconf 81' lang='lat' dir='ltr'><strong>vendit</strong></span> <span class='ocrx_word' id='word_1_345' title='bbox 1107 2917 1350 2970; x_wconf 72' lang='lat' dir='ltr'><strong>uitiuersa</strong></span> <span class='ocrx_word' id='word_1_346' title='bbox 1371 2931 1490 2986; x_wconf 60' lang='lat' dir='ltr'><strong>quin</strong></span> <span class='ocrx_word' id='word_1_347' title='bbox 1534 2913 1710 2976; x_wconf 74' lang='lat' dir='ltr'><strong>habet,</strong></span> <span class='ocrx_word' id='word_1_348' title='bbox 1751 2923 1799 2968; x_wconf 89' lang='lat' dir='ltr'><strong>et</strong></span> <span class='ocrx_word' id='word_1_349' title='bbox 1839 2914 1960 2968; x_wconf 83' lang='lat' dir='ltr'><strong>emit</strong></span> 
     </span>
    </p>
   </div>
   <div class='ocr_carea' id='block_1_45' title="bbox 373 3005 1966 3081">
    <p class='ocr_par' dir='ltr' id='par_1_45' title="bbox 373 3005 1966 3081">
     <span class='ocr_line' id='line_1_45' title="bbox 373 3005 1966 3081; baseline -0.003 -17"><span class='ocrx_word' id='word_1_350' title='bbox 373 3027 560 3081; x_wconf 78' lang='lat' dir='ltr'><strong>agrum</strong></span> <span class='ocrx_word' id='word_1_351' title='bbox 588 3009 757 3064; x_wconf 79' lang='lat' dir='ltr'><strong>illum.</strong></span> <span class='ocrx_word' id='word_1_352' title='bbox 780 3008 1001 3064; x_wconf 86' lang='lat' dir='ltr'><strong>Crebris</strong></span> <span class='ocrx_word' id='word_1_353' title='bbox 1026 3007 1404 3077; x_wconf 83' lang='lat' dir='ltr'><strong>parabolarmn</strong></span> <span class='ocrx_word' id='word_1_354' title='bbox 1427 3005 1850 3060; x_wconf 83' lang='lat' dir='ltr'><strong>obscuritatibus</strong></span> <span class='ocrx_word' id='word_1_355' title='bbox 1877 3019 1966 3059; x_wconf 80' lang='lat' dir='ltr'><strong>re-</strong></span> 
     </span>
    </p>
   </div>
   <div class='ocr_carea' id='block_1_46' title="bbox 377 3094 1960 3165">
    <p class='ocr_par' dir='ltr' id='par_1_46' title="bbox 377 3094 1960 3165">
     <span class='ocr_line' id='line_1_46' title="bbox 377 3094 1960 3165; baseline -0.004 -10"><span class='ocrx_word' id='word_1_356' title='bbox 377 3102 576 3155; x_wconf 87' lang='lat' dir='ltr'><strong>tardati</strong></span> <span class='ocrx_word' id='word_1_357' title='bbox 631 3098 1010 3154; x_wconf 83' lang='lat' dir='ltr'><strong>commaticam</strong></span> <span class='ocrx_word' id='word_1_358' title='bbox 1066 3095 1567 3165; x_wconf 83' lang='lat' dir='ltr'><strong>interpretationem</strong></span> <span class='ocrx_word' id='word_1_359' title='bbox 1625 3094 1960 3158; x_wconf 80' lang='lat' dir='ltr'><strong>excedimus,</strong></span> 
     </span>
    </p>
   </div>
   <div class='ocr_carea' id='block_1_47' title="bbox 2055 1930 3641 2000">
    <p class='ocr_par' dir='ltr' id='par_1_47' title="bbox 2055 1930 3641 2000">
     <span class='ocr_line' id='line_1_47' title="bbox 2055 1930 3641 2000; baseline 0.002 -15"><span class='ocrx_word' id='word_1_360' title='bbox 2055 1931 2456 1986; x_wconf 77' lang='lat' dir='ltr'><strong>consummatio</strong></span> <span class='ocrx_word' id='word_1_361' title='bbox 2472 1941 2530 1986; x_wconf 89' lang='lat' dir='ltr'><strong>et</strong></span> <span class='ocrx_word' id='word_1_362' title='bbox 2562 1931 2688 1987; x_wconf 83' lang='lat' dir='ltr'><strong>ﬁnis</strong></span> <span class='ocrx_word' id='word_1_363' title='bbox 2704 1931 2910 1997; x_wconf 82' lang='lat' dir='ltr'><strong>mundi,</strong></span> <span class='ocrx_word' id='word_1_364' title='bbox 2941 1940 3002 1986; x_wconf 89' lang='lat' dir='ltr'><strong>ut</strong></span> <span class='ocrx_word' id='word_1_365' title='bbox 3043 1932 3158 2000; x_wconf 88' lang='lat' dir='ltr'><strong>ipse</strong></span> <span class='ocrx_word' id='word_1_366' title='bbox 3202 1930 3346 1986; x_wconf 75' lang='lat' dir='ltr'><strong>infra</strong></span> <span class='ocrx_word' id='word_1_367' title='bbox 3384 1931 3641 1992; x_wconf 76' lang='lat' dir='ltr'><strong>manifes-</strong></span> 
     </span>
    </p>
   </div>
   <div class='ocr_carea' id='block_1_48' title="bbox 2055 2021 3636 2093">
    <p class='ocr_par' dir='ltr' id='par_1_48' title="bbox 2055 2021 3636 2093">
     <span class='ocr_line' id='line_1_48' title="bbox 2055 2021 3636 2093; baseline 0.001 -17"><span class='ocrx_word' id='word_1_368' title='bbox 2055 2021 2165 2077; x_wconf 85' lang='lat' dir='ltr'><strong>tius</strong></span> <span class='ocrx_word' id='word_1_369' title='bbox 2236 2021 2474 2088; x_wconf 75' lang='lat' dir='ltr'><strong>disserit,</strong></span> <span class='ocrx_word' id='word_1_370' title='bbox 2530 2028 2664 2078; x_wconf 89' lang='lat' dir='ltr'><strong>tunc</strong></span> <span class='ocrx_word' id='word_1_371' title='bbox 2720 2037 2922 2093; x_wconf 86' lang='lat' dir='ltr'><strong>sagena</strong></span> <span class='ocrx_word' id='word_1_372' title='bbox 2968 2023 3288 2078; x_wconf 68' lang='lat' dir='ltr'><strong>extrahetur</strong></span> <span class='ocrx_word' id='word_1_373' title='bbox 3343 2023 3412 2078; x_wconf 84' lang='lat' dir='ltr'><strong>ad</strong></span> <span class='ocrx_word' id='word_1_374' title='bbox 3461 2023 3636 2079; x_wconf 81' lang='lat' dir='ltr'><strong>littus.</strong></span> 
     </span>
    </p>
   </div>
   <div class='ocr_carea' id='block_1_49' title="bbox 2055 2113 3639 2185">
    <p class='ocr_par' dir='ltr' id='par_1_49' title="bbox 2055 2113 3639 2185">
     <span class='ocr_line' id='line_1_49' title="bbox 2055 2113 3639 2185; baseline 0.001 -16"><span class='ocrx_word' id='word_1_375' title='bbox 2055 2113 2206 2169; x_wconf 86' lang='lat' dir='ltr'><strong>Tunc</strong></span> <span class='ocrx_word' id='word_1_376' title='bbox 2228 2129 2415 2170; x_wconf 85' lang='lat' dir='ltr'><strong>verum</strong></span> <span class='ocrx_word' id='word_1_377' title='bbox 2439 2114 2892 2171; x_wconf 86' lang='lat' dir='ltr'><strong>secernendorum</strong></span> <span class='ocrx_word' id='word_1_378' title='bbox 2915 2116 3150 2185; x_wconf 87' lang='lat' dir='ltr'><strong>piscium</strong></span> <span class='ocrx_word' id='word_1_379' title='bbox 3187 2115 3445 2170; x_wconf 82' lang='lat' dir='ltr'><strong>indicium</strong></span> <span class='ocrx_word' id='word_1_380' title='bbox 3479 2132 3639 2171; x_wconf 85' lang='lat' dir='ltr'><strong>mon-</strong></span> 
     </span>
    </p>
   </div>
   <div class='ocr_carea' id='block_1_50' title="bbox 2055 2205 3642 2276">
    <p class='ocr_par' dir='ltr' id='par_1_50' title="bbox 2055 2205 3642 2276">
     <span class='ocr_line' id='line_1_50' title="bbox 2055 2205 3642 2276; baseline 0.001 -17"><span class='ocrx_word' id='word_1_381' title='bbox 2055 2205 2338 2270; x_wconf 83' lang='lat' dir='ltr'><strong>strabitur,</strong></span> <span class='ocrx_word' id='word_1_382' title='bbox 2387 2213 2444 2260; x_wconf 88' lang='lat' dir='ltr'><strong>et</strong></span> <span class='ocrx_word' id='word_1_383' title='bbox 2491 2206 2644 2276; x_wconf 86' lang='lat' dir='ltr'><strong>quasi</strong></span> <span class='ocrx_word' id='word_1_384' title='bbox 2687 2205 2738 2260; x_wconf 91' lang='lat' dir='ltr'><strong>in</strong></span> <span class='ocrx_word' id='word_1_385' title='bbox 2781 2207 3014 2275; x_wconf 86' lang='lat' dir='ltr'><strong>quodam</strong></span> <span class='ocrx_word' id='word_1_386' title='bbox 3082 2205 3422 2274; x_wconf 84' lang='lat' dir='ltr'><strong>quietissimo</strong></span> <span class='ocrx_word' id='word_1_387' title='bbox 3479 2216 3642 2276; x_wconf 89' lang='lat' dir='ltr'><strong>portu</strong></span> 
     </span>
    </p>
   </div>
   <div class='ocr_carea' id='block_1_51' title="bbox 2054 2294 3645 2361">
    <p class='ocr_par' dir='ltr' id='par_1_51' title="bbox 2054 2294 3645 2361">
     <span class='ocr_line' id='line_1_51' title="bbox 2054 2294 3645 2361; baseline 0.001 -13"><span class='ocrx_word' id='word_1_388' title='bbox 2054 2294 2182 2350; x_wconf 84' lang='lat' dir='ltr'><strong>boni</strong></span> <span class='ocrx_word' id='word_1_389' title='bbox 2213 2296 2497 2350; x_wconf 89' lang='lat' dir='ltr'><strong>mittentr</strong></span> <span class='ocrx_word' id='word_1_390' title='bbox 2519 2296 2574 2350; x_wconf 91' lang='lat' dir='ltr'><strong>in</strong></span> <span class='ocrx_word' id='word_1_391' title='bbox 2599 2309 2729 2350; x_wconf 87' lang='lat' dir='ltr'><strong>vasa</strong></span> <span class='ocrx_word' id='word_1_392' title='bbox 2763 2295 3069 2350; x_wconf 63' lang='lat' dir='ltr'><strong>caelestium</strong></span> <span class='ocrx_word' id='word_1_393' title='bbox 3117 2296 3488 2361; x_wconf 77' lang='lat' dir='ltr'><strong>mansionu,</strong></span> <span class='ocrx_word' id='word_1_394' title='bbox 3527 2312 3645 2350; x_wconf 75' lang='lat' dir='ltr'><strong>ma-</strong></span> 
     </span>
    </p>
   </div>
   <div class='ocr_carea' id='block_1_52' title="bbox 2057 2384 3645 2457">
    <p class='ocr_par' dir='ltr' id='par_1_52' title="bbox 2057 2384 3645 2457">
     <span class='ocr_line' id='line_1_52' title="bbox 2057 2384 3645 2457; baseline 0.002 -19"><span class='ocrx_word' id='word_1_395' title='bbox 2057 2384 2138 2440; x_wconf 86' lang='lat' dir='ltr'><strong>los</strong></span> <span class='ocrx_word' id='word_1_396' title='bbox 2174 2394 2354 2440; x_wconf 88' lang='lat' dir='ltr'><strong>autem</strong></span> <span class='ocrx_word' id='word_1_397' title='bbox 2376 2387 2658 2441; x_wconf 79' lang='lat' dir='ltr'><strong>terrendos</strong></span> <span class='ocrx_word' id='word_1_398' title='bbox 2679 2392 2731 2439; x_wconf 88' lang='lat' dir='ltr'><strong>et</strong></span> <span class='ocrx_word' id='word_1_399' title='bbox 2744 2384 3094 2441; x_wconf 79' lang='lat' dir='ltr'><strong>exsiccandos</strong></span> <span class='ocrx_word' id='word_1_400' title='bbox 3124 2387 3385 2457; x_wconf 62' lang='lat' dir='ltr'><strong>gehennae</strong></span> <span class='ocrx_word' id='word_1_401' title='bbox 3422 2385 3645 2444; x_wconf 71' lang='lat' dir='ltr'><strong>ﬂamina</strong></span> 
     </span>
    </p>
   </div>
   <div class='ocr_carea' id='block_1_53' title="bbox 2057 2485 3646 2604">
    <p class='ocr_par' dir='ltr' id='par_1_53' title="bbox 2057 2485 3646 2604">
     <span class='ocr_line' id='line_1_53' title="bbox 2057 2485 3646 2604; baseline 0.022 -11"><span class='ocrx_word' id='word_1_402' title='bbox 2057 2485 2466 2601; x_wconf 54' lang='lat' dir='ltr'><strong>“3333:?an</strong></span> <span class='ocrx_word' id='word_1_403' title='bbox 2505 2546 2617 2601; x_wconf 66' lang='lat' dir='ltr'><strong>Ita’c</strong></span> <span class='ocrx_word' id='word_1_404' title='bbox 2677 2549 2891 2604; x_wconf 78' lang='lat' dir='ltr'><strong>omnia?</strong></span> <span class='ocrx_word' id='word_1_405' title='bbox 2930 2548 3124 2602; x_wconf 81' lang='lat' dir='ltr'><strong>Dicunt</strong></span> <span class='ocrx_word' id='word_1_406' title='bbox 3189 2547 3239 2600; x_wconf 72' lang='lat' dir='ltr'><strong>ei</strong></span> <span class='ocrx_word' id='word_1_407' title='bbox 3263 2546 3500 2600; x_wconf 61' lang='lat' dir='ltr'><strong>:Eﬁam-</strong></span> <span class='ocrx_word' id='word_1_408' title='bbox 3558 2545 3646 2602; x_wconf 73' lang='grc' dir='ltr'><strong>Αι¹</strong></span> 
     </span>
    </p>
   </div>
   <div class='ocr_carea' id='block_1_54' title="bbox 2061 2637 3646 2710">
    <p class='ocr_par' dir='ltr' id='par_1_54' title="bbox 2061 2637 3646 2710">
     <span class='ocr_line' id='line_1_54' title="bbox 2061 2637 3646 2710; baseline 0.001 -19"><span class='ocrx_word' id='word_1_409' title='bbox 2061 2639 2334 2707; x_wconf 74' lang='lat' dir='ltr'><strong>apostolos</strong></span> <span class='ocrx_word' id='word_1_410' title='bbox 2361 2639 2583 2710; x_wconf 86' lang='lat' dir='ltr'><strong>proprie</strong></span> <span class='ocrx_word' id='word_1_411' title='bbox 2639 2655 2820 2698; x_wconf 83' lang='lat' dir='ltr'><strong>sermo</strong></span> <span class='ocrx_word' id='word_1_412' title='bbox 2859 2648 3026 2699; x_wconf 67' lang='lat' dir='ltr'><strong>estet</strong></span> <span class='ocrx_word' id='word_1_413' title='bbox 3067 2639 3174 2694; x_wconf 85' lang='lat' dir='ltr'><strong>illis</strong></span> <span class='ocrx_word' id='word_1_414' title='bbox 3210 2638 3444 2695; x_wconf 85' lang='lat' dir='ltr'><strong>dicitur:</strong></span> <span class='ocrx_word' id='word_1_415' title='bbox 3475 2637 3646 2693; x_wconf 77' lang='lat' dir='ltr'><strong>Intel-</strong></span> 
     </span>
    </p>
   </div>
   <div class='ocr_carea' id='block_1_55' title="bbox 2061 2728 3645 2803">
    <p class='ocr_par' dir='ltr' id='par_1_55' title="bbox 2061 2728 3645 2803">
     <span class='ocr_line' id='line_1_55' title="bbox 2061 2728 3645 2803; baseline 0.003 -21"><span class='ocrx_word' id='word_1_416' title='bbox 2061 2728 2260 2783; x_wconf 73' lang='lat' dir='ltr'><strong>[existis</strong></span> <span class='ocrx_word' id='word_1_417' title='bbox 2293 2731 2425 2796; x_wconf 72' lang='lat' dir='ltr'><strong>ha&#39;c,</strong></span> <span class='ocrx_word' id='word_1_418' title='bbox 2456 2747 2593 2801; x_wconf 90' lang='lat' dir='ltr'><strong>quos</strong></span> <span class='ocrx_word' id='word_1_419' title='bbox 2613 2748 2721 2788; x_wconf 90' lang='lat' dir='ltr'><strong>non</strong></span> <span class='ocrx_word' id='word_1_420' title='bbox 2745 2733 2858 2788; x_wconf 90' lang='lat' dir='ltr'><strong>vult</strong></span> <span class='ocrx_word' id='word_1_421' title='bbox 2881 2733 3072 2788; x_wconf 80' lang='lat' dir='ltr'><strong>audire</strong></span> <span class='ocrx_word' id='word_1_422' title='bbox 3107 2739 3341 2800; x_wconf 83' lang='lat' dir='ltr'><strong>tantum,</strong></span> <span class='ocrx_word' id='word_1_423' title='bbox 3372 2739 3434 2786; x_wconf 86' lang='lat' dir='ltr'><strong>ut</strong></span> <span class='ocrx_word' id='word_1_424' title='bbox 3471 2746 3645 2803; x_wconf 82' lang='lat' dir='ltr'><strong>papu-</strong></span> 
     </span>
    </p>
   </div>
   <div class='ocr_carea' id='block_1_56' title="bbox 2061 2818 3323 2893">
    <p class='ocr_par' dir='ltr' id='par_1_56' title="bbox 2061 2818 3323 2893">
     <span class='ocr_line' id='line_1_56' title="bbox 2061 2818 3323 2893; baseline 0.002 -20"><span class='ocrx_word' id='word_1_425' title='bbox 2061 2818 2192 2883; x_wconf 83' lang='lat' dir='ltr'><strong>lum,</strong></span> <span class='ocrx_word' id='word_1_426' title='bbox 2217 2819 2314 2874; x_wconf 80' lang='lat' dir='ltr'><strong>sed</strong></span> <span class='ocrx_word' id='word_1_427' title='bbox 2345 2819 2663 2892; x_wconf 80' lang='lat' dir='ltr'><strong>intelligere,</strong></span> <span class='ocrx_word' id='word_1_428' title='bbox 2690 2829 2749 2877; x_wconf 92' lang='lat' dir='ltr'><strong>ut</strong></span> <span class='ocrx_word' id='word_1_429' title='bbox 2770 2823 3062 2893; x_wconf 85' lang='lat' dir='ltr'><strong>magistros</strong></span> <span class='ocrx_word' id='word_1_430' title='bbox 3095 2821 3323 2878; x_wconf 78' lang='lat' dir='ltr'><strong>futuros.</strong></span> 
     </span>
    </p>
   </div>
   <div class='ocr_carea' id='block_1_57' title="bbox 2133 2909 3646 2984">
    <p class='ocr_par' dir='ltr' id='par_1_57' title="bbox 2133 2909 3646 2984">
     <span class='ocr_line' id='line_1_57' title="bbox 2133 2909 3646 2984; baseline -0.001 -18"><span class='ocrx_word' id='word_1_431' title='bbox 2133 2909 2264 2966; x_wconf 75' lang='lat' dir='ltr'><strong>Ideo</strong></span> <span class='ocrx_word' id='word_1_432' title='bbox 2285 2911 2454 2965; x_wconf 69' lang='lat' dir='ltr'><strong>omnis</strong></span> <span class='ocrx_word' id='word_1_433' title='bbox 2485 2910 2673 2968; x_wconf 76' lang='lat' dir='ltr'><strong>Scriba</strong></span> <span class='ocrx_word' id='word_1_434' title='bbox 2700 2912 2885 2968; x_wconf 82' lang='lat' dir='ltr'><strong>doctus</strong></span> <span class='ocrx_word' id='word_1_435' title='bbox 2911 2914 2968 2968; x_wconf 78' lang='lat' dir='ltr'><strong>in</strong></span> <span class='ocrx_word' id='word_1_436' title='bbox 2994 2929 3151 2984; x_wconf 79' lang='lat' dir='ltr'><strong>regno</strong></span> <span class='ocrx_word' id='word_1_437' title='bbox 3193 2911 3465 2977; x_wconf 66' lang='lat' dir='ltr'><strong>calorum,</strong></span> <span class='ocrx_word' id='word_1_438' title='bbox 3503 2913 3646 2966; x_wconf 52' lang='lat' dir='ltr'><strong>sinu.</strong></span> 
     </span>
    </p>
   </div>
   <div class='ocr_carea' id='block_1_58' title="bbox 2062 2999 3646 3074">
    <p class='ocr_par' dir='ltr' id='par_1_58' title="bbox 2062 2999 3646 3074">
     <span class='ocr_line' id='line_1_58' title="bbox 2062 2999 3646 3074; baseline 0 -20"><span class='ocrx_word' id='word_1_439' title='bbox 2062 2999 2128 3066; x_wconf 71' lang='lat' dir='ltr'><strong>iis</strong></span> <span class='ocrx_word' id='word_1_440' title='bbox 2153 3009 2229 3057; x_wconf 80' lang='lat' dir='ltr'><strong>est</strong></span> <span class='ocrx_word' id='word_1_441' title='bbox 2255 3001 2453 3056; x_wconf 76' lang='lat' dir='ltr'><strong>homini</strong></span> <span class='ocrx_word' id='word_1_442' title='bbox 2475 3001 2869 3072; x_wconf 70' lang='lat' dir='ltr'><strong>patrifamilias,</strong></span> <span class='ocrx_word' id='word_1_443' title='bbox 2893 3004 2982 3074; x_wconf 72' lang='lat' dir='ltr'><strong>qui</strong></span> <span class='ocrx_word' id='word_1_444' title='bbox 3029 3001 3232 3073; x_wconf 70' lang='lat' dir='ltr'><strong>profert</strong></span> <span class='ocrx_word' id='word_1_445' title='bbox 3287 3002 3356 3056; x_wconf 82' lang='lat' dir='ltr'><strong>de</strong></span> <span class='ocrx_word' id='word_1_446' title='bbox 3401 3001 3646 3059; x_wconf 69' lang='lat' dir='ltr'><strong>thesauro</strong></span> 
     </span>
    </p>
   </div>
   <div class='ocr_carea' id='block_1_59' title="bbox 2064 3081 3647 3165">
    <p class='ocr_par' dir='ltr' id='par_1_59' title="bbox 2064 3081 3647 3165">
     <span class='ocr_line' id='line_1_59' title="bbox 2064 3081 3647 3165; baseline 0.003 -19"><span class='ocrx_word' id='word_1_447' title='bbox 2064 3109 2160 3146; x_wconf 86' lang='lat' dir='ltr'><strong>suo</strong></span> <span class='ocrx_word' id='word_1_448' title='bbox 2187 3109 2320 3148; x_wconf 83' lang='lat' dir='ltr'><strong>nova</strong></span> <span class='ocrx_word' id='word_1_449' title='bbox 2343 3101 2391 3146; x_wconf 88' lang='lat' dir='ltr'><strong>et</strong></span> <span class='ocrx_word' id='word_1_450' title='bbox 2411 3081 2603 3147; x_wconf 82' lang='lat' dir='ltr'><strong>vetera.</strong></span> <span class='ocrx_word' id='word_1_451' title='bbox 2637 3094 2887 3150; x_wconf 85' lang='lat' dir='ltr'><strong>lnstructi</strong></span> <span class='ocrx_word' id='word_1_452' title='bbox 2913 3104 3072 3151; x_wconf 85' lang='lat' dir='ltr'><strong>erant</strong></span> <span class='ocrx_word' id='word_1_453' title='bbox 3109 3094 3341 3165; x_wconf 80' lang='lat' dir='ltr'><strong>apostoli</strong></span> <span class='ocrx_word' id='word_1_454' title='bbox 3375 3093 3568 3149; x_wconf 72' lang='lat' dir='ltr'><strong>scriba:</strong></span> <span class='ocrx_word' id='word_1_455' title='bbox 3591 3101 3647 3150; x_wconf 82' lang='lat' dir='ltr'><strong>et</strong></span> 
     </span>
    </p>
   </div>
   <div class='ocr_carea' id='block_1_60' title="bbox 374 3165 3648 3262">
    <p class='ocr_par' dir='ltr' id='par_1_60' title="bbox 374 3165 3648 3262">
     <span class='ocr_line' id='line_1_60' title="bbox 374 3165 3648 3262; baseline -0.003 -15"><span class='ocrx_word' id='word_1_456' title='bbox 374 3201 437 3248; x_wconf 89' lang='lat' dir='ltr'><strong>ut</strong></span> <span class='ocrx_word' id='word_1_457' title='bbox 463 3205 632 3261; x_wconf 87' lang='lat' dir='ltr'><strong>prope</strong></span> <span class='ocrx_word' id='word_1_458' title='bbox 676 3191 742 3243; x_wconf 80' lang='lat' dir='ltr'><strong>de</strong></span> <span class='ocrx_word' id='word_1_459' title='bbox 783 3188 890 3242; x_wconf 79' lang='lat' dir='ltr'><strong>alio</strong></span> <span class='ocrx_word' id='word_1_460' title='bbox 937 3187 1402 3256; x_wconf 79' lang='lat' dir='ltr'><strong>interpretationis</strong></span> <span class='ocrx_word' id='word_1_461' title='bbox 1450 3199 1668 3255; x_wconf 88' lang='lat' dir='ltr'><strong>genere,</strong></span> <span class='ocrx_word' id='word_1_462' title='bbox 1709 3183 1777 3238; x_wconf 85' lang='lat' dir='ltr'><strong>ad</strong></span> <span class='ocrx_word' id='word_1_463' title='bbox 1820 3184 1964 3240; x_wconf 86' lang='lat' dir='ltr'><strong>aliud</strong></span> <span class='ocrx_word' id='word_1_464' title='bbox 1991 3165 2038 3227; x_wconf 70' lang='grc' dir='ltr'>Ο</span> <span class='ocrx_word' id='word_1_465' title='bbox 2067 3183 2266 3238; x_wconf 85' lang='lat' dir='ltr'><strong>notarii</strong></span> <span class='ocrx_word' id='word_1_466' title='bbox 2279 3183 2595 3248; x_wconf 69' lang='lat' dir='ltr'><strong>Salvatoris,</strong></span> <span class='ocrx_word' id='word_1_467' title='bbox 2623 3185 2717 3255; x_wconf 89' lang='lat' dir='ltr'><strong>qui</strong></span> <span class='ocrx_word' id='word_1_468' title='bbox 2741 3187 2901 3240; x_wconf 70' lang='lat' dir='ltr'><strong>veri_.a</strong></span> <span class='ocrx_word' id='word_1_469' title='bbox 2931 3186 3076 3262; x_wconf 75' lang='lat' dir='ltr'><strong>illius</strong></span> <span class='ocrx_word' id='word_1_470' title='bbox 3103 3193 3159 3241; x_wconf 89' lang='lat' dir='ltr'><strong>et</strong></span> <span class='ocrx_word' id='word_1_471' title='bbox 3182 3194 3450 3259; x_wconf 61' lang='lat' dir='ltr'><strong>praecepta</strong></span> <span class='ocrx_word' id='word_1_472' title='bbox 3467 3185 3648 3255; x_wconf 84' lang='lat' dir='ltr'><strong>signa-</strong></span> 
     </span>
    </p>
   </div>
   <div class='ocr_carea' id='block_1_61' title="bbox 377 3269 1965 3349">
    <p class='ocr_par' dir='ltr' id='par_1_61' title="bbox 377 3269 1965 3349">
     <span class='ocr_line' id='line_1_61' title="bbox 377 3269 1965 3349; baseline -0.003 -12"><span class='ocrx_word' id='word_1_473' title='bbox 377 3283 636 3337; x_wconf 88' lang='lat' dir='ltr'><strong>transisse</strong></span> <span class='ocrx_word' id='word_1_474' title='bbox 663 3281 958 3333; x_wconf 86' lang='lat' dir='ltr'><strong>videamur.</strong></span> <span class='ocrx_word' id='word_1_475' title='bbox 977 3277 1085 3348; x_wconf 77' lang='lat' dir='ltr'><strong>(Ea:</strong></span> <span class='ocrx_word' id='word_1_476' title='bbox 1113 3276 1369 3349; x_wconf 83' lang='lat' dir='ltr'><strong>Hieron.)</strong></span> <span class='ocrx_word' id='word_1_477' title='bbox 1394 3277 1704 3332; x_wconf 86' lang='lat' dir='ltr'><strong>Thesaurus</strong></span> <span class='ocrx_word' id='word_1_478' title='bbox 1743 3269 1868 3341; x_wconf 84' lang='lat' dir='ltr'><strong>iste,</strong></span> <span class='ocrx_word' id='word_1_479' title='bbox 1904 3276 1965 3332; x_wconf 83' lang='lat' dir='ltr'><strong>in</strong></span> 
     </span>
    </p>
   </div>
   <div class='ocr_carea' id='block_1_62' title="bbox 375 3370 1966 3445">
    <p class='ocr_par' dir='ltr' id='par_1_62' title="bbox 375 3370 1966 3445">
     <span class='ocr_line' id='line_1_62' title="bbox 375 3370 1966 3445; baseline -0.003 -15"><span class='ocrx_word' id='word_1_480' title='bbox 375 3390 484 3445; x_wconf 88' lang='lat' dir='ltr'><strong>quo</strong></span> <span class='ocrx_word' id='word_1_481' title='bbox 507 3382 632 3429; x_wconf 90' lang='lat' dir='ltr'><strong>sunt</strong></span> <span class='ocrx_word' id='word_1_482' title='bbox 657 3387 848 3428; x_wconf 91' lang='lat' dir='ltr'><strong>omnes</strong></span> <span class='ocrx_word' id='word_1_483' title='bbox 870 3371 1107 3427; x_wconf 88' lang='lat' dir='ltr'><strong>thesauri</strong></span> <span class='ocrx_word' id='word_1_484' title='bbox 1139 3372 1439 3442; x_wconf 61' lang='lat' dir='ltr'><strong>sapientiai,</strong></span> <span class='ocrx_word' id='word_1_485' title='bbox 1471 3379 1529 3426; x_wconf 88' lang='lat' dir='ltr'><strong>et</strong></span> <span class='ocrx_word' id='word_1_486' title='bbox 1583 3370 1826 3426; x_wconf 71' lang='lat' dir='ltr'><strong>scientia:</strong></span> <span class='ocrx_word' id='word_1_487' title='bbox 1871 3371 1966 3426; x_wconf 89' lang='lat' dir='ltr'><strong>ab-</strong></span> 
     </span>
    </p>
   </div>
   <div class='ocr_carea' id='block_1_63' title="bbox 377 3461 1966 3533">
    <p class='ocr_par' dir='ltr' id='par_1_63' title="bbox 377 3461 1966 3533">
     <span class='ocr_line' id='line_1_63' title="bbox 377 3461 1966 3533; baseline -0.003 -10"><span class='ocrx_word' id='word_1_488' title='bbox 377 3467 631 3532; x_wconf 84' lang='lat' dir='ltr'><strong>sconditi,</strong></span> <span class='ocrx_word' id='word_1_489' title='bbox 659 3473 753 3520; x_wconf 87' lang='lat' dir='ltr'><strong>aut</strong></span> <span class='ocrx_word' id='word_1_490' title='bbox 776 3465 917 3520; x_wconf 86' lang='lat' dir='ltr'><strong>Dens</strong></span> <span class='ocrx_word' id='word_1_491' title='bbox 936 3464 1170 3518; x_wconf 86' lang='lat' dir='ltr'><strong>Verbum</strong></span> <span class='ocrx_word' id='word_1_492' title='bbox 1199 3471 1303 3528; x_wconf 90' lang='lat' dir='ltr'><strong>est,</strong></span> <span class='ocrx_word' id='word_1_493' title='bbox 1344 3463 1436 3533; x_wconf 84' lang='lat' dir='ltr'><strong>qni</strong></span> <span class='ocrx_word' id='word_1_494' title='bbox 1467 3463 1523 3518; x_wconf 89' lang='lat' dir='ltr'><strong>in</strong></span> <span class='ocrx_word' id='word_1_495' title='bbox 1561 3477 1729 3518; x_wconf 88' lang='lat' dir='ltr'><strong>carne</strong></span> <span class='ocrx_word' id='word_1_496' title='bbox 1764 3461 1966 3518; x_wconf 83' lang='lat' dir='ltr'><strong>Christi</strong></span> 
     </span>
    </p>
   </div>
   <div class='ocr_carea' id='block_1_64' title="bbox 375 3551 1968 3622">
    <p class='ocr_par' dir='ltr' id='par_1_64' title="bbox 375 3551 1968 3622">
     <span class='ocr_line' id='line_1_64' title="bbox 375 3551 1968 3622; baseline 0.001 -14"><span class='ocrx_word' id='word_1_497' title='bbox 375 3555 590 3610; x_wconf 84' lang='lat' dir='ltr'><strong>videtur</strong></span> <span class='ocrx_word' id='word_1_498' title='bbox 617 3553 983 3619; x_wconf 84' lang='lat' dir='ltr'><strong>absconditus,</strong></span> <span class='ocrx_word' id='word_1_499' title='bbox 1015 3559 1110 3606; x_wconf 82' lang='lat' dir='ltr'><strong>aut</strong></span> <span class='ocrx_word' id='word_1_500' title='bbox 1135 3561 1338 3607; x_wconf 63' lang='lat' dir='ltr'><strong>sancte</strong></span> <span class='ocrx_word' id='word_1_501' title='bbox 1359 3551 1677 3622; x_wconf 72' lang='lat' dir='ltr'><strong>Scriptum,</strong></span> <span class='ocrx_word' id='word_1_502' title='bbox 1706 3551 1968 3622; x_wconf 82' lang='lat' dir='ltr'><strong>inquibus</strong></span> 
     </span>
    </p>
   </div>
   <div class='ocr_carea' id='block_1_65' title="bbox 379 3642 1967 3713">
    <p class='ocr_par' dir='ltr' id='par_1_65' title="bbox 379 3642 1967 3713">
     <span class='ocr_line' id='line_1_65' title="bbox 379 3642 1967 3713; baseline -0.001 -14"><span class='ocrx_word' id='word_1_503' title='bbox 379 3643 615 3713; x_wconf 82' lang='lat' dir='ltr'><strong>reposita</strong></span> <span class='ocrx_word' id='word_1_504' title='bbox 646 3655 731 3698; x_wconf 88' lang='lat' dir='ltr'><strong>est</strong></span> <span class='ocrx_word' id='word_1_505' title='bbox 777 3643 966 3697; x_wconf 86' lang='lat' dir='ltr'><strong>notitia</strong></span> <span class='ocrx_word' id='word_1_506' title='bbox 999 3642 1318 3709; x_wconf 88' lang='lat' dir='ltr'><strong>Salvatoris,</strong></span> <span class='ocrx_word' id='word_1_507' title='bbox 1365 3658 1527 3712; x_wconf 86' lang='lat' dir='ltr'><strong>quem</strong></span> <span class='ocrx_word' id='word_1_508' title='bbox 1579 3658 1702 3698; x_wconf 88' lang='lat' dir='ltr'><strong>cum</strong></span> <span class='ocrx_word' id='word_1_509' title='bbox 1745 3645 1868 3712; x_wconf 70' lang='lat' dir='ltr'><strong>quis</strong></span> <span class='ocrx_word' id='word_1_510' title='bbox 1913 3643 1967 3698; x_wconf 82' lang='lat' dir='ltr'><strong>in</strong></span> 
     </span>
    </p>
   </div>
   <div class='ocr_carea' id='block_1_66' title="bbox 379 3732 1968 3796">
    <p class='ocr_par' dir='ltr' id='par_1_66' title="bbox 379 3732 1968 3796">
     <span class='ocr_line' id='line_1_66' title="bbox 379 3732 1968 3796; baseline 0 -8"><span class='ocrx_word' id='word_1_511' title='bbox 379 3734 462 3788; x_wconf 88' lang='lat' dir='ltr'><strong>eis</strong></span> <span class='ocrx_word' id='word_1_512' title='bbox 498 3733 782 3796; x_wconf 82' lang='lat' dir='ltr'><strong>invenerit,</strong></span> <span class='ocrx_word' id='word_1_513' title='bbox 813 3732 970 3787; x_wconf 89' lang='lat' dir='ltr'><strong>debet</strong></span> <span class='ocrx_word' id='word_1_514' title='bbox 987 3732 1169 3788; x_wconf 89' lang='lat' dir='ltr'><strong>omnia</strong></span> <span class='ocrx_word' id='word_1_515' title='bbox 1201 3733 1359 3787; x_wconf 88' lang='lat' dir='ltr'><strong>istius</strong></span> <span class='ocrx_word' id='word_1_516' title='bbox 1383 3733 1564 3789; x_wconf 74' lang='lat' dir='ltr'><strong>amenti</strong></span> <span class='ocrx_word' id='word_1_517' title='bbox 1609 3733 1968 3790; x_wconf 84' lang='lat' dir='ltr'><strong>emolumenta</strong></span> 
     </span>
    </p>
   </div>
   <div class='ocr_carea' id='block_1_67' title="bbox 380 3822 1967 3894">
    <p class='ocr_par' dir='ltr' id='par_1_67' title="bbox 380 3822 1967 3894">
     <span class='ocr_line' id='line_1_67' title="bbox 380 3822 1967 3894; baseline 0.001 -18"><span class='ocrx_word' id='word_1_518' title='bbox 380 3831 748 3886; x_wconf 86' lang='lat' dir='ltr'><strong>contemnere,</strong></span> <span class='ocrx_word' id='word_1_519' title='bbox 785 3835 847 3877; x_wconf 86' lang='lat' dir='ltr'><strong>ut</strong></span> <span class='ocrx_word' id='word_1_520' title='bbox 869 3822 1019 3877; x_wconf 89' lang='lat' dir='ltr'><strong>illum</strong></span> <span class='ocrx_word' id='word_1_521' title='bbox 1072 3822 1244 3890; x_wconf 88' lang='lat' dir='ltr'><strong>possit</strong></span> <span class='ocrx_word' id='word_1_522' title='bbox 1285 3823 1506 3887; x_wconf 89' lang='lat' dir='ltr'><strong>habere,</strong></span> <span class='ocrx_word' id='word_1_523' title='bbox 1543 3837 1703 3892; x_wconf 85' lang='lat' dir='ltr'><strong>quem</strong></span> <span class='ocrx_word' id='word_1_524' title='bbox 1747 3825 1967 3894; x_wconf 87' lang='lat' dir='ltr'><strong>reperit.</strong></span> 
     </span>
    </p>
   </div>
   <div class='ocr_carea' id='block_1_68' title="bbox 383 3918 1966 3988">
    <p class='ocr_par' dir='ltr' id='par_1_68' title="bbox 383 3918 1966 3988">
     <span class='ocr_line' id='line_1_68' title="bbox 383 3918 1966 3988; baseline 0.004 -16"><span class='ocrx_word' id='word_1_525' title='bbox 383 3918 537 3985; x_wconf 82' lang='lat' dir='ltr'><strong>Quod</strong></span> <span class='ocrx_word' id='word_1_526' title='bbox 584 3927 765 3973; x_wconf 88' lang='lat' dir='ltr'><strong>autem</strong></span> <span class='ocrx_word' id='word_1_527' title='bbox 805 3919 1076 3987; x_wconf 85' lang='lat' dir='ltr'><strong>sequitur,</strong></span> <span class='ocrx_word' id='word_1_528' title='bbox 1106 3935 1268 3988; x_wconf 84' lang='lat' dir='ltr'><strong>quem</strong></span> <span class='ocrx_word' id='word_1_529' title='bbox 1315 3936 1438 3975; x_wconf 87' lang='lat' dir='ltr'><strong>cum</strong></span> <span class='ocrx_word' id='word_1_530' title='bbox 1484 3920 1752 3976; x_wconf 85' lang='lat' dir='ltr'><strong>invenerit</strong></span> <span class='ocrx_word' id='word_1_531' title='bbox 1785 3923 1966 3987; x_wconf 84' lang='lat' dir='ltr'><strong>homo,</strong></span> 
     </span>
    </p>
   </div>
   <div class='ocr_carea' id='block_1_69' title="bbox 370 4008 1968 4080">
    <p class='ocr_par' dir='ltr' id='par_1_69' title="bbox 370 4008 1968 4080">
     <span class='ocr_line' id='line_1_69' title="bbox 370 4008 1968 4080; baseline 0.002 -17"><span class='ocrx_word' id='word_1_532' title='bbox 370 4009 688 4070; x_wconf 80' lang='lat' dir='ltr'><strong>abscondit,</strong></span> <span class='ocrx_word' id='word_1_533' title='bbox 719 4008 920 4064; x_wconf 87' lang='lat' dir='ltr'><strong>idcirco</strong></span> <span class='ocrx_word' id='word_1_534' title='bbox 946 4009 1166 4073; x_wconf 87' lang='lat' dir='ltr'><strong>dicitur,</strong></span> <span class='ocrx_word' id='word_1_535' title='bbox 1196 4025 1304 4064; x_wconf 91' lang='lat' dir='ltr'><strong>non</strong></span> <span class='ocrx_word' id='word_1_536' title='bbox 1339 4011 1484 4080; x_wconf 87' lang='lat' dir='ltr'><strong>quod</strong></span> <span class='ocrx_word' id='word_1_537' title='bbox 1520 4012 1625 4066; x_wconf 90' lang='lat' dir='ltr'><strong>hoc</strong></span> <span class='ocrx_word' id='word_1_538' title='bbox 1663 4011 1730 4066; x_wconf 90' lang='lat' dir='ltr'><strong>de</strong></span> <span class='ocrx_word' id='word_1_539' title='bbox 1775 4011 1968 4067; x_wconf 75' lang='lat' dir='ltr'><strong>invidis</strong></span> 
     </span>
    </p>
   </div>
   <div class='ocr_carea' id='block_1_70' title="bbox 382 4101 1969 4172">
    <p class='ocr_par' dir='ltr' id='par_1_70' title="bbox 382 4101 1969 4172">
     <span class='ocr_line' id='line_1_70' title="bbox 382 4101 1969 4172; baseline 0.003 -18"><span class='ocrx_word' id='word_1_540' title='bbox 382 4101 566 4168; x_wconf 80' lang='lat' dir='ltr'><strong>faciat,</strong></span> <span class='ocrx_word' id='word_1_541' title='bbox 591 4103 685 4157; x_wconf 86' lang='lat' dir='ltr'><strong>sed</strong></span> <span class='ocrx_word' id='word_1_542' title='bbox 705 4103 847 4171; x_wconf 86' lang='lat' dir='ltr'><strong>quod</strong></span> <span class='ocrx_word' id='word_1_543' title='bbox 876 4103 1068 4156; x_wconf 87' lang='lat' dir='ltr'><strong>timore</strong></span> <span class='ocrx_word' id='word_1_544' title='bbox 1092 4103 1365 4157; x_wconf 87' lang='lat' dir='ltr'><strong>servantis</strong></span> <span class='ocrx_word' id='word_1_545' title='bbox 1384 4110 1441 4157; x_wconf 84' lang='lat' dir='ltr'><strong>et</strong></span> <span class='ocrx_word' id='word_1_546' title='bbox 1467 4103 1702 4158; x_wconf 68' lang='lat' dir='ltr'><strong>nolentis</strong></span> <span class='ocrx_word' id='word_1_547' title='bbox 1724 4105 1969 4172; x_wconf 83' lang='lat' dir='ltr'><strong>perdere,</strong></span> 
     </span>
    </p>
   </div>
   <div class='ocr_carea' id='block_1_71' title="bbox 367 4195 1975 4267">
    <p class='ocr_par' dir='ltr' id='par_1_71' title="bbox 367 4195 1975 4267">
     <span class='ocr_line' id='line_1_71' title="bbox 367 4195 1975 4267; baseline 0.001 -18"><span class='ocrx_word' id='word_1_548' title='bbox 367 4195 676 4251; x_wconf 66' lang='lat' dir='ltr'><strong>abscondat</strong></span> <span class='ocrx_word' id='word_1_549' title='bbox 702 4196 756 4250; x_wconf 89' lang='lat' dir='ltr'><strong>in</strong></span> <span class='ocrx_word' id='word_1_550' title='bbox 776 4197 937 4254; x_wconf 87' lang='lat' dir='ltr'><strong>corde</strong></span> <span class='ocrx_word' id='word_1_551' title='bbox 981 4209 1099 4262; x_wconf 84' lang='lat' dir='ltr'><strong>suo,</strong></span> <span class='ocrx_word' id='word_1_552' title='bbox 1124 4211 1285 4266; x_wconf 87' lang='lat' dir='ltr'><strong>quem</strong></span> <span class='ocrx_word' id='word_1_553' title='bbox 1331 4196 1574 4267; x_wconf 83' lang='lat' dir='ltr'><strong>pristinis</strong></span> <span class='ocrx_word' id='word_1_554' title='bbox 1617 4196 1850 4267; x_wconf 67' lang='lat' dir='ltr'><strong>praetuiit</strong></span> <span class='ocrx_word' id='word_1_555' title='bbox 1895 4195 1975 4251; x_wconf 66' lang='lat' dir='ltr'><strong>fa-</strong></span> 
     </span>
    </p>
   </div>
   <div class='ocr_carea' id='block_1_72' title="bbox 386 4286 700 4342">
    <p class='ocr_par' dir='ltr' id='par_1_72' title="bbox 386 4286 700 4342">
     <span class='ocr_line' id='line_1_72' title="bbox 386 4286 700 4342; baseline 0 -1"><span class='ocrx_word' id='word_1_556' title='bbox 386 4286 700 4342; x_wconf 87' lang='lat' dir='ltr'><strong>cultatibus.</strong></span> 
     </span>
    </p>
   </div>
   <div class='ocr_carea' id='block_1_73' title="bbox 455 4375 1975 4450">
    <p class='ocr_par' dir='ltr' id='par_1_73' title="bbox 455 4375 1975 4450">
     <span class='ocr_line' id='line_1_73' title="bbox 455 4375 1975 4450; baseline 0.003 -22"><span class='ocrx_word' id='word_1_557' title='bbox 455 4375 656 4431; x_wconf 87' lang='lat' dir='ltr'><strong>Iterum</strong></span> <span class='ocrx_word' id='word_1_558' title='bbox 686 4377 857 4432; x_wconf 79' lang='lat' dir='ltr'><strong>simile</strong></span> <span class='ocrx_word' id='word_1_559' title='bbox 881 4387 957 4433; x_wconf 79' lang='lat' dir='ltr'><strong>est</strong></span> <span class='ocrx_word' id='word_1_560' title='bbox 983 4395 1197 4448; x_wconf 81' lang='lat' dir='ltr'><strong>regnum</strong></span> <span class='ocrx_word' id='word_1_561' title='bbox 1226 4378 1473 4432; x_wconf 69' lang='lat' dir='ltr'><strong>caelorum</strong></span> <span class='ocrx_word' id='word_1_562' title='bbox 1513 4379 1711 4433; x_wconf 74' lang='lat' dir='ltr'><strong>homini</strong></span> <span class='ocrx_word' id='word_1_563' title='bbox 1744 4380 1975 4450; x_wconf 72' lang='lat' dir='ltr'><strong>negotio-</strong></span> 
     </span>
    </p>
   </div>
   <div class='ocr_carea' id='block_1_74' title="bbox 384 4466 1973 4537">
    <p class='ocr_par' dir='ltr' id='par_1_74' title="bbox 384 4466 1973 4537">
     <span class='ocr_line' id='line_1_74' title="bbox 384 4466 1973 4537; baseline 0.002 -17"><span class='ocrx_word' id='word_1_564' title='bbox 384 4466 506 4530; x_wconf 85' lang='lat' dir='ltr'><strong>tori,</strong></span> <span class='ocrx_word' id='word_1_565' title='bbox 532 4469 784 4536; x_wconf 65' lang='lat' dir='ltr'><strong>querenti</strong></span> <span class='ocrx_word' id='word_1_566' title='bbox 827 4469 989 4522; x_wconf 82' lang='lat' dir='ltr'><strong>bonas</strong></span> <span class='ocrx_word' id='word_1_567' title='bbox 1031 4470 1370 4537; x_wconf 80' lang='lat' dir='ltr'><strong>margaritas.</strong></span> <span class='ocrx_word' id='word_1_568' title='bbox 1400 4467 1621 4522; x_wconf 74' lang='lat' dir='ltr'><strong>Inventa</strong></span> <span class='ocrx_word' id='word_1_569' title='bbox 1652 4479 1828 4523; x_wconf 88' lang='lat' dir='ltr'><strong>autem</strong></span> <span class='ocrx_word' id='word_1_570' title='bbox 1867 4486 1973 4523; x_wconf 86' lang='lat' dir='ltr'><strong>una</strong></span> 
     </span>
    </p>
   </div>
   <div class='ocr_carea' id='block_1_75' title="bbox 386 4557 1970 4635">
    <p class='ocr_par' dir='ltr' id='par_1_75' title="bbox 386 4557 1970 4635">
     <span class='ocr_line' id='line_1_75' title="bbox 386 4557 1970 4635; baseline 0.003 -26"><span class='ocrx_word' id='word_1_571' title='bbox 386 4557 612 4623; x_wconf 85' lang='lat' dir='ltr'><strong>pretiosa</strong></span> <span class='ocrx_word' id='word_1_572' title='bbox 650 4560 964 4627; x_wconf 85' lang='lat' dir='ltr'><strong>margarita,</strong></span> <span class='ocrx_word' id='word_1_573' title='bbox 991 4558 1116 4610; x_wconf 84' lang='lat' dir='ltr'><strong>abiit</strong></span> <span class='ocrx_word' id='word_1_574' title='bbox 1138 4569 1187 4611; x_wconf 88' lang='lat' dir='ltr'><strong>et</strong></span> <span class='ocrx_word' id='word_1_575' title='bbox 1210 4559 1382 4613; x_wconf 78' lang='lat' dir='ltr'><strong>vendit</strong></span> <span class='ocrx_word' id='word_1_576' title='bbox 1407 4559 1583 4612; x_wconf 86' lang='lat' dir='ltr'><strong>omnia</strong></span> <span class='ocrx_word' id='word_1_577' title='bbox 1611 4577 1728 4635; x_wconf 77' lang='lat' dir='ltr'><strong>qua:</strong></span> <span class='ocrx_word' id='word_1_578' title='bbox 1770 4559 1970 4626; x_wconf 76' lang='lat' dir='ltr'><strong>habuit,</strong></span> 
     </span>
    </p>
   </div>
   <div class='ocr_carea' id='block_1_76' title="bbox 385 4646 1970 4718">
    <p class='ocr_par' dir='ltr' id='par_1_76' title="bbox 385 4646 1970 4718">
     <span class='ocr_line' id='line_1_76' title="bbox 385 4646 1970 4718; baseline 0.005 -21"><span class='ocrx_word' id='word_1_579' title='bbox 385 4653 435 4698; x_wconf 84' lang='lat' dir='ltr'><strong>et</strong></span> <span class='ocrx_word' id='word_1_580' title='bbox 456 4647 575 4698; x_wconf 86' lang='lat' dir='ltr'><strong>emit</strong></span> <span class='ocrx_word' id='word_1_581' title='bbox 596 4663 730 4699; x_wconf 86' lang='lat' dir='ltr'><strong>eam.</strong></span> <span class='ocrx_word' id='word_1_582' title='bbox 756 4646 891 4699; x_wconf 82' lang='lat' dir='ltr'><strong>Aliis</strong></span> <span class='ocrx_word' id='word_1_583' title='bbox 915 4648 1098 4700; x_wconf 87' lang='lat' dir='ltr'><strong>verbis</strong></span> <span class='ocrx_word' id='word_1_584' title='bbox 1127 4648 1380 4717; x_wconf 85' lang='lat' dir='ltr'><strong>idipsum,</strong></span> <span class='ocrx_word' id='word_1_585' title='bbox 1403 4650 1548 4717; x_wconf 87' lang='lat' dir='ltr'><strong>quod</strong></span> <span class='ocrx_word' id='word_1_586' title='bbox 1571 4664 1735 4713; x_wconf 85' lang='lat' dir='ltr'><strong>supra</strong></span> <span class='ocrx_word' id='word_1_587' title='bbox 1754 4651 1970 4718; x_wconf 83' lang='lat' dir='ltr'><strong>dicitur,</strong></span> 
     </span>
    </p>
   </div>
   <div class='ocr_carea' id='block_1_77' title="bbox 389 4733 1973 4809">
    <p class='ocr_par' dir='ltr' id='par_1_77' title="bbox 389 4733 1973 4809">
     <span class='ocr_line' id='line_1_77' title="bbox 389 4733 1973 4809; baseline 0.007 -24"><span class='ocrx_word' id='word_1_588' title='bbox 389 4733 542 4786; x_wconf 67' lang='lat' dir='ltr'><strong>bona:</strong></span> <span class='ocrx_word' id='word_1_589' title='bbox 564 4735 892 4804; x_wconf 65' lang='lat' dir='ltr'><strong>margaritae,</strong></span> <span class='ocrx_word' id='word_1_590' title='bbox 916 4750 1052 4804; x_wconf 87' lang='lat' dir='ltr'><strong>quas</strong></span> <span class='ocrx_word' id='word_1_591' title='bbox 1073 4737 1263 4803; x_wconf 67' lang='lat' dir='ltr'><strong>quaerit</strong></span> <span class='ocrx_word' id='word_1_592' title='bbox 1279 4737 1518 4803; x_wconf 87' lang='lat' dir='ltr'><strong>institor,</strong></span> <span class='ocrx_word' id='word_1_593' title='bbox 1540 4738 1626 4792; x_wconf 82' lang='lat' dir='ltr'><strong>lex</strong></span> <span class='ocrx_word' id='word_1_594' title='bbox 1649 4747 1708 4793; x_wconf 87' lang='lat' dir='ltr'><strong>ct</strong></span> <span class='ocrx_word' id='word_1_595' title='bbox 1738 4741 1973 4809; x_wconf 84' lang='lat' dir='ltr'><strong>prophe-</strong></span> 
     </span>
    </p>
   </div>
   <div class='ocr_carea' id='block_1_78' title="bbox 324 4823 1972 4892">
    <p class='ocr_par' dir='ltr' id='par_1_78' title="bbox 324 4823 1972 4892">
     <span class='ocr_line' id='line_1_78' title="bbox 324 4823 1972 4892; baseline 0.007 -17"><span class='ocrx_word' id='word_1_596' title='bbox 324 4829 331 4833; x_wconf 85' lang='lat'>&#39;</span> <span class='ocrx_word' id='word_1_597' title='bbox 389 4829 457 4876; x_wconf 72' lang='lat' dir='ltr'><strong>tte</strong></span> <span class='ocrx_word' id='word_1_598' title='bbox 485 4831 630 4887; x_wconf 84' lang='lat' dir='ltr'><strong>sunt,</strong></span> <span class='ocrx_word' id='word_1_599' title='bbox 662 4831 718 4877; x_wconf 90' lang='lat' dir='ltr'><strong>et</strong></span> <span class='ocrx_word' id='word_1_600' title='bbox 739 4825 931 4879; x_wconf 88' lang='lat' dir='ltr'><strong>notitia</strong></span> <span class='ocrx_word' id='word_1_601' title='bbox 957 4824 1168 4879; x_wconf 87' lang='lat' dir='ltr'><strong>Veteris</strong></span> <span class='ocrx_word' id='word_1_602' title='bbox 1190 4823 1541 4892; x_wconf 86' lang='lat' dir='ltr'><strong>Testamenti,</strong></span> <span class='ocrx_word' id='word_1_603' title='bbox 1584 4844 1751 4882; x_wconf 82' lang='lat' dir='ltr'><strong>unum</strong></span> <span class='ocrx_word' id='word_1_604' title='bbox 1789 4838 1972 4886; x_wconf 87' lang='lat' dir='ltr'><strong>autem</strong></span> 
     </span>
    </p>
   </div>
   <div class='ocr_carea' id='block_1_79' title="bbox 384 4913 1969 4988">
    <p class='ocr_par' dir='ltr' id='par_1_79' title="bbox 384 4913 1969 4988">
     <span class='ocr_line' id='line_1_79' title="bbox 384 4913 1969 4988; baseline 0.008 -24"><span class='ocrx_word' id='word_1_605' title='bbox 384 4920 473 4965; x_wconf 86' lang='lat' dir='ltr'><strong>est</strong></span> <span class='ocrx_word' id='word_1_606' title='bbox 503 4913 956 4979; x_wconf 87' lang='lat' dir='ltr'><strong>pretiosissimum</strong></span> <span class='ocrx_word' id='word_1_607' title='bbox 983 4915 1361 4987; x_wconf 88' lang='lat' dir='ltr'><strong>margaritum,</strong></span> <span class='ocrx_word' id='word_1_608' title='bbox 1391 4918 1617 4972; x_wconf 85' lang='lat' dir='ltr'><strong>scientia</strong></span> <span class='ocrx_word' id='word_1_609' title='bbox 1650 4918 1969 4988; x_wconf 84' lang='lat' dir='ltr'><strong>Salvatoris,</strong></span> 
     </span>
    </p>
   </div>
   <div class='ocr_carea' id='block_1_80' title="bbox 383 5003 1968 5072">
    <p class='ocr_par' dir='ltr' id='par_1_80' title="bbox 383 5003 1968 5072">
     <span class='ocr_line' id='line_1_80' title="bbox 383 5003 1968 5072; baseline 0.008 -20"><span class='ocrx_word' id='word_1_610' title='bbox 383 5008 443 5052; x_wconf 87' lang='lat' dir='ltr'><strong>et</strong></span> <span class='ocrx_word' id='word_1_611' title='bbox 465 5011 860 5056; x_wconf 72' lang='lat' dir='ltr'><strong>sacramentum</strong></span> <span class='ocrx_word' id='word_1_612' title='bbox 883 5004 1153 5072; x_wconf 87' lang='lat' dir='ltr'><strong>passionis</strong></span> <span class='ocrx_word' id='word_1_613' title='bbox 1181 5003 1341 5065; x_wconf 90' lang='lat' dir='ltr'><strong>illius,</strong></span> <span class='ocrx_word' id='word_1_614' title='bbox 1373 5013 1427 5058; x_wconf 90' lang='lat' dir='ltr'><strong>et</strong></span> <span class='ocrx_word' id='word_1_615' title='bbox 1450 5009 1862 5065; x_wconf 83' lang='lat' dir='ltr'><strong>resurrectionis</strong></span> <span class='ocrx_word' id='word_1_616' title='bbox 1883 5026 1968 5065; x_wconf 86' lang='lat' dir='ltr'><strong>ar-</strong></span> 
     </span>
    </p>
   </div>
   <div class='ocr_carea' id='block_1_81' title="bbox 386 5093 1971 5169">
    <p class='ocr_par' dir='ltr' id='par_1_81' title="bbox 386 5093 1971 5169">
     <span class='ocr_line' id='line_1_81' title="bbox 386 5093 1971 5169; baseline 0.008 -23"><span class='ocrx_word' id='word_1_617' title='bbox 386 5106 603 5146; x_wconf 87' lang='lat' dir='ltr'><strong>canum.</strong></span> <span class='ocrx_word' id='word_1_618' title='bbox 643 5093 793 5160; x_wconf 84' lang='lat' dir='ltr'><strong>Quod</strong></span> <span class='ocrx_word' id='word_1_619' title='bbox 835 5111 958 5150; x_wconf 87' lang='lat' dir='ltr'><strong>cum</strong></span> <span class='ocrx_word' id='word_1_620' title='bbox 1003 5096 1290 5161; x_wconf 83' lang='lat' dir='ltr'><strong>invenerit,</strong></span> <span class='ocrx_word' id='word_1_621' title='bbox 1331 5097 1491 5152; x_wconf 92' lang='lat' dir='ltr'><strong>homo</strong></span> <span class='ocrx_word' id='word_1_622' title='bbox 1530 5101 1851 5169; x_wconf 83' lang='lat' dir='ltr'><strong>negotiator,</strong></span> <span class='ocrx_word' id='word_1_623' title='bbox 1898 5103 1971 5158; x_wconf 79' lang='lat' dir='ltr'><strong>si-</strong></span> 
     </span>
    </p>
   </div>
   <div class='ocr_carea' id='block_1_82' title="bbox 385 5183 1968 5262">
    <p class='ocr_par' dir='ltr' id='par_1_82' title="bbox 385 5183 1968 5262">
     <span class='ocr_line' id='line_1_82' title="bbox 385 5183 1968 5262; baseline 0.006 -24"><span class='ocrx_word' id='word_1_624' title='bbox 385 5183 532 5255; x_wconf 81' lang='lat' dir='ltr'><strong>milis</strong></span> <span class='ocrx_word' id='word_1_625' title='bbox 575 5184 728 5241; x_wconf 86' lang='lat' dir='ltr'><strong>Pauli</strong></span> <span class='ocrx_word' id='word_1_626' title='bbox 772 5190 1022 5258; x_wconf 81' lang='lat' dir='ltr'><strong>apostoli,</strong></span> <span class='ocrx_word' id='word_1_627' title='bbox 1050 5191 1230 5245; x_wconf 89' lang='lat' dir='ltr'><strong>omnia</strong></span> <span class='ocrx_word' id='word_1_628' title='bbox 1273 5190 1430 5261; x_wconf 90' lang='lat' dir='ltr'><strong>legis,</strong></span> <span class='ocrx_word' id='word_1_629' title='bbox 1469 5191 1968 5262; x_wconf 84' lang='lat' dir='ltr'><strong>pr0phetarumque</strong></span> 
     </span>
    </p>
   </div>
   <div class='ocr_carea' id='block_1_83' title="bbox 385 5278 1972 5353">
    <p class='ocr_par' dir='ltr' id='par_1_83' title="bbox 385 5278 1972 5353">
     <span class='ocr_line' id='line_1_83' title="bbox 385 5278 1972 5353; baseline 0.003 -20"><span class='ocrx_word' id='word_1_630' title='bbox 385 5278 666 5348; x_wconf 84' lang='lat' dir='ltr'><strong>mysteria,</strong></span> <span class='ocrx_word' id='word_1_631' title='bbox 698 5288 751 5333; x_wconf 92' lang='lat' dir='ltr'><strong>et</strong></span> <span class='ocrx_word' id='word_1_632' title='bbox 783 5281 1190 5336; x_wconf 88' lang='lat' dir='ltr'><strong>observationes</strong></span> <span class='ocrx_word' id='word_1_633' title='bbox 1228 5281 1510 5351; x_wconf 90' lang='lat' dir='ltr'><strong>pristinas,</strong></span> <span class='ocrx_word' id='word_1_634' title='bbox 1557 5283 1610 5338; x_wconf 91' lang='lat' dir='ltr'><strong>in</strong></span> <span class='ocrx_word' id='word_1_635' title='bbox 1657 5283 1853 5353; x_wconf 87' lang='lat' dir='ltr'><strong>quibus</strong></span> <span class='ocrx_word' id='word_1_636' title='bbox 1890 5284 1972 5339; x_wconf 81' lang='lat' dir='ltr'><strong>in-</strong></span> 
     </span>
    </p>
   </div>
   <div class='ocr_carea' id='block_1_84' title="bbox 372 5371 1974 5446">
    <p class='ocr_par' dir='ltr' id='par_1_84' title="bbox 372 5371 1974 5446">
     <span class='ocr_line' id='line_1_84' title="bbox 372 5371 1974 5446; baseline 0.002 -19"><span class='ocrx_word' id='word_1_637' title='bbox 372 5371 597 5441; x_wconf 55' lang='lat' dir='ltr'><strong>»culpate</strong></span> <span class='ocrx_word' id='word_1_638' title='bbox 615 5374 846 5439; x_wconf 73' lang='lat' dir='ltr'><strong>vixerat,</strong></span> <span class='ocrx_word' id='word_1_639' title='bbox 869 5376 1025 5444; x_wconf 87' lang='lat' dir='ltr'><strong>quasi</strong></span> <span class='ocrx_word' id='word_1_640' title='bbox 1043 5386 1394 5446; x_wconf 88' lang='lat' dir='ltr'><strong>purgamenta</strong></span> <span class='ocrx_word' id='word_1_641' title='bbox 1415 5377 1736 5441; x_wconf 87' lang='lat' dir='ltr'><strong>contemnit,</strong></span> <span class='ocrx_word' id='word_1_642' title='bbox 1751 5385 1808 5431; x_wconf 90' lang='lat' dir='ltr'><strong>et</strong></span> <span class='ocrx_word' id='word_1_643' title='bbox 1826 5375 1974 5444; x_wconf 86' lang='lat' dir='ltr'><strong>quis-</strong></span> 
     </span>
    </p>
   </div>
   <div class='ocr_carea' id='block_1_85' title="bbox 385 5463 1974 5536">
    <p class='ocr_par' dir='ltr' id='par_1_85' title="bbox 385 5463 1974 5536">
     <span class='ocr_line' id='line_1_85' title="bbox 385 5463 1974 5536; baseline 0.002 -19"><span class='ocrx_word' id='word_1_644' title='bbox 385 5463 605 5532; x_wconf 86' lang='lat' dir='ltr'><strong>quilias,</strong></span> <span class='ocrx_word' id='word_1_645' title='bbox 631 5473 692 5518; x_wconf 92' lang='lat' dir='ltr'><strong>ut</strong></span> <span class='ocrx_word' id='word_1_646' title='bbox 717 5463 994 5520; x_wconf 88' lang='lat' dir='ltr'><strong>Christum</strong></span> <span class='ocrx_word' id='word_1_647' title='bbox 1032 5465 1354 5521; x_wconf 79' lang='lat' dir='ltr'><strong>lucrifaciat.</strong></span> <span class='ocrx_word' id='word_1_648' title='bbox 1402 5466 1519 5522; x_wconf 86' lang='lat' dir='ltr'><strong>Non</strong></span> <span class='ocrx_word' id='word_1_649' title='bbox 1549 5468 1692 5536; x_wconf 87' lang='lat' dir='ltr'><strong>quod</strong></span> <span class='ocrx_word' id='word_1_650' title='bbox 1733 5465 1974 5521; x_wconf 79' lang='lat' dir='ltr'><strong>inventio</strong></span> 
     </span>
    </p>
   </div>
   <div class='ocr_carea' id='block_1_86' title="bbox 385 5556 1975 5628">
    <p class='ocr_par' dir='ltr' id='par_1_86' title="bbox 385 5556 1975 5628">
     <span class='ocr_line' id='line_1_86' title="bbox 385 5556 1975 5628; baseline -0.001 -16"><span class='ocrx_word' id='word_1_651' title='bbox 385 5571 538 5612; x_wconf 68' lang='lat' dir='ltr'><strong>nova:</strong></span> <span class='ocrx_word' id='word_1_652' title='bbox 568 5557 892 5628; x_wconf 70' lang='lat' dir='ltr'><strong>margaritae,</strong></span> <span class='ocrx_word' id='word_1_653' title='bbox 919 5557 1300 5612; x_wconf 86' lang='lat' dir='ltr'><strong>condemnatio</strong></span> <span class='ocrx_word' id='word_1_654' title='bbox 1328 5558 1401 5612; x_wconf 90' lang='lat' dir='ltr'><strong>sit</strong></span> <span class='ocrx_word' id='word_1_655' title='bbox 1423 5568 1665 5613; x_wconf 89' lang='lat' dir='ltr'><strong>veterum</strong></span> <span class='ocrx_word' id='word_1_656' title='bbox 1711 5556 1975 5626; x_wconf 84' lang='lat' dir='ltr'><strong>margari-</strong></span> 
     </span>
    </p>
   </div>
   <div class='ocr_carea' id='block_1_87' title="bbox 384 5647 1969 5719">
    <p class='ocr_par' dir='ltr' id='par_1_87' title="bbox 384 5647 1969 5719">
     <span class='ocr_line' id='line_1_87' title="bbox 384 5647 1969 5719; baseline 0.003 -20"><span class='ocrx_word' id='word_1_657' title='bbox 384 5651 586 5712; x_wconf 85' lang='lat' dir='ltr'><strong>tarum,</strong></span> <span class='ocrx_word' id='word_1_658' title='bbox 619 5649 713 5702; x_wconf 89' lang='lat' dir='ltr'><strong>sed</strong></span> <span class='ocrx_word' id='word_1_659' title='bbox 729 5647 886 5718; x_wconf 76' lang='lat' dir='ltr'><strong>quod</strong></span> <span class='ocrx_word' id='word_1_660' title='bbox 915 5647 1326 5719; x_wconf 86' lang='lat' dir='ltr'><strong>comparatione</strong></span> <span class='ocrx_word' id='word_1_661' title='bbox 1345 5647 1464 5718; x_wconf 82' lang='lat' dir='ltr'><strong>ejus</strong></span> <span class='ocrx_word' id='word_1_662' title='bbox 1487 5648 1663 5704; x_wconf 86' lang='lat' dir='ltr'><strong>omnis</strong></span> <span class='ocrx_word' id='word_1_663' title='bbox 1685 5648 1788 5702; x_wconf 75' lang='lat' dir='ltr'><strong>alia</strong></span> <span class='ocrx_word' id='word_1_664' title='bbox 1821 5663 1969 5719; x_wconf 87' lang='lat' dir='ltr'><strong>gem-</strong></span> 
     </span>
    </p>
   </div>
   <div class='ocr_carea' id='block_1_88' title="bbox 385 5737 765 5795">
    <p class='ocr_par' dir='ltr' id='par_1_88' title="bbox 385 5737 765 5795">
     <span class='ocr_line' id='line_1_88' title="bbox 385 5737 765 5795; baseline -0.005 0"><span class='ocrx_word' id='word_1_665' title='bbox 385 5750 476 5795; x_wconf 81' lang='lat' dir='ltr'><strong>tlla</strong></span> <span class='ocrx_word' id='word_1_666' title='bbox 505 5737 564 5793; x_wconf 85' lang='lat' dir='ltr'><strong>Iit</strong></span> <span class='ocrx_word' id='word_1_667' title='bbox 586 5738 765 5794; x_wconf 85' lang='lat' dir='ltr'><strong>vilior.</strong></span> 
     </span>
    </p>
   </div>
   <div class='ocr_carea' id='block_1_89' title="bbox 2064 3275 3648 3350">
    <p class='ocr_par' dir='ltr' id='par_1_89' title="bbox 2064 3275 3648 3350">
     <span class='ocr_line' id='line_1_89' title="bbox 2064 3275 3648 3350; baseline -0.001 -18"><span class='ocrx_word' id='word_1_668' title='bbox 2064 3275 2196 3332; x_wconf 81' lang='lat' dir='ltr'><strong>bant</strong></span> <span class='ocrx_word' id='word_1_669' title='bbox 2223 3277 2278 3330; x_wconf 92' lang='lat' dir='ltr'><strong>in</strong></span> <span class='ocrx_word' id='word_1_670' title='bbox 2297 3276 2493 3332; x_wconf 89' lang='lat' dir='ltr'><strong>tabulis</strong></span> <span class='ocrx_word' id='word_1_671' title='bbox 2509 3277 2692 3334; x_wconf 88' lang='lat' dir='ltr'><strong>cordis</strong></span> <span class='ocrx_word' id='word_1_672' title='bbox 2707 3279 3018 3334; x_wconf 85' lang='lat' dir='ltr'><strong>carnalibus</strong></span> <span class='ocrx_word' id='word_1_673' title='bbox 3035 3293 3324 3350; x_wconf 84' lang='lat' dir='ltr'><strong>regnorum</strong></span> <span class='ocrx_word' id='word_1_674' title='bbox 3345 3277 3648 3334; x_wconf 70' lang='lat' dir='ltr'><strong>cmicstium</strong></span> 
     </span>
    </p>
   </div>
   <div class='ocr_carea' id='block_1_90' title="bbox 2065 3366 3648 3440">
    <p class='ocr_par' dir='ltr' id='par_1_90' title="bbox 2065 3366 3648 3440">
     <span class='ocr_line' id='line_1_90' title="bbox 2065 3366 3648 3440; baseline -0.003 -16"><span class='ocrx_word' id='word_1_675' title='bbox 2065 3367 2445 3432; x_wconf 79' lang='lat' dir='ltr'><strong>sacramentis,</strong></span> <span class='ocrx_word' id='word_1_676' title='bbox 2459 3377 2516 3424; x_wconf 91' lang='lat' dir='ltr'><strong>et</strong></span> <span class='ocrx_word' id='word_1_677' title='bbox 2535 3368 2806 3440; x_wconf 89' lang='lat' dir='ltr'><strong>pollebant</strong></span> <span class='ocrx_word' id='word_1_678' title='bbox 2824 3370 3015 3439; x_wconf 88' lang='lat' dir='ltr'><strong>opibus</strong></span> <span class='ocrx_word' id='word_1_679' title='bbox 3032 3368 3414 3438; x_wconf 67' lang='lat' dir='ltr'><strong>patrifamiliae.</strong></span> <span class='ocrx_word' id='word_1_680' title='bbox 3427 3366 3648 3435; x_wconf 74' lang='lat' dir='ltr'><strong>ejicien-</strong></span> 
     </span>
    </p>
   </div>
   <div class='ocr_carea' id='block_1_91' title="bbox 2069 3457 3650 3524">
    <p class='ocr_par' dir='ltr' id='par_1_91' title="bbox 2069 3457 3650 3524">
     <span class='ocr_line' id='line_1_91' title="bbox 2069 3457 3650 3524; baseline -0.002 -13"><span class='ocrx_word' id='word_1_681' title='bbox 2069 3465 2150 3512; x_wconf 90' lang='lat' dir='ltr'><strong>tes</strong></span> <span class='ocrx_word' id='word_1_682' title='bbox 2166 3458 2231 3513; x_wconf 88' lang='lat' dir='ltr'><strong>de</strong></span> <span class='ocrx_word' id='word_1_683' title='bbox 2259 3457 2516 3515; x_wconf 85' lang='lat' dir='ltr'><strong>thesauro</strong></span> <span class='ocrx_word' id='word_1_684' title='bbox 2535 3459 2902 3514; x_wconf 87' lang='lat' dir='ltr'><strong>doctrinarum</strong></span> <span class='ocrx_word' id='word_1_685' title='bbox 2933 3474 3156 3514; x_wconf 87' lang='lat' dir='ltr'><strong>suarum</strong></span> <span class='ocrx_word' id='word_1_686' title='bbox 3185 3473 3323 3513; x_wconf 85' lang='lat' dir='ltr'><strong>nova</strong></span> <span class='ocrx_word' id='word_1_687' title='bbox 3355 3467 3409 3512; x_wconf 88' lang='lat' dir='ltr'><strong>et</strong></span> <span class='ocrx_word' id='word_1_688' title='bbox 3441 3466 3650 3524; x_wconf 80' lang='lat' dir='ltr'><strong>vetera,</strong></span> 
     </span>
    </p>
   </div>
   <div class='ocr_carea' id='block_1_92' title="bbox 2067 3547 3656 3622">
    <p class='ocr_par' dir='ltr' id='par_1_92' title="bbox 2067 3547 3656 3622">
     <span class='ocr_line' id='line_1_92' title="bbox 2067 3547 3656 3622; baseline 0 -20"><span class='ocrx_word' id='word_1_689' title='bbox 2067 3557 2128 3603; x_wconf 88' lang='lat' dir='ltr'><strong>ut</strong></span> <span class='ocrx_word' id='word_1_690' title='bbox 2160 3549 2417 3620; x_wconf 86' lang='lat' dir='ltr'><strong>quidquid</strong></span> <span class='ocrx_word' id='word_1_691' title='bbox 2438 3549 2492 3605; x_wconf 91' lang='lat' dir='ltr'><strong>in</strong></span> <span class='ocrx_word' id='word_1_692' title='bbox 2515 3550 2803 3622; x_wconf 80' lang='lat' dir='ltr'><strong>Evangelio</strong></span> <span class='ocrx_word' id='word_1_693' title='bbox 2817 3551 3182 3620; x_wconf 66' lang='lat' dir='ltr'><strong>praedicabant</strong></span> <span class='ocrx_word' id='word_1_694' title='bbox 3199 3549 3399 3620; x_wconf 84' lang='lat' dir='ltr'><strong>legiset</strong></span> <span class='ocrx_word' id='word_1_695' title='bbox 3421 3547 3656 3618; x_wconf 82' lang='lat' dir='ltr'><strong>prophe-</strong></span> 
     </span>
    </p>
   </div>
   <div class='ocr_carea' id='block_1_93' title="bbox 2068 3642 3658 3713">
    <p class='ocr_par' dir='ltr' id='par_1_93' title="bbox 2068 3642 3658 3713">
     <span class='ocr_line' id='line_1_93' title="bbox 2068 3642 3658 3713; baseline 0.002 -17"><span class='ocrx_word' id='word_1_696' title='bbox 2068 3649 2246 3710; x_wconf 87' lang='lat' dir='ltr'><strong>tarum</strong></span> <span class='ocrx_word' id='word_1_697' title='bbox 2273 3644 2496 3698; x_wconf 84' lang='lat' dir='ltr'><strong>vocibus</strong></span> <span class='ocrx_word' id='word_1_698' title='bbox 2523 3643 2978 3713; x_wconf 89' lang='lat' dir='ltr'><strong>comprobarent:</strong></span> <span class='ocrx_word' id='word_1_699' title='bbox 3014 3642 3155 3700; x_wconf 83' lang='lat' dir='ltr'><strong>unde</strong></span> <span class='ocrx_word' id='word_1_700' title='bbox 3193 3651 3249 3698; x_wconf 93' lang='lat' dir='ltr'><strong>et</strong></span> <span class='ocrx_word' id='word_1_701' title='bbox 3288 3657 3482 3712; x_wconf 84' lang='lat' dir='ltr'><strong>sponsa</strong></span> <span class='ocrx_word' id='word_1_702' title='bbox 3523 3642 3658 3699; x_wconf 83' lang='lat' dir='ltr'><strong>dicit</strong></span> 
     </span>
    </p>
   </div>
   <div class='ocr_carea' id='block_1_94' title="bbox 2069 3731 3649 3804">
    <p class='ocr_par' dir='ltr' id='par_1_94' title="bbox 2069 3731 3649 3804">
     <span class='ocr_line' id='line_1_94' title="bbox 2069 3731 3649 3804; baseline 0.001 -18"><span class='ocrx_word' id='word_1_703' title='bbox 2069 3731 2124 3786; x_wconf 90' lang='lat' dir='ltr'><strong>in</strong></span> <span class='ocrx_word' id='word_1_704' title='bbox 2153 3733 2378 3789; x_wconf 86' lang='lat' dir='ltr'><strong>Cantico</strong></span> <span class='ocrx_word' id='word_1_705' title='bbox 2430 3735 2765 3790; x_wconf 86' lang='lat' dir='ltr'><strong>canticorum</strong></span> <span class='ocrx_word' id='word_1_706' title='bbox 2800 3752 2815 3790; x_wconf 92' lang='lat'><strong>:</strong></span> <span class='ocrx_word' id='word_1_707' title='bbox 2845 3734 2997 3790; x_wconf 80' lang='lat' dir='ltr'><strong>Noua</strong></span> <span class='ocrx_word' id='word_1_708' title='bbox 3053 3752 3168 3792; x_wconf 77' lang='lat' dir='ltr'><strong>cum</strong></span> <span class='ocrx_word' id='word_1_709' title='bbox 3221 3735 3499 3800; x_wconf 78' lang='lat' dir='ltr'><strong>veteribus,</strong></span> <span class='ocrx_word' id='word_1_710' title='bbox 3533 3734 3649 3804; x_wconf 74' lang='lat' dir='ltr'><strong>{ra-</strong></span> 
     </span>
    </p>
   </div>
   <div class='ocr_carea' id='block_1_95' title="bbox 2069 3825 2805 3891">
    <p class='ocr_par' dir='ltr' id='par_1_95' title="bbox 2069 3825 2805 3891">
     <span class='ocr_line' id='line_1_95' title="bbox 2069 3825 2805 3891; baseline 0 -11"><span class='ocrx_word' id='word_1_711' title='bbox 2069 3825 2254 3880; x_wconf 82' lang='lat' dir='ltr'><strong>truelis</strong></span> <span class='ocrx_word' id='word_1_712' title='bbox 2278 3842 2443 3891; x_wconf 80' lang='lat' dir='ltr'><strong>meus,</strong></span> <span class='ocrx_word' id='word_1_713' title='bbox 2466 3827 2665 3881; x_wconf 73' lang='lat' dir='ltr'><strong>servavi</strong></span> <span class='ocrx_word' id='word_1_714' title='bbox 2691 3826 2805 3881; x_wconf 85' lang='lat' dir='ltr'><strong>tibi.</strong></span> 
     </span>
    </p>
   </div>
   <div class='ocr_carea' id='block_1_96' title="bbox 2353 3980 3340 4032">
    <p class='ocr_par' dir='ltr' id='par_1_96' title="bbox 2353 3980 3340 4032">
     <span class='ocr_line' id='line_1_96' title="bbox 2353 3980 3340 4032; baseline 0.006 -15"><span class='ocrx_word' id='word_1_715' title='bbox 2353 3980 2692 4021; x_wconf 70' lang='grc' dir='ltr'><strong>ενΑΝοειιωί</strong></span> <span class='ocrx_word' id='word_1_716' title='bbox 2733 3982 3010 4032; x_wconf 64' lang='grc' dir='ltr'><strong>ΗΑΤΤΠᾸΖΙ,</strong></span> <span class='ocrx_word' id='word_1_717' title='bbox 3056 3982 3174 4022; x_wconf 69' lang='lat' dir='ltr'><strong>CAP.</strong></span> <span class='ocrx_word' id='word_1_718' title='bbox 3219 3983 3340 4023; x_wconf 70' lang='lat' dir='ltr'><strong>XXV.</strong></span> 
     </span>
    </p>
   </div>
   <div class='ocr_carea' id='block_1_97' title="bbox 2149 4097 3654 4171">
    <p class='ocr_par' dir='ltr' id='par_1_97' title="bbox 2149 4097 3654 4171">
     <span class='ocr_line' id='line_1_97' title="bbox 2149 4097 3654 4171; baseline 0.005 -23"><span class='ocrx_word' id='word_1_719' title='bbox 2149 4116 2168 4148; x_wconf 74' lang='grc' dir='ltr'>ιι</span> <span class='ocrx_word' id='word_1_720' title='bbox 2195 4097 2385 4154; x_wconf 77' lang='lat' dir='ltr'><strong>Simile</strong></span> <span class='ocrx_word' id='word_1_721' title='bbox 2408 4107 2492 4154; x_wconf 88' lang='lat' dir='ltr'><strong>est</strong></span> <span class='ocrx_word' id='word_1_722' title='bbox 2520 4115 2744 4168; x_wconf 81' lang='lat' dir='ltr'><strong>regnum</strong></span> <span class='ocrx_word' id='word_1_723' title='bbox 2783 4100 3043 4156; x_wconf 66' lang='lat' dir='ltr'><strong>caelorum</strong></span> <span class='ocrx_word' id='word_1_724' title='bbox 3095 4102 3280 4156; x_wconf 81' lang='lat' dir='ltr'><strong>decem</strong></span> <span class='ocrx_word' id='word_1_725' title='bbox 3329 4100 3654 4171; x_wconf 80' lang='lat' dir='ltr'><strong>virginibus,</strong></span> 
     </span>
    </p>
   </div>
   <div class='ocr_carea' id='block_1_98' title="bbox 2080 4190 3654 4261">
    <p class='ocr_par' dir='ltr' id='par_1_98' title="bbox 2080 4190 3654 4261">
     <span class='ocr_line' id='line_1_98' title="bbox 2080 4190 3654 4261; baseline 0.003 -22"><span class='ocrx_word' id='word_1_726' title='bbox 2080 4207 2098 4239; x_wconf 75' lang='grc' dir='ltr'>ι</span> <span class='ocrx_word' id='word_1_727' title='bbox 2125 4204 2244 4258; x_wconf 77' lang='lat' dir='ltr'><strong>qua:</strong></span> <span class='ocrx_word' id='word_1_728' title='bbox 2276 4190 2609 4259; x_wconf 86' lang='lat' dir='ltr'><strong>accipientes</strong></span> <span class='ocrx_word' id='word_1_729' title='bbox 2639 4190 2913 4261; x_wconf 90' lang='lat' dir='ltr'><strong>lampades</strong></span> <span class='ocrx_word' id='word_1_730' title='bbox 2961 4206 3089 4245; x_wconf 89' lang='lat' dir='ltr'><strong>suas</strong></span> <span class='ocrx_word' id='word_1_731' title='bbox 3138 4191 3390 4245; x_wconf 81' lang='lat' dir='ltr'><strong>exierunt</strong></span> <span class='ocrx_word' id='word_1_732' title='bbox 3438 4191 3654 4244; x_wconf 81' lang='lat' dir='ltr'><strong>obviam</strong></span> 
     </span>
    </p>
   </div>
   <div class='ocr_carea' id='block_1_99' title="bbox 2080 4279 3656 4350">
    <p class='ocr_par' dir='ltr' id='par_1_99' title="bbox 2080 4279 3656 4350">
     <span class='ocr_line' id='line_1_99' title="bbox 2080 4279 3656 4350; baseline 0.002 -22"><span class='ocrx_word' id='word_1_733' title='bbox 2080 4292 2324 4347; x_wconf 65' lang='lat' dir='ltr'><strong>«sponso</strong></span> <span class='ocrx_word' id='word_1_734' title='bbox 2371 4286 2428 4333; x_wconf 91' lang='lat' dir='ltr'><strong>et</strong></span> <span class='ocrx_word' id='word_1_735' title='bbox 2481 4294 2711 4347; x_wconf 65' lang='lat' dir='ltr'><strong>sponsae.</strong></span> <span class='ocrx_word' id='word_1_736' title='bbox 2756 4280 3006 4350; x_wconf 85' lang='lat' dir='ltr'><strong>Quinque</strong></span> <span class='ocrx_word' id='word_1_737' title='bbox 3053 4288 3236 4334; x_wconf 88' lang='lat' dir='ltr'><strong>autem</strong></span> <span class='ocrx_word' id='word_1_738' title='bbox 3278 4294 3346 4334; x_wconf 77' lang='lat' dir='ltr'><strong>ex</strong></span> <span class='ocrx_word' id='word_1_739' title='bbox 3395 4279 3475 4334; x_wconf 90' lang='lat' dir='ltr'><strong>eis</strong></span> <span class='ocrx_word' id='word_1_740' title='bbox 3499 4287 3656 4333; x_wconf 90' lang='lat' dir='ltr'><strong>erant</strong></span> 
     </span>
    </p>
   </div>
   <div class='ocr_carea' id='block_1_100' title="bbox 2079 4368 3654 4442">
    <p class='ocr_par' dir='ltr' id='par_1_100' title="bbox 2079 4368 3654 4442">
     <span class='ocr_line' id='line_1_100' title="bbox 2079 4368 3654 4442; baseline 0.004 -24"><span class='ocrx_word' id='word_1_741' title='bbox 2079 4385 2097 4418; x_wconf 72' lang='grc' dir='ltr'>ι</span> <span class='ocrx_word' id='word_1_742' title='bbox 2129 4368 2307 4434; x_wconf 66' lang='lat' dir='ltr'><strong>fatuae,</strong></span> <span class='ocrx_word' id='word_1_743' title='bbox 2335 4377 2390 4424; x_wconf 91' lang='lat' dir='ltr'><strong>et</strong></span> <span class='ocrx_word' id='word_1_744' title='bbox 2419 4371 2656 4440; x_wconf 90' lang='lat' dir='ltr'><strong>quinque</strong></span> <span class='ocrx_word' id='word_1_745' title='bbox 2690 4371 3018 4440; x_wconf 79' lang='lat' dir='ltr'><strong>prudentes:</strong></span> <span class='ocrx_word' id='word_1_746' title='bbox 3049 4371 3145 4426; x_wconf 86' lang='lat' dir='ltr'><strong>sed</strong></span> <span class='ocrx_word' id='word_1_747' title='bbox 3193 4371 3429 4442; x_wconf 83' lang='lat' dir='ltr'><strong>quinque</strong></span> <span class='ocrx_word' id='word_1_748' title='bbox 3469 4370 3654 4435; x_wconf 71' lang='lat' dir='ltr'><strong>fatum,</strong></span> 
     </span>
    </p>
   </div>
   <div class='ocr_carea' id='block_1_101' title="bbox 2084 4459 3653 4531">
    <p class='ocr_par' dir='ltr' id='par_1_101' title="bbox 2084 4459 3653 4531">
     <span class='ocr_line' id='line_1_101' title="bbox 2084 4459 3653 4531; baseline 0.004 -24"><span class='ocrx_word' id='word_1_749' title='bbox 2084 4475 2102 4507; x_wconf 73' lang='grc' dir='ltr'><strong>ε</strong></span> <span class='ocrx_word' id='word_1_750' title='bbox 2131 4460 2368 4528; x_wconf 87' lang='lat' dir='ltr'><strong>acceptis</strong></span> <span class='ocrx_word' id='word_1_751' title='bbox 2387 4459 2744 4528; x_wconf 84' lang='lat' dir='ltr'><strong>lampadibus,</strong></span> <span class='ocrx_word' id='word_1_752' title='bbox 2759 4477 2865 4515; x_wconf 89' lang='lat' dir='ltr'><strong>non</strong></span> <span class='ocrx_word' id='word_1_753' title='bbox 2887 4469 3237 4531; x_wconf 84' lang='lat' dir='ltr'><strong>sumpserunt</strong></span> <span class='ocrx_word' id='word_1_754' title='bbox 3253 4460 3429 4514; x_wconf 87' lang='lat' dir='ltr'><strong>oleum</strong></span> <span class='ocrx_word' id='word_1_755' title='bbox 3445 4475 3653 4515; x_wconf 85' lang='lat' dir='ltr'><strong>secum.</strong></span> 
     </span>
    </p>
   </div>
   <div class='ocr_carea' id='block_1_102' title="bbox 2081 4547 3655 4618">
    <p class='ocr_par' dir='ltr' id='par_1_102' title="bbox 2081 4547 3655 4618">
     <span class='ocr_line' id='line_1_102' title="bbox 2081 4547 3655 4618; baseline 0.005 -21"><span class='ocrx_word' id='word_1_756' title='bbox 2081 4567 2102 4597; x_wconf 77' lang='grc' dir='ltr'><strong><em>ο</em></strong></span> <span class='ocrx_word' id='word_1_757' title='bbox 2130 4547 2424 4604; x_wconf 82' lang='lat' dir='ltr'><strong>Prudenles</strong></span> <span class='ocrx_word' id='word_1_758' title='bbox 2455 4564 2582 4604; x_wconf 86' lang='lat' dir='ltr'><strong>vero</strong></span> <span class='ocrx_word' id='word_1_759' title='bbox 2613 4558 2938 4618; x_wconf 88' lang='lat' dir='ltr'><strong>acceperunt</strong></span> <span class='ocrx_word' id='word_1_760' title='bbox 2956 4549 3134 4605; x_wconf 89' lang='lat' dir='ltr'><strong>oleum</strong></span> <span class='ocrx_word' id='word_1_761' title='bbox 3158 4551 3211 4604; x_wconf 88' lang='lat' dir='ltr'><strong>in</strong></span> <span class='ocrx_word' id='word_1_762' title='bbox 3236 4550 3378 4606; x_wconf 87' lang='lat' dir='ltr'><strong>vasis</strong></span> <span class='ocrx_word' id='word_1_763' title='bbox 3397 4550 3512 4604; x_wconf 87' lang='lat' dir='ltr'><strong>suis</strong></span> <span class='ocrx_word' id='word_1_764' title='bbox 3530 4565 3655 4605; x_wconf 85' lang='lat' dir='ltr'><strong>cum</strong></span> 
     </span>
    </p>
   </div>
   <div class='ocr_carea' id='block_1_103' title="bbox 2080 4638 3653 4711">
    <p class='ocr_par' dir='ltr' id='par_1_103' title="bbox 2080 4638 3653 4711">
     <span class='ocr_line' id='line_1_103' title="bbox 2080 4638 3653 4711; baseline 0.002 -21"><span class='ocrx_word' id='word_1_765' title='bbox 2080 4656 2099 4689; x_wconf 71' lang='grc' dir='ltr'>ς</span> <span class='ocrx_word' id='word_1_766' title='bbox 2129 4638 2481 4708; x_wconf 88' lang='lat' dir='ltr'><strong>lampadibus.</strong></span> <span class='ocrx_word' id='word_1_767' title='bbox 2508 4640 2713 4694; x_wconf 80' lang='lat' dir='ltr'><strong>Moram</strong></span> <span class='ocrx_word' id='word_1_768' title='bbox 2741 4651 2922 4695; x_wconf 89' lang='lat' dir='ltr'><strong>autem</strong></span> <span class='ocrx_word' id='word_1_769' title='bbox 2949 4639 3179 4696; x_wconf 75' lang='lat' dir='ltr'><strong>faciente</strong></span> <span class='ocrx_word' id='word_1_770' title='bbox 3203 4655 3423 4711; x_wconf 88' lang='lat' dir='ltr'><strong>sponso,</strong></span> <span class='ocrx_word' id='word_1_771' title='bbox 3447 4640 3653 4695; x_wconf 85' lang='lat' dir='ltr'><strong>dori-</strong></span> 
     </span>
    </p>
   </div>
   <div class='ocr_carea' id='block_1_104' title="bbox 2080 4731 3659 4787">
    <p class='ocr_par' dir='ltr' id='par_1_104' title="bbox 2080 4731 3659 4787">
     <span class='ocr_line' id='line_1_104' title="bbox 2080 4731 3659 4787; baseline 0.003 -6"><span class='ocrx_word' id='word_1_772' title='bbox 2080 4749 2098 4781; x_wconf 70' lang='grc'><strong>(</strong></span> <span class='ocrx_word' id='word_1_773' title='bbox 2129 4737 2375 4786; x_wconf 86' lang='lat' dir='ltr'><strong>taverunt</strong></span> <span class='ocrx_word' id='word_1_774' title='bbox 2393 4746 2580 4787; x_wconf 88' lang='lat' dir='ltr'><strong>omnes</strong></span> <span class='ocrx_word' id='word_1_775' title='bbox 2605 4740 2661 4786; x_wconf 89' lang='lat' dir='ltr'><strong>et</strong></span> <span class='ocrx_word' id='word_1_776' title='bbox 2689 4732 3045 4787; x_wconf 90' lang='lat' dir='ltr'><strong>dormierunt.</strong></span> <span class='ocrx_word' id='word_1_777' title='bbox 3082 4731 3257 4787; x_wconf 76' lang='lat' dir='ltr'><strong>Media</strong></span> <span class='ocrx_word' id='word_1_778' title='bbox 3287 4740 3469 4786; x_wconf 89' lang='lat' dir='ltr'><strong>autem</strong></span> <span class='ocrx_word' id='word_1_779' title='bbox 3499 4741 3659 4786; x_wconf 86' lang='lat' dir='ltr'><strong>nocte</strong></span> 
     </span>
    </p>
   </div>
   <div class='ocr_carea' id='block_1_105' title="bbox 2079 4820 3654 4892">
    <p class='ocr_par' dir='ltr' id='par_1_105' title="bbox 2079 4820 3654 4892">
     <span class='ocr_line' id='line_1_105' title="bbox 2079 4820 3654 4892; baseline 0.003 -20"><span class='ocrx_word' id='word_1_780' title='bbox 2079 4839 2098 4872; x_wconf 74' lang='grc' dir='ltr'>ι</span> <span class='ocrx_word' id='word_1_781' title='bbox 2124 4821 2331 4875; x_wconf 89' lang='lat' dir='ltr'><strong>clamor</strong></span> <span class='ocrx_word' id='word_1_782' title='bbox 2352 4820 2525 4876; x_wconf 89' lang='lat' dir='ltr'><strong>factus</strong></span> <span class='ocrx_word' id='word_1_783' title='bbox 2545 4831 2657 4877; x_wconf 88' lang='lat' dir='ltr'><strong>est:</strong></span> <span class='ocrx_word' id='word_1_784' title='bbox 2677 4822 2816 4877; x_wconf 85' lang='lat' dir='ltr'><strong>Ecce</strong></span> <span class='ocrx_word' id='word_1_785' title='bbox 2840 4837 3070 4892; x_wconf 90' lang='lat' dir='ltr'><strong>sponsus</strong></span> <span class='ocrx_word' id='word_1_786' title='bbox 3089 4822 3255 4887; x_wconf 77' lang='lat' dir='ltr'><strong>venit,</strong></span> <span class='ocrx_word' id='word_1_787' title='bbox 3281 4821 3426 4877; x_wconf 79' lang='lat' dir='ltr'><strong>exite</strong></span> <span class='ocrx_word' id='word_1_788' title='bbox 3439 4822 3654 4877; x_wconf 83' lang='lat' dir='ltr'><strong>obviam</strong></span> 
     </span>
    </p>
   </div>
   <div class='ocr_carea' id='block_1_106' title="bbox 2077 4911 3654 4984">
    <p class='ocr_par' dir='ltr' id='par_1_106' title="bbox 2077 4911 3654 4984">
     <span class='ocr_line' id='line_1_106' title="bbox 2077 4911 3654 4984; baseline 0.002 -20"><span class='ocrx_word' id='word_1_789' title='bbox 2077 4929 2096 4963; x_wconf 68' lang='grc' dir='ltr'><strong>α</strong></span> <span class='ocrx_word' id='word_1_790' title='bbox 2124 4911 2196 4966; x_wconf 90' lang='lat' dir='ltr'><strong>ei.</strong></span> <span class='ocrx_word' id='word_1_791' title='bbox 2228 4911 2380 4967; x_wconf 85' lang='lat' dir='ltr'><strong>Tunc</strong></span> <span class='ocrx_word' id='word_1_792' title='bbox 2406 4922 2761 4968; x_wconf 76' lang='lat' dir='ltr'><strong>surrexerunt</strong></span> <span class='ocrx_word' id='word_1_793' title='bbox 2789 4929 2978 4968; x_wconf 89' lang='lat' dir='ltr'><strong>omnes</strong></span> <span class='ocrx_word' id='word_1_794' title='bbox 3008 4914 3247 4984; x_wconf 81' lang='lat' dir='ltr'><strong>virgines</strong></span> <span class='ocrx_word' id='word_1_795' title='bbox 3268 4913 3394 4980; x_wconf 65' lang='lat' dir='ltr'><strong>illac,</strong></span> <span class='ocrx_word' id='word_1_796' title='bbox 3415 4922 3474 4969; x_wconf 90' lang='lat' dir='ltr'><strong>et</strong></span> <span class='ocrx_word' id='word_1_797' title='bbox 3495 4928 3654 4970; x_wconf 85' lang='lat' dir='ltr'><strong>orna-</strong></span> 
     </span>
    </p>
   </div>
   <div class='ocr_carea' id='block_1_107' title="bbox 2083 5005 3662 5077">
    <p class='ocr_par' dir='ltr' id='par_1_107' title="bbox 2083 5005 3662 5077">
     <span class='ocr_line' id='line_1_107' title="bbox 2083 5005 3662 5077; baseline 0.006 -23"><span class='ocrx_word' id='word_1_798' title='bbox 2083 5022 2102 5054; x_wconf 73' lang='grc' dir='ltr'>ι</span> <span class='ocrx_word' id='word_1_799' title='bbox 2129 5014 2322 5060; x_wconf 86' lang='lat' dir='ltr'><strong>verunt</strong></span> <span class='ocrx_word' id='word_1_800' title='bbox 2369 5005 2654 5075; x_wconf 81' lang='lat' dir='ltr'><strong>lampades.</strong></span> <span class='ocrx_word' id='word_1_801' title='bbox 2690 5021 2834 5060; x_wconf 86' lang='lat' dir='ltr'><strong>suas.</strong></span> <span class='ocrx_word' id='word_1_802' title='bbox 2872 5005 3052 5061; x_wconf 69' lang='lat' dir='ltr'><strong>Fatum</strong></span> <span class='ocrx_word' id='word_1_803' title='bbox 3094 5015 3276 5074; x_wconf 82' lang='lat' dir='ltr'><strong>autem</strong></span> <span class='ocrx_word' id='word_1_804' title='bbox 3323 5007 3662 5077; x_wconf 81' lang='lat' dir='ltr'><strong>sapientibus</strong></span> 
     </span>
    </p>
   </div>
   <div class='ocr_carea' id='block_1_108' title="bbox 2085 5095 3662 5169">
    <p class='ocr_par' dir='ltr' id='par_1_108' title="bbox 2085 5095 3662 5169">
     <span class='ocr_line' id='line_1_108' title="bbox 2085 5095 3662 5169; baseline 0.003 -21"><span class='ocrx_word' id='word_1_805' title='bbox 2085 5114 2103 5148; x_wconf 72' lang='grc' dir='ltr'>ι</span> <span class='ocrx_word' id='word_1_806' title='bbox 2131 5095 2384 5150; x_wconf 73' lang='lat' dir='ltr'><strong>dixerunt</strong></span> <span class='ocrx_word' id='word_1_807' title='bbox 2415 5115 2427 5149; x_wconf 92' lang='lat'>:</span> <span class='ocrx_word' id='word_1_808' title='bbox 2458 5097 2591 5151; x_wconf 86' lang='lat' dir='ltr'><strong>Date</strong></span> <span class='ocrx_word' id='word_1_809' title='bbox 2613 5097 2770 5152; x_wconf 88' lang='lat' dir='ltr'><strong>nobis</strong></span> <span class='ocrx_word' id='word_1_810' title='bbox 2788 5097 2854 5152; x_wconf 88' lang='lat' dir='ltr'><strong>de</strong></span> <span class='ocrx_word' id='word_1_811' title='bbox 2877 5097 2998 5153; x_wconf 87' lang='lat' dir='ltr'><strong>oleo</strong></span> <span class='ocrx_word' id='word_1_812' title='bbox 3017 5106 3218 5163; x_wconf 88' lang='lat' dir='ltr'><strong>vestro,</strong></span> <span class='ocrx_word' id='word_1_813' title='bbox 3235 5098 3362 5169; x_wconf 88' lang='lat' dir='ltr'><strong>quia</strong></span> <span class='ocrx_word' id='word_1_814' title='bbox 3383 5098 3662 5169; x_wconf 80' lang='lat' dir='ltr'><strong>lampades</strong></span> 
     </span>
    </p>
   </div>
   <div class='ocr_carea' id='block_1_109' title="bbox 2084 5187 3662 5259">
    <p class='ocr_par' dir='ltr' id='par_1_109' title="bbox 2084 5187 3662 5259">
     <span class='ocr_line' id='line_1_109' title="bbox 2084 5187 3662 5259; baseline 0.003 -20"><span class='ocrx_word' id='word_1_815' title='bbox 2084 5205 2104 5238; x_wconf 75' lang='grc' dir='ltr'><strong><em>ο</em></strong></span> <span class='ocrx_word' id='word_1_816' title='bbox 2129 5195 2328 5243; x_wconf 75' lang='lat' dir='ltr'><strong>nostra:</strong></span> <span class='ocrx_word' id='word_1_817' title='bbox 2346 5187 2752 5257; x_wconf 82' lang='lat' dir='ltr'><strong>extinguuntur.</strong></span> <span class='ocrx_word' id='word_1_818' title='bbox 2790 5187 3201 5258; x_wconf 82' lang='lat' dir='ltr'><strong>Responderunt</strong></span> <span class='ocrx_word' id='word_1_819' title='bbox 3233 5189 3546 5259; x_wconf 81' lang='lat' dir='ltr'><strong>prudentes,</strong></span> <span class='ocrx_word' id='word_1_820' title='bbox 3574 5189 3662 5243; x_wconf 87' lang='lat' dir='ltr'><strong>di-</strong></span> 
     </span>
    </p>
   </div>
   <div class='ocr_carea' id='block_1_110' title="bbox 2084 5277 3660 5347">
    <p class='ocr_par' dir='ltr' id='par_1_110' title="bbox 2084 5277 3660 5347">
     <span class='ocr_line' id='line_1_110' title="bbox 2084 5277 3660 5347; baseline 0.003 -17"><span class='ocrx_word' id='word_1_821' title='bbox 2084 5298 2101 5330; x_wconf 79' lang='grc' dir='ltr'>ι</span> <span class='ocrx_word' id='word_1_822' title='bbox 2130 5288 2314 5334; x_wconf 86' lang='lat' dir='ltr'><strong>centes</strong></span> <span class='ocrx_word' id='word_1_823' title='bbox 2339 5298 2351 5332; x_wconf 87' lang='lat'><strong>:</strong></span> <span class='ocrx_word' id='word_1_824' title='bbox 2374 5278 2452 5332; x_wconf 81' lang='lat' dir='ltr'><strong>Ne</strong></span> <span class='ocrx_word' id='word_1_825' title='bbox 2490 5277 2628 5332; x_wconf 85' lang='lat' dir='ltr'><strong>forte</strong></span> <span class='ocrx_word' id='word_1_826' title='bbox 2670 5295 2776 5332; x_wconf 89' lang='lat' dir='ltr'><strong>non</strong></span> <span class='ocrx_word' id='word_1_827' title='bbox 2820 5280 3052 5334; x_wconf 70' lang='lat' dir='ltr'><strong>sufﬁciat</strong></span> <span class='ocrx_word' id='word_1_828' title='bbox 3085 5281 3241 5335; x_wconf 89' lang='lat' dir='ltr'><strong>nobis</strong></span> <span class='ocrx_word' id='word_1_829' title='bbox 3287 5289 3340 5334; x_wconf 88' lang='lat' dir='ltr'><strong>et</strong></span> <span class='ocrx_word' id='word_1_830' title='bbox 3379 5281 3555 5347; x_wconf 83' lang='lat' dir='ltr'><strong>vobis,</strong></span> <span class='ocrx_word' id='word_1_831' title='bbox 3587 5283 3660 5336; x_wconf 88' lang='lat' dir='ltr'><strong>ite</strong></span> 
     </span>
    </p>
   </div>
   <div class='ocr_carea' id='block_1_111' title="bbox 2083 5369 3661 5438">
    <p class='ocr_par' dir='ltr' id='par_1_111' title="bbox 2083 5369 3661 5438">
     <span class='ocr_line' id='line_1_111' title="bbox 2083 5369 3661 5438; baseline 0.003 -17"><span class='ocrx_word' id='word_1_832' title='bbox 2083 5387 2102 5421; x_wconf 69' lang='grc' dir='ltr'>ι</span> <span class='ocrx_word' id='word_1_833' title='bbox 2129 5370 2306 5438; x_wconf 89' lang='lat' dir='ltr'><strong>potius</strong></span> <span class='ocrx_word' id='word_1_834' title='bbox 2336 5369 2403 5422; x_wconf 87' lang='lat' dir='ltr'><strong>ad</strong></span> <span class='ocrx_word' id='word_1_835' title='bbox 2429 5369 2726 5423; x_wconf 83' lang='lat' dir='ltr'><strong>vendentes</strong></span> <span class='ocrx_word' id='word_1_836' title='bbox 2766 5376 2821 5424; x_wconf 90' lang='lat' dir='ltr'><strong>et</strong></span> <span class='ocrx_word' id='word_1_837' title='bbox 2867 5370 3030 5424; x_wconf 91' lang='lat' dir='ltr'><strong>emite</strong></span> <span class='ocrx_word' id='word_1_838' title='bbox 3072 5370 3246 5425; x_wconf 88' lang='lat' dir='ltr'><strong>vobis.</strong></span> <span class='ocrx_word' id='word_1_839' title='bbox 3294 5371 3430 5425; x_wconf 90' lang='lat' dir='ltr'><strong>Dum</strong></span> <span class='ocrx_word' id='word_1_840' title='bbox 3475 5381 3661 5425; x_wconf 84' lang='lat' dir='ltr'><strong>autem</strong></span> 
     </span>
    </p>
   </div>
   <div class='ocr_carea' id='block_1_112' title="bbox 2079 5458 3662 5531">
    <p class='ocr_par' dir='ltr' id='par_1_112' title="bbox 2079 5458 3662 5531">
     <span class='ocr_line' id='line_1_112' title="bbox 2079 5458 3662 5531; baseline 0.003 -21"><span class='ocrx_word' id='word_1_841' title='bbox 2079 5477 2097 5510; x_wconf 74' lang='grc' dir='ltr'>ι</span> <span class='ocrx_word' id='word_1_842' title='bbox 2126 5459 2266 5513; x_wconf 90' lang='lat' dir='ltr'><strong>irent</strong></span> <span class='ocrx_word' id='word_1_843' title='bbox 2292 5473 2492 5524; x_wconf 88' lang='lat' dir='ltr'><strong>emere,</strong></span> <span class='ocrx_word' id='word_1_844' title='bbox 2530 5458 2679 5512; x_wconf 89' lang='lat' dir='ltr'><strong>venit</strong></span> <span class='ocrx_word' id='word_1_845' title='bbox 2729 5473 2983 5529; x_wconf 85' lang='lat' dir='ltr'><strong>sponsus,</strong></span> <span class='ocrx_word' id='word_1_846' title='bbox 3011 5469 3068 5514; x_wconf 88' lang='lat' dir='ltr'><strong>et</strong></span> <span class='ocrx_word' id='word_1_847' title='bbox 3087 5475 3208 5531; x_wconf 75' lang='lat' dir='ltr'><strong>qua:</strong></span> <span class='ocrx_word' id='word_1_848' title='bbox 3247 5470 3452 5530; x_wconf 62' lang='lat' dir='ltr'><strong>parate</strong></span> <span class='ocrx_word' id='word_1_849' title='bbox 3500 5469 3662 5516; x_wconf 83' lang='lat' dir='ltr'><strong>erant</strong></span> 
     </span>
    </p>
   </div>
   <div class='ocr_carea' id='block_1_113' title="bbox 2077 5550 3662 5621">
    <p class='ocr_par' dir='ltr' id='par_1_113' title="bbox 2077 5550 3662 5621">
     <span class='ocr_line' id='line_1_113' title="bbox 2077 5550 3662 5621; baseline 0.004 -19"><span class='ocrx_word' id='word_1_850' title='bbox 2077 5550 2466 5604; x_wconf 66' lang='lat' dir='ltr'><strong>«intraverunt</strong></span> <span class='ocrx_word' id='word_1_851' title='bbox 2539 5565 2663 5605; x_wconf 90' lang='lat' dir='ltr'><strong>cum</strong></span> <span class='ocrx_word' id='word_1_852' title='bbox 2717 5565 2784 5604; x_wconf 89' lang='lat' dir='ltr'><strong>eo</strong></span> <span class='ocrx_word' id='word_1_853' title='bbox 2847 5551 2917 5605; x_wconf 88' lang='lat' dir='ltr'><strong>ad</strong></span> <span class='ocrx_word' id='word_1_854' title='bbox 2970 5551 3206 5621; x_wconf 85' lang='lat' dir='ltr'><strong>nuptias,</strong></span> <span class='ocrx_word' id='word_1_855' title='bbox 3251 5559 3307 5606; x_wconf 90' lang='lat' dir='ltr'><strong>et</strong></span> <span class='ocrx_word' id='word_1_856' title='bbox 3351 5551 3536 5607; x_wconf 82' lang='lat' dir='ltr'><strong>clausa</strong></span> <span class='ocrx_word' id='word_1_857' title='bbox 3574 5560 3662 5608; x_wconf 79' lang='lat' dir='ltr'><strong>est</strong></span> 
     </span>
    </p>
   </div>
   <div class='ocr_carea' id='block_1_114' title="bbox 2078 5640 3637 5714">
    <p class='ocr_par' dir='ltr' id='par_1_114' title="bbox 2078 5640 3637 5714">
     <span class='ocr_line' id='line_1_114' title="bbox 2078 5640 3637 5714; baseline 0.004 -21"><span class='ocrx_word' id='word_1_858' title='bbox 2078 5660 2096 5692; x_wconf 75' lang='grc' dir='ltr'>ι</span> <span class='ocrx_word' id='word_1_859' title='bbox 2118 5640 2306 5709; x_wconf 73' lang='lat' dir='ltr'><strong>ianua.</strong></span> <span class='ocrx_word' id='word_1_860' title='bbox 2327 5640 2628 5696; x_wconf 85' lang='lat' dir='ltr'><strong>Novissime</strong></span> <span class='ocrx_word' id='word_1_861' title='bbox 2655 5657 2787 5699; x_wconf 86' lang='lat' dir='ltr'><strong>vero</strong></span> <span class='ocrx_word' id='word_1_862' title='bbox 2820 5643 3043 5698; x_wconf 87' lang='lat' dir='ltr'><strong>veniunt</strong></span> <span class='ocrx_word' id='word_1_863' title='bbox 3061 5651 3115 5696; x_wconf 90' lang='lat' dir='ltr'><strong>et</strong></span> <span class='ocrx_word' id='word_1_864' title='bbox 3136 5642 3357 5713; x_wconf 71' lang='lat' dir='ltr'><strong>reliquae</strong></span> <span class='ocrx_word' id='word_1_865' title='bbox 3393 5644 3637 5714; x_wconf 80' lang='lat' dir='ltr'><strong>virgines</strong></span> 
     </span>
    </p>
   </div>
   <div class='ocr_carea' id='block_1_115' title="bbox 2080 5728 3662 5804">
    <p class='ocr_par' dir='ltr' id='par_1_115' title="bbox 2080 5728 3662 5804">
     <span class='ocr_line' id='line_1_115' title="bbox 2080 5728 3662 5804; baseline 0.001 -16"><span class='ocrx_word' id='word_1_866' title='bbox 2080 5733 2368 5790; x_wconf 63' lang='lat' dir='ltr'><strong>«dicentes</strong></span> <span class='ocrx_word' id='word_1_867' title='bbox 2405 5728 2702 5798; x_wconf 73' lang='lat' dir='ltr'><strong>:Dominc,</strong></span> <span class='ocrx_word' id='word_1_868' title='bbox 2746 5731 2993 5800; x_wconf 78' lang='lat' dir='ltr'><strong>Domine,</strong></span> <span class='ocrx_word' id='word_1_869' title='bbox 3037 5734 3186 5804; x_wconf 83' lang='lat' dir='ltr'><strong>aperi</strong></span> <span class='ocrx_word' id='word_1_870' title='bbox 3231 5734 3405 5789; x_wconf 84' lang='lat' dir='ltr'><strong>nobis.</strong></span> <span class='ocrx_word' id='word_1_871' title='bbox 3455 5734 3526 5789; x_wconf 76' lang='lat' dir='ltr'><strong>At</strong></span> <span class='ocrx_word' id='word_1_872' title='bbox 3572 5736 3662 5790; x_wconf 73' lang='lat' dir='ltr'><strong>ilio</strong></span> 
     </span>
    </p>
   </div>
  </div>
