3932 6204
306 336 414 394 μθ

1146 332 1663 393 COLLECTIONES
1698 335 1766 393 IN
1804 334 2183 395 EPISTOLAS
2220 336 2308 397 ET
2347 335 2751 399 EVANGELIA.

3468 340 3576 401 550

312 470 330 503 ι
357 463 692 520 respondens
719 448 796 504 ait
817 467 832 505 :
853 447 1026 506 Anien
1052 449 1172 508 dico
1202 451 1374 519 vobis,
1401 451 1585 507 nescio
1627 467 1744 508 vos.
1795 449 1885 506 Vi-
1915 459 1966 519 Α
2061 447 2166 504 Sed
2191 452 2418 522 quinque
2442 451 2628 522 fatum,
2667 452 2888 524 acceptis
2909 452 3258 524 lampavlibus,
3289 469 3394 510 non
3435 471 3580 510 sum-

308 561 330 596 ι
354 542 520 615 gilate
546 541 728 610 itaque
747 542 872 613 quia
901 543 1122 600 nescitis
1149 542 1293 600 diem
1319 559 1492 614 neque
1517 544 1728 600 horam.
1761 563 1779 596 s

377 630 560 688 Simile
582 640 656 685 est
693 647 906 703 regnum
952 632 1198 689 caelorum
1244 635 1422 690 decem
1454 634 1759 706 virginibus.
1787 632 1890 708 (Ex

302 721 508 794 Greg.l
538 724 678 778 Dum
698 724 843 778 enim
867 739 1090 795 regnum
1120 738 1357 792 constat,
1382 727 1509 799 quia
1536 727 1891 798 reproborum

304 815 488 872 nullus
521 817 838 887 ingreditur,
864 819 1128 887 quaeritur
1159 835 1258 874 cur
1293 820 1457 875 fatuis
1489 820 1792 892 virginibus
1826 821 1895 876 si-

305 907 433 961 mile
464 920 586 961 esse
609 907 944 976 prohibetur,
971 909 1064 964 sed
1087 910 1364 965 sciendum
1403 919 1508 977 est,
1557 909 1700 980 quod
1751 925 1894 981 szepe

323 1015 359 1053 n
388 1015 546 1055 sacro
570 999 783 1070 eloquio
815 1015 1040 1069 regnum
1081 1001 1338 1056 caelorum
1370 1019 1609 1073 praesens
1649 1002 1892 1058 Ecclesia

302 1090 521 1154 dicitur,
547 1090 615 1146 de
648 1107 756 1161 quo
798 1100 856 1147 et
899 1091 1006 1148 alio
1051 1091 1170 1148 loco
1219 1095 1477 1151 Dominus
1531 1096 1696 1151 dicit:
1725 1095 1892 1152 Mittet

277 1171 448 1236 Pilius
469 1183 695 1237 hominis
720 1183 932 1254 angelos
953 1201 1100 1252 suos,
1130 1194 1182 1240 et
1204 1186 1446 1257 colligant
1473 1187 1537 1241 de
1562 1205 1718 1258 regno
1755 1188 1890 1257 ejus,

303 1273 359 1328 id
385 1281 492 1338 est,
516 1275 580 1329 de
603 1276 857 1345 prmsenti
880 1275 1122 1331 Ecclesia
1153 1278 1333 1332 omnia
1368 1278 1638 1333 scandala.
1664 1279 1815 1334 Unde
1839 1287 1894 1333 et

303 1363 436 1418 alibi
460 1363 592 1418 dicit
617 1384 629 1418 :
659 1363 762 1431 Qui
806 1365 1015 1420 solverit
1048 1384 1210 1421 unum
1251 1367 1315 1422 de
1355 1369 1617 1423 mandatis
1664 1369 1802 1434 istis,
1845 1379 1893 1424 et

302 1457 541 1511 docuerit
588 1459 664 1512 sic
705 1459 961 1525 homines,
1020 1461 1266 1516 minimus
1315 1462 1587 1516 vocabitur
1633 1464 1688 1516 in
1739 1479 1893 1532 regno

301 1545 554 1601 calorum
602 1547 820 1619 (Matth.
904 1549 992 1618 v).
1021 1550 1072 1605 id
1119 1558 1224 1618 est,
1265 1551 1320 1606 in
1354 1553 1616 1608 Ecclesia.
1660 1553 1803 1624 Ergo
1841 1558 1896 1608 et

301 1639 396 1693 hic
420 1639 473 1694 in
504 1641 691 1694 decem
726 1640 1025 1711 virginibus
1064 1656 1300 1710 praesens
1343 1643 1588 1714 signatur
1627 1643 1892 1698 Ecclesia.

302 1729 362 1784 ln
388 1730 629 1800 quinque
652 1740 830 1786 autem
862 1733 1106 1802 corporis
1133 1733 1402 1799 sensibus,
1419 1734 1758 1805 unusquique
1773 1736 1896 1790 sub-

1991 552 2202 612 pserunt
2226 540 2396 596 oleum
2417 559 2612 597 secum.
2639 542 2739 614 (Ex
2767 543 3015 617 August.)
3036 543 3184 598 Multi
3206 545 3581 616 enim,quam-

1992 633 2075 688 vis
2119 633 2186 688 de
2225 631 2428 688 Christi
2465 633 2710 690 bonitate
2735 634 3028 705 plurimum
3054 643 3290 705 sperent.
3323 636 3579 707 gaudium

1993 729 2175 778 tamen
2203 739 2308 778 non
2337 724 2557 791 habent,
2590 727 2715 781 dum
2751 727 3092 782 continenter
3130 727 3337 792 vivunt,
3382 727 3486 782 nisi
3527 728 3578 781 in

1993 818 2244 873 laudibus
2269 818 2576 884 hominum;
2605 835 2710 874 non
2738 833 2867 889 ergo
2909 821 3110 873 habent
3147 819 3322 874 oleum
3373 835 3577 875 secum.

1995 907 2130 961 Nam
2161 907 2329 976 ipsam
2383 906 2622 961 lmtitiam
2659 905 2777 961 oleo
2815 907 3105 977 significari
3149 909 3420 962 arbitror:
3447 907 3584 961 Pro-

1977 1005 2156 1069 pterea
2170 998 2320 1052 unxit
2338 1007 2406 1064 te,
2432 998 2627 1068 inquit,
2652 997 2792 1052 Deus
2821 997 2960 1051 Deus
2985 1007 3104 1050 tuus
3129 998 3240 1052 oleo
3265 998 3581 1068 lmtitiw,qui

1993 1099 2174 1146 autem
2192 1105 2296 1144 non
2316 1099 2598 1160 propterea
2619 1090 2834 1160 gaudet,
2847 1089 2974 1159 quia
2995 1089 3103 1144 Deo
3127 1089 3452 1146 intrinsecus
3470 1092 3586 1161 pla—

1995 1187 2104 1246 cet,
2135 1196 2240 1234 non
2272 1181 2434 1235 habet
2459 1179 2638 1234 oleum
2667 1195 2874 1234 secum.

2061 1269 2168 1325 Per
2196 1269 2372 1325 oleum
2402 1271 2620 1340 quippe,
2641 1270 2785 1323 nitor
2804 1267 3333 1338 gloritedesignatur.
3350 1270 3583 1325 Vascula

1995 1367 2198 1424 autem,
2224 1367 2406 1413 nostra
2428 1369 2553 1414 sunt
2579 1359 2764 1424 corda,
2792 1359 2846 1412 in
2889 1358 3088 1429 quibus
3124 1359 3349 1414 ferimus
3387 1369 3581 1414 cuncta

1995 1463 2116 1518 quae
2142 1449 2461 1519 cogitamus.
2495 1447 2683 1502 Fatua:
2707 1456 2888 1502 autem
2919 1447 3158 1518 virgines
3181 1447 3358 1504 oleum
3397 1464 3584 1503 secum

1996 1556 2103 1595 non
2148 1547 2384 1604 sumunt,
2421 1538 2548 1607 quia
2585 1537 2808 1609 gloriam
2857 1537 3001 1592 intra
3043 1537 3428 1592 conscientiam
3477 1552 3586 1592 non

1995 1630 2217 1692 habent,
2245 1629 2370 1700 quia
2419 1628 2734 1699 plerumque
2759 1626 2898 1683 bona
2925 1628 2977 1681 in
3009 1641 3067 1682 se
3093 1643 3277 1698 opera,
3309 1643 3431 1682 cum
3469 1626 3583 1682 ele-

1995 1723 2103 1778 ctis
2124 1729 2179 1777 et
2212 1721 2456 1792 reprobis
2479 1721 2790 1786 ostendunt,
2823 1718 2917 1774 sed
2945 1719 3042 1775 soli
3083 1721 3151 1775 ad
3193 1734 3448 1789 sponsum
3490 1734 3588 1775 ve-

295 1823 467 1877 ‘sistit.
499 1821 818 1878 Geminatus
847 1832 1029 1878 autem
1051 1824 1332 1894 quinarius
1357 1826 1635 1879 denarium
1659 1825 1892 1894 perficit.

2013 1817 2154 1871 aiunt
2185 1830 2308 1870 cum
2346 1815 2486 1880 oleo,
2511 1815 2605 1884 qui
2631 1814 2697 1869 de
2725 1813 2812 1869 his
2845 1829 2964 1883 quae
3004 1813 3136 1868 foris
3186 1813 3398 1884 egerint
3438 1814 3586 1870 intus

305 1909 374 1965 Et
393 1911 520 1981 quia
544 1925 607 1964 ex
632 1917 862 1982 utroque
883 1927 1012 1967 sexu
1035 1913 1272 1968 ﬁdelium
1287 1914 1576 1970 multitudo
1598 1915 1894 1986 colligitur,

300 2011 492 2058 sancta
528 2003 769 2058 Ecclesia
792 2005 976 2059 decem
995 2005 1292 2077 virginibus
1307 2005 1501 2062 similis
1521 2007 1890 2076 denuntiatur,

302 2098 359 2151 in
385 2113 490 2166 qua
520 2096 644 2166 quia
665 2096 792 2150 mali
813 2113 936 2152 cum
974 2098 1150 2164 bonis,
1188 2108 1245 2153 et
1287 2099 1502 2168 reprobi
1541 2115 1665 2155 cum
1705 2099 1894 2158 electis

302 2189 533 2242 admixti
557 2195 708 2253 sunt,
735 2195 883 2242 recte
909 2187 1099 2244 similis
1135 2188 1433 2249 virginibus
1466 2190 1820 2261 prudentibus
1839 2197 1896 2245 et

302 2279 470 2333 f..tuis
496 2293 616 2333 esse
636 2278 970 2349 perhibetur.

382 2365 621 2438 Quinque
647 2376 821 2421 autem
844 2385 908 2422 ea:
929 2384 1004 2422 eis
1028 2377 1175 2422 erant
1206 2366 1390 2438 fatum,
1416 2379 1463 2422 et
1501 2368 1730 2440 quinque
1767 2385 1895 2440 pru-

303 2459 508 2514 dentes.
542 2458 804 2513 Videntur
824 2459 1007 2530 itaque
1066 2460 1197 2515 mihi
1266 2461 1503 2532 quinque
1538 2460 1776 2530 virgines
1821 2459 1896 2515 si-

304 2549 590 2622 gnificare,
615 2551 851 2620 quinque
879 2550 1135 2621 partitam
1175 2550 1563 2606 continentiam
1609 2550 1791 2606 carnis
1834 2550 1897 2605 il-

306 2643 560 2698 lecebris.
608 2643 978 2701 Continendus
1025 2655 1109 2702 est
1160 2645 1304 2701 enim
1349 2646 1515 2700 animi
1570 2650 1896 2716 appetitusa

303 2731 582 2803 voluptate
609 2734 912 2800 oculorum,
943 2750 972 2789 a
996 2734 1269 2805 voluptate
1295 2735 1531 2799 aurium,
1566 2750 1595 2788 a
1623 2734 1898 2804 voluptate

305 2825 913 2899 olfaciendi,gustandi,
966 2827 1241 2899 tangendi,
1296 2828 1389 2883 sed
1431 2827 1556 2898 quia
1604 2827 1707 2882 ista
1761 2842 1896 2882 con-

307 2917 537 2973 tinentia
554 2919 750 2990 partim
775 2933 956 2973 coram
986 2916 1097 2972 Deo
1126 2915 1208 2986 lit,
1261 2926 1322 2972 ut
1373 2917 1448 2972 illi
1488 2918 1766 2989 placeatur
1812 2919 1898 2973 in-

308 3007 501 3061 teriori
537 3007 733 3078 gaudio
777 3007 1144 3072 continentia,
1187 3006 1388 3080 partim
1437 3022 1624 3062 coram
1670 3006 1901 3062 homini—

1994 1907 2221 1980 gioriam
2247 1907 2554 1975 requirunt,
2576 1905 2716 1960 unde
2751 1919 2850 1976 per
2888 1904 3230 1959 Psalmistam
3270 1919 3483 1973 quoque
3519 1904 3586 1958 de

1993 2007 2180 2054 sancta
2199 1997 2495 2052 electorum
2525 1995 2766 2051 Ecclesia
2788 1996 2989 2051 dicitur
3017 2013 3030 2049 :
3058 1993 3242 2049 Omnis
3278 1994 3447 2062 gloria
3467 1994 3585 2064 ejus

1992 2088 2120 2159 filia:
2159 2088 2298 2158 regis
2323 2087 2464 2141 intus
2495 2085 2720 2159 (Psalm.
2741 2084 2910 2157 xuv).

2065 2177 2356 2233 Prudentes
2377 2195 2492 2232 vero
2519 2187 2828 2248 acceperunt
2859 2174 3029 2230 oleum
3051 2176 3104 2228 in
3131 2175 3265 2229 vasis
3311 2176 3421 2229 suis
3463 2191 3582 2229 cum

1995 2268 2344 2341 lampadibus.
2390 2266 2601 2322 Laetitia
2645 2267 2908 2321 bonorum
2945 2279 3168 2335 operum
3204 2265 3259 2320 in
3310 2265 3472 2319 corde
3504 2273 3587 2318 at-

1996 2379 2102 2434 que
2135 2362 2464 2418 conscientia
2499 2344 2813 2432 posuerunt.
2839 2358 2930 2414 Sic
2959 2367 3013 2413 et
3045 2357 3336 2428 Apostolus
3362 2367 3581 2412 monet:

1997 2451 2189 2510 Probet
2218 2460 2390 2506 autem
2416 2469 2470 2506 se
2509 2452 2685 2516 homo,
2731 2449 2927 2522 inquit,
2955 2456 3010 2504 et
3040 2457 3168 2504 tunc
3209 2449 3262 2502 in
3290 2449 3585 2518 semetipso

1997 2544 2220 2603 habebit
2254 2543 2498 2614 gloriam,
2529 2549 2710 2597 etnon
2744 2540 2796 2594 in
2827 2539 3020 2594 altero.

2071 2633 2180 2706 (Ea:
2201 2632 2354 2702 Greg.
2377 2633 2396 2703 )
2419 2632 2720 2686 Prudentes
2740 2631 2917 2684 oleum
2946 2631 3000 2684 in
3021 2630 3165 2684 vasis
3209 2628 3430 2693 habent,
3461 2629 3587 2697 quia

1998 2724 2230 2782 nitorem
2263 2722 2446 2794 gloriae
2486 2722 2631 2776 intra
2677 2721 3067 2776 conscientiam
3123 2719 3375 2783 retinent,
3415 2717 3582 2772 Paulo

2001 2823 2314 2880 attestante,
2341 2815 2432 2884 qui
2467 2814 2542 2868 ait
2573 2831 2588 2867 :
2614 2809 2796 2866 Gloria
2839 2822 3040 2877 nostra,
3082 2811 3193 2864 hinc
3240 2821 3316 2865 est
3355 2811 3590 2866 testimo-

2000 2909 2147 2963 nium
2177 2904 2504 2960 conscientia:
2539 2912 2752 2958 nostris.

2073 2997 2287 3053 Moram
2314 3004 2486 3048 autent
2530 2993 2751 3063 faciente
2793 3007 2981 3062 sponso
3033 2989 3444 3045 dormitavet‘unt
3479 2998 3578 3044 on!

306 3099 417 3154 bus
440 3107 667 3165 tantum,
695 3108 756 3153 ut
780 3098 948 3170 gloria
976 3099 1212 3154 humana
1243 3098 1505 3169 capiatur.
1539 3098 1785 3170 Quinque
1819 3099 1903 3154 di-
2005 3109 2115 3158 nes,
2145 3101 2191 3145 et
2217 3088 2562 3143 dormierunt.
2595 3083 2698 3154 (Ex
2737 3081 3004 3153 August.)
3041 3080 3239 3137 Omnes
3278 3079 3406 3134 dicit
3429 3081 3586 3149 :quia

309 3200 512 3244 cuntur
536 3191 829 3260 sapientes,
853 3199 910 3246 et
933 3191 1170 3262 quinque
1215 3190 1415 3257 stultae,
1447 3199 1692 3261 utraeque
1721 3199 1902 3247 tamen
1930 3186 1975 3249 C
2005 3201 2074 3241 ex
2096 3192 2325 3252 utroque
2347 3193 2544 3251 genere
2572 3177 2961 3232 continentium
2995 3175 3292 3237 hominum,
3337 3174 3450 3228 sive
3493 3187 3589 3227 co-

310 3279 574 3351 virgines,
603 3281 728 3351 quia
766 3290 995 3351 utraque
1023 3280 1353 3336 continentia
1389 3287 1494 3347 est,
1526 3283 1774 3352 quamvis
1819 3282 1902 3340 di-
2001 3294 2122 3334 rum
2161 3278 2254 3349 qui
2285 3275 2351 3332 de
2390 3277 2533 3331 bono
2564 3287 2664 3329 suo
2703 3287 2867 3341 opere
2913 3268 3023 3326 Deo
3059 3270 3302 3325 tribuunt
3334 3269 3585 3342 gloriam,

308 3387 474 3428 verso
496 3372 622 3428 lomi
632 3382 682 3428 te
704 3374 950 3444 gaudeat.

388 3465 541 3532 Ilane
577 3466 889 3536 parabolam
946 3466 1133 3521 decem
1185 3465 1456 3537 virginum
1503 3463 1774 3520 latuarum
1825 3474 1906 3520 at-

312 3572 426 3627 que
475 3559 842 3627 prudentium,
885 3558 1101 3628 quidam
1144 3557 1462 3629 simpliciter
1504 3557 1560 3612 in
1608 3556 1904 3626 virginibus

314 3650 762 3719 interpretantur.
823 3647 1061 3716 Quarum
1122 3650 1241 3704 alite
1276 3646 1435 3720 juxta
1483 3648 1822 3719 Apostolum,
1851 3657 1905 3703 et

314 3754 548 3810 corpore
579 3747 635 3793 et
669 3749 848 3796 mente
892 3749 1018 3795 sunt
1053 3741 1292 3812 virgines
1321 3759 1335 3794 :
1364 3741 1483 3796 alia:
1539 3741 1903 3810 virginitatem

316 3839 527 3886 tantum
595 3847 883 3904 corporum
942 3841 1305 3898 reservantes,
1347 3833 1432 3888 vel
1487 3840 1682 3888 caetera
1740 3848 1904 3903 opera

314 3936 429 3974 non
460 3920 657 3975 habent
691 3922 966 3992 preposito
995 3937 1093 3976 suo
1116 3921 1332 3986 similia,
1373 3921 1458 3975 vel
1497 3931 1780 3993 parentum
1816 3936 1907 3975 cu-

315 4017 498 4071 stodia
525 4026 856 4084 reservante,
883 4017 1234 4075 nihilominus
1254 4025 1434 4072 mente
1450 4025 1747 4088 nupserunt
1771 4036 1783 4070 :
1811 4016 1906 4072 sed

314 4108 456 4164 mihi
501 4108 731 4174 videtur,
784 4125 889 4164 non
935 4109 1002 4164 ad
1057 4107 1341 4178 virginalia
1403 4123 1652 4179 corpora,
1693 4108 1788 4164 scd
1839 4107 1906 4162 ad

313 4212 484 4255 omne
511 4199 788 4254 hominum
814 4216 984 4271 genus
1005 4215 1102 4269 per
1129 4200 1591 4270 comparationem
1611 4199 1904 4269 pertinere,

318 4299 434 4343 tam
467 4289 864 4346 ecclesiasticos
907 4306 1068 4360 quam
1109 4288 1322 4345 Iudaeos
1381 4299 1546 4360 atque
1596 4289 1904 4354 haereticos,

317 4379 417 4448 qui
447 4379 647 4434 idcirco
667 4379 907 4451 virgines
949 4380 1309 4453 appellantur,
1351 4382 1476 4452 quia
1518 4381 1572 4435 in
1616 4380 1774 4435 unius
1812 4377 1906 4433 DCI

318 4471 514 4525 notitia
541 4471 855 4543 gloriantur.

2003 3370 2117 3426 sive
2143 3383 2328 3424 eorum
2357 3365 2450 3435 qui
2504 3365 2559 3419 in
2600 3362 2848 3417 laudibus
2895 3361 3175 3416 hominum
3211 3361 3587 3430 acquiescunt,

2003 3458 2309 3513 moriuntur
2336 3455 2440 3509 hoc
2473 3449 2758 3506 intervallo
2802 3451 3081 3518 temporis,
3133 3448 3304 3504 donec
3348 3449 3448 3504 sub
3494 3449 3591 3503 ad-

2001 3555 2164 3603 ventu
2195 3543 2432 3607 Domini,
2452 3541 2546 3596 liat
2571 3540 2894 3616 resurrectio
2915 3546 3266 3593 mortuorum.

2076 3657 2184 3729 (Ex
2215 3653 2404 3726 Greg.)
2429 3653 2566 3708 Dum
2594 3651 2780 3708 venire
2801 3648 2974 3706 Iudex
3000 3650 3069 3705 ad
3105 3658 3408 3704 extremum
3445 3648 3593 3720 judio

2006 3751 2151 3806 cium
2183 3747 2384 3811 differt,
2415 3744 2574 3801 electi
2621 3753 2678 3801 et
2705 3743 2920 3814 reprobi
2965 3743 3018 3798 in
3054 3742 3251 3797 mortis
3286 3757 3476 3798 somno
3504 3756 3593 3799 so-

2004 3840 2249 3910 piuntur.
2300 3839 2552 3894 Dormire
2599 3838 2803 3893 etenim
2848 3836 2988 3892 mori
3036 3840 3144 3902 est,
3190 3845 3316 3890 ante
3340 3851 3590 3893 somnum

2006 3946 2136 3984 vero
2176 3930 2492 3994 dormitare,
2538 3938 2625 3984 est
2669 3937 2795 3982 ante
2833 3934 3061 3981 mortem
3093 3941 3125 3979 a
3150 3925 3324 3982 salute
3351 3924 3596 3997 langues

2005 4039 2154 4088 cere,
2201 4021 2328 4092 quia
2377 4035 2478 4092 per
2521 4021 2735 4090 pondus
2770 4000 3104 4087 aegritudinis
3177 4017 3491 4085 pervenitur
3525 4018 3592 4072 ad

2007 4125 2255 4168 somnum
2310 4109 2520 4165 mortis.
2579 4107 2986 4176 Consequenter
3024 4115 3206 4161 autem
3243 4106 3444 4162 dicitur
3468 4106 3595 4162 dor-

2007 4203 2261 4266 mierunt,
2291 4201 2417 4269 quia
2441 4206 2631 4268 postea
2659 4197 2957 4253 suscitandi
2981 4205 3129 4252 sunt.
3413 4248 3421 4256 ,

2078 4291 2257 4346 Media
2290 4299 2465 4344 autem
2513 4299 2684 4353 nocte,
2724 4295 2830 4343 etc.
2878 4287 2978 4358 (Ex
3010 4285 3208 4358 Greg.)
3245 4287 3322 4341 De
3361 4287 3595 4344 adventu

2008 4384 2189 4454 sponsi
2219 4383 2421 4437 clamor
2455 4382 2508 4435 in
2535 4378 2732 4434 'media
2775 4385 2935 4432 nocte
2983 4376 3062 4443 lit,
3103 4379 3229 4446 quia
3253 4377 3332 4432 sic
3367 4378 3483 4433 dies
3509 4379 3598 4450 ju-

2009 4477 2136 4532 dicii
2173 4474 2437 4544 subrepit,
2472 4481 2532 4528 ut
2557 4471 2838 4544 prmvideri
2861 4471 2967 4526 non
3013 4471 3212 4536 valeat,
3245 4472 3460 4541 quando
3505 4489 3599 4528 ve-

339 4559 346 4563 ’
397 4559 530 4625 Qua:
551 4561 858 4631 accipientes
879 4559 1146 4630 lampades
1187 4577 1332 4614 suas.
1387 4559 1688 4629 Lampades
1725 4567 1906 4613 autem
1931 4553 1985 4613 D
2012 4567 2112 4631 nit,
2135 4565 2334 4635 quippe
2365 4579 2488 4619 cum
2516 4563 2630 4633 ipse
2676 4563 2936 4618 Dominus
2971 4563 3152 4618 dicat:
3180 4562 3256 4617 De
3285 4563 3369 4617 die
3417 4571 3594 4620 autem

318 4661 473 4718 sunt,
495 4653 620 4721 quia
645 4653 893 4706 manibus
916 4660 1187 4707 testantur
1225 4667 1408 4722 Opera,
1445 4667 1562 4721 qua:
1609 4651 1906 4707 secundum

319 4743 488 4796 istam
511 4741 895 4796 continentiam
925 4740 1060 4795 ﬁunt
1088 4760 1100 4794 :
1131 4742 1331 4796 dictum
1358 4750 1443 4796 est
1484 4750 1686 4808 autem,
1723 4751 1779 4796 ut
1827 4741 1910 4796 lu-

320 4839 480 4884 ceant
511 4845 663 4900 apere
689 4841 856 4885 vestra
884 4848 1060 4886 coram
1082 4832 1397 4886 hominibus.

399 4919 656 4974 Exierunt
686 4921 887 4976 obviam
917 4937 1105 4994 sponso
1125 4933 1174 4977 et
1203 4940 1425 4993 sponsae.
1458 4925 1515 4980 ln
1546 4941 1743 4996 sponso
1765 4926 1909 4981 enim

322 5015 570 5078 nomine,
597 5011 844 5067 Christus
872 5013 1211 5084 intelligitur,
1236 5015 1439 5085 dequo
1469 5016 1817 5087 Evangelium
1833 5015 1914 5070 di-

321 5105 406 5159 cit
439 5122 453 5157 :
481 5103 536 5158 Ν
540 5122 604 5158 οη
623 5104 941 5175 jejunabunt
968 5107 1067 5177 ﬁlii
1105 5109 1298 5178 sponsi,
1322 5111 1556 5178 quandiu
1571 5127 1688 5164 cum
1719 5089 1823 5165 illis
1840 5121 1916 5165 est
1963 5112 1966 5115 ’

321 5209 570 5263 sponsus.
601 5194 764 5265 Ergo,
795 5211 902 5250 non
931 5208 1158 5267 possunt
1178 5201 1271 5269 qui
1297 5198 1594 5256 Christiani
1622 5217 1730 5256 non
1763 5209 1910 5267 sunt,

325 5301 533 5356 sponso
559 5285 776 5342 Christo
803 5288 988 5344 venire
1009 5289 1244 5344 obviam.
1293 5291 1472 5348 Unum
1517 5307 1713 5362 corpus
1753 5293 1912 5359 dixit,

325 5377 616 5446 utriusque
645 5393 830 5444 sexus,
863 5379 1044 5448 sponsi
1077 5388 1133 5434 et
1172 5396 1404 5450 sponsae,
1440 5382 1533 5436 sed
1557 5383 1686 5453 quid
1722 5382 1776 5436 in
1807 5383 1912 5438 Do-

327 5467 568 5533 minum,
595 5469 722 5537 quid
753 5469 806 5523 in
833 5469 1131 5525 Eoclesiam
1171 5471 1477 5527 conveniat.
1518 5472 1783 5527 rationem
1819 5488 1911 5528 co-

326 5557 666 5625 gnoscimus,
694 5561 838 5616 sicut
871 5560 1029 5617 alibi:
1071 5561 1220 5617 Sicut
1267 5580 1455 5634 sponso
1496 5565 1741 5636 imposuit
1785 5567 1914 5620 mihi

334 5649 568 5716 mitram,
619 5660 667 5706 et
721 5654 857 5708 sicut
900 5669 1144 5724 sponsam
1196 5657 1398 5710 ornavit
1458 5672 1540 5710 me
1586 5668 1912 5712 ornamento.

336 5738 519 5796 Unum
550 5757 744 5814 corpus
771 5742 929 5811 dixit,
962 5743 1016 5800 id
1035 5751 1141 5810 est,
1182 5743 1458 5800 Christum
1503 5757 1556 5802 et
1597 5746 1912 5804 Ecclesium.

2011 4657 2106 4711 illa
2137 4667 2183 4712 et
2205 4657 2335 4710 hora
2357 4672 2505 4710 nemo
2540 4656 2632 4709 scit
2657 4652 2873 4726 (Matth.
2892 4652 3058 4726 xxiv).
3088 4654 3156 4708 Et
3179 4653 3470 4724 Apostolus
3489 4656 3596 4713 ait:

2012 4747 2138 4802 Dies
2165 4756 2337 4800 autem
2371 4745 2586 4799 Domini
2625 4756 2875 4816 tanquam
2902 4745 2990 4814 fur
3015 4745 3070 4798 in
3120 4756 3266 4800 nocte
3309 4746 3384 4801 ita
3432 4749 3599 4803 veniet

2017 4837 2069 4910 (ι
2111 4837 2290 4893 Thess.
2313 4834 2398 4907 v).
2423 4836 2528 4892 Per
2561 4837 2873 4909 angelorum
2901 4837 3192 4892 clamorem
3213 4846 3268 4892 et
3283 4840 3441 4894 tubas
3464 4855 3602 4910 prte-

2017 4931 2322 4987 cedcntium
2351 4930 2743 4995 fortitudinem,
2771 4929 2972 4984 Christi
3008 4929 3282 4984 resonavit
3313 4930 3604 4994 adventus.

2018 5022 2238 5077 traditio
2265 5019 2573 5076 Judmorum
2601 5028 2684 5076 est
2711 5020 2987 5077 Christum
3012 5021 3187 5075 media
3213 5029 3371 5077 nocte
3412 5029 3600 5077 ventu~

2016 5128 2138 5167 rum
2189 5111 2244 5167 in
2307 5112 2713 5167 similitudinem
2782 5110 3022 5182 Egyptii
3079 5113 3339 5183 temporis
3385 5113 3600 5184 quando

2015 5201 2223 5260 Pascha
2253 5203 2583 5258 celebratum
2633 5210 2736 5267 est,
2764 5211 2820 5257 et
2849 5204 3111 5273 sanguine
3141 5205 3261 5276 agni
3288 5213 3470 5278 postes
3484 5220 3612 5260 nos‘

2015 5301 2226 5348 trorum
2274 5290 2534 5348 frontium
2587 5293 2886 5349 consecrati
2939 5302 3105 5349 sunt:
3142 5294 3295 5350 Unde
3334 5309 3456 5348 reor
3493 5301 3603 5346 tra»

2017 5383 2277 5438 ditionem
2309 5383 2658 5452 apostolicam
2684 5384 3066 5452 permansisse,
3091 5392 3151 5438 ut
3177 5385 3230 5438 in
3273 5383 3359 5436 die
3393 5381 3602 5451 vigilia-

2016 5489 2138 5529 rum
2159 5473 2404 5539 Paschm,
2434 5481 2558 5528 ante
2584 5473 2760 5528 noctis
2787 5473 3044 5538 medium,
3076 5471 3302 5542 populos
3327 5469 3604 5527 dimittere

2018 5579 2125 5619 non
2147 5563 2328 5629 liceat,
2360 5563 2455 5618 sed
2477 5572 2859 5634 exspectantes
2900 5563 3186 5618 adventum
3219 5558 3419 5614 Christi
3459 5567 3605 5618 stout

2020 5656 2074 5738 iu
2101 5656 2368 5714 Ecclesia.

2095 5750 2241 5806 Tunc
2288 5760 2649 5816 surrexerunt,
2697 5757 2802 5818 etc.
2838 5747 2940 5817 (Ex
2981 5745 3180 5820 Creg.)
3213 5746 3364 5806 Tunc
3413 5762 3606 5804 omnes
