3936 6202
316 302 421 365 55}

1532 291 1806 351 SlIARAG
1816 293 1881 349 Dl
1915 292 2206 349 ABBATIS

3459 288 3572 346 ὅδε

315 411 551 485 virgines
579 413 824 480 surgunt,
852 404 978 476 quia
1001 402 1155 471 electi
1184 409 1239 457 et
1268 401 1483 470 reprobi
1512 417 1542 455 a
1570 418 1759 458 somno
1775 418 1885 457 sum
1913 407 1965 465 Α
1989 404 2219 472 receptis
2261 400 2366 456 illis
2389 441 2402 466 ,
2434 400 2527 471 qui
2564 408 2688 455 sunt
2716 399 2769 454 in
2812 396 3114 471 angelicam
3154 396 3319 452 vitam
3349 398 3567 454 mutati.

315 502 506 558 mortis
532 500 856 563 excitantur,
880 493 1155 565 lampades
1185 501 1403 556 ornant,
1436 491 1562 563 quia
1589 507 1684 547 sua
1708 507 1892 547 secum

313 607 481 663 opera
514 596 822 652 numerant,
858 602 954 657 pro
991 585 1184 655 quibus
1225 591 1482 643 aeternam
1505 583 1746 654 recipere
1766 582 1895 638 bea-

312 683 599 740 titudinem
637 684 972 751 chpectant.

388 772 495 839 (Ea:
521 768 743 840 August.
774 767 1149 840 )Aptavcrunt
1189 765 1464 835 lampades
1493 779 1639 829 suas,
1696 763 1750 819 id
1787 772 1893 842 est,

314 864 553 918 rationes
589 858 890 915 reddendas
925 872 1151 926 operum
1193 871 1432 911 suorum.
1485 853 1710 923 Oportet
1749 855 1895 909 enim

315 971 415 1010 nos
439 952 682 1010 exhiberi
705 960 831 1004 ante
883 949 1114 1004 tribunal
1157 948 1378 1010 Christi,
1410 955 1470 1001 ut
1513 946 1623 1000 illic
1668 946 1897 1015 recipiat

314 1043 707 1113 unusquisque,
732 1040 876 1111 quod
921 1040 1090 1112 gessit
1134 1039 1187 1092 in
1234 1052 1484 1106 corpore,
1531 1037 1645 1091 sive
1670 1036 1920 1103 bonum,’

315 1136 430 1190 sive
464 1133 682 1187 malum.

388 1222 581 1279 Fatua:
610 1231 783 1274 autem
824 1208 1142 1289 sapientibus
1177 1218 1423 1271 dixerunt
1448 1231 1465 1269 :
1493 1216 1628 1271 Date
1659 1216 1805 1271 nobis
1832 1215 1898 1270 de

316 1312 429 1367 oleo
465 1322 650 1378 vestro,
681 1310 803 1381 quia
838 1309 1104 1381 lampades
1136 1319 1327 1363 nostra
1348 1308 1776 1378 exstinguuntur.
1797 1308 1894 1380 (Ex

318 1402 526 1475 Greg.)
575 1402 710 1472 Quid
762 1409 847 1457 est
888 1409 1067 1455 autem
1109 1401 1253 1469 quod
1296 1409 1418 1454 tunc
1470 1416 1515 1457 a,
1544 1399 1900 1468 prudentibus

315 1494 493 1549 oleum
538 1500 731 1563 petunt
773 1491 877 1546 nisi
923 1492 1066 1561 quod
1099 1492 1151 1544 in
1180 1492 1415 1545 adventu
1437 1492 1660 1562 judicis,
1690 1509 1812 1549 cum
1841 1508 1902 1550 se

254 1635 267 1649 .
317 1586 464 1642 intus
485 1600 683 1640 vacuas
707 1583 1034 1647 invenerint,
1064 1582 1431 1637 teStimonium
1465 1582 1598 1638 foris
1631 1590 1898 1654 quaerunt.

315 1677 397 1741 Ac
424 1676 469 1731 si
498 1691 530 1730 a
555 1690 652 1730 sua
694 1673 890 1728 ﬁducia
927 1673 1164 1745 decepta:
1184 1713 1200 1740 ,
1233 1671 1497 1743 proximis
1522 1672 1735 1737 dicant,
1775 1672 1902 1742 quia

316 1782 417 1823 nos
439 1764 596 1837 quasi
621 1764 739 1819 sine
760 1777 922 1834 opere
952 1761 1135 1832 repelli
1164 1761 1500 1839 conspicitis,
1523 1761 1686 1815 dicite
1714 1760 1780 1815 de
1804 1775 1901 1815 no-

315 1857 447 1913 stris
466 1853 744 1927 operibus,
776 1851 906 1923 quid
928 1850 1177 1906 vidistis?
1206 1850 1312 1905 Sed
1332 1850 1609 1920 lampades
1630 1848 1900 1905 fatuarum

318 1948 589 2019 virginum
607 1945 1051 2015 exstinguuntur,
1074 1943 1200 2013 quia
1218 1958 1405 1998 earum
1425 1957 1587 2013 opera
1617 1957 1737 2013 qua:
1757 1940 1903 1996 clara

322 2039 631 2095 hominibus
657 2037 804 2091 foras
833 2042 1231 2106 apparuerunt,
1266 2034 1318 2087 in
1343 2034 1576 2088 adventu
1600 2032 1801 2103 judicis
1822 2032 1905 2087 in-

321 2138 406 2199 tus
441 2130 825 2193 obscurantur,
861 2133 917 2181 et
956 2125 1025 2180 ad
1051 2124 1463 2179 retributionem
1508 2138 1614 2178 non
1654 2123 1899 2189 veniunt,

316 2220 445 2293 quia
474 2234 583 2289 ,pro
611 2217 691 2272 eis
727 2223 1051 2285 receperunt
1093 2214 1162 2269 ab
1187 2213 1496 2267 hominibus
1518 2212 1707 2268 laudes
1725 2253 1741 2280 ,
1768 2228 1904 2284 quas

318 2317 661 2365 amaverunt.

391 2402 501 2475 (Ea:
527 2399 769 2472 Hieron.)
792 2399 923 2469 Quae
941 2397 1217 2469 lampades
1238 2412 1365 2453 suas
1388 2405 1705 2467 quaeruntur
1730 2397 1905 2454 extin-

231 2507 237 2517 '
319 2496 431 2566 gui,
461 2496 818 2551 ostenderunt
849 2507 944 2548 eas
973 2508 1041 2548 ex
1064 2499 1222 2562 parte
1256 2491 1456 2555 lucere,
1488 2497 1544 2544 et
1572 2498 1754 2546 tamen
1793 2480 1904 2547 non

319 2587 525 2643 habere
571 2585 751 2639 lumen
793 2582 1139 2649 indeﬁciens,
1186 2597 1285 2637 nec
1319 2594 1483 2652 opera
1520 2590 1799 2651 perpetua.
1847 2578 1904 2635 Si

319 2675 442 2744 quis
470 2673 637 2744 igitur
687 2672 851 2728 habet
885 2670 1122 2727 animam
1153 2668 1477 2741 virginalem
1520 2677 1577 2724 et
1603 2676 1904 2725 amatorem

321 2761 618 2833 pudicitiae,
637 2776 743 2816 non
758 2760 918 2816 debet
938 2759 1300 2815 mediocribus
1321 2774 1439 2814 esse
1456 2766 1761 2825 contentus,
1785 2774 1906 2833 quae

322 2851 431 2907 cito
443 2851 776 2917 exolescunt,
805 2858 861 2906 et
881 2857 1069 2906 exorto
1095 2859 1342 2904 caumate
1369 2848 1626 2914 areﬁunt,
1648 2848 1743 2905 sed
1780 2864 1906 2921 per-

312 2940 491 3012 iectas
501 2942 729 2998 virtutes
739 2947 1084 3012 sequatur,ut
1096 2939 1275 2994 lumen
1288 2939 1484 3003 habeat
1497 2939 1902 3008 sempiternum.

360 3083 369 3096 ,
394 3030 786 3101 Responderunt
808 3030 1107 3102 prudentes,
1124 3028 1350 3087 dicentes
1372 3042 1391 3081 :
1408 3026 1491 3082 Ne
1513 3027 1647 3099 forte
1667 3046 1770 3083 non
1789 3029 1904 3101 suf-

1997 493 2189 550 Omnes
2213 495 2350 550 enim
2383 510 2733 565 resurgemus,
2775 491 2977 561 inquit,
3021 489 3112 544 sed
3140 505 3244 543 non
3269 505 3446 544 omnes
3473 491 3573 543 im-

1994 585 2315 639 mutabimur
2348 583 2399 657 (I
2435 581 2557 639 Cor.
2586 582 2698 655 xv).
2738 582 2965 641 Clausus
2998 581 3178 638 aditus
3208 596 3435 651 regnum
3462 594 3573 635 ca:-

1994 674 2172 730 lorum
2202 694 2214 729 :
2245 673 2359 735 Non
2395 675 2537 730 enim
2564 682 2685 744 post
2714 670 2981 741 judicium
3008 677 3157 740 patet
3182 684 3439 740 precum,
3481 677 3577 724 aut

1996 762 2309 817 meritorum
2330 762 2481 815 locus
2504 779 2516 814 :
2539 759 2582 815 Ο
2611 760 2655 815 si
2680 774 2870 830 sapere
2893 759 2945 812 in
2970 757 3148 813 cordis
3166 754 3349 827 palato
3368 756 3540 826 possit
3556 795 3591 825 ,_

1995 853 2124 922 quid
2148 852 2521 907 admirationis
2534 851 2726 917 habet,
2747 849 2891 920 quod
2905 849 3121 914 dicitur,
3145 848 3295 903 venit
3313 847 3579 919 sponsus?

1996 944 2124 1014 quid
2147 943 2479 998 dulcedinis?
2501 944 2839 997 intraverunt
2859 957 2979 995 cum
3002 955 3066 995 eo
3095 940 3163 995 ad
3189 940 3423 1009 nuptias,
3447 939 3580 1011 quid

1996 1036 2411 1091 amaritudinis?
2436 1035 2505 1089 Et
2535 1035 2715 1090 clausa
2744 1043 2818 1089 est
2833 1035 3027 1105 janua.
3057 1030 3266 1101 Quanta
3293 1046 3422 1087 vero
3449 1041 3581 1087 tunc

1996 1126 2105 1182 erit
2127 1127 2422 1183 electorum
2448 1128 2656 1191 lmlitia,
2696 1128 2787 1198 qui
2818 1127 2884 1183 de
2921 1126 3038 1195 ejus
3063 1136 3343 1183 merentur
3370 1126 3583 1182 visione

1997 1217 2253 1288 gaudere,
2291 1234 2413 1272 cum
2446 1234 2509 1273 eo
2535 1217 2693 1272 simul
2726 1219 2792 1273 ad
2817 1217 3034 1287 nuptias
3067 1216 3290 1281 intrare,
3320 1216 3413 1288 qui
3440 1225 3496 1271 et
3522 1215 3579 1271 in

1998 1308 2181 1371 sponsi
2219 1309 2435 1379 nuptias
2464 1309 2729 1379 gaudent,
2769 1317 2824 1362 et
2852 1317 3032 1362 tamen
3064 1307 3164 1377 ipsi
3196 1316 3322 1363 sunt
3358 1320 3577 1378 sponsa,

1999 1399 2126 1468 quia
2157 1398 2208 1452 in
2240 1398 2331 1454 illo
2375 1410 2578 1454 mterno
2619 1394 3086 1471 regnithalamo,
3134 1397 3332 1453 visioni
3379 1406 3583 1454 nostra:

2000 1492 2142 1546 Dens
2164 1491 2529 1563 conjungitur,
2555 1492 2646 1562 qui
2672 1492 2881 1549 scilicet
2910 1490 3048 1545 visio
3074 1505 3349 1560 nunquam
3376 1489 3429 1546 in
3452 1504 3584 1560 per-

2001 1566 2449 1656 petuum‘amoris
2478 1586 2559 1641 sui
2584 1585 2922 1655 amplexibus
2943 1584 3224 1640 evellatur.
3250 1583 3402 1639 Tunc
3428 1584 3585 1656 regni

1997 1674 2163 1746 janua
2193 1677 2498 1748 iungentibus
2525 1677 2822 1742 clauditur,
2854 1693 2974 1748 qua:
3004 1676 3162 1731 modo
3196 1675 3588 1751 pmpitentibus

1928 1746 1973 1804 Β
2001 1751 2240 1836 quotidie
2258 1746 2529 1836 aperitur.
2563 1766 2681 1820 Erit
2707 1746 2939 1835 namque
2966 1775 3095 1822 tunc
3121 1746 3459 1838 ptenitentia,
3486 1766 3586 1822 sed

2002 1853 2276 1910 fructuosa
2293 1852 2405 1923 jam
2428 1869 2535 1909 non
2555 1854 2682 1920 erit,
2702 1854 2828 1924 quia
2854 1869 3192 1923 nequaquam
3217 1863 3345 1909 tunc
3364 1853 3583 1908 veniam

2004 1945 2228 2012 invenit,
2257 1944 2349 2015 qui
2376 1944 2535 1999 modo
2559 1954 2742 2014 aptum
2763 1945 2986 2000 veniens
3018 1954 3229 2014 tempus
3255 1942 3450 2013 perdit.

2077 2032 2371 2091 Novissime
2399 2051 2520 2090 vero
2549 2035 2761 2089 veniunt
2797 2044 2847 2089 et
2881 2034 3094 2107 reliqum
3119 2034 3369 2106 virgines,
3405 2028 3582 2086 dicen-

2003 2136 2078 2182 tes
2103 2143 2120 2181 :
2151 2112 2391 2188 Domine,
2417 2124 2661 2191 Domine,
2686 2126 2829 2197 aperi
2853 2125 3020 2180 nobis.
3055 2123 3153 2197 (Ex
3185 2120 3395 2195 Hiero.)
3411 2120 3585 2197 Egre-

2003 2217 2093 2288 gia
2120 2215 2338 2285 quidem
2368 2215 2423 2269 in
2450 2213 2663 2268 Domini
2687 2213 3047 2285 appellatione
3072 2212 3341 2269 confessio
3358 2252 3375 2279 ,
3414 2212 3575 2268 idem-

2003 2320 2111 2377 que
2148 2307 2434 2378 repetitum
2473 2305 2733 2361 indicium
2764 2305 2889 2361 ﬁdei
2929 2313 3042 2371 est,
3086 2303 3180 2360 sed
3209 2304 3337 2375 quid
3363 2303 3584 2375 prodest

2003 2409 2136 2452 voce
2158 2397 2441 2462 invocare,
2474 2411 2635 2466 quem
2655 2396 2910 2467 operibus
2940 2413 3123 2475 neges.

2077 2486 2186 2559 (Ea:
2216 2486 2395 2560 Greg.)
2429 2487 2503 2542 lbi
2524 2485 2636 2558 jam
2670 2502 2701 2542 a
2727 2488 2837 2543 Deo
2865 2502 2971 2542 non
3001 2494 3179 2557 potest
3216 2485 3414 2542 mereri
3440 2484 3585 2557 quod

2003 2578 2161 2649 petit,
2185 2578 2277 2650 qui
2304 2578 2392 2633 hic
2416 2577 2591 2634 noluit
2611 2576 2801 2633 audire
2818 2618 2833 2643 ,
2859 2578 3003 2647 quod
3028 2577 3213 2647 jussit.
3246 2576 3347 2645 Qui
3374 2586 3583 2648 tempus

2006 2685 2307 2743 congruum
2341 2670 2673 2740 pmnitentiae
2707 2670 2982 2742 perdidit,
3028 2668 3230 2725 frustra
3267 2678 3392 2725 ante
3431 2668 3584 2740 regni

1998 2759 2225 2831 januam
2257 2777 2379 2817 cum
2409 2761 2660 2832 precibus
2684 2761 2856 2816 venit.

2079 2851 2188 2925 (Ea:
2226 2850 2386 2924 Aug.)
2416 2851 2534 2908 Non
2562 2851 2764 2907 dictum
2795 2859 2910 2917 est,
2939 2852 3081 2922 quod
3119 2850 3353 2906 emerint
3379 2849 3585 2916 oleum,

2007 2951 2063 3000 et
2096 2944 2219 2999 ideo
2264 2943 2624 3017 intelligenda:
2657 2951 2784 2999 sunt
2820 2943 2969 2998 nullo
3010 2941 3125 3012 jam
3158 2950 3473 2997 remanente
3514 2941 3582 2996 de

2009 3033 2200 3089 alienis
2237 3034 2483 3090 laudibus
2526 3033 2750 3106 gaudio,
2806 3035 2859 3089 in
2886 3034 3148 3105 angustiis
3181 3043 3236 3088 et
3267 3033 3477 3105 magnis
3502 3032 3581 3088 af-

317 3122 465 3193 ﬁciat
494 3121 641 3174 nobis
670 3130 717 3175 et
750 3122 912 3174 vobis.
940 3120 1042 3189 (Ex
1067 3117 1320 3192 August.)
1350 3116 1730 3189 Unusquisque
1751 3120 1897 3176 enim
1926 3114 1970 3177 C
2002 3123 2326 3179 ﬂictionibus
2354 3125 2530 3180 redire
2557 3125 2624 3179 ad
2660 3125 3092 3194 implorationem
3119 3123 3235 3189 Dei,
3268 3122 3361 3178 sed
3387 3138 3581 3195 magna

318 3222 419 3279 pro
445 3222 504 3263 se
535 3208 799 3262 rationem
835 3206 1042 3273 reddet,
1075 3221 1177 3261 nec
1207 3206 1315 3260 alio
1339 3206 1648 3261 testimonio
1672 3208 1900 3282 quisque

317 3294 604 3369 adjuvatus
640 3295 783 3368 apud
809 3292 1009 3362 Deum,
1045 3296 1131 3350 cui
1161 3302 1372 3367 secreta
1405 3293 1583 3350 cordis
1613 3306 1896 3367 apparent.

310 3384 388 3441 Et
416 3386 507 3441 vix
535 3386 634 3441 sibi
665 3385 891 3457 quisque
917 3384 1139 3453 sufﬁcit,
1164 3393 1225 3440 ut
1244 3370 1297 3440 ei
1326 3385 1694 3441 testimonium
1715 3389 1897 3460 perhi-

319 3479 449 3534 beat
473 3477 804 3534 conscientia
832 3493 950 3533 sua.

387 3568 497 3642 (Ea:
525 3567 705 3641 Greg.)
732 3567 791 3622 ln
823 3568 916 3623 illo
947 3567 1094 3624 enim
1123 3567 1239 3631 die,
1282 3566 1425 3638 quod
1461 3576 1643 3623 tamen
1681 3566 1748 3624 de
1775 3569 1898 3639 qui—

316 3658 546 3714 busdam
575 3657 628 3711 in
656 3670 788 3725 pace
808 3656 1061 3712 Ecclesiae
1088 3655 1492 3725 quiescentibus
1518 3655 1733 3725 loquor,
1767 3658 1900 3713 sibi—

254 3790 259 3795 .
324 3758 436 3805 met
472 3749 604 3818 ipsis
651 3746 1015 3802 testimonium
1069 3746 1493 3815 uniuscujusque
1536 3747 1628 3801 vix
1678 3747 1896 3815 sulﬁcit,

319 3843 526 3909 quanto
548 3836 727 3892 minus
752 3842 809 3891 et
828 3834 932 3891 sibi
952 3842 1007 3890 et
1032 3836 1315 3904 proximo?
1342 3836 1431 3891 ubi
1457 3843 1512 3891 et
1535 3838 1782 3907 protinus
1801 3854 1899 3910 per

319 3925 743 3997 i‘ncrepationem
781 3924 1035 3979 subdunt.

387 4015 471 4071 Ite
518 4015 691 4087 potius
732 4014 802 4069 ad
836 4016 1108 4069 uendentes
1148 4025 1197 4068 et
1238 4015 1391 4069 emite
1424 4015 1584 4072 vobis.
1608 4017 1710 4088 (Ex
1730 4018 1894 4092 Aug.)

317 4105 435 4160 Non
465 4104 752 4161 consilium
794 4105 1006 4160 dedisse
1040 4105 1292 4175 putandae
1336 4114 1495 4173 sunt;
1541 4110 1636 4165 sed
1664 4111 1894 4167 crimina

317 4211 505 4252 eorum
529 4212 597 4250 ex
622 4195 840 4265 obliquo
860 4209 1335 4251 commemorasse.

394 4288 519 4362 (Ex
553 4286 715 4358 Greg.
743 4287 762 4343 l
794 4287 1113 4343 Venditores
1154 4289 1354 4358 quippe
1398 4290 1533 4359 olei,
1585 4291 1895 4352 adulatores

318 4390 464 4449 sunt,
497 4382 590 4451 qui
618 4384 761 4437 enim
791 4392 1009 4452 accepta
1038 4385 1280 4452 qualibet
1326 4390 1500 4460 gratia
1526 4431 1540 4455 ,
1585 4392 1745 4445 vanis
1782 4391 1895 4445 suis

2002 3222 2085 3269 est
2106 3212 2221 3285 ejus
2239 3215 2520 3280 severitas,
2541 3223 2663 3283 post
2686 3213 2972 3283 judicium,
2999 3215 3151 3286 cujus
3175 3222 3300 3270 ante
3316 3212 3586 3283 judicium

2003 3304 2290 3361 ineﬁ'abilis
2321 3305 2690 3361 misericordia
2719 3315 3016 3376 praerogata
3055 3313 3157 3369 est.

2076 3395 2139 3449 At
2184 3394 2273 3448 ille
2301 3395 2618 3467 respondens
2665 3397 2738 3448 ait
2767 3411 2785 3449 :
2812 3396 2978 3448 Amen
3026 3393 3143 3448 dico
3190 3392 3352 3459 vobis,
3383 3382 3582 3449 nescio.

2007 3487 2104 3559 (Ex
2150 3484 2402 3561 Hieron.)
2434 3484 2594 3541 Novit
2631 3487 2892 3542 Dominus
2921 3486 3012 3556 qui
3044 3485 3163 3556 ejus
3194 3490 3321 3539 sunt
3363 3482 3450 3556 (II
3492 3482 3587 3540 Ti.

1988 3580 2164 3633 .moth.
2199 3577 2297 3653 ιι),
2342 3588 2399 3634 et
2445 3580 2534 3649 qui
2567 3579 2780 3651 ignorat
2817 3576 3156 3649 ignorabitur
3182 3575 3236 3648 (I
3274 3574 3397 3632 Cor.
3444 3575 3580 3646 11v).

2002 3669 2187 3725 Nescit
2212 3672 2471 3726 Dominus
2495 3671 2776 3742 operarios
2806 3670 3137 3740 iniquitatis.

2075 3763 2196 3837 (Ex
2225 3763 2418 3837 Greg.)
2446 3763 2644 3821 Preces
2669 3764 2930 3832 oll‘erunt,
2964 3766 3058 3821 sed
3086 3766 3421 3830 nesciuntur,
3456 3764 3581 3837 quia

2002 3864 2132 3911 tunc
2163 3855 2309 3911 velut
2332 3857 2633 3929 incognitos
2661 3857 2803 3913 Deus
2828 3858 3059 3924 deserit,
3096 3873 3232 3928 quos
3270 3856 3431 3913 modo
3455 3871 3583 3913 suos

1998 3959 2096 4015 per
2122 3945 2244 4000 vitae
2273 3946 2526 4000 meritum
2552 3962 2658 4001 non
2680 3954 2953 4018 agnoscat.
3386 3942 3397 3951 ’

2081 4031 2305 4105 Vigilate
2331 4036 2505 4108 itaque
2529 4037 2653 4108 quia
2687 4037 2897 4091 nescitis
2926 4037 3066 4091 diem
3097 4053 3260 4109 neque
3285 4036 3489 4095 horam.
3519 4034 3581 4092 Si

1998 4124 2165 4179 sciret
2196 4125 2424 4197 quisque
2454 4125 2520 4181 de
2553 4127 2808 4198 praesenti
2839 4126 3056 4193 szeculo,
3087 4142 3194 4197 quo
3210 4112 3459 4198 tempore
3484 4142 3582 4182 ex-

1998 4214 2121 4280 iret,
2152 4213 2293 4269 aliud
2328 4223 2539 4287 tempus
2566 4215 2931 4287 voluptatibus
2953 4225 3116 4288 atque
3144 4217 3290 4272 aliud
3310 4218 3578 4291 poeniten-

1997 4306 2086 4362 tia:
2111 4314 2296 4376 aptare
2327 4307 2610 4377 potuisset,
2651 4308 2746 4363 sed
2769 4308 2863 4378 qui
2897 4308 3232 4378 paenitentiae
3261 4309 3426 4364 vitam
3456 4323 3579 4382 spo-

1995 4397 2184 4466 pondit
2241 4398 2484 4467 peccanti
2506 4438 2521 4464 ,
2570 4398 2713 4453 diem
2767 4399 3065 4454 crastinum
3137 4414 3245 4455 non
3301 4399 3571 4471 promisit.

319 4473 566 4526 laudibus
596 4473 826 4526 nitorem
864 4472 1046 4542 glorim
1072 4474 1307 4531 offerunt
1326 4458 1348 4543 ξ
1373 4481 1526 4549 quasi
1557 4480 1737 4535 oleum
1765 4496 1895 4535 ven-
1918 4458 1971 4517 D
1997 4458 2364 4558 Semperemo
2376 4458 2677 4545 extremum
2699 4489 2842 4544 diem
2864 4490 3122 4545 debemus
3137 4458 3575 4564 metuere,quem

320 4569 487 4629 dunt,
521 4564 586 4617 de
611 4577 719 4633 quo
755 4561 996 4631 profecto
1025 4564 1144 4620 oleo
1169 4566 1458 4624 Psalmista
1498 4571 1629 4625 dicit
1660 4588 1674 4624 :
1708 4569 1894 4625 Oleum

323 4660 495 4706 autem
521 4653 832 4722 peccatoris,
855 4668 957 4706 non
992 4652 1275 4725 impinguet
1321 4669 1475 4729 caput
1524 4677 1693 4714 meum
1721 4662 1892 4734 (Psal.

320 4744 466 4817 cn).

392 4834 531 4888 Dum
563 4844 735 4888 autem
761 4834 893 4888 irent
919 4851 1101 4900 emere,
1144 4837 1275 4893 venit
1300 4857 1540 4909 sponsus,
1577 4852 1626 4896 et
1662 4860 1778 4916 qum
1799 4862 1895 4914 pa-

321 4934 452 4981 rata:
478 4935 625 4981 erant
652 4925 973 4980 intraverunt
1002 4944 1121 4982 eum
1144 4945 1204 4983 eo
1238 4930 1307 4983 ad
1342 4931 1551 5001 nuptias
1571 4974 1585 4997 ,
1623 4943 1670 4988 et
1707 4934 1889 4992 clausa

321 5024 397 5069 est
430 5015 627 5086 janua.
683 5016 783 5087 (Ex
824 5015 983 5090 Aug.)
1016 5017 1283 5074 Euntibus
1330 5030 1506 5075 autem
1553 5023 1691 5089 illis,
1745 5028 1891 5082 venit

318 5120 573 5177 sponsus,
602 5106 655 5161 id
683 5115 786 5171 est,
823 5107 1207 5166 inclinantibus
1233 5127 1291 5167 se
1319 5111 1423 5168 illis
1450 5114 1502 5167 in
1524 5129 1587 5169 ea
1613 5132 1731 5186 qua:
1759 5115 1891 5175 foris

321 5204 472 5263 sunt,
498 5203 554 5249 et
570 5196 755 5251 solidis
786 5198 1018 5267 gaudere
1038 5204 1421 5269 quaerentibus,
1443 5204 1567 5274 quia
1598 5208 1787 5278 gaudia
1812 5210 1893 5264 in-

317 5295 472 5345 terna
504 5302 612 5342 non
651 5296 935 5340 noverunt.
969 5288 1127 5344 Venit
1167 5290 1258 5346 ille
1299 5294 1390 5362 qui
1417 5291 1654 5361 judicat,
1684 5307 1743 5352 et
1766 5316 1888 5370 qum

318 5390 522 5455 parata:
547 5386 723 5445 erant,
754 5378 806 5433 id
831 5386 936 5444 est,
957 5382 1153 5450 quibus
1168 5385 1368 5461 bonum
1396 5402 1577 5443 coram
1603 5389 1712 5446 Deo
1733 5394 1888 5449 testi-

319 5471 559 5525 monium
584 5466 913 5524 conscientia
935 5470 1270 5539 perhibebat.
1301 5472 1641 5532 intraverunt
1668 5494 1787 5534 cum
1822 5495 1887 5537 eo

319 5563 388 5613 αι
420 5561 651 5630 nuptias,
684 5557 738 5612 id
764 5565 867 5625 est,
890 5558 981 5614 ubi
1013 5561 1209 5616 munda
1238 5563 1413 5618 anima
1436 5568 1766 5637 sempiterno
1793 5569 1887 5625 Dei

322 5649 484 5705 verbo
518 5648 743 5706 fecunda
784 5649 1083 5719 copuletur.
1116 5650 1310 5707 Clausa
1344 5664 1419 5710 est
1448 5656 1624 5728 janua
1648 5699 1661 5725 ,
1704 5660 1756 5715 id
1780 5669 1885 5728 est,

1998 4593 2272 4646 nunquam
2299 4593 2581 4647 possumus
2608 4579 2925 4649 prmvidere.

2070 4668 2178 4741 (Ex
2216 4668 2376 4741 Aug.)
2416 4668 2533 4725 Non
2576 4671 2737 4726 modo
2774 4671 2917 4726 illius
2941 4672 3117 4727 ultimi
3159 4675 3423 4743 temporis
3468 4691 3575 4748 quo

2001 4768 2261 4816 venturus
2289 4770 2373 4817 est
2408 4778 2664 4833 sponsus,
2706 4765 2799 4819 sed
2832 4780 2942 4820 suae
2974 4765 3202 4836 quisque
3233 4767 3574 4825 dormitionis

1997 4850 2140 4905 diem
2174 4858 2229 4906 et
2260 4853 2448 4907 horam
2491 4853 2684 4908 nescit.
2720 4853 2977 4925 Quisquis
3005 4863 3185 4911 autem
3212 4867 3436 4928 paratus
3468 4869 3569 4926 est,

1997 4954 2165 5009 usque
2211 4940 2275 4995 ad
2314 4956 2585 5007 somnum,
2616 4941 2670 4997 id
2715 4951 2813 5006 est,
2848 4959 3017 5012 usque.
3060 4943 3127 4998 ad
3158 4953 3414 5011 mortem,
3452 4963 3571 5020 qua:

1995 5031 2249 5087 omnibus
2275 5031 2520 5099 debetur,
2541 5041 2762 5104 paratus
2794 5033 3113 5101 invenietur,
3137 5036 3302 5090 etiam
3335 5051 3456 5093 cum
3480 5036 3568 5093 illa

1995 5134 2097 5179 .vox
2146 5120 2322 5175 media
2362 5128 2521 5176 nocte
2562 5122 2833 5188 senuerit,
2871 5138 2976 5192 qua
3027 5139 3217 5180 omnes
3264 5125 3568 5198 evigilaturi

1987 5219 2138 5267 sunt.
2186 5210 2341 5279 Quod
2366 5227 2498 5267 vero
2528 5228 2725 5283 sponso
2753 5223 2807 5269 et
2838 5229 3047 5285 sponsa:
3069 5215 3205 5270 dixit
3236 5217 3454 5271 obviam
3478 5232 3570 5272 ve-

1990 5305 2137 5360 nisse
2166 5304 2437 5375 virgines,
2468 5305 2550 5361 sic
2593 5305 2997 5378 intelligendum
3034 5316 3189 5380 puto,
3223 5314 3284 5361 ut
3331 5323 3400 5363 ex
3437 5308 3570 5381 ipsis

1988 5393 2307 5463 virginibus,
2321 5394 2629 5459 conﬁtetur,
2654 5411 2717 5450 ea
2728 5411 2847 5466 qua:
2864 5397 3062 5452 dicitur
3075 5412 3291 5468 sponsa,
3308 5404 3569 5478 tanquam

1990 5483 2037 5538 si
2068 5483 2317 5540 omnibus
2349 5485 2670 5542 Christianis
2704 5487 2759 5541 in
2794 5488 3089 5543 Ecclesium
3120 5478 3569 5549 concurrentibus

1993 5575 2087 5629 lilii
2124 5577 2192 5630 ad
2218 5584 2445 5632 matrem
2475 5592 2798 5635 concurrere
2819 5579 3096 5647 dicantur,
3123 5599 3248 5639 cum
3280 5582 3415 5656 ipsis
3438 5582 3565 5641 ﬁliis

1993 5668 2351 5740 congregatis,
2382 5680 2591 5728 constet
2620 5686 2683 5728 ea
2715 5687 2833 5743 qure
2856 5672 3053 5729 dicitur
3081 5682 3274 5730 mater.
