3936 6202
346 255 450 312 ἲὶῧι)

1259 246 1676 316 δυιιιιΑῐιιυΜ
1717 244 1785 302 IN
1824 245 2043 300 EPIST.
2088 244 2174 302 ET
2218 243 2468 298 EVANC.

3505 241 3606 294 56-3

343 365 692 441 obediunt,et
713 361 922 414 ﬁrmam
947 359 1332 448 benoﬁciorum
1359 359 1924 428 qiusmcmoriam-ha-
1956 391 2000 448 Α
2030 355 2158 448 dere
2186 353 2384 448 deberit
2411 358 2466 406 ut
2485 348 2843 405 ministerium
2868 357 3113 402 nostrum
3159 350 3225 404 ad
3252 349 3472 419 plenum
3489 365 3615 420 pro-

344 438 553 494 herent,
582 433 634 484 in
666 438 1035 499 tempestatem
1061 431 1198 482 hanc
1225 429 1569 499 inducantur.

414 503 468 556 2.
517 495 826 554 Consolatio
859 509 943 552 est
986 498 1467 552 omnibustristi
1519 495 1787 560 ﬁdelibus,
1835 499 1924 566 qui

342 573 594 627 cuiusuis
623 571 766 624 adsit
785 584 954 636 usque
984 568 1038 620 in
1054 569 1578 622 consummationem
1601 567 1806 630 smculi,
1827 582 1928 620 nec

344 641 916 709 relinquatorphanos,
937 647 992 689 ut
1020 638 1075 690 in
1105 638 1300 693 mediis
1319 636 1573 705 periculis
1599 636 1822 691 minime
1843 639 1929 691 de-

347 719 587 767 SDCl'Clll.

431 755 441 764 ι
489 730 587 762 ξιιι.

377 730 787 838 ρὲῗιευλλήϐδην
829 777 1124 833 clamemus
1160 776 1400 831 universi
1443 785 1497 830 et
1532 777 1751 847 singuli,
1784 776 1931 847 prin-

342 850 532 920 cipes,
593 848 876 913 monachi,
928 847 1209 969 episcopi,
1262 847 1563 917 spiritales,
1621 845 1830 916 profani
1876 845 1928 900 in

347 925 446 969 hac.
497 926 819 969 tempestate
864 919 967 969 Ecc
989 917 1155 969 esim.
1198 919 1252 969 in
1301 919 1384 969 his
1417 918 1611 969 rebus.
1663 925 1774 969 tam
1823 915 1927 968 mi-

347 915 446 974 hac
497 926 819 987 tempestate
864 915 1155 980 Ecclesia}.
1198 919 1252 972 in
1292 915 1384 970 his
1417 915 1626 980 rebus,
1663 925 1774 970 tam
1823 915 1927 987 mi-

279 1021 282 1028 ι
343 1007 464 1046 sere
493 985 730 1052 atllictis,
783 989 1025 1049 Domine,
1059 989 1207 1042 salva
1249 1003 1370 1051 nos,
1401 987 1664 1057 perimus,
1708 1001 1809 1041 nec
1835 985 1933 1039 du-

344 1062 602 1124 bitemus,
651 1075 750 1112 nos
794 1058 1080 1112 Dominum
1125 1058 1462 1113 excitatur-os
1502 1065 1561 1110 ut
1609 1059 1932 1111 misereatur

337 1141 536 1187 nomn.
613 1220 942 1275 DOMINICA
990 1217 1056 1271 IN
1098 1217 1648 1273 SEPTUAGESIMA.

237 1365 244 1374 .
337 1315 610 1371 Ertsrou
640 1332 704 1369 ιιι)
732 1315 864 1369 Con.
895 1312 936 1378 l,
979 1328 1095 1365 car.
1133 1328 1182 1365 Ix
1223 1328 1235 1364 :
1272 1309 1500 1365 Nescitis
1530 1310 1668 1382 quod
1700 1311 1738 1362 ii
1763 1309 1850 1380 qui
1881 1309 1932 1360 In

917 1383 1091 1437 stadio
1131 1392 1373 1462 currunt.

417 1477 467 1529 1.
487 1476 606 1529 Vita
624 1473 951 1534 Christiana,
969 1472 1191 1525 minime
1212 1471 1388 1525 mollis
1401 1480 1489 1524 est
1503 1480 1559 1525 et
1575 1471 1825 1531 delicata,
1839 1468 1934 1522 sed

347 1546 615 1599 laboriosa
641 1552 695 1596 et
724 1544 920 1596 sudore
947 1542 1124 1610 plena,
1143 1542 1237 1594 sed
1261 1556 1424 1609 quam
1438 1543 1767 1610 agonotheta
1793 1540 1935 1592 Deus

345 1630 702 1739 ﬁmunerare
720 1612 865 1674 velit,
894 1613 951 1665 id
975 1610 1219 1680 pulchris
1240 1611 1703 1674 similitudinibus,
1724 1611 1794 1664 ob
1807 1624 1936 1663 ocu—

404 1702 430 1738 s
461 1693 700 1739 ponitur.

461 1701 700 1753 ponitur.

415 1739 475 1808 2:
486 1754 646 1808 Certa
655 1753 757 1806 turi
774 1751 939 1817 saltu,
953 1759 1113 1805 utest
1129 1752 1268 1819 apud
1285 1750 1670 1806 Philostratum
1683 1751 1737 1805 in
1753 1748 1932 1804 libello
1961 1739 2007 1798 B

345 1826 412 1878 de
432 1824 688 1888 Athletis,
725 1823 1074 1876 abstinebant
1105 1823 1248 1875 coitu
1275 1831 1330 1876 et
1378 1822 1501 1876 aliis
1544 1821 1773 1884 deliciis,
1815 1820 1929 1890 jam

346 1907 502 1962 turpe
553 1904 668 1958 est,
709 1894 754 1946 si
786 1907 886 1946 nos
915 1906 1024 1960 pro
1073 1892 1262 1962 bravio
1290 1893 1415 1946 vitae
1442 1902 1660 1946 aeternae
1708 1890 1932 1962 segnius

347 1961 448 2019 nos
473 1979 746 2033 geramus,
785 1979 949 2031 quam
998 1961 1185 2031 vulgus
1231 1963 1508 2024 hominum
1542 1977 1638 2030 pro
1669 1961 1760 2014 vili
1787 1975 1931 2029 prte-

352 2050 480 2088 11110.

309 2113 314 2124 ’
414 2107 466 2158 5.
499 2103 861 2174 Exemplum,
898 2118 1026 2174 cum
1051 2100 1202 2174 Pauli
1235 2141 1250 2164 ,
1304 2102 1449 2174 quod
1504 2116 1778 2165 sermone,
1821 2101 1932 2154 vita

345 2173 644 2228 benefactis
679 2173 847 2228 nobis
893 2173 1154 2227 imitabile
1202 2173 1558 2242 proponitur,
1624 2181 1738 2225 tum
1767 2177 1932 2242 "veto;

350 2259 468 2298 rum
523 2254 782 2312 patrum,
835 2243 926 2312 qui
981 2239 1233 2311 baptismi
1285 2239 1544 2312 mysterio
1595 2251 1650 2296 et
1703 2239 1934 2312 spiritali

346 2329 475 2368 esca
498 2311 759 2384 potaque,
792 2311 897 2367 non
915 2313 1072 2368 titulo
1098 2321 1270 2374 tenus,
1298 2311 1394 2364 sed
1411 2312 1609 2382 rcipsa,
1635 2311 1938 2366 communi-

351 2394 566 2438 caruut.

350 2475 694 2530 vaxcmwu
736 2473 1030 2536 Mar'rtmzt,
1071 2488 1190 2526 car.
1228 2489 1332 2526 xx:
1377 2470 1564 2542 Simile
1599 2480 1680 2525 est
1720 2488 1935 2542 regnum

692 2545 940 2597 caelorum
969 2544 1168 2596 homini
1189 2541 1589 2612 patrifamilias.

415 2639 439 2691 1
459 2677 472 2688 .
490 2634 765 2690 Parabolze
780 2647 957 2688 rerum
975 2634 1381 2687 notissimarum
1397 2631 1778 2687 similitudines
1788 2641 1937 2696 sunt,

349 2706 576 2761 docendi
618 2721 786 2775 genus
825 2704 1308 2775 simplicissimum,
1355 2703 1673 2775 et_rudibus
1705 2703 1940 2775 maxime

350 2771 676 2849 appositum,
698 2776 749 2828 in
769 2775 873 2849 his,
898 2771 1046 2849 quod
1084 2773 1293 2849 singula
1324 2772 1489 2825 verba
1528 2771 1744 2849 attinet,
1776 2787 1845 2827 ne
1871 2773 1941 2826 si-

351 2843 471 2902 nitis
508 2847 670 2901 anxie
711 2845 946 2909 curiosi,
989 2859 1112 2898 cum
1141 2843 1204 2898 de
1233 2857 1445 2897 summa
1493 2843 1777 2897 sententia:
1811 2858 1939 2898 con—

351 2929 498 2973 stare
519 2917 711 2986 possit.

419 2989 472 3041 2.
517 2979 692 3041 Locus
713 2986 778 3040 de
809 2984 1287 3054 praedestinatione
1348 2983 1634 3038 admodum
1683 2979 1934 3036 diﬁicilis.

349 3058 459 3112 Cur
505 3073 610 3110 non
645 3071 836 3110 onmes
863 3054 1048 3108 statim
1077 3055 1364 3117 conducat,
1412 3070 1578 3108 unum
1635 3055 1738 3107 hac
1776 3054 1934 3114 hora,

275 3137 278 3140 '
351 3129 518 3181 alium
565 3127 733 3179 altera
794 3132 982 3178 vocet:
1033 3139 1160 3176 nam
1187 3137 1256 3176 ex
1309 3124 1784 3191 praedestinationc
1843 3122 1938 3175 Dei

351 3197 487 3260 ﬁuit,
527 3205 586 3248 ut
608 3196 731 3264 quis
765 3193 1050 3248 credatvel
1073 3208 1178 3246 non
1208 3197 1411 3255 credat,
1445 3209 1476 3246 a
1499 3203 1723 3262 peccato
1746 3193 1939 3247 libere-

353 3277 464 3330 tur,
520 3265 605 3319 vel
651 3279 781 3326 non,
825 3271 886 3317 ut
927 3264 1164 3318 sciamus
1207 3264 1436 3316 salutem
1491 3272 1732 3318 nostram
1759 3301 1775 3326 ,
1831 3279 1937 3316 non

353 3337 410 3390 in
447 3335 652 3390 viribus
687 3332 928 3397 nostris,
981 3333 1077 3390 sed
1121 3332 1295 3387 solum
1346 3333 1399 3386 in
1455 3332 1696 3403 potentia
1734 3332 1937 3403 Deisi-

355 3416 486 3470 tam,
530 3413 584 3459 et
618 3405 743 3458 hinc
770 3418 920 3473 spem
944 3403 1205 3458 habemus
1227 3410 1412 3457 contra
1437 3402 1719 3474 peccatum
1749 3412 1803 3456 et
1833 3402 1936 3457 Sa-

353 3487 534 3531 tanam
547 3515 558 3527 .

422 3549 474 3614 5.
517 3545 652 3613 Quia
699 3544 977 3599 novissimi
1004 3542 1186 3612 primi,
1227 3551 1281 3597 et
1326 3545 1486 3614 primi
1533 3544 1848 3612 novissimi,
1883 3553 1939 3599 et

353 3613 509 3673 multi
535 3615 731 3678 vocati,
757 3615 913 3682 pauci
938 3629 1066 3669 vero
1091 3614 1272 3678 electi,
1306 3613 1366 3671 ut
1417 3623 1562 3670 meta
1599 3623 1830 3683 ponatur
1854 3624 1933 3669 tc-

351 3688 620 3750 merariis,
650 3693 707 3739 et
749 3685 1070 3739 sublimibus
1093 3684 1388 3752 spiritibus,
1437 3686 1528 3753 qui
1553 3686 1740 3740 volunt
1763 3685 1960 3746 consia

351 3756 426 3812 lia
476 3757 573 3810 Dei
627 3755 1001 3809 inscrutabilia
1051 3756 1401 3823 perscrutari.
1457 3757 1540 3808 An
1576 3757 1688 3810 sint
1733 3756 1938 3824 praede-

353 3827 536 3881 stinati
568 3841 757 3888 necne,
799 3831 904 3877 etc.
953 3826 1054 3894 Qui
1077 3823 1227 3893 _velit
1263 3839 1384 3894 esse
1409 3825 1646 3894 prudens
1677 3823 1936 3885 et’ﬁdelis

353 3897 717 3967 dispensator,
741 3965 751 3967 _
775 3902 954 3950 servet
1003 3893 1165 3967 Pauli
1206 3893 1471 3967 ordinem,
1499 3910 1668 3967 quem
1688 3895 1850 3949 habet
1882 3897 1935 3949 in

353 3963 754 4022 Christianismi
801 3963 1200 4033 compendiaria
1232 3963 1473 4032 Epistola
1523 3963 1593 4018 ad
1640 3963 1933 4029 Romanos,

353 4047 412 4093 et
444 4047 572 4092 ante
598 4035 780 4089 otunia
807 4036 1048 4105 inquirat
1091 4035 1157 4088 de
1178 4033 1396 4090 Christo
1425 4035 1479 4089 in
1506 4035 1802 4106 Evangelio
1829 4057 1843 4090 :
1880 4045 1939 4090 ut

351 4109 513 4162 homo
533 4124 630 4163 sua
651 4115 874 4176 peccata
899 4115 953 4160 et
977 4106 1180 4161 Christi
1221 4106 1450 4175 gratiam
1473 4115 1752 4175 agnoscat,
1812 4122 1935 4162 cum

352 4188 577 4250 peccato
633 4186 872 4249 pugnet,
910 4185 973 4250 et
1022 4177 1138 4250 jam
1185 4176 1275 4231 ubi
1325 4177 1602 4250 inceperit
1638 4179 1738 4231 sub
1776 4191 1939 4250 cruce

351 4247 407 4305 et
433 4247 684 4319 passione
713 4247 857 4313 esse,
907 4248 1013 4302 hoc
1044 4248 1394 4319 ipsam_rectc
1417 4247 1632 4301 docebit
1659 4247 1940 4318 pnedcsti-

353 4317 646 4378 nationem.
707 4319 875 4388 llujus
904 4319 1047 4373 enim
1067 4317 1198 4373 inus
1224 4317 1262 4382 i,
1297 4334 1421 4372 'non
1448 4333 1637 4373 omnes
1666 4317 1827 4372 ’utrcs
1850 4333 1940 4371 ca-

356 4406 518 4461 paces
548 4398 692 4445 sunt.

682 4498 1009 4554 DOMINICA
1045 4497 1111 4551 lN
1149 4497 1610 4552 SEXAGESIMA.

357 4591 619 4647 ιίιιιεῑοιηι
647 4605 714 4643 AD
753 4589 885 4644 Con.
919 4603 1176 4658 saeuum,
1206 4603 1322 4642 αλιι.
1357 4605 1406 4642 xi
1441 4607 1451 4641 :
1491 4589 1726 4642 Libenter
1753 4589 1945 4658 suffer-

941 4657 1008 4710 tis
1044 4657 1361 4727 insipientes.

432 4775 490 4843 l.
519 4771 783 4843 Gloriatio
805 4778 872 4843 et
898 4768 1202 4843 triumphus
1224 4767 1407 4843 Pauli,
1423 4771 1704 4826 dissimilis
1727 4774 1942 4843 sangui-

355 4842 527 4901 uariis
564 4840 856 4912 triumphis
893 4839 1270 4910 quorumdam,
1321 4841 1565 4912 quicum
1612 4851 1794 4911 patres
1821 4839 1942 4899 esse

355 4914 617 4967 deberent
648 4910 862 4982 tyranni
891 4918 1122 4982 sunt,et
1144 4921 1244 4978 pro
1265 4910 1551 4965 catholicis
1576 4910 1866 4977 κὰκόλυκοι,
1884 4913 1940 4968 in

360 4983 652 5054 laboribus,
675 4981 790 5036 etc.
812 4981 949 5054 llaec
975 4981 1098 5054 belli
1123 4982 1318 5035 decora
1347 4988 1531 5035 manet
1555 4997 1755 5037 corona
1773 4983 1940 5054 justi-

361 5055 446 5109 tia:
471 5051 710 5122 reposita
735 5054 788 5106 in
809 5052 954 5122 illum
974 5052 1147 5122 diem.

426 5124 480 5178 2.
523 5121 826 5177 Necessitas
855 5121 1023 5176 Paulo
1061 5122 1400 5187 incumbens,
1431 5122 1657 5192 utquod
1682 5133 1941 5193 quatuor-

353 5195 531 5251 decim
568 5194 733 5266 annis
774 5193 1079 5266 celaverat,
1109 5194 1730 5266 postmodumbprodere
1782 5211 1941 5266 coge-

356 5274 526 5322 retur.
567 5263 671 5320 Tot
689 5273 846 5319 erant
880 5263 1116 5334 pericula
1146 5263 1389 5334 religioni
1430 5262 1751 5334 Christianae
1788 5262 1939 5332 afal-

353 5337 430 5393 sis
459 5335 798 5408 apostolis,__a
820 5332 1154 5408 philosophia
1187 5332 1454 5408 mundana
1476 5373 1490 5398 ,
1515 5350 1565 5408 _a
1599 5333 1822 5408 Judaica
1848 5353 1939 5391 su-

357 5403 693 5480 perstitione.
736 5405 806 5462 Ut
833 5404 886 5458 ni
915 5403 1112 5480 Paulus
1139 5405 1284 5457 omni
1304 5404 1448 5473 quod
1478 5406 1632 5480 aiunt
1654 5407 1791 5480 pede
1809 5423 1938 5480 con-

357 5475 439 5534 ira
454 5480 714 5542 stetisset,
734 5485 787 5532 et
803 5475 1172 5547 quotidianam
1195 5482 1392 5547 curam
1408 5476 1649 5547 omnium
1670 5477 1938 5531 Ecclesia-

287 5559 297 5566 '
357 5564 474 5604 rum
505 5544 1140 5618 ital_iuisset,gravissime
1155 5544 1456 5618 periclitata
1483 5545 1673 5600 fuisset
1691 5548 1934 5602 doctrina

358 5620 689 5690 evangelica.
743 5614 866 5673 Haec
890 5616 1160 5690 ignaviam
1191 5614 1564 5690 episcoporum
1586 5624 1642 5690 et
1663 5619 1936 5690 ministro-

358 5703 477 5744 rum
505 5686 764 5746 Ecclesia:
793 5690 986 5746 merito
1013 5687 1294 5754 damnant,
1327 5695 1379 5740 et
1404 5686 1637 5740 calcaria
1661 5688 1817 5743 nobis
1843 5688 1936 5741 ad-

2031 424 2215 478 batum
2248 425 2557 478 reddamus.

2102 496 2155 549 '5.
2197 493 2518 547 Plutarchus
2560 491 2749 545 scribit
2794 489 2862 543 de
2894 487 3127 542 utilitate
3160 488 3228 541 ah
3263 488 3500 542 inimicis
3527 505 3612 543 ca-

2029 564 2243 633 pienda.
2317 562 2414 616 llic
2448 576 2579 615 sane
2631 561 2904 633 habemus
2938 559 3212 633 stimulum
3237 561 3465 633 _car_nis,
3494 561 3617 633 hoc

2031 627 2114 687 est
2165 633 2575 687 insectationem
2604 631 2867 683 malorum
2893 629 3172 682 hominum
3191 669 3205 693 ,
3235 627 3402 682 Paulo
3430 631 3621 684 utilem

2030 703 2218 757 fuisse.
2277 703 2368 757 Sic
2407 702 2554 755 enim
2585 710 2644 754 et
2691 700 2895 752 inimici
2945 713 3336 766 nonnunquam
3364 707 3618 767 prosunt,

2031 774 2288 826 docentes
2319 787 2416 826 nos
2457 771 2809 825 sobrietatem
2839 776 2895 822 et
2922 768 3262 831 modestiam,
3311 777 3366 820 et
3392 769 3478 829 hic
3517 771 3622 822 im-

2030 843 2298 898 becillitas
2345 841 2555 912 perﬁcit
2582 841 2834 895 virtutem
2861 846 2917 893 et
2947 838 3240 898 inﬁrmitas
3265 839 3498 894 absolvit
3523 855 3624 909 po-

2033 913 2280 967 tentiam.

2033 1001 2380 1057 Ενιιιιιιειιωί
2400 1000 2585 1063 Luem,
2608 1014 2727 1052 car.
2757 1013 2886 1052 vui:
2920 995 3055 1051 Cum
3071 998 3224 1052 turba
3241 998 3469 1068 plurima
3494 1017 3622 1054 con-

2136 1072 2388 1136 venirent,
2422 1081 2468 1123 et
2499 1087 2527 1123 e
2559 1068 2783 1138 singulis
2818 1068 3116 1143 civitatibus
3151 1081 3510 1138 properarent.

2103 1159 2154 1213 1.
2198 1159 2507 1214 Similitudo
2541 1159 2862 1213 seminantis
2891 1168 3074 1212 monet
3107 1175 3319 1224 omnes,
3364 1169 3422 1214 ut
3451 1163 3623 1218 avidis

2030 1231 2228 1284 animis
2277 1231 2543 1301 accipiant
2597 1243 2901 1301 sermonem
2954 1229 3344 1301 evangelicum,
3401 1235 3621 1301 etquod

2033 1302 2337 1355 didicerunt
2355 1299 2636 1354 conferant
2655 1300 2721 1352 ad
2744 1314 2899 1352 usum
2925 1299 3160 1367 pietatis.
3228 1299 3352 1355 Haec
3378 1310 3462 1358 est
3477 1299 3620 1355 enim

2035 1370 2166 1424 ﬁdes
2221 1370 2516 1425 electorum
2558 1378 2613 1424 et
2650 1369 2854 1438 agnitio
2893 1369 3137 1423 veritatis
3183 1368 3238 1422 in
3285 1385 3436 1439 spem
3499 1373 3622 1427 vitae

2040 1449 2275 1494 (elerum.

2105 1511 2160 1564 2.
2206 1510 2341 1565 llinc
2365 1509 2761 1565 exclamatione
2815 1508 2942 1580 (Qui
2977 1510 3141 1564 habet
3168 1511 3619 1580 aures_'audiendi

2036 1582 2240 1652 audiat)
2293 1582 2596 1652 auditorem
2625 1578 2939 1642 exsuscitat,
2983 1595 3091 1652 non
3122 1578 3440 1652 cessandum
3471 1597 3498 1633 a
3528 1585 3620 1636 do-

2036 1650 2389 1717 ctrinasana,
2415 1650 2577 1704 etiam
2601 1652 2644 1704 si
2675 1665 2781 1704 non
2807 1658 3022 1719 semper
3045 1650 3334 1703 fructiﬁcet
3358 1652 3495 1718 apud
3509 1668 3621 1704 ont-

2038 1737 2152 1784 nes,
2214 1729 2422 1774 tantum
2452 1729 2643 1790 quarta
2673 1735 2801 1790 pars
2831 1721 3079 1784 seminis,
3113 1721 3200 1774 hic
3229 1721 3464 1774 fructum
3499 1737 3621 1790 pcr-

2039 1791 2236 1844 l'ectum
2265 1800 2320 1844 et
2340 1791 2645 1845 absolutum
2670 1789 2896 1859 profert.

2107 1861 2160 1914 5.
2201 1861 2448 1931 Optimus
2472 1862 2736 1931 interpres
2761 1861 3040 1931 sermonis
3063 1861 3148 1914 sui
3189 1859 3464 1925 Christus,
3524 1863 3617 1930 qui

2036 1931 2124 1985 hic
2150 1941 2234 1986 est
2250 1929 2573 1986 seminator.
2621 1929 2727 1986 Cor
2756 1930 2990 1985 hominis
3013 1939 3157 1985 terra
3181 1931 3296 1986 sive
3324 1933 3519 1997 solum,

2037 2017 2180 2069 men,
2211 2017 2393 2054 sermo
2419 2001 2782 2076 evangelicus.

2312 2109 2636 2166 DOMlNlCA
2657 2109 2723 2165 IN
2756 2109 3342 2178 QUINQUAGESIMA.

2039 2205 2305 2259 Ertsrou
2343 2221 2411 2259 Αο
2431 2203 2762 2258 Οοιιιινιτιιιοε
2789 2217 2975 2272 enim,
3008 2219 3126 2257 car.
3160 2220 3255 2257 xm
3288 2222 3301 2256 :
3341 2203 3403 2258 Si
3429 2201 3621 2272 linguis

2107 2274 2376 2327 hominum
2412 2274 2621 2342 loquar,
2679 2282 2727 2327 et
2767 2271 3094 2343 angelorum,
3119 2271 3622 2326 charitatemautcm

2111 2362 2217 2398 non
2245 2344 2489 2410 habeam,
2517 2358 2640 2398 Ετϐ.

2115 2434 2162 2486 1.
2201 2432 2451 2492 Charitas
2470 2433 2778 2487 necessaria
2810 2433 3069 2497 est,dona
3093 2441 3273 2486 autem
3297 2432 3621 2502 linguarum,

2039 2505 2358 2573 prophetiae,
2375 2503 2758 2557 miraculorum
2771 2544 2785 2567 ,
2809 2519 2914 2558 non
2929 2512 3056 2558 sunt
3076 2504 3405 2573 necessaria,
3424 2504 3475 2555 in
3499 2505 3629 2556 cha-

2043 2572 2200 2628 ritate
2249 2589 2439 2627 omnes
2484 2586 2813 2641 cognoscent
2867 2573 3011 2642 quod
3041 2572 3145 2626 mei
3191 2573 3436 2641 discipuli
3468 2575 3619 2636 estis,

2042 2642 2495 2713 iuquitChristus,
2512 2643 2670 2698 Joan.
2689 2659 2807 2709 xm,
2837 2642 3228 2713 etcilrastudia
3245 2642 3622 2697 benemcrendi

2041 2715 2108 2768 de
2125 2712 2374 2784 proximo
2402 2729 2559 2767 nemo
2587 2713 2788 2767 videbit
2813 2714 3002 2778 Deum,
3057 2712 3177 2765 ideo
3203 2712 3306 2767 hoc
3344 2729 3506 2766 unum
3542 2723 3625 2766 est

2042 2784 2408 2839 necessarium
2432 2792 2488 2838 et
2507 2784 2840 2838 sectandum.

2111 2854 2166 2907 2.
2207 2853 2502 2909 Charitatis
2523 2869 2654 2908 usus
2679 2853 2939 2908 latissime
2965 2861 3137 2923 patet,
3163 2854 3288 2907 hinc
3307 2861 3622 2921 perpetuum

2040 2925 2242 2978 donmn
2265 2933 2366 2984 est.
2399 2940 2464 2979 ac
2499 2938 2596 2993 per
2625 2939 2842 2977 omnem
2869 2925 3303 2979 Christianorum
3332 2925 3495 2976 vitam
3525 2923 3624 2974 dit-

2042 2995 2220 3050 l‘usum
2247 3003 2304 3048 et
2344 2992 2925 3064 habetpuleherrimas
2957 2997 3130 3058 dotes,
3157 2995 3368 3062 patiens
3399 3003 3507 3056 est,
3537 2992 3626 3044 be-

2045 3065 2203 3134 nigna
2235 3073 2320 3118 est
2362 3078 2376 3116 :
2431 3065 2670 3134 Charitas
2701 3080 2807 3118 non
2853 3065 3092 3127 invidet.
3139 3065 3381 3118 charitas
3412 3079 3514 3118 non
3544 3070 3627 3134 est

2039 3132 2266 3202 procax,
2299 3150 2407 3189 non
2437 3132 2675 3198 inﬂatur,
2704 3149 2811 3190 non
2848 3143 2936 3202 est
2955 3136 3254 3199 fastidiosa,
3301 3149 3408 3188 non
3431 3133 3628 3201 qttart‘it

2045 3220 2166 3273 quae
2188 3212 2292 3261 sua
2311 3212 2458 3275 sunt,
2481 3220 2590 3259 non
2619 3204 2888 3270 irritatur,
2912 3221 3016 3259 non
3045 3205 3259 3275 cogitati
3275 3205 3495 3266 malum,
3521 3218 3627 3275 non

2039 3275 2241 3344 gaudet
2273 3276 2339 3329 de
2355 3273 2641 3342 iniustitia,
2692 3276 2787 3330 sed
2817 3273 3132 3344 congaudet
3150 3274 3392 3338 veritati,
3445 3273 3625 3328 omnia

2039 3343 2252 3408 suﬁ‘ert,
2276 3345 2455 3398 omnia
2482 3346 2675 3410 credit,
2711 3347 2892 3400 omnia
2929 3343 3130 3415 sperat,
3167 3346 3352 3399 omnia
3375 3344 3623 3407 sustinet,

2039 3415 2276 3469 Charitas
2301 3430 2576 3484 nunquam
2604 3416 2824 3470 excidit.

2051 3523 2054 3526 -
2109 3487 2163 3539 5.
2199 3485 2650 3540 Christianismus
2698 3487 2858 3540 habet
2883 3487 3210 3549 rudimenta.
3259 3495 3450 3542 auctus
3472 3484 3623 3538 ctl'a-

2039 3555 2428 3624 stigium,.suas
2448 3563 2658 3621 artatas,
2674 3565 2732 3610 ct
2752 3565 2971 3610 aetatum
2984 3571 3258 3617 accessus,
3289 3556 3419 3610 hinc
3439 3558 3624 3610 deuius

2039 3640 2262 3694 cperant
2295 3634 2355 3679 ut
2378 3626 2756 3694 perveniamus
2781 3641 2973 3681 omnes
3021 3627 3074 3680 in
3109 3627 3374 3680 unitatem
3400 3626 3522 3680 ﬁdei
3572 3634 3623 3678 et

2039 3695 2494 3766 agnitionemtilii
2519 3695 2622 3750 'Dci
2653 3697 2707 3750 in
2754 3697 2930 3750 virum
2959 3695 3280 3766 perfectum,
3315 3697 3369 3750 in
3411 3711 3620 3750 mensu-

2041 3781 2156 3818 ram
2179 3766 2353 3819 :etatis
2381 3765 2535 3835 plene
2563 3766 2758 3820 adulta:
2780 3765 3002 3820 Christi.

2043 3881 2387 3937 Evncsuuu
2415 3880 2598 3944 Lucas,
2639 3897 2758 3935 car.
2792 3897 2922 3935 xvm
2952 3900 2963 3932 :
2999 3881 3294 3950 Assmnpsit
3319 3879 3478 3934 Jews
3499 3880 3623 3934 duo-

2030 3960 2042 3970 '
2569 3952 2736 4004 decim
2779 3951 3086 4020 discipulos.

2111 4043 2161 4096 1.
2217 4039 2496 4112 Frequens
2538 4043 2741 4096 mentio
2785 4043 3055 4111 passionis
3108 4049 3161 4097 et
3211 4043 3622 4098 resurrectionis

2041 4112 2352 4174 Dominicre,
2395 4112 2496 4167 hoc
2541 4123 2623 4166 est
2680 4112 2824 4165 enim
2866 4113 3214 4182 Evangetium
3241 4116 3386 4182 quod
3424 4113 3622 4181 accepi-

2041 4199 2181 4246 mus,
2222 4183 2276 4234 in
2313 4197 2420 4252 quo
2445 4193 2590 4238 stare
2612 4191 2842 4252 oportet,
2885 4197 2982 4251 per
3011 4185 3156 4251 quod
3183 4185 3416 4237 salutem
3438 4199 3620 4238 conse-

2041 4253 2279 4322 qnimur.
2341 4254 2588 4308 Christus
2622 4261 2997 4306 mortuus-est
3024 4262 3244 4321 propter
3293 4254 3491 4308 delicta
3537 4270 3623 4306 no—

2043 4333 2179 4447 men.
2213 4330 2268 4376 et
2311 4323 2610 4376 resurrexit
2648 4323 3328 4394 proptcrjustiticatiouem
3362 4333 3618 4379 nostram.

2131 4408 2215 4445 or.
2251 4408 2341 4446 xv.

2045 4395 2064 4447 l
2089 4395 2215 4447 Cor.
2251 4408 2341 4446 xv.

1969 4456 2021 4512 D
2115 4462 2169 4515 2.
2213 4462 2439 4516 Ruditas
2460 4462 2846 4532 apostolorum,
2871 4464 2960 4533 qui
2986 4462 3325 4517 nihilhorum
3351 4464 3620 4518 intellexe-

2050 4542 2268 4597 runt,ct
2291 4535 2512 4587 verbum
2546 4535 2684 4586 istud
2699 4535 3071 4587 absconditum
3098 4534 3165 4586 ab
3188 4535 3285 4588 eis.
3336 4535 3472 4588 llinc
3495 4549 3622 4602 opus

2049 4603 2238 4671 spiritu
2278 4605 2498 4658 doctore
2516 4611 2572 4657 et
2591 4612 2924 4673 suggestore,
2968 4603 3122 4673 .lmn.
3150 4619 3259 4666 xrv,
3299 4614 3508 4673 utquaz
3533 4605 3623 4657 ob-

2048 4674 2324 4728 scuritatis
2352 4687 2512 4728 causa
2539 4673 2620 4727 vel
2644 4672 2947 4729 intellectus
2974 4672 3226 4728 tarditate
3245 4672 3620 4729 commendare

2047 4745 2319 4816 memoria:
2349 4744 2724 4816 nequiverant,
2767 4752 2887 4814 post
2921 4745 3022 4798 hac
3055 4742 3212 4812 plene
3255 4745 3629 4816 intelligerent,

2046 4815 2289 4883 magistri
2316 4815 2463 4868 orbis
2485 4813 2673 4867 futuri.

2113 4883 2166 4936 5.
2209 4883 2564 4937 Imhecillitati
2588 4885 2978 4954 apostolorum-
3006 4887 3254 4942 medetur
3274 4900 3420 4940 caeco
3448 4885 3615 4938 visum

2045 4954 2357 5019 restituens,
2379 4962 2505 5007 tunc
2526 4955 2840 5022 aperientur
2858 4957 2998 5010 oculi
3022 4972 3287 5011 caecorum
3318 4957 3440 5010 Esa.
3462 4969 3616 5016 xxxv,

2043 5023 2414 5078 testimonium
2437 5033 2559 5078 erat
2588 5024 2815 5080 Messite.

2096 5133 2418 5200 DOMlNlCA
2452 5134 2541 5190 IN
2555 5133 2736 5190 VOCA
2752 5135 2876 5190 VIT
2902 5137 2968 5191 ΙΝ
2996 5138 3555 5205 QUADRAGESIMA.

2041 5223 2308 5278 ΕιιιετοιΑ
2334 5224 2499 5279 PAULI
2532 5242 2598 5279 AD
2613 5225 2744 5280 Coa.
2777 5242 3030 5292 secum,
3057 5245 3173 5282 car.
3201 5245 3254 5282 τι
3280 5248 3293 5282 :
3335 5228 3617 5282 Hortamur

2147 5311 2235 5349 vos
2257 5311 2319 5348 ne
2345 5295 2400 5349 in
2425 5311 2642 5349 vacuant
2673 5299 2898 5368 gratiam
2924 5299 3018 5352 Dei
3046 5300 3358 5370 receperitis,
3393 5315 3513 5355 src.

2113 5411 2163 5464 1.
2197 5409 2430 5479 Tempus
2451 5412 2636 5482 gratia-
2665 5412 2755 5466 Dei
2787 5413 2839 5467 in
2871 5414 3086 5468 Christo
3113 5416 3387 5477 exhibitas
3418 5425 3616 5484 tempus

2039 5488 2121 5534 est
2173 5493 2452 5554 acceptum
2476 5492 2540 5554 et
2571 5483 2688 5538 dies
2714 5484 2920 5547 salutis,
2957 5488 3023 5538 de
3047 5487 3245 5554 quibus
3281 5483 3616 5541 concorditer

2038 5553 2728 5625 prophetzeprzedixerunt.
2800 5553 3148 5625 Evangelium
3198 5559 3343 5611 enim
3399 5555 3615 5625 promis-

2040 5638 2158 5692 sum
2194 5622 2291 5674 l‘uit
2322 5623 2373 5674 in
2397 5623 2683 5692 scripturis
2719 5626 2924 5681 sanctis
2957 5622 3032 5680 lle
3083 5627 3192 5680 lilio
3231 5645 3348 5682 suo.
3399 5622 3528 5682 Ilmn
3574 5639 3607 5677 ι.

2041 5691 2108 5744 Et
2131 5707 2254 5747 vere
2281 5700 2488 5761 tempus
2512 5691 2700 5762 gratia:
2731 5705 2788 5750 et
2809 5696 2922 5752 dies
2945 5697 3151 5762 salutis,
3187 5713 3312 5753 nam
3337 5695 3609 5760 ineﬁ‘abilia
