3936 6202
388 354 496 411 595

1242 353 1589 410 SMARAGDI
1627 352 1919 409 ABBATlS
1956 353 2261 417 DIADEMA
2301 355 2804 431 MONACIIORUM.

3545 366 3652 420 ἕω

389 470 705 550 ricordiani,
751 471 1012 550 visionem
1042 471 1543 550 DeihadOptionem
1574 470 1809 529 ﬁliorum
1841 470 1963 536 Dei,
1997 474 2046 533 Α
2074 472 2275 550 doloris
2322 474 2584 550 dentium,
2630 475 2814 550 ﬂetus,
2847 486 2953 532 etc.
3006 476 3306 550 indignatio
3349 481 3515 544 enim,
3548 483 3649 548 ira,

387 540 696 597 mercedem
726 540 950 595 multam
981 541 1035 595 in
1062 541 1235 596 caelis.

458 609 514 666 5.
550 609 849 680 Paupertas
875 610 1096 680 spiritus
1122 611 1276 666 radix
1302 620 1387 667 est
1409 612 1587 668 omnis
1615 610 1770 673 boni,
1795 619 1855 664 ut
1877 624 1970 665 su-

384 680 573 751 perbia
613 680 838 762 mentis,
853 688 909 736 et
929 689 1277 804 μγωφῖονιῖι,
1302 682 1453 762 radix
1475 681 1652 761 omnis
1672 680 1970 760 malinhinc

384 749 528 804 mala
554 765 811 804 maxima.
851 758 907 804 et
939 766 1060 804 uua:
1106 764 1199 804 ere
1223 751 1519 804 perniciem
1554 758 1654 804 toti
1680 750 1799 804 orbi
1828 757 1970 804 intu-

383 749 528 821 _inala
554 750 811 816 maxima,
851 758 907 806 et
929 749 1199 820 'qum'l’ere
1223 751 1519 821 perniciem
1554 750 1654 807 toti
1680 750 1799 805 orbi
1828 749 1971 804 intu-

379 819 590 874 lerunt.

802 888 879 944 EN.
907 887 1161 945 NATALI
1197 888 1553 946 VIRGINUM.

378 978 741 1054 Evmceumr
772 978 1069 1054 Murum,
1106 996 1225 1054 esp.
1260 996 1359 1036 xm
1391 999 1418 1054 _:_
1441 979 1627 1054 Simile
1650 991 1727 1036 est
1755 997 1969 1054 regnum

632 1049 884 1105 calorum
904 1050 1148 1107 thesauro
1172 1049 1474 1105 abscondito
1498 1050 1555 1104 in
1580 1068 1728 1121 agro.

456 1137 622 1209 tulit
648 1137 924 1209 parabolis
944 1138 1010 1194 de
1028 1154 1200 1209 grano
1222 1139 1428 1209 sinapis
1469 1145 1525 1194 et
1553 1136 1820 1209 fermento
1854 1153 1970 1193 ma-

378 1222 491 1279 gna
520 1204 794 1278 Evangelii
822 1208 996 1264 virtus
1020 1204 1362 1273 ostenditur;
1381 1223 1502 1279 quae
1528 1207 1752 1264 omnino
1772 1216 1967 1279 totum

378 1275 573 1347 (urbem
605 1275 874 1333 terrarum
913 1285 1031 1332 erat
1070 1275 1415 1347 superatura,
1455 1275 1527 1331 ita
1565 1276 1823 1347 parabola
1857 1278 1971 1331 the-

378 1346 534 1420 sauri
562 1352 619 1402 et
644 1347 949 1420 margaritas
976 1347 1211 1420 ostendit
1235 1346 1586 1420 Evangelium
1616 1346 1812 1420 summi
1841 1361 1965 1417 pre-

378 1415 447 1471 tii
466 1430 629 1485 esse,
656 1424 714 1471 et
736 1415 932 1473 debere
959 1417 1123 1471 rebus
1147 1415 1411 1472 omnibus
1423 1416 1700 1485 anteponi.

453 1484 512 1557 _2.
551 1485 868 1557 Prmdicatio
896 1486 1184 1557 Evangelii
1227 1486 1283 1540 in
1323 1484 1747 1557 mugndojabdita
1787 1492 1879 1557 est
1912 1493 1970 1540 et

378 1554 578 1621 celata,
604 1563 659 1610 et
684 1555 738 1609 in
763 1553 1145 1624 praedicatione
1173 1570 1383 1610 summa
1404 1553 1635 1610 felicitas
1667 1553 1965 1620 recondita,

379 1639 490 1697 nec
535 1625 808 1697 invenitur
837 1625 942 1697 nisi
974 1625 1200 1697 curiose
1242 1638 1483 1697 quaeras,
1516 1624 1967 1697 quemadmodum

379 1693 768 1765 thesaurusin
780 1708 911 1765 agro
928 1693 1295 1765 'abscOnditus
1313 1693 1481 1765 quaeri
1511 1693 1669 1747 solet.

454 1761 861 1836 3._Parabolam
897 1764 963 1819 de
998 1780 1198 1836 sagena
1229 1761 1395 1836 missa
1436 1763 1490 1817 in
1529 1777 1681 1836 mare
1716 1761 1967 1836 Christus

378 1830 501 1902 ipse
523 1833 933 1904 interpretatur,
956 1830 1249 1889 ostendens
1270 1833 1464 1886 multas
1470 1833 1804 1954 lperditionis
1822 1833 1964 1898 vias,

378 1902 532 1954 unde
566 1917 673 1954 non
713 1901 911 1954 iniuria
950 1904 1151 1954 dictum
1193 1909 1276 1954 est
1314 1902 1440 1954 alibi
1490 1908 1637 1954 atam
1665 1916 1787 1954 esse
1820 1901 1964 1954 viam

378 1901 532 1971 unde
566 1901 682 1957 non
713 1901 911 1971 injuria
950 1904 1151 1959 dictum
1193 1909 1276 1957 est
1314 1902 1440 1956 alibi
1470 1901 1637 1955 latam
1665 1916 1787 1956 esse
1820 1901 1966 1955 viam

380 1969 536 2025 illam
570 1986 691 2042 quae
723 1969 780 2026 in
805 1973 1161 2042 perditionem
1197 1972 1414 2042 adducit
1432 2012 1457 2042 ,4
1475 1980 1605 2034 etc.,
1629 1980 1697 2042 _ut
1724 1971 1965 2042 formidi-

379 2053 513 2094 nem
532 2039 823 2112 ampliﬁcet
842 2050 899 2098 et
922 2043 1169 2099 incutiat.
1199 2040 1335 2095 Hinc
1360 2050 1415 2096 et
1435 2040 1673 2096 fornacis
1695 2039 1962 2106 meminit,

396 2179 1984 2206 W

2073 541 2295 597 afﬂictio
2309 551 2364 598 et
2385 544 2631 598 anxietas
2645 542 2903 599 advei'sus
2923 541 3398 604 omnem‘animam
3422 541 3657 607 hominis

2069 613 2434 683 perpetrantis
2460 613 2658 670 malum
2685 613 2856 686 (Rom.
2885 614 2969 686 il).

2071 745 2415 804 Eunaeum
2453 747 2743 821 Mai-rum,
2764 762 2895 821 ὀμ».
2933 763 3039 821 xsv
3064 766 3091 821 ξ
3117 747 3302 821 δὶηιὶιε
3331 759 3405 805 est
3440 732 3653 821 regnum

2469 816 2714 870 caelorum
2740 816 2916 870 decem
2946 817 3251 887 virginibus.

2144 928 2195 980 i.
2235 922 2533 997 Virginitas
2548 933 2768 997 propter
2794 925 3168 997 excellentiam
3198 942 3351 982 suam
3378 937 3648 997 prmcepta

2071 1011 2178 1077 non
2207 1001 2310 1077 est,
2344 996 2430 1049 res
2459 996 2849 1077 sublimisqua:
2876 996 3037 1077 etiam
3068 997 3208 1065 apud
3236 1003 3454 1077 _veteres
3478 1013 3509 1052 a
3539 996 3651 1067 pri-

2072 1066 2179 1121 scis
2205 1065 2312 1121 illis
2334 1065 2645 1135 sanctisque
2673 1064 2805 1118 viris
2833 1064 2933 1135 coli
2965 1080 3071 1119 non
3101 1064 3292 1134 potuit.
3322 1065 3448 1121 Haec
3471 1064 3648 1121 tamen

2071 1145 2132 1189 ut
2156 1135 2403 1190 sublimis
2424 1133 2598 1205 virtus
2624 1149 2732 1189 non
2765 1133 3027 1198 suﬂieiet,
3067 1133 3172 1190 nisi
3198 1135 3338 1190 adsit
3363 1151 3501 1205 opus
3530 1136 3653 1192 fidei

2070 1214 2127 1260 et
2150 1205 2301 1260 labor
2329 1204 2628 1260 charitatis.

2141 1274 2194 1328 2.
2232 1275 2470 1343 Quisque
2502 1291 2601 1343 pro
2635 1288 2693 1329 se
2721 1273 2930 1339 videat,
2966 1290 3033 1329 ne
3061 1288 3328 1341 erremus,
3366 1275 3505 1328 Deus
3547 1293 3651 1329 non

2072 1344 2341 1406 irridetur,
2372 1342 2550 1397 nullus
2590 1360 2689 1399 nos
2720 1343 3006 1399 defendere
3032 1346 3233 1414 poterit
3260 1346 3304 1399 si
3337 1345 3513 1400 oleum
3545 1360 3650 1399 non

2072 1415 2419 1483 habuerimus
2444 1414 2498 1466 in
2527 1414 2881 1483 lampadibus.
3340 1428 3345 1435 ο
3416 1448 3423 1465 ,
3510 1430 3515 1433 τ
3624 1452 3627 1455 .

2140 1484 2194 1537 ες.
2233 1482 2663 1554 Crebrorepetit
2698 1482 2949 1538 Christus
2983 1484 3234 1553 Vigilate,
3269 1485 3396 1554 quia
3429 1484 3653 1543 nescitis

2072 1553 2211 1608 diem
2238 1566 2412 1622 neque
2427 1553 2646 1622 _horam,
2672 1553 2963 1622 ostendens
2993 1553 3352 1622 ignorantiam
3377 1555 3554 1607 exitus
3583 1554 3652 1609 ab

2072 1623 2175 1692 hac
2203 1622 2312 1675 vita
2328 1620 2530 1692 'utilem
2566 1634 2708 1685 esse,
2736 1621 2901 1692 igitur
2924 1620 3045 1675 cum
3074 1621 3162 1675 illo
3192 1621 3416 1692 Paulino
3441 1622 3651 1692 epilogo

2070 1691 2205 1746 libet
2226 1689 2463 1759 receptui
2489 1704 2686 1760 canere
2710 1704 2725 1743 :
2752 1689 3002 1760 Vigilate,
3025 1697 3168 1747 state
3193 1692 3247 1745 in
3274 1691 3401 1757 ﬁde,
3424 1689 3653 1745 viriliter

2072 1758 2473 1832 agite,_eslote
2517 1758 2718 1832 fortes,
2773 1758 2956 1832 omnia
3005 1760 3653 1832 nobisgcumicharitate

1995 1818 2043 1877 Β
2071 1818 2387 1897 (innubae
2423 1837 2507 1885 est
2543 1830 2651 1884 vita
2679 1818 3008 1884 Christiana.
3048 1829 3116 1884 Et
3153 1830 3233 1887 sic
3271 1831 3361 1898 qui
3392 1829 3645 1891 vixerint,

2069 1915 2194 1955 cum
2234 1899 2546 1969 apparuerit
2585 1898 2864 1969 Christus,
2912 1899 3188 1969 habebunt
3224 1898 3504 1963 ﬁduciam,
3551 1898 3651 1952 nec

2065 1967 2347 2039 pudelient
2374 1969 2442 2039 ab
2469 1982 2553 2033 eo,
2583 1968 2636 2039 in
2662 1968 2894 2039 adventu
2920 1967 3056 2037 ejus,
3085 1968 3179 2023 sed
3207 1969 3489 2023 intrabunt:
3521 1976 3645 2021 cum

2067 2036 2266 2107 sponso
2289 2036 2509 2093 Christo
2533 2036 2603 2091 ad
2631 2037 2868 2106 nuptias.
2952 2036 2957 2037 ⁷
3624 2058 3633 2074 ι

2003 2173 3641 2199 Μ

916 2321 2087 2509 SMABAGDI'
2196 2318 3151 2505 ABBATIS
3258 2508 3263 2511 ,

567 2683 1568 2832 DIADEMA
1771 2677 3419 2869 MONACHORUM.

1524 2962 1615 3024 [Ex
1642 2961 1873 3014 Biblioth.
1900 2960 2030 3012 Patr.
2050 2972 2180 3011 max.
2200 2965 2320 3012 tom.
2348 2958 2519 3025 XVIJ

662 3173 1026 3234 PROLOGUS
1063 3174 1131 3230 Β.
1168 3172 1233 3230 Ρ.
1274 3170 1648 3228 SMARAGDI.

450 3268 607 3328 Hunc
639 3268 907 3325 modicum
950 3264 1143 3337 Operis
1170 3265 1342 3322 nostri
1373 3262 1612 3319 libellum
1650 3263 1717 3317 de
1760 3259 1959 3318 multo-

377 3377 501 3422 rum
527 3360 686 3420 dictis
724 3360 1169 3425 orthodoxam,
1208 3358 1508 3429 opitulante
1531 3355 1770 3419 Christo,
1797 3352 1962 3410 colle-

378 3452 561 3525 gimus
584 3450 830 3517 Patrum,
856 3459 912 3506 et
935 3463 1033 3520 per
1070 3463 1258 3504 eorum
1305 3447 1670 3503 discurrentes
1713 3442 1962 3498 ﬂorentia

376 3551 559 3614 prata,
585 3540 723 3597 bene
756 3540 965 3596 olentes
1012 3537 1195 3611 (veluti
1237 3539 1304 3593 ad
1350 3535 1590 3607 manum)
1641 3532 1961 3604 collegimus

377 3632 665 3690 ﬂosculos:
700 3640 862 3702 atque
903 3630 969 3688 de
997 3630 1210 3686 illorum
1250 3629 1523 3700 ﬂorigero,
1573 3626 1963 3682 benedictioni-

374 3725 587 3794 busque
610 3723 823 3779 Domini
848 3721 1029 3799 pleno,
1065 3737 1130 3777 ea
1169 3719 1311 3794 (quae
1349 3719 1655 3776 necessaria
1678 3716 1963 3773 monachis

377 3829 502 3871 esse
527 3812 920 3886 perspeximus)
960 3812 1274 3883 collegimus
1306 3826 1456 3882 agro,
1485 3818 1541 3866 et
1583 3810 1636 3863 in
1662 3810 1767 3864 hoc
1796 3822 1963 3878 parvo

376 3903 687 3960 studuimus
712 3916 1042 3973 congregare
1067 3901 1266 3955 libello.
1299 3899 1378 3954 Ea
1397 3899 1669 3963 videlicet,
1698 3913 1819 3969 quae
1837 3890 1963 3968 per-

376 3993 644 4050 !ectorum
668 3994 1054 4048 monachorum
1084 3990 1250 4047 corda
1286 3989 1656 4055 demulceam,
1687 3998 1742 4044 et
1773 3989 1842 4043 ad
1870 3988 1963 4043 de-

376 4083 644 4139 siderium
682 4084 874 4154 patriae
916 4082 1155 4139 cmlestis
1183 4082 1393 4137 avidius
1423 4081 1812 4150 sublimiusque
1858 4080 1963 4136 eri-

376 4182 545 4245 gant:
594 4174 931 4229 inﬁrmorum
976 4188 1189 4243 quoque
1216 4174 1606 4228 monachorum
1636 4175 1802 4229 corda
1831 4188 1963 4228 con-

372 4265 598 4321 ﬁrment
646 4271 704 4321 et
753 4271 1022 4332 terreant,
1073 4267 1141 4321 ad
1204 4264 1616 4338 regularemque
1666 4265 1965 4336 perlucent

370 4356 834 4412 emendationem.
885 4356 956 4412 Et
996 4357 1124 4426 quia
1162 4357 1220 4411 in
1267 4356 1451 4427 regula
1492 4356 1637 4411 beati
1686 4355 1961 4411 Benedicti

373 4448 642 4518 scriptum
666 4455 771 4514 est,
802 4447 927 4503 Mox
964 4458 1026 4503 ut
1073 4450 1417 4504 surrexerint
1461 4447 1659 4503 fratres
1700 4463 1732 4502 a
1781 4462 1957 4514 cmna,

2566 3166 2794 3224 CAPUT
2833 3164 3125 3225 PRIMUM.

2663 3258 2741 3313 De
2787 3259 3046 3313 oratione.
3164 3325 3168 3329 {
3622 3314 3635 3341 ’

2136 3348 2251 3405 Hoc
2285 3356 2369 3405 est
2400 3348 2701 3405 remedium
2730 3348 2926 3404 animae
2949 3348 3088 3419 ejus,
3118 3346 3214 3421 qui
3240 3347 3492 3403 vitiorum
3525 3355 3643 3405 ten.-

2063 3442 2318 3496 tamentis
2343 3449 2626 3507 exaestuat,
2669 3453 2729 3495 ut
2757 3440 2973 3511 quoties
3013 3438 3259 3510 quolibet
3298 3440 3429 3496 vitio
3471 3441 3644 3512 tangi-

2063 3540 2171 3597 tur,
2211 3533 2369 3588 toties
2409 3531 2477 3586 ad
2509 3532 2811 3589 orationem
2860 3547 2919 3587 se
2962 3531 3176 3596 subdat,
3212 3531 3339 3602 quia
3389 3530 3645 3601 frequens

2062 3624 2238 3679 oratio
2304 3622 2561 3678 vitiorum
2618 3623 3080 3695 impugnationem
3132 3622 3448 3693 exstinguit.
3508 3621 3640 3678 Tam

2061 3726 2477 3788 perseveranter
2527 3716 2812 3775 intendere
2857 3726 3071 3789 oportet
3108 3697 3640 3787 animumuostruni

2060 3808 2288 3873 orando,
2324 3815 2488 3878 atque
2515 3807 2804 3878 pulsando,
2849 3824 3130 3880 quousque
3175 3809 3512 3879 importunas
3552 3798 3644 3865 de;

2062 3899 2384 3956 sideriorum
2447 3900 2748 3955 carnalium
2800 3901 3209 3973 suggestiones,
3266 3916 3390 3970 quae
3439 3886 3644 3957 nostris

2061 3991 2378 4061 obstrepunt
2423 3993 2693 4058 sensibus,
2730 3990 3023 4048 fortissima
3073 3991 3374 4049 intentione
3415 4007 3638 4061 supere-

2061 4096 2182 4135 mus
2207 4098 2220 4134 :
2244 4096 2307 4136 ac
2335 4081 2519 4136 tandiu
2548 4080 2820 4148 insistere,
2846 4095 3128 4155 quousque
3160 4082 3501 4152 persistendo
3521 4073 3641 4136 vin-

2061 4188 2269 4228 camus.
2314 4171 2455 4229 Nam.
2482 4172 2814 4244 negligentes
2857 4173 3134 4229 orationes
3159 4186 3260 4226 nec
3288 4170 3357 4226 ab
3387 4171 3503 4241 ipso
3541 4162 3640 4227 ho;

2061 4264 2209 4319 mine
2237 4263 2529 4333 impetrare
2565 4262 2747 4321 valent
2785 4261 2930 4336 quod
2973 4260 3181 4317 volunt.
3233 4260 3461 4329 Quando
3515 4262 3637 4332 quis

2060 4362 2472 4419 orat,.sanctum
2497 4352 2563 4408 ad
2594 4367 2653 4408 se
2690 4353 2942 4423 spiritum
2971 4352 3201 4407 advocat
3226 4371 3239 4407 :
3271 4360 3328 4406 at
3354 4351 3445 4407 ubi
3473 4367 3633 4407 vene-

2061 4443 2165 4507 rit,
2211 4440 2496 4497 confestim
2544 4450 2877 4497 tentamenta
2927 4443 3341 4509 daemoniorum,
3402 4459 3531 4512 qua:
3578 4458 3637 4500 se

378 4539 614 4594 sedeant
656 4553 849 4595 omnes
879 4539 936 4594 in
963 4555 1155 4606 unum,
1193 4547 1248 4595 et
1294 4539 1437 4610 legat
1483 4554 1623 4593 unus
1650 4538 2042 4605 collati’onesD
2068 4531 2337 4591 mentibus
2394 4531 2647 4588 humanis
2717 4532 3079 4603 immergunt,
3125 4534 3471 4603 praesentiam
3518 4532 3637 4605 ejus

372 4628 465 4683 vel
486 4629 624 4683 vitas
646 4628 888 4694 Patrum,
921 4635 1015 4684 aut
1043 4635 1193 4684 certe
1222 4628 1425 4698 aliquid
1446 4629 1587 4698 quod
1609 4628 1838 4684 aediﬁcet
1867 4645 1964 4684 au-

374 4716 628 4773 dientes:
660 4718 782 4773 ideo
803 4735 902 4775 nos
940 4726 996 4774 et
1018 4718 1085 4773 de
1119 4717 1501 4773 collationibus
1529 4718 1773 4783 Patrum,
1809 4728 1865 4774 et
1894 4718 1962 4774 de

373 4807 881 4864 eonversationibus
906 4816 960 4864 et
992 4807 1424 4863 institutionibus
1449 4822 1638 4864 eorum
1663 4808 1958 4875 modicum,

373 4903 435 4953 et
465 4897 533 4953 de
556 4897 789 4953 diversis
816 4898 1140 4954 Doctoribus
1165 4899 1221 4953 in
1247 4898 1351 4953 hoc
1382 4897 1562 4953 libello
1590 4898 1960 4969 congessimus

374 4987 694 5059 plurimum,
732 4997 785 5046 et
825 4990 905 5046 sic
932 5005 1055 5046 eum
1094 4991 1150 5045 in
1176 4997 1393 5046 centum
1423 4990 1675 5060 capitulis
1708 5004 1960 5045 consum-

373 5079 644 5137 mavimus
671 5088 863 5137 totum.
906 5081 976 5136 Et
1017 5081 1144 5152 quia
1186 5096 1304 5137 mos
1332 5087 1418 5135 est
1457 5082 1867 5145 monachorum,
1898 5088 1959 5135 ut

373 5172 624 5245 regulam
638 5173 785 5229 beati
798 5173 1075 5230 Benedicti
1109 5174 1178 5229 ad
1198 5173 1491 5243 capitulum
1512 5172 1692 5244 legant
1713 5172 1956 5242 quotidie

374 5263 698 5319 matutinum
724 5283 737 5318 :
770 5264 1016 5320 volumus
1051 5272 1111 5319 ut
1144 5264 1246 5320 iste
1267 5262 1479 5319 libellus
1505 5265 1573 5319 ad
1596 5279 1784 5318 eorum
1815 5262 1957 5333 capi-

374 5352 549 5409 tulum
584 5354 826 5425 quotidie
850 5354 1059 5426 legatur
1099 5355 1487 5424 vespertinum.
1521 5353 1588 5408 Et
1620 5352 1744 5423 quia
1775 5353 1830 5407 in
1866 5367 1957 5408 ea-

372 5446 498 5501 dem
524 5445 667 5502 beati
696 5444 972 5513 Benedicti
1009 5446 1238 5517 legimus
1262 5445 1469 5518 regula,
1501 5453 1561 5499 ut
1586 5445 1846 5515 quidquid
1873 5444 1956 5499 in-

372 5539 637 5595 choamus
655 5540 858 5595 bonum
880 5554 912 5594 a
933 5538 1044 5594 Deo
1070 5538 1201 5593 illud
1230 5537 1416 5608 perlici
1443 5537 1837 5591 instantissima
1864 5537 1957 5590 de-

373 5647 658 5701 poscamus
686 5632 964 5697 oratione;
1003 5637 1288 5703 propterea
1318 5630 1369 5684 in
1406 5629 1508 5683 hoc
1541 5628 1717 5685 libello
1741 5630 1806 5685 de
1836 5643 1957 5685 ora-

375 5724 540 5783 tionis
569 5722 742 5782 oilicio
780 5724 1072 5798 capitulum
1107 5723 1355 5795 ponimus
1382 5722 1631 5796 primum.

2062 4621 2207 4677 ferre
2235 4636 2341 4676 non
2384 4622 2736 4687 sustinentes,
2767 4621 3049 4694 emugiunt.
3099 4621 3287 4678 Oratio
3315 4622 3495 4678 cordis
3524 4631 3631 4688 est,

2063 4729 2170 4768 non
2201 4712 2487 4769 labiorum.
2535 4712 2723 4784 Neque
2761 4714 2906 4768 enim
2931 4715 3097 4769 verba
3128 4713 3467 4784 deprecantis
3493 4712 3636 4773 Deus

2061 4803 2293 4859 intendit
2320 4821 2334 4857 :
2369 4800 2464 4858 sed
2484 4803 2693 4858 orantis
2731 4818 2827 4858 cor
2852 4803 3064 4873 aspicit.
3096 4801 3249 4870 Quod
3277 4803 3322 4858 si
3352 4819 3445 4859 cor
3473 4804 3635 4859 tacite

2060 4904 2200 4962 oret,
2228 4903 2285 4951 et
2311 4910 2415 4949 vox
2461 4893 2640 4959 sileat,
2686 4894 2932 4964 quamvis
2966 4894 3214 4949 homines
3240 4894 3425 4959 lateat,
3464 4890 3632 4950 Deum

2060 4985 2228 5041 mare
2276 4999 2384 5040 non
2439 4993 2636 5055 potest,
2698 4985 2790 5053 qui
2844 4983 3192 5042 conscientia:
3239 5000 3478 5054 praesens
3525 4993 3629 5039 est.

2060 5077 2250 5135 Melius
2296 5087 2381 5135 est
2427 5086 2607 5132 autem
2657 5091 2780 5132 cum
2835 5075 3049 5131 silentio
3093 5064 3251 5133 orare
3297 5077 3463 5132 corde
3514 5076 3634 5131 sine

2057 5184 2189 5223 sono
2212 5167 2381 5229 vocis,
2424 5183 2586 5238 quam
2631 5167 2760 5221 solis
2785 5166 2966 5222 verbis
3000 5166 3120 5227 sine
3161 5166 3370 5222 intentu
3410 5167 3629 5222 mentis.

2060 5261 2232 5317 Voces
2284 5261 2424 5332 apud
2473 5259 2867 5314 secretissimas
2911 5274 3071 5314 aures
3127 5257 3226 5313 Dei
3273 5275 3380 5314 non
3425 5258 3632 5331 faciunt

2057 5356 2219 5410 verba
2250 5364 2453 5417 nostra,
2498 5352 2593 5408 sed
2628 5352 2915 5408 desideria.
2948 5352 3231 5408 Eternam
3272 5352 3434 5407 etiam
3465 5350 3631 5428 ﬁtam

2058 5445 2103 5500 si
2133 5460 2228 5499 ore
2254 5444 2511 5514 petimus,
2542 5458 2639 5499 nec
2670 5452 2850 5498 tamen
2895 5444 3059 5500 corde
3088 5441 3478 5497 desideramus.
3519 5435 3633 5491 cla-

2059 5542 2269 5589 mantes
2320 5542 2578 5588 tacemus.
2631 5533 2688 5587 Si
2732 5548 2858 5588 vero
2912 5532 3281 5588 desideramus
3324 5543 3398 5583 ex
3444 5526 3628 5589 corde,

2057 5627 2222 5681 etiam
2278 5643 2398 5680 cum
2432 5640 2526 5680 ore
2569 5623 3007 5683 conticescimus,
3050 5627 3288 5673 tacentes
3310 5616 3625 5671 clamamus.

2062 5717 2263 5792 ((Ircq.,
2298 5715 2490 5772 .lloml.
2523 5717 2559 5771 Ι.
2595 5732 2726 5783 xxu,
2755 5732 2798 5769 ι’.
2837 5712 2942 5785 l8.)
2970 5710 3101 5765 llinc
3132 5717 3212 5762 est
3248 5707 3391 5786 quod
3423 5707 3474 5762 in
3518 5723 3627 5762 ere-
