3960 6206
296 326 402 393 895

1576 324 1926 381 SMARAGDI
1959 323 2248 379 ABBATIS
2266 359 2280 373 .

3441 323 3547 382 596

287 447 378 504 lito
403 431 631 520 populus
659 437 880 497 vocibus
906 435 1216 509 perstrepit,
1249 447 1304 492 et
1338 420 1549 506 Moyses
1577 451 1606 488 a
1634 431 1864 504 strepitu
1891 436 1942 496 Α
1967 431 2235 488 etractum
2252 430 2501 502 precibus
2513 429 2657 486 beati
2677 429 3113 500 PatrisGregorii
3139 430 3554 492 Neocatsarien-

290 539 578 595 verborum
613 541 795 588 tacet:
823 537 877 583 et
905 536 1085 582 tamen
1125 526 1310 591 silens,
1351 540 1483 580 aure
1517 523 1711 579 divinae
1752 523 1869 592 pie-

291 624 420 683 tatis
464 623 702 679 auditur.
761 617 858 673 Cui
921 616 1157 672 dicitur:
1209 613 1350 678 Quid
1404 611 1603 666 clamas
1659 611 1729 664 ad
1788 627 1868 665 me

291 707 490 788 (Exod.
521 711 673 782 xiv)?
710 709 860 764 Intus
885 717 968 761 est
1005 707 1135 774 ergo
1163 719 1220 758 in
1251 703 1524 758 desiderio
1551 702 1756 757 clamor
1785 717 1855 757 se-

292 812 494 868 cretus,
528 801 621 870 qui
663 800 732 853 ad
773 798 1038 852 humanas
1063 810 1223 849 aures
1255 809 1360 848 non
1398 793 1665 862 pervenit,
1710 800 1873 860 etta-

292 894 418 950 ine'b
445 891 689 948 auditum
713 886 1010 944 Conditoris
1047 882 1240 956 replet.
1286 883 1572 953 Nunquam
1619 891 1702 938 est
1755 882 1874 936 sine

293 982 495 1056 gemitu
523 979 808 1056 orandum.
837 975 975 1032 Nam
1005 980 1354 1046 peccatorum
1384 971 1688 1028 recordatio
1734 978 1875 1027 mai-

295 1076 480 1130 rorem
505 1072 693 1144 gignit.
718 1068 862 1142 (Huc
888 1070 1051 1139 usque
1077 1065 1259 1136 Greg.)
1294 1066 1431 1122 Dum
1454 1065 1600 1120 enim
1630 1075 1876 1130 oramus,

301 1166 370 1220 ad
407 1162 729 1219 memoriam
781 1159 996 1228 culpam
1049 1158 1395 1213 reducimus:
1443 1167 1499 1212 et
1536 1157 1708 1228 magis
1753 1169 1882 1212 reos

300 1246 428 1308 tunc
457 1266 556 1308 nos
591 1265 713 1306 esse
738 1248 1138 1320 cognoscimus.
1185 1244 1416 1316 Ideoque
1459 1261 1581 1300 cum
1611 1244 1722 1300 Deo
1743 1244 1883 1300 assi-

304 1343 522 1408 stimus,
586 1349 805 1410 gemere
847 1346 904 1393 et
951 1336 1082 1392 ﬂere
1138 1336 1419 1401 debemus,
1473 1323 1884 1391 reminiscentes

301 1438 466 1502 quam
507 1429 694 1500 gravia
721 1428 832 1482 sint
868 1427 1072 1482 scelera
1120 1441 1240 1495 quae
1280 1425 1670 1490 commisimus,
1700 1439 1884 1494 quam-

303 1523 408 1590 que
431 1520 548 1577 dira
578 1517 777 1573 inferni
806 1517 1089 1586 supplicia,
1122 1530 1241 1586 quae
1273 1516 1544 1569 timemus.
1574 1513 1723 1568 Mens
1752 1527 1884 1582 qna-

303 1601 410 1670 lem
438 1629 498 1670 se
521 1612 576 1666 in
601 1611 849 1666 oratione
873 1607 1054 1672 offert,
1090 1607 1254 1666 talem
1283 1612 1405 1676 post
1428 1605 1730 1660 orationem
1755 1618 1884 1658 con-

305 1709 503 1759 servet.
534 1700 667 1755 Nam
699 1699 834 1754 nihil
871 1697 1083 1768 proﬁcit
1113 1697 1309 1761 oratio,
1341 1696 1386 1751 si
1415 1696 1591 1750 denuo
1633 1693 1883 1748 commit-

1969 523 2046 578 sis
2074 522 2319 593 legimus.
2352 521 2455 588 Qui
2477 535 2602 576 cum
2630 521 2816 576 volens
2852 521 3125 579 aedificare
3162 521 3464 578 Ecclesiam
3491 529 3548 584 in

1969 613 2088 668 loco
2117 621 2264 682 apto,
2305 612 2619 681 videretque
2663 625 2786 666 eum
2825 612 3193 680 angustiorem
3224 628 3346 668 esse
3384 631 3549 685 quam

1971 718 2060 758 res
2084 702 2353 772 exigebat,
2375 702 2524 756 venit
2550 709 2708 756 nocte
2736 702 2804 756 ad
2831 701 3028 768 locum,
3060 712 3115 756 et
3141 703 3371 774 genibus
3394 705 3552 764 ﬂexis

1971 793 2149 848 oravit
2186 793 2498 857 Dominum,
2541 800 2602 847 ut
2647 801 2889 847 montem
2942 793 3156 863 longius
3201 793 3359 863 juxta
3397 797 3558 854 fidem

1973 881 2209 953 petentis
2251 889 2452 952 ageret.
2504 881 2572 936 Et
2625 892 2784 936 mane
2830 882 2996 948 facto,
3051 899 3303 941 reversus
3350 887 3562 943 invenit

1975 981 2214 1026 montem
2243 980 2451 1026 tantum
2473 973 2633 1041 spatii
2663 972 2950 1042 reliquisse
2975 975 3339 1032 struaturibus
3370 978 3558 1034 Eccle-

1977 1065 2092 1132 siae,
2124 1073 2384 1134 quantum
2405 1079 2540 1134 opus
2575 1064 2826 1120 habebat.
2848 1065 2984 1119 Nam
3009 1075 3064 1121 et
3102 1077 3290 1123 sancta
3333 1068 3564 1125 Schola-

1979 1155 2119 1210 stica
2149 1170 2341 1209 manus
2370 1164 2424 1210 et
2451 1161 2612 1223 caput
2649 1154 2704 1208 in
2732 1169 2978 1210 mensam
3020 1158 3221 1227 posuit,
3249 1167 3306 1214 et
3333 1167 3393 1214 ut
3420 1161 3568 1232 plue-

1981 1255 2082 1311 ret,
2111 1245 2288 1300 o'ravlt
2315 1262 2328 1298 :
2365 1253 2422 1300 et
2442 1244 2625 1299 statim
2655 1245 2833 1315 pluvla
2863 1260 3028 1315 super
3069 1247 3192 1303 illos
3213 1250 3279 1305 de
3299 1249 3438 1305 ctelo
3467 1251 3564 1307 de-

1983 1334 2210 1390 scendit.
2253 1331 2454 1404 (Ruﬁn.
2505 1331 2598 1388 lib.
2629 1350 2702 1388 vn
2743 1333 2910 1407 Hist.)
2951 1334 3084 1390 Nam
3129 1345 3186 1392 et
3214 1340 3441 1408 proinde
3465 1350 3571 1396 tar-

1983 1425 2106 1480 dius
2122 1423 2394 1492 justorum
2425 1422 2790 1490 exaudiuntur
2807 1424 3082 1480 orationes
3107 1439 3122 1481 :
3155 1435 3212 1481 ut
3239 1428 3367 1482 dum
3408 1428 3564 1485 diffe-

1986 1521 2204 1579 runtur,
2235 1512 2532 1582 majoribus
2559 1512 2796 1583 przemiis
2819 1514 3180 1571 cumulentur.
3203 1515 3392 1573 Oratio
3411 1534 3568 1573 nam-

1987 1618 2094 1673 que
2128 1602 2358 1672 privatis
2403 1601 2539 1656 locis
2582 1603 2941 1672 opportunius
2987 1602 3249 1672 funditur,
3298 1608 3424 1663 dum
3461 1609 3572 1664 Deo

1988 1702 2200 1750 tantum
2255 1700 2394 1748 teste
2457 1693 2810 1762 depromitur.
2869 1693 3055 1764 Neque
3114 1697 3259 1750 enim
3323 1699 3574 1754 conciliat

305 1793 463 1858 titur,
489 1791 634 1845 unde
671 1790 783 1860 jam
809 1785 966 1844 venia
1010 1786 1333 1858 poStulatur.
1385 1785 1477 1840 Ille
1516 1784 1662 1839 enim
1707 1781 1885 1853 precis
1911 1777 1960 1838 B
1987 1785 2160 1840 Deum
2198 1780 2477 1853 multiplex
2505 1784 2715 1839 orantis
2756 1800 2974 1842 sermo:
3006 1786 3101 1842 sed
3129 1787 3306 1858 plura,
3328 1790 3572 1846 sincera-

310 1883 677 1942 desideratum
727 1879 977 1936 effectum
1011 1879 1130 1936 sine
1157 1878 1320 1933 dubio
1345 1877 1594 1947 percipit,
1623 1876 1714 1946 qui
1743 1874 1888 1944 quod

306 1975 511 2030 brando
541 1971 684 2027 ablui
708 1971 965 2041 postulat,
998 1969 1358 2038 delinquendo
1385 1983 1492 2022 non
1522 1967 1701 2021 iterat.
1735 1964 1887 2019 Tunc

307 2080 438 2136 ergo
460 2062 724 2118 veraciter
745 2075 990 2126 oramus;
1013 2059 1229 2129 quando
1274 2057 1494 2112 aliunde
1538 2070 1646 2109 non
1682 2053 1889 2123 cogita-

309 2158 450 2210 mus.
482 2152 618 2208 Nam
645 2166 852 2214 revera,
885 2158 1014 2206 tunc
1062 2148 1402 2218 impetranda
1440 2144 1621 2202 diVina
1665 2147 1890 2200 munera

310 2244 617 2308 Credimus;
648 2241 866 2312 quando
912 2239 1146 2310 simplici
1185 2237 1380 2292 aﬂ'ectu
1411 2236 1737 2300 assistimus,
1766 2248 1922 2293 cum-

309 2349 550 2390 oramus.
582 2333 806 2400 Quando
831 2338 1012 2386 autem
1039 2338 1246 2385 stamus
1280 2329 1348 2385 ad
1375 2328 1700 2393 orationem,
1747 2326 1890 2397 vigi-

312 2423 428 2479 lare
449 2431 506 2478 et
540 2422 854 2478 incumbere
881 2422 948 2476 ad
977 2427 1166 2491 preces
1191 2423 1304 2475 toto
1330 2419 1492 2474 cdrde
1522 2417 1802 2482 debemus,
1832 2424 1894 2471 ut

314 2515 571 2586 cogitatio
625 2504 803 2571 omnis
858 2513 1094 2569 carnalis
1155 2519 1212 2566 et
1266 2507 1542 2567 Stecularls
1589 2509 1889 2564 abscedat:

312 2608 416 2661 hec
444 2605 737 2675 quidquam
769 2611 900 2659 tunc
945 2603 1090 2657 aliud
1124 2602 1325 2673 Cogitet
1365 2600 1794 2669 animus,"quam
1840 2597 1900 2653 id

313 2694 491 2750 solum
529 2695 675 2763 quod
721 2696 997 2763 precatur.
1047 2691 1173 2746 Ideo
1244 2698 1300 2746 et
1353 2687 1609 2745 sacerdos
1661 2686 1895 2742 fratrum

311 2791 589 2853 praeparat
628 2791 842 2837 mentes
878 2775 1148 2836 dicendo:
1182 2777 1408 2835 Sursum
1453 2777 1638 2844 corda,
1679 2784 1742 2831 ut
1768 2776 1896 2832 dum

313 2873 467 2946 plebs
485 2873 809 2944 respondet:
844 2870 1116 2926 Habemus
1146 2869 1215 2924 ad
1243 2870 1528 2924 Dominum
1553 2885 1572 2934 ;
1602 2868 1897 2929 admonea-

315 2972 426 3030 tur,
460 2963 598 3019 nihil
624 2962 770 3018 aliud
811 2975 871 3018 se
898 2978 1062 3033 quam
1098 2960 1386 3016 Dominum
1411 2963 1648 3032 cogitare
1678 2961 1898 3017 debere.-

316 3051 424 3120 Qui
458 3051 697 3116 laeditur,
733 3066 841 3106 non
887 3049 1116 3106 desistat
1143 3065 1300 3105 orare
1341 3065 1441 3120 pro
1465 3065 1522 3105 se
1557 3048 1895 3114 laedentibus,

314 3143 554 3213 alioquin
578 3143 733 3212 juxta
755 3141 852 3196 Dei
881 3140 1203 3196 sententiam
1237 3149 1446 3211 peccat,
1473 3139 1564 3208 qui
1591 3153 1689 3209 pro
1715 3138 1897 3192 inimi-

317 3235 401 3289 cis
438 3246 549 3287 non
586 3239 710 3290 orat
753 3229 972 3303 (Matth.
1003 3229 1084 3302 v).
1147 3227 1299 3285 Sicut
1349 3229 1557 3283 nullum
1591 3227 1808 3299 proficit
1839 3228 1894 3282 in

317 3324 544 3380 vulnere
586 3323 1045 3379 medicamentum
1092 3322 1139 3377 si
1166 3321 1342 3376 adhuc
1382 3322 1436 3375 in
1467 3335 1532 3376 eo
1569 3320 1773 3376 ferrum
1803 3321 1895 3386 sit,

319 3425 397 3479 ita
423 3419 560 3477 nihil
589 3415 804 3490 prolicit
832 3416 1006 3471 oratio
1034 3413 1197 3479 illius,
1242 3413 1398 3482 cujus
1425 3411 1603 3466 adhuc
1647 3411 1801 3466 dolor
1843 3410 1898 3464 in

318 3522 521 3580 mente,
551 3511 637 3567 vel
664 3510 848 3566 odium
877 3514 1062 3563 manet
1081 3505 1137 3560 in
1157 3511 1396 3576 pectore.
1420 3501 1701 3559 Libentius
1727 3501 1898 3558 sacri-

321 3607 505 3664 ficium
525 3604 792 3661 orationis
822 3601 1106 3671 accipitur,
1133 3598 1276 3669 quod
1314 3595 1390 3669 (in
1417 3604 1712 3666 conspectu
1735 3595 1900 3650 mise-

321 3697 554 3753 ricordis
578 3691 820 3766 judicng)
847 3691 1079 3762 proximi
1110 3689 1399 3744 dilectione
1442 3688 1708 3742 conditur.
1749 3685 1903 3753 Quod

323 3798 456 3843 tunc
489 3787 754 3842 veraciter
787 3784 1018 3853 quisque
1064 3780 1322 3845 cumulat,
1373 3779 1421 3834 si
1466 3779 1570 3834 hoc
1609 3780 1771 3834 etiam
1806 3794 1904 3850 pro

325 3879 651 3938 adversariis
700 3875 996 3947 impendat.
1049 3873 1257 3928 Tantus
1317 3887 1438 3928 esse
1488 3871 1647 3927 debet
1696 3872 1907 3927 orantis

326 3988 454 4045 erga
495 3971 664 4026 Deum
711 3967 976 4034 allectus;
1020 3974 1081 4020 ut
1133 3980 1241 4020 non
1283 3965 1532 4036 desperet
1577 3963 1754 4034 precis
1780 3963 1908 4018 elfe-

328 4073 494 4120 ctum.
518 4063 758 4118 lnaniter
793 4068 972 4116 autem
1012 4073 1254 4124 oramus,
1287 4057 1332 4112 si
1370 4056 1484 4126 spei
1520 4055 1772 4111 fiduciam
1797 4069 1906 4108 non

328 4157 609 4211 habemus.
638 4151 788 4210 Petat
814 4164 934 4222 ergo
965 4148 1063 4224 (ait
1087 4148 1275 4219 Apost.
1306 4146 1519 4218 Jacob.)
1554 4147 1909 4216 unusquisque

327 4249 384 4299 in
411 4244 537 4314 ﬁde,
563 4243 693 4298 nihil
718 4241 964 4297 dubitans
990 4239 1197 4313 (Iacob.
1225 4239 1285 4311 ι).
1314 4239 1382 4294 Et
1403 4239 1685 4302 Dominus,
1717 4235 1910 4290 Omnia

328 4339 651 4406 quaecunque
691 4334 866 4406 petitis
915 4334 973 4386 in
1020 4332 1278 4396 oratione,
1333 4330 1598 4384 credentes
1646 4327 1911 4397 accipietis

332 4423 686 4494 (diuidunt).
711 4422 874 4479 Venit
895 4421 1116 4494 quidam
1151 4434 1318 4476 senex
1356 4418 1646 4490 aliquando
1675 4418 1729 4471 in
1759 4431 1912 4471 mon-

1990 1895 2095 1952 que
2115 1879 2382 1936 orationis
2406 1879 2652 1934 intentio.
2668 1878 3139 1952 lnterrogaverunt
3157 1882 3376 1950 quidam
3390 1883 3572 1937 Abba-

1990 1981 2102 2028 tem
2125 1970 2458 2026 Macharium
2484 1970 2727 2025 dicentes
2754 1989 2766 2024 :
2799 1963 3079 2038 Quomodo
3099 1972 3359 2027 debemus
3384 1973 3578 2027 orare?

1988 2065 2060 2120 Et
2089 2063 2226 2119 dixit
2249 2063 2329 2119 eis
2366 2077 2534 2118 senex
2566 2062 2724 2118 :Non
2752 2078 2888 2133 opus
2923 2070 3010 2118 est
3053 2057 3282 2118 multum
3328 2065 3472 2138 loqui
3521 2065 3577 2118 in

1989 2157 2255 2222 oratione,
2287 2156 2382 2212 sed
2401 2156 2694 2210 extendere
2721 2171 2913 2211 manus
2933 2155 3266 2226 frequenter,
3290 2158 3576 2213 etdicere:

1990 2248 2238 2312 Domine,
2273 2247 2413 2302 sicut
2429 2246 2534 2311 vis,
2558 2252 2614 2300 et
2650 2246 2791 2301 sicut
2833 2247 2963 2311 scis,
2993 2248 3252 2301 miserere
3280 2248 3407 2302 mei.
3441 2247 3583 2301 Hinc

1991 2339 2183 2393 beatus
2226 2335 2548 2390 Benedictus
2591 2335 2708 2389 ait:
2763 2333 2964 2389 Nonin
2994 2334 3335 2404 mutiloquio,
3374 2337 3470 2391 sed
3521 2337 3578 2390 in

1991 2428 2230 2498 puritate
2263 2426 2466 2490 cordis,
2508 2433 2562 2479 et
2604 2413 3020 2495 compunctione
3048 2425 3433 2496 lacrymarum,
3472 2442 3574 2480 nos

1993 2518 2242 2573 exaudiri
2281 2516 2538 2572 sciamus.
2575 2515 2645 2570 Et
2679 2515 2801 2570 ideo
2826 2516 3007 2571 brevis
3046 2516 3206 2571 debet
3227 2529 3347 2571 esse
3373 2524 3427 2568 et
3448 2529 3584 2584 pura

1992 2610 2207 2674 oratio,
2257 2609 2363 2664 nisi
2418 2605 2560 2663 ferte
2600 2621 2668 2662 ex
2717 2605 2910 2664 affectu
2961 2605 3334 2676 inspirationis
3387 2606 3584 2661 divinae

1996 2700 2182 2773 gratiae
2205 2697 2578 2769 protendatur.
2607 2697 2666 2752 In
2703 2705 2972 2752 conventu
2997 2705 3180 2752 tamen
3215 2694 3439 2752 omnino
3458 2695 3590 2754 bre-

1997 2791 2177 2847 vietur
2204 2789 2398 2844 oratio.

2631 2879 2859 2936 CAPUT
2899 2878 2963 2934 II.

2417 2973 2496 3027 De
2545 2971 2825 3042 disciplina
2876 2962 3156 3042 psallendi.

2072 3064 2298 3135 Oportet
2343 3063 2490 3118 enim
2531 3062 2742 3118 nisibus
2784 3063 3180 3130 totisobedire
3228 3062 3324 3128 illi,
3364 3063 3456 3134 qui
3487 3079 3588 3121 nos

1926 3135 1971 3206 C
2000 3171 2100 3225 per
2144 3155 2471 3225 Prophetam
2517 3154 2772 3209 admonet
2805 3153 3025 3208 dicens:
3060 3152 3282 3223 Psallite
3315 3155 3580 3225 sapienter

1998 3245 2171 3318 (Psal.
2203 3243 2372 3316 ιιινι),
2424 3243 2478 3298 id
2509 3251 2611 3306 est,
2661 3258 2771 3297 non
2803 3258 3113 3311 qumramus
3167 3259 3360 3298 sonum
3402 3245 3573 3311 auris,

1997 3337 2093 3392 sed
2131 3336 2312 3392 lumen
2351 3334 2568 3390 cordis:
2600 3341 2653 3388 et
2685 3333 2828 3403 quod
2866 3334 3045 3405 lingua
3070 3341 3380 3400 cantamus,
3412 3349 3580 3405 opere

1998 3426 2384 3496 compleamus.
2401 3424 2591 3497 (Basil.
2609 3424 2736 3496 Reg.
2756 3423 3070 3496 breu.,279.)
3090 3423 3286 3480 Cantat
3310 3427 3366 3479 et
3386 3423 3594 3493 sapien-

2001 3529 2107 3587 ter,
2129 3518 2386 3590 quiquod
2413 3517 2596 3587 p‘sallit
2634 3516 2905 3587 intelligit.
2939 3513 3108 3571 Nemo
3135 3517 3282 3571 enim
3301 3516 3589 3588 sapienter

2001 3612 2148 3683 agit,
2177 3611 2274 3684 qui
2322 3609 2468 3680 quod
2509 3615 2765 3679 operatur
2800 3623 2908 3663 non
2941 3607 3212 3678 intelligit.
3247 3606 3405 3675 Quod
3445 3609 3592 3664 enim

2003 3713 2088 3759 est
2117 3703 2172 3757 in
2201 3702 2453 3758 omnibus
2480 3701 2616 3756 cibis
2655 3709 2866 3771 gustus,
2917 3716 3024 3772 quo
3067 3700 3404 3771 dignoscitur
3430 3701 3585 3770 cujus

2005 3791 2215 3861 saporis
2255 3791 2344 3855 sit,
2382 3791 2487 3846 hoc
2513 3797 2595 3844 est
2623 3798 2679 3844 et
2724 3790 2778 3844 in
2820 3790 3001 3846 verbis
3041 3798 3244 3845 sanctae
3271 3789 3588 3861 Scriptum,

2003 3871 2286 3955 prudentia
2315 3893 2370 3940 et
2390 3899 2602 3940 sensus.
2637 3882 2695 3937 Si
2740 3882 2862 3953 quis
2901 3898 3029 3953 ergo
3056 3883 3130 3937 ita
3159 3883 3398 3953 animam
3428 3899 3583 3945 suam

2009 3975 2255 4030 intendat
2280 3975 2334 4028 in
2371 3968 2581 4046 singula
2616 3975 2783 4029 verba
2829 3974 3163 4043 psalmodize,
3213 3975 3356 4030 sicut
3405 3982 3592 4044 gustus

2009 4066 2250 4121 intentus
2278 4070 2364 4120 est
2385 4065 2441 4118 in
2476 4064 2802 4120 discretione
2831 4065 3040 4134 saporis
3070 4065 3314 4120 ciborum
3340 4083 3353 4118 :
3387 4065 3493 4120 iste
3515 4074 3596 4120 est

2011 4157 2102 4228 qui
2125 4156 2413 4226 complevit
2437 4157 2579 4225 quod
2618 4157 2818 4211 dicitur
2838 4196 2854 4222 ,
2887 4155 3110 4210 Psallite
3131 4157 3397 4227 sapienter
3419 4154 3590 4228 (Psal.

2012 4248 2182 4320 XLVI).
2209 4247 2416 4303 Bonum
2445 4257 2529 4303 est
2551 4248 2714 4303 corde
2742 4254 2956 4318 semper
2989 4264 3166 4312 orare,
3196 4250 3398 4303 bonum
3429 4253 3592 4304 etiam

2015 4357 2148 4397 sono
2175 4342 2347 4408 vocis,
2396 4341 2565 4395 Deum
2603 4339 2976 4410 spiritualibus
3019 4341 3236 4412 hymnis
3268 4340 3591 4410 glorificare.

2016 4431 2161 4487 Nihil
2202 4437 2285 4487 est
2325 4433 2442 4486 sola
2484 4444 2616 4486 voce
2646 4445 2867 4496 canere,
2917 4431 3034 4486 sine
3066 4431 3248 4486 cordis
3277 4430 3594 4486 intentione.

338 4525 444 4570 lem
485 4515 653 4578 δῖηιιίν
694 4526 749 4570 el
776 4531 899 4570 cum
925 4515 1102 4570 εΧὶιὊι
1143 4511 1284 4577 inde,
1316 4512 1557 4567 οοουιτίῑ
1581 4511 1631 4564 εί
1667 4510 1835 4564 fiam“
1859 4508 1913 4564 in
1939 4500 1991 4558 D
2019 4523 2125 4579 Sed
2154 4524 2296 4578 sicut
2309 4522 2584 4592 aitApost.
2614 4539 2627 4575 :
2656 4521 3049 4577 Commonentes
3073 4523 3430 4592 vosmetipsos,
3453 4519 3594 4592 psal-

335 4607 446 4672 via,
467 4615 522 4660 et
550 4605 911 4676 ingemiscens
955 4603 1168 4658 dicebat
1205 4603 1320 4658 seni
1345 4621 1356 4654 :
1383 4601 1704 4672 Allligimur,
1732 4599 1910 4665 Abba,-

334 4695 556 4764 propter
579 4691 905 4756 siccitatem,
949 4690 1075 4759 quia
1097 4691 1256 4745 nobis
1281 4706 1388 4744 non
1418 4690 1574 4760 pluit.
1602 4689 1670 4743 Et
1695 4689 1830 4742 dixit
1861 4688 1912 4745 ei

339 4796 546 4837 senex:
576 4780 758 4848 Quare
795 4793 901 4835 non
940 4780 1109 4836 oratis
1152 4788 1208 4835 et
1234 4783 1436 4850 rogatis
1465 4780 1679 4834 Deum?
1707 4779 1775 4834 Et
1822 4778 1912 4834 ille

339 4871 644 4942 respondit:
672 4871 740 4926 Et
769 4881 988 4927 oramus
1015 4879 1070 4926 et
1101 4871 1456 4942 deprecamur
1479 4871 1694 4928 assidue
1719 4871 1914 4941 Deum,

341 4970 396 5018 et
422 4978 528 5017 non
554 4961 708 5034 pluit.
753 4963 822 5018 Et
861 4963 997 5019 dixit
1023 4979 1189 5020 senex
1223 4981 1235 5016 :
1259 4961 1432 5019 Credo
1457 4964 1583 5034 quia
1611 4979 1719 5018 non
1745 4963 1914 5020 oratis

343 5055 622 5110 attentius.
655 5056 749 5112 Vis
783 5064 963 5110 autem
997 5057 1140 5113 scire
1179 5057 1305 5128 quia
1343 5057 1418 5111 ita
1465 5049 1773 5121 est?‘V'eni,
1812 5064 1919 5110 ste-

342 5159 466 5199 mus
495 5145 696 5214 pariter
739 5145 808 5200 ad
833 5146 1152 5202 orationem.
1184 5148 1252 5202 Et
1288 5147 1584 5202 extendens
1627 5147 1681 5200 in
1722 5147 1917 5202 coelum

344 5240 539 5296 lnanus
576 5239 771 5304 oravit,
800 5247 854 5292 et
877 5240 1060 5293 statim
1085 5240 1264 5310 pluvia
1295 5239 1590 5294 descendit.
1619 5235 1770 5304 Quod
1797 5251 1918 5290 cum

343 5332 570 5388 VitliSSet
593 5331 764 5387 frater
788 5331 900 5396 ille,
928 5330 1133 5396 timuit;
1179 5341 1233 5385 et
1254 5331 1540 5402 procidens
1571 5329 1817 5386 adoravit
1839 5344 1921 5384 se-

347 5423 488 5476 iiem.
517 5421 650 5476 Nam
678 5432 734 5478 et
764 5421 1025 5476 Dominus
1055 5421 1329 5490 discipulis
1359 5423 1435 5474 ait
1461 5440 1472 5473 :
1505 5421 1707 5474 Habete
1735 5420 1916 5488 ﬁdem.

353 5513 510 5568 Amen
536 5515 653 5568 dico
695 5515 855 5580 vobis,
887 5515 1011 5585 quia
1038 5515 1328 5587 quicunque
1359 5515 1478 5568 huic
1512 5517 1674 5568 monti
1699 5515 1916 5577 dixerit,

349 5599 526 5653 ίοῑιενε
572 5616 623 5659 et
649 5605 857 5660 mittere
884 5606 938 5658 in
960 5613 1189 5668 mare,et
1214 5621 1317 5657 non
1351 5604 1664 5657 limsitavcrit
1691 5605 1741 5655 in
1767 5604 1922 5657 corde

353 5684 830 5764 Iuo,quoacunquc
871 5695 1084 5763 dixerit,
1135 5695 1223 5765 ﬁet
1277 5695 1324 5750 ei
1378 5693 1573 5767 (Marc.
1627 5693 1723 5766 xu).
1769 5693 1921 5761 Quod

2015 4601 2134 4681 mis,
2162 4613 2391 4684 hymnis,
2439 4622 2486 4666 et
2532 4613 2746 4667 canticis
2788 4613 3174 4683 spiritualibus,
3196 4613 3250 4667 in
3276 4614 3451 4684 gratia
3474 4627 3596 4666 can-

2015 4712 2184 4758 tantes
2211 4705 2266 4758 in
2305 4703 2547 4758 cordibus
2576 4704 2758 4756 uestris
2799 4703 2908 4757 Deo
2948 4702 3170 4774 (Coloss.
3206 4703 3311 4774 ιιι).
3353 4702 3469 4758 Hoc
3493 4710 3592 4765 est,

2017 4809 2125 4849 non
2148 4793 2318 4848 solum
2342 4808 2491 4856 voce,
2518 4793 2613 4847 sed
2641 4793 2803 4848 corde
2827 4794 3137 4863 psallentes.
3173 4794 3323 4851 Unde
3347 4801 3406 4848 et
3430 4792 3553 4847 alibi
3578 4807 3592 4844 :

2020 4883 2258 4939 Psallam
2281 4884 2489 4954 spiritu,
2519 4882 2742 4954 psallam
2768 4893 2816 4938 et
2846 4894 3014 4938 mente
3056 4883 3256 4954 (quor.
3287 4883 3432 4955 xw).
3479 4881 3595 4937 Sic-

2019 4982 2080 5032 ιιι
2135 4975 2471 5031 oratioiiibus
2536 4973 2814 5043 regimur,
2867 4974 2945 5028 ita
3005 4973 3339 5043 psalmorum
3407 4970 3596 5027 studiis

2018 5065 2367 5120 delectamur.
2437 5062 2707 5118 Psallendi
2765 5063 2910 5117 enim
2952 5063 3158 5118 utilitas
3217 5063 3396 5122 tristia
3438 5060 3595 5115 corda

2019 5155 2352 5220 cansolatur,
2381 5155 2646 5224 gratiores
2685 5162 2896 5209 mentes
2925 5155 3083 5220 facit,
3108 5154 3423 5222 fastidiosos
3450 5152 3595 5207 dele-

2021 5252 2154 5309 ctat,
2177 5243 2379 5298 inertes
2406 5243 2724 5307 exsuscitat,
2751 5251 3066 5313 peccatores
3095 5244 3164 5297 ad
3189 5243 3427 5298 lamenta
3468 5239 3599 5296 invi-

2021 5343 2120 5389 tat.
2163 5333 2295 5388 Nam
2335 5334 2583 5404 quamvis
2613 5334 2745 5388 dura
2795 5334 2906 5388 sint
2929 5335 3225 5390 carnalium
3255 5334 3443 5404 corda,
3495 5340 3598 5396 ste-

2027 5424 2124 5478 tim
2160 5434 2218 5478 ut
2244 5424 2438 5494 psalmi
2463 5423 2685 5477 dulcedo
2711 5423 3024 5490 intonuerit,
3051 5424 3119 5479 ad
3147 5423 3396 5478 allectum
3437 5425 3603 5492 pietas

2031 5515 2098 5569 tis
2127 5514 2365 5568 animum
2395 5529 2582 5568 eorum
2613 5513 2854 5567 inﬂectit.
2889 5513 3026 5567 Dum
3055 5515 3198 5568 enim
3231 5515 3594 5568 Christianum

2029 5620 2134 5657 non
2166 5603 2312 5657 vocis
2339 5603 2645 5666 modulatio,
2689 5604 2786 5657 sed
2833 5611 3039 5658 tantum
3077 5607 3238 5658 verba
3275 5604 3455 5657 divina
3486 5617 3598 5672 quc-1

2031 5697 2106 5751 ibi
2131 5689 2398 5762 dicuntur,
2427 5695 2654 5751 debeant
2684 5710 3042 5764 commovere,
3085 5695 3266 5751 nescio
3288 5711 3396 5765 quo
3425 5701 3598 5750 tamen
