3960 6206
334 313 434 372 597

1549 303 1853 369 ΒΙΑΟΕΜΛ
1893 307 2396 374 MONACIIORUM.

3490 325 3591 382 598

333 434 488 498 pacto
529 412 706 496 quam“
760 421 1128 480 modulatione
1172 431 1417 480 canentis
1459 423 1634 494 major
1675 423 1919 479 nascitur
1945 435 1991 486 A
2020 443 2187 496 perna
2227 429 2593 500 amplectenda
2635 448 2730 487 cor
2756 433 2985 504 legentis
3025 431 3294 499 immutat,
3334 434 3597 505 dictisque

331 515 673 587 compunctio
700 515 901 570 cordis.
940 514 1089 568 Multi
1115 514 1258 569 enim
1287 517 1633 586 reperiuntur
1658 517 1749 586 qui
1781 531 1912 570 cau-

330 618 415 663 tus
447 608 712 663 suavitate
740 607 1014 672 commoti,
1044 623 1138 661 sua
1171 607 1402 663 crimina
1431 609 1710 680 plangunt,
1751 616 1914 678 atque

331 717 395 755 ex
420 716 482 755 ea
524 707 681 768 parte
717 698 890 768 magis
938 695 1229 753 ﬂectuntur
1273 699 1340 754 ad
1395 699 1684 770 lacrymas,
1711 714 1775 753 ex
1807 713 1913 768 qua

329 789 590 860 psallendi
619 786 922 841 insonuerit
972 787 1199 841 dulcedo
1237 788 1577 843 suavissima.
1627 787 1816 844 Oratio
1858 789 1911 843 in

325 877 580 948 praesenti
611 885 818 932 tantum
839 891 938 945 pro
964 876 1204 930 remedio
1223 886 1569 946 peccatorum
1591 877 1906 942 effunditur,

325 968 658 1038 psalmorum
711 976 894 1020 autem
945 966 1252 1020 decantatio
1287 974 1600 1034 perpetuam
1649 967 1746 1020 Dei
1794 966 1913 1020 lau-

327 1059 452 1114 dern
481 1059 822 1112 demonstrat
841 1058 894 1111 in
927 1055 1155 1126 gloriam
1177 1057 1582 1125 sempiternam,
1607 1057 1748 1110 sicut
1776 1056 1911 1112 scri-

322 1160 479 1220 ptum
502 1157 585 1204 est
611 1166 622 1200 :
654 1147 804 1201 Beati
844 1146 934 1217 qui
958 1145 1195 1199 habitant
1220 1147 1276 1198 in
1305 1146 1460 1199 domo
1485 1155 1599 1211 tua,
1626 1147 1680 1199 in
1717 1145 1914 1201 swcula

323 1239 640 1295 seculorum
663 1237 954 1291 laudabunt
981 1246 1029 1289 te
1054 1234 1226 1308 (Psal.
1254 1235 1504 1309 um").
1539 1235 1704 1304 Cujus
1731 1239 1914 1306 operis

323 1330 695 1384 ministerium
742 1328 1051 1397 quicunque
1104 1327 1335 1383 ﬁdeliter
1373 1328 1690 1398 intentaque
1733 1337 1916 1384 mente

323 1421 663 1490 exsequitur,
696 1420 1096 1489 quodammodo
1123 1418 1343 1490 Angelis
1387 1421 1644 1475 sociatur.
1684 1421 1834 1476 Unde
1861 1431 1917 1476 et

324 1515 384 1568 in
412 1514 518 1567 alio
543 1511 661 1567 loco
692 1511 833 1566 idem
876 1511 1326 1582 Psalmographus
1353 1496 1465 1566 aii:
1519 1511 1586 1566 In
1638 1522 1916 1582 conspectu

321 1604 649 1676 Angelorum
695 1602 920 1673 psallunt
964 1603 1058 1656 tibi
1089 1602 1262 1676 (Psal.
1291 1602 1552 1675 cxxxvu).
1598 1602 1917 1658 Psalmodizn

319 1696 417 1751 hic
443 1698 617 1750 virtus
657 1695 982 1760 ostenditur,
1009 1702 1069 1748 ut
1094 1695 1184 1764 qui
1214 1709 1352 1764 puro
1380 1696 1544 1750 corde
1572 1694 1711 1749 inter
1736 1695 1916 1750 homi-

319 1801 424 1843 nes
455 1786 657 1857 psallit,
683 1786 846 1840 etiam
875 1800 1094 1860 sursum
1117 1799 1239 1860 cum
1261 1783 1483 1852 Angelis
1514 1798 1710 1838 canere
1736 1782 1917 1839 vidca—
1946 1773 1991 1830 B

317 1882 433 1931 tur.
468 1876 605 1930 lliuc
641 1884 696 1930 ct
724 1857 1016 1944 Apostolus
1047 1874 1158 1928 ait:
1187 1857 1602 1927 'Commonentes
1640 1874 1918 1943 vosmetip-

315 1985 432 2034 sos,
461 1968 700 2038 psalmis,
745 1967 973 2037 hymnis,
1001 1976 1050 2020 et
1085 1967 1301 2019 canticis
1345 1963 1754 2035 spiritualibus’:
1797 1982 1919 2019 can-

314 2071 495 2116 tantes
520 2062 576 2115 in
601 2061 844 2114 cordibus
870 2059 1048 2114 vestris
1074 2057 1185 2112 Deo
1220 2055 1443 2129 (Coloss.
1481 2055 1585 2136 ιιι).
1625 2056 1690 2110 Et
1721 2071 1918 2111 canere

317 2153 513 2223 igitur,
538 2162 594 2207 et
622 2152 873 2221 psallere,
914 2157 968 2206 et
999 2149 1225 2203 laudare
1257 2149 1545 2202 Dominum
1582 2149 1756 2218 magis
1802 2147 1919 2202 ani-

313 2258 436 2307 mo,
468 2257 630 2313 quam
663 2256 794 2296 voce
819 2241 1094 2295 debemus.
1131 2238 1243 2293 Hoc
1269 2246 1352 2293 est
1376 2238 1573 2308 quippe
1602 2239 1744 2306 quod
1777 2237 1915 2292 dici-

315 2341 418 2386 tur
445 2341 730 2387 cantantes
757 2332 810 2385 in
853 2330 1107 2385 cordibus
1137 2329 1350 2383 vestris.
1387 2329 1501 2382 Vox
1542 2329 1744 2382 etenim
1775 2327 1919 2396 psal-

315 2421 520 2478 modize
558 2437 680 2476 cum
708 2435 805 2490 per
829 2420 1183 2474 intentionem
1210 2418 1392 2473 cordis
1421 2417 1621 2486 agitur,
1656 2432 1754 2486 per
1777 2417 1920 2470 hanc

318 2513 684 2583 omnipotenti
722 2512 832 2565 Deo
882 2511 950 2565 ad
996 2526 1090 2572 eor
1145 2510 1248 2563 iter
1296 2518 1541 2580 paratur,
1589 2515 1649 2562 ut
1700 2509 1920 2563 intenta:

319 2603 518 2667 menti,
551 2602 634 2656 vel
665 2601 963 2671 prophetia:
1012 2601 1295 2670 mysteria,
1353 2599 1440 2653 vel
1486 2597 1920 2668 compunctionis

320 2692 562 2762 gratiam
607 2691 874 2746 infundat.
929 2689 1084 2745 Unde
1128 2689 1390 2758 scriptum
1422 2695 1508 2742 est
1538 2706 1550 2740 :
1585 2686 1918 2754 Sacriﬁcium

319 2783 504 2838 laudis
533 2781 897 2850 honoriﬁcabit
929 2797 1028 2845 me,
1062 2789 1109 2833 et
1139 2778 1246 2832 illic
1281 2779 1382 2831 iter
1411 2787 1487 2831 est
1517 2793 1618 2848 quo
1647 2775 1919 2829 ostendam

321 2873 404 2928 illi
443 2871 680 2927 salutare
709 2869 805 2924 Dei
835 2868 1008 2941 (Psal.
1038 2867 1209 2939 xux).
1247 2867 1315 2920 Et
1358 2866 1488 2920 illud
1515 2883 1526 2918 :
1559 2863 1780 2918 Cantate
1809 2863 1921 2916 Do-

321 2969 495 3032 mino,
541 2964 801 3036 psalmum
829 2964 984 3018 dicite
1009 2963 1208 3017 nomini
1236 2961 1371 3030 ejus,
1402 2959 1501 3012 iter
1527 2957 1684 3028 facile
1719 2958 1788 3020 ei,
1830 2957 1920 3026 qui

322 3057 568 3112 ascendit
615 3071 771 3124 super
813 3069 1054 3107 occasum
1077 3065 1096 3104 :
1140 3051 1396 3106 Dominus
1423 3065 1612 3103 nomen
1635 3047 1713 3101 illi
1741 3044 1915 3119 (Psal.

317 3143 518 3216 uvu).
550 3144 665 3212 Ipse
685 3143 886 3198 ctenim
910 3157 1070 3211 super
1090 3155 1344 3196 occasum
1372 3137 1638 3202 ascendit,
1662 3137 1753 3207 qui
1778 3151 1921 3190 mor-

319 3243 438 3290 tem
479 3235 808 3303 resurgendo
853 3233 1102 3288 calcavit.
1151 3231 1250 3287 Cui
1294 3230 1421 3285 dum
1468 3238 1772 3294 cantamus,
1813 3229 1920 3283 iter

322 3325 582 3390 facimus,
610 3335 670 3380 ut
694 3327 762 3379 ad
799 3331 1043 3379 nostrum
1071 3338 1168 3378 cor
1193 3321 1403 3387 veniat,
1436 3328 1492 3378 et
1513 3320 1598 3376 sui
1627 3335 1728 3375 nos
1769 3333 1924 3375 amo—

321 3420 400 3475 ris
440 3419 616 3489 gratia
647 3417 927 3473 accendat.

949 3529 1178 3587 CAPUT
1215 3529 1298 3585 Ill.

950 3619 1029 3674 De
1063 3619 1301 3675 lectione.

393 3713 755 3772 Orationibus
803 3713 1152 3777 mundamur,
1210 3709 1533 3765 lectionibus
1586 3707 1924 3764 instruimur.

325 3806 636 3875 Utrumque
672 3804 895 3867 bonum,
937 3802 983 3856 si
1025 3801 1223 3857 liceat:
1255 3802 1300 3856 si
1338 3816 1445 3855 non
1493 3797 1677 3866 liceat,
1732 3798 1926 3854 melius

320 3911 492 3951 orare
521 3910 685 3964 quam
715 3893 913 3963 legere.
950 3891 1054 3960 Qui
1099 3891 1215 3946 vult
1244 3906 1368 3946 eum
1394 3891 1503 3944 Deo
1535 3904 1752 3960 semper
1781 3903 1924 3954 esse,

322 3985 649 4057 frequenter
676 3985 838 4040 debet
882 3997 1063 4046 orare,
1101 3981 1416 4051 frequenter
1461 3990 1518 4036 et
1560 3981 1760 4052 legere.
1792 3979 1927 4033 Nam

321 4091 455 4132 cum
485 4089 726 4139 oramus,
757 4074 858 4144 ipsi
887 4088 1009 4128 cum
1039 4072 1151 4127 Deo
1181 4071 1454 4144 loquimur
1480 4089 1492 4124 :
1537 4085 1660 4124 cum
1685 4084 1816 4124 vero
1853 4068 1931 4126 lc-

320 4165 532 4237 gimus,
582 4164 725 4218 Deus
773 4163 1054 4218 nobiscum
1096 4161 1353 4232 loquitur.
1399 4159 1588 4214 Omnis
1626 4157 1926 4228 profectus,

320 4274 392 4317 ex
423 4259 664 4316 lectione
695 4268 750 4314 et
791 4259 1144 4315 meditatione
1171 4257 1434 4328 procedit.
1483 4256 1614 4324 Quae
1652 4256 1801 4310 enim
1829 4269 1925 4308 ne-

321 4349 560 4413 scimus,
595 4348 824 4403 lectione
873 4347 1322 4416 discimuszquae
1377 4354 1561 4399 autem
1615 4344 1923 4409 didicimus,

2015 520 2418 576 obscurioribus
2449 533 2687 589 exercet,
2719 533 2774 577 et
2816 524 3054 593 parvulis
3103 523 3294 580 humili
3346 539 3597 582 sermone

1982 611 2329 694 blanditur:
2367 621 2422 667 ct
2465 629 2565 666 usu
2614 613 2820 684 legendi
2858 613 3132 668 fastidium
3188 613 3328 668 tollit
3381 613 3592 669 lectori.

2016 699 2153 765 Quia
2185 700 2439 754 nimirum
2465 717 2600 770 quos
2621 703 2801 757 verbis
2828 702 3122 758 humilibus
3151 701 3390 775 adjuvat,
3431 703 3598 757 subli-

2015 792 2192 846 mibus
2218 791 2378 846 levat.
2424 791 2705 862 Scriptura
2731 808 2884 847 saera
2918 793 3099 862 aliquo
3150 795 3309 848 modo
3357 808 3480 847 cum
3523 792 3599 848 le-

2015 884 2265 950 gentibus
2292 883 2510 948 crescit,
2559 897 2590 936 a
2640 884 2864 938 rudibus
2911 883 3207 939 lectoribus
3259 884 3412 953 quasi
3447 899 3600 940 reco—

2015 975 2311 1045 gnoscitur,
2341 983 2395 1028 et
2424 983 2605 1029 tamen
2641 990 2671 1028 a
2699 975 2870 1029 doctis
2897 990 3112 1044 semper
3137 991 3277 1029 nova
3306 977 3594 1046 reperitur.

2013 1062 2096 1118 Ad
2142 1063 2482 1118 Ezechielcm
2527 1064 2848 1133 prophetam
2898 1064 3134 1119 dicitur:
3187 1063 3299 1118 Fili
3349 1066 3596 1132 hominis,

2013 1153 2356 1225 quodcunque
2381 1155 2634 1209 inveneris
2670 1154 2880 1208 comede
2925 1155 3140 1224 (Ezech.
3175 1153 3280 1225 ιιι).
3329 1156 3598 1224 Quidquid

2015 1246 2160 1299 enim
2186 1245 2238 1299 in
2269 1261 2424 1300 sacra
2473 1244 2753 1314 Scriptura
2804 1245 3096 1308 invenitur,
3149 1245 3415 1299 edendum
3469 1253 3599 1299 est:

2015 1337 2141 1406 quia
2169 1345 2225 1391 et
2266 1335 2382 1407 ejus
2424 1353 2589 1407 parva
2622 1338 2921 1408 simplicem
2965 1347 3296 1406 componunt
3323 1339 3510 1400 vitam,
3545 1344 3602 1390 et

2014 1427 2130 1497 ejus
2159 1444 2354 1501 magna
2390 1430 2642 1484 subtilem
2668 1430 2941 1485 aediﬁcant
2983 1431 3414 1501 intelligentiam.
3463 1429 3604 1483 Prae-

2016 1529 2173 1591 cepta
2214 1520 2509 1591 Scriptum
2554 1536 2724 1575 sacrm
2767 1520 3016 1590 legendo,
3071 1519 3463 1584 reviviscimus,
3513 1520 3602 1586 qui

2018 1611 2216 1665 mortui
2252 1611 2306 1665 in
2356 1611 2511 1680 culpa
2531 1610 2866 1679 jacebamus.
2918 1609 3071 1665 Unde
3101 1607 3467 1678 Omnipotenti
3497 1607 3603 1662 Do-

2020 1700 2166 1754 mino
2196 1714 2293 1770 per
2323 1700 2666 1755 Psalmistam
2691 1700 2887 1754 dicitur
2912 1718 2924 1753 :
2966 1699 3032 1753 In
3057 1709 3310 1753 (sternam
3342 1715 3444 1752 non
3471 1699 3604 1752 obli-

2020 1791 2187 1846 viscar
2201 1808 2463 1845 sermones
2486 1801 2602 1845 tuos
2626 1808 2643 1844 :
2664 1793 2786 1862 quia
2810 1792 2865 1845 in
2886 1791 3010 1861 ipsis
3030 1789 3302 1857 viviﬁcasti
3325 1806 3407 1842 me
3431 1787 3603 1859 (Psal.

2019 1881 2227 1953 cxvm).
2264 1881 2466 1937 Sancta
2497 1882 2776 1952 Scriptura
2808 1884 2860 1936 in
2888 1881 3128 1936 tenebris
3152 1881 3275 1934 vitae
3318 1881 3606 1948 praesentis

2019 1972 2158 2027 facta
2198 1983 2283 2028 est
2321 1975 2477 2030 nobis
2524 1975 2707 2029 lumen
2754 1975 2982 2030 itineris.
3037 1973 3176 2028 Hinc
3220 1974 3364 2028 enim
3412 1973 3607 2028 Petrus

1997 2063 2093 2139 ait
2118 2082 2129 2115 :
2159 2061 2257 2116 Cui
2285 2063 2945 2133 benefacuisintendentes,
2969 2064 3121 2136 quasi
3150 2063 3379 2117 lucernis
3407 2062 3602 2118 lucenti

2019 2153 2073 2207 in
2102 2153 2390 2224 caliginoso
2419 2153 2534 2209 loco
2584 2155 2669 2227 (II
2695 2152 2842 2210 Petr.
2873 2155 2934 2227 ι).
2979 2155 3114 2212 Cum
3149 2155 3350 2226 legenti
3379 2155 3605 2209 cuilibet

2019 2259 2198 2298 sermo
2243 2243 2538 2314 Scriptura:
2585 2261 2757 2301 sacrae
2801 2247 3014 2316 tepidus
3039 2247 3273 2313 videtur,
3309 2261 3502 2301 sensus
3527 2245 3606 2301 di-

2017 2335 2129 2388 vini
2175 2335 2373 2405 eloquii
2406 2335 2524 2406 ejus
2554 2346 2789 2391 mentem
2831 2353 2938 2393 non
2969 2338 3188 2403 excitat,
3218 2345 3274 2392 et
3316 2338 3372 2391 in
3401 2336 3608 2408 cogita-

2020 2427 2166 2480 tione
2193 2443 2286 2482 sua
2317 2427 2462 2481 nullo
2487 2427 2762 2482 intellectu
2801 2427 3022 2484 luminis
3058 2428 3276 2484 emicat.
3303 2427 3374 2482 At
3400 2443 3531 2483 vero
3559 2430 3605 2483 si

2017 2519 2157 2574 bene
2183 2517 2395 2574 vivendi
2416 2519 2635 2575 ordines
2671 2527 2900 2590 quierat,
2943 2529 2997 2576 et
3023 2536 3120 2590 per
3154 2535 3398 2592 gressum
3426 2520 3610 2576 cordis

2019 2609 2262 2662 inveniat
2302 2609 2758 2678 quemadmodum
2787 2611 2978 2680 pedem
3019 2610 3146 2665 boni
3195 2611 3377 2680 operis
3419 2619 3607 2680 ponat,

2021 2706 2230 2754 tantum
2255 2700 2306 2754 in
2338 2716 2496 2757 sacro
2521 2701 2736 2772 eloquio
2764 2701 3064 2772 profectum
3095 2701 3315 2766 invenit,
3347 2711 3608 2771 quantum

2019 2792 2163 2862 apud
2191 2792 2338 2848 illum
2383 2795 2494 2863 ipse
2521 2794 2831 2864 profecerit.
2887 2795 3211 2864 Plerumque
3258 2794 3340 2861 tit,
3369 2805 3428 2850 ut
3462 2795 3611 2852 Scri-

2019 2893 2194 2953 plura:
2221 2900 2393 2941 sacra:
2415 2885 2580 2940 verba
2621 2901 2743 2941 esse
2780 2885 3008 2956 mystica
3048 2885 3279 2956 quisque
3308 2868 3534 2953 sentiat,
3559 2888 3607 2942 si

2020 2989 2284 3030 accensus
2321 2991 2569 3046 superna:
2599 2975 3070 3046 contemplationis
3117 2976 3314 3046 gratia,
3355 2977 3608 3048 semetip-

2023 3083 2143 3122 sum
2173 3068 2240 3122 ad
2269 3069 2513 3124 coelestia
2556 3069 2867 3139 suspendat.
2901 3068 3035 3123 Mira
3062 3067 3205 3124 enim
3233 3077 3397 3138 atque
3423 3067 3612 3124 ineﬂa‘

2024 3158 2150 3215 bilis
2194 3160 2334 3215 sacri
2370 3161 2569 3230 eloquii
2608 3162 2780 3216 virtus
2821 3163 3156 3232 agnoscitur,
3201 3176 3327 3217 cum
3375 3174 3612 3232 superno

2026 3265 2211 3308 amore
2235 3252 2464 3325 legentis
2491 3254 2705 3310 animus
2733 3263 3068 3323 penetratur.

2638 3345 2868 3402 CAPUT
2906 3347 2997 3402 1V.

2298 3480 2307 3506 ς
2383 3435 2462 3490 De
2492 3436 2771 3491 dilectione
2801 3437 2903 3490 Dei
2928 3444 2978 3490 et
3005 3437 3252 3505 proximi.

2099 3524 2284 3595 (Isid.,
2308 3525 2345 3578 ι.
2364 3523 2560 3579 nSent.
2577 3542 2624 3578 c.
2641 3524 2733 3594 5.)
2776 3523 3028 3580 Charitas
3051 3525 3105 3578 in
3128 3525 3416 3582 dilectione
3437 3525 3534 3582 Dei
3554 3535 3614 3583 et

2027 3617 2260 3687 proximi
2280 3615 2549 3670 consistit.
2574 3615 2769 3670 Servat
2789 3623 2970 3670 autem
2990 3616 3046 3670 in
3067 3631 3127 3671 se
3146 3615 3490 3672 dilectionem
3514 3617 3612 3674 Dei

2028 3707 2121 3777 qui
2151 3722 2181 3760 a
2207 3707 2475 3761 charitate
2500 3721 2604 3761 non
2628 3706 2886 3762 dividitur
2904 3707 3160 3778 proximi.
3184 3707 3285 3775 Qui
3311 3723 3342 3762 a
3367 3707 3611 3764 fraterna

2029 3799 2291 3853 societate
2331 3800 2658 3866 secernitur,
2697 3815 2729 3854 a
2768 3799 2965 3856 divina:
3002 3801 3288 3858 charitatis
3319 3803 3609 3874 participa«

2036 3892 2184 3946 tione
2213 3891 2478 3960 privatur.
2520 3891 2632 3946 Nec
2664 3893 2865 3961 poterit
2902 3892 3072 3948 Deum
3109 3891 3331 3963 diligere
3351 3933 3367 3960 ,
3394 3893 3486 3962 qui
3515 3908 3598 3948 no-

2031 3983 2205 4038 scitur
2244 3983 2298 4037 in
2333 3983 2567 4051 proximi
2606 3983 2895 4039 dilectione
2920 4000 3124 4041 errare.
3158 3983 3438 4050 Christus,
3467 3984 3609 4040 Deus

2032 4082 2090 4129 ct
2120 4075 2281 4128 homo
2312 4083 2414 4128 est.
2447 4075 2639 4128 Totum
2671 4090 2801 4145 ergo
2830 4074 3108 4131 Christum
3137 4091 3246 4130 non
3278 4074 3484 4145 diligit,
3515 4076 3610 4144 qui

2031 4165 2307 4219 hominem
2341 4165 2475 4219 odit.
2515 4163 2534 4236 (
2558 4163 2692 4217 Isid.
2721 4164 2850 4218 ibid.
2879 4163 2896 4234 )
2925 4163 3183 4232 Quamvis
3210 4179 3340 4235 ergo
3364 4163 3610 4221 nonnulli

2031 4255 2136 4310 ﬁde
2156 4263 2317 4324 atque
2340 4254 2592 4324 operibus
2614 4255 2818 4309 sanctis
2834 4253 3118 4309 videantur
3139 4269 3258 4310 esse
3280 4254 3605 4325 participes:

2033 4355 2214 4399 tamen
2242 4345 2367 4413 quia
2398 4343 2680 4413 privantur
2705 4343 2972 4398 charitate
3000 4343 3254 4401 fraterna:
3280 4346 3608 4413 dilectionis,

321 4441 777 4498 meditationibus
831 4455 1236 4496 conservamus.
1265 4439 1554 4494 Geminum
1587 4437 1800 4494 confert
1830 4439 1926 4493 do-
1951 4467 2006 4526 D
2030 4437 2235 4493 nullum
2290 4436 2489 4490 habent
2543 4435 2938 4490 incrementum
2984 4435 3222 4492 virtutis.
3261 4435 3396 4492 Nam
3436 4435 3611 4508 (sicut

319 4547 462 4589 num
529 4531 691 4586 lectio
755 4539 1066 4588 sanctarum
1131 4527 1556 4599 Seripturarum.
1613 4526 1740 4582 Sive
1796 4527 1926 4598 quia

320 4622 670 4680 intellectura
708 4623 909 4678 mentis
943 4622 1156 4688 erudit;
1188 4635 1284 4676 seu
1309 4618 1452 4689 quod
1481 4635 1512 4672 a
1541 4619 1730 4674 mundi
1770 4617 1926 4673 vani-

323 4719 542 4772 tatibus
568 4719 896 4772 abstractum
925 4717 1224 4780 hominem,
1249 4715 1316 4770 ad
1343 4729 1584 4769 amorem
1611 4711 1707 4768 Dei
1732 4715 1926 4783 perdu-

319 4811 425 4864 cit.
481 4807 640 4880 (Isid.
682 4808 722 4863 l.
768 4825 851 4872 ιιι,
900 4806 1047 4864 Sent.
1096 4824 1144 4863 c.
1199 4806 1279 4880 8.)
1316 4807 1602 4862 Geminum
1648 4813 1733 4860 est
1757 4806 1923 4862 etiam

321 4901 587 4957 lectionis
621 4901 880 4956 studium.
936 4901 1180 4955 Primum
1223 4898 1496 4968 quomodo
1553 4897 1925 4968 intelligantur

319 4994 657 5061 scripturae:
684 4993 1003 5057 secundum,
1025 5008 1131 5062 qua
1154 4991 1407 5053 utilitate,
1435 4989 1518 5045 vel
1551 4989 1815 5060 dignitate
1837 4988 1921 5044 di-

317 5093 549 5140 cantur.
587 5084 724 5148 Nam
755 5083 1152 5140 rationabiliter
1179 5083 1286 5138 erit
1310 5081 1544 5151 quisque
1567 5081 1718 5150 prius
1739 5095 1919 5150 prom-

315 5185 460 5246 ptus
486 5175 558 5229 ad
587 5175 996 5247 intelligendum
1043 5188 1164 5244 qua:
1188 5174 1351 5246 legit;
1376 5172 1573 5226 deinde
1603 5172 1828 5228 idoneus
1853 5170 1922 5225 ad

315 5263 714 5338 proferendum
764 5281 886 5335 quae
932 5266 1139 5322 didicit.
1190 5265 1302 5319 Lex
1352 5263 1496 5322 enim
1548 5261 1664 5328 Dei,
1694 5273 1751 5318 et
1787 5278 1924 5333 pra:-

314 5359 501 5412 miuut
530 5357 718 5424 habet,
745 5365 800 5412 et
828 5371 1044 5427 poenam
1087 5355 1392 5426 legentibus
1431 5369 1572 5410 eam.
1607 5353 1918 5418 Praunium,

314 5447 376 5502 in
420 5447 493 5503 iis
533 5447 626 5518 qui
673 5463 794 5514 eam
840 5449 979 5503 bene
1025 5447 1256 5502 vivendo
1301 5445 1647 5511 custodiunt;
1701 5457 1916 5516 poenam

311 5550 485 5600 vero,
539 5536 594 5592 in
640 5537 708 5593 iis
750 5537 843 5609 qui
894 5551 1017 5592 eam
1066 5535 1208 5590 male
1264 5535 1495 5591 vivendo
1541 5544 1912 5591 contemnunt.

312 5625 615 5698 Scriptura
651 5645 808 5685 sacra
838 5627 1056 5684 lectoris
1103 5627 1187 5683 sui
1235 5627 1477 5682 animum
1524 5627 1592 5682 ad
1631 5628 1911 5684 cmlestcm

310 5719 564 5788 patriam
604 5729 778 5791 vocat,
821 5730 984 5794 atque
1035 5734 1067 5776 a
1108 5719 1337 5777 terrenis
1376 5718 1660 5777 desideriis
1706 5722 1771 5778 ad
1822 5738 1907 5778 su-

2028 4525 2316 4597 Apostolus
2339 4526 2436 4595 ait)
2463 4543 2476 4578 :
2503 4524 2564 4580 Si
2588 4525 2855 4580 tradidero
2879 4542 3064 4597 corpus
3091 4542 3260 4580 meum
3289 4536 3345 4580 ut
3364 4527 3604 4593 ardeam,

2029 4618 2341 4671 charitatem
2380 4623 2559 4669 autem
2593 4632 2697 4669 non
2737 4615 3003 4678 habuero,
3043 4614 3175 4669 nihil
3219 4616 3349 4671 mihi
3395 4618 3607 4687 prodest

2029 4706 2048 4778 (
2073 4706 2103 4760 1
2131 4704 2255 4760 Cor.
2287 4722 2383 4760 xm
2408 4705 2450 4776 ).
2488 4704 2618 4760 Sine
2645 4720 2830 4760 amore
2859 4705 3144 4761 charitatis
3171 4707 3418 4775 quamvis
3455 4708 3608 4778 quis-

2025 4813 2131 4869 que
2177 4806 2325 4853 recte
2365 4798 2588 4862 credat,
2625 4796 2695 4850 ad
2729 4797 3124 4851 beatitudinem
3162 4797 3451 4866 pervenire
3497 4813 3603 4853 non

2024 4898 2224 4962 potest.
2263 4889 2400 4956 Quia
2436 4897 2588 4943 tanta
2640 4896 2727 4942 est
2763 4887 3048 4943 charitatis
3086 4887 3292 4954 virtus,
3331 4899 3391 4944 ut
3438 4890 3604 4948 etiam

2021 4981 2308 5050 prophetia
2345 4987 2400 5033 et
2451 4978 2771 5049 martyrium
2800 4979 2918 5034 sine
2946 4978 3036 5032 illa
3066 4978 3204 5033 nihil
3231 4993 3352 5035 esse
3378 4981 3606 5036 credan-

2024 5084 2134 5129 tur.
2168 5072 2382 5128 Nullum
2413 5072 2698 5142 pra‘mium
2730 5071 2999 5126 charitate
3033 5081 3311 5141 pensatur.
3352 5073 3604 5129 Charitas

2011 5165 2169 5238 enim
2208 5165 2472 5218 virtutum
2510 5162 2756 5218 omnium
2787 5162 2998 5217 obtinet
3031 5163 3416 5233 principatum.
3451 5163 3606 5219 Unde

2025 5264 2082 5312 et
2131 5254 2398 5310 uinculum
2449 5252 2784 5325 perfectionis
2824 5253 3067 5310 Charitas
3094 5253 3164 5309 ab
3191 5253 3448 5325 Apostolo
3474 5255 3604 5309 dici‘

2028 5356 2114 5405 tur
2158 5346 2384 5420 (Coloss.
2425 5345 2511 5419 ιιι)
2538 5360 2603 5401 eo
2627 5346 2772 5416 quod
2802 5345 3069 5402 universa:
3095 5346 3326 5402 virtutes
3347 5346 3463 5418 ejus
3486 5344 3603 5400 vin-

2025 5440 2148 5496 culo
2200 5438 2518 5510 religentur.
2578 5436 2741 5510 (Huc
2771 5455 2934 5511 usque
2963 5437 3144 5508 Isid.)
3196 5437 3378 5492 Prima
3427 5435 3603 5492 virtus

2023 5530 2346 5588 obcdientiaa
2389 5530 2444 5584 in
2473 5530 2739 5586 charitate
2769 5539 2872 5585 est.
2904 5529 3034 5596 Qua:
3085 5528 3332 5583 videlicet
3363 5526 3604 5583 Charitas

2021 5625 2076 5678 in
2107 5623 2319 5677 duobus
2350 5620 2636 5692 praeceptis
2665 5620 3031 5690 distinguitur,
3065 5624 3123 5671 ut
3151 5617 3293 5671 Deus
3321 5625 3377 5672 ct
3417 5617 3602 5690 proxi-

2020 5736 2140 5776 mus
2178 5717 2470 5789 diligatur:
2511 5725 2566 5772 ct
2597 5725 2748 5773 recta
2783 5714 3030 5789 operatio
3067 5729 3136 5770 ex
3171 5713 3412 5789 dccalogi
3449 5730 3597 5775 com-
