3960 6198
394 368 499 430 839

1669 365 1945 423 SMARAG
1955 367 2019 421 Di
2056 366 2347 422 ABBATIS

3534 368 3637 426 600

391 486 625 560 pletione
679 480 979 554 perﬁcitur,
1036 485 1096 535 ut
1153 494 1274 535 cum
1325 480 1465 534 bona
1515 475 1600 550 agi
1652 479 1949 549 cmperint,
1979 483 2031 542 Α
2054 472 2203 549 diligi
2236 475 2288 531 in
2327 489 2408 542 se,
2439 486 2495 529 et
2527 474 2773 531 inimicos
2805 468 2951 546 diligi
2979 482 3201 545 propter
3230 489 3307 533 se.
3344 475 3641 548 Diligamus

392 577 534 633 mala
563 576 675 647 jam
712 573 854 627 nulla
902 578 1300 643 perpetrantur.
1351 566 1468 626 Duo
1518 580 1644 627 sunt
1689 578 1955 640 praecepta

392 665 678 724 charitatis
698 706 712 732 ,
742 665 959 720 dilectio
991 664 1242 719 videlicet
1276 663 1407 731 Dei,
1439 672 1494 719 et
1531 663 1745 719 dilectio
1774 662 1958 732 prosi-

392 757 497 821 mi,
536 768 634 828 per
670 769 790 824 qua:
822 768 921 808 nos
956 768 1124 808 sacrae
1159 754 1439 823 scripturae
1470 753 1611 807 dicta
1641 752 1956 807 viviﬁcant:

392 845 520 917 quia
554 845 896 899 dilectionem
921 843 1016 897 Dei
1043 851 1098 898 et
1122 844 1354 914 proximi
1379 844 1620 912 capimus
1647 842 1702 896 in
1733 842 1961 912 eloquiis

394 933 615 990 divinis.
653 930 859 1006 (Greg.,
902 930 1096 987 Morel.
1130 932 1168 987 ι.
1200 949 1296 1000 vn,
1330 950 1376 987 c.
1410 932 1539 1005 10.)
1574 931 1680 988 Per
1718 946 1961 987 amorem

390 1023 489 1079 Dei
531 1039 687 1078 amor
745 1021 980 1095 proximi
1014 1023 1270 1096 gignitur,
1311 1035 1366 1080 et
1407 1042 1505 1097 per
1548 1040 1788 1081 amorem
1836 1038 1963 1094 pro-

393 1118 522 1172 ximi
581 1132 736 1171 amor
788 1116 883 1172 Dei
945 1118 1199 1172 nutritur.
1249 1115 1383 1172 Nam
1428 1116 1519 1188 qui
1564 1131 1746 1171 amare
1790 1114 1961 1169 Deum

392 1207 644 1278 negligit,
685 1206 927 1277 profecto
967 1206 1187 1278 diligere
1226 1207 1530 1277 proximum
1571 1206 1758 1261 nescit.
1809 1201 1963 1259 Tunc

391 1299 604 1367 plenius
640 1298 695 1352 in
730 1298 825 1351 Dei
860 1294 1145 1352 dilectione
1182 1298 1526 1368 proﬁcimus,
1555 1298 1600 1350 si
1630 1297 1683 1350 in
1720 1294 1959 1364 ejusdem

396 1388 704 1444 dilectionis
736 1389 939 1459 gremio
976 1384 1125 1458 prius
1160 1388 1386 1459 proximi
1419 1389 1681 1444 charitate
1710 1384 1957 1458 ligamur.

393 1479 531 1546 Quia
558 1494 687 1549 ergo
714 1494 867 1533 amor
917 1475 1013 1533 Dei
1044 1494 1283 1533 amorem
1329 1476 1560 1548 proximi
1597 1483 1839 1547 generat,
1877 1474 1960 1530 di—

395 1577 582 1624 cturus
614 1582 711 1637 per
736 1567 909 1637 legem
938 1566 1226 1622 Dominus:
1251 1567 1443 1637 Diliges
1468 1566 1763 1638 proximum
1792 1574 1960 1629 tuum,

390 1657 654 1727 praemisit
711 1657 945 1712 dicens:
1004 1657 1200 1727 Diliges
1253 1657 1538 1710 Dominum
1594 1655 1762 1710 Deum
1815 1664 1963 1708 tuum

395 1742 612 1816 (Mat/2.
656 1762 809 1811 xxu;
867 1745 996 1800 Luc.
1036 1763 1109 1810 x;
1150 1746 1306 1799 Deut.
1342 1744 1459 1816 vi),
1508 1752 1567 1798 ut
1611 1742 1861 1798 videlicet
1908 1740 1962 1795 in

2059 582 2210 638 ergo,
2245 566 2581 622 dilectissimi
2620 564 2832 629 fratres,
2858 565 3146 621 Dominum
3192 566 3362 627 Deum
3390 576 3640 627 nostrum

2063 658 2206 713 sicut
2229 654 2317 713 ille
2343 660 2637 729 praecepit;
2669 657 2910 721 scilicet,
2942 674 3007 712 ea:
3036 667 3145 711 toto
3174 658 3360 724 corde,
3390 670 3501 714 tota
3526 666 3645 717 ani-

2059 766 2146 803 ma
2188 759 2238 804 et
2291 758 2400 803 tota
2429 749 2618 803 virtute
2653 758 2834 801 nostra
2873 747 3191 817 diligamus,
3219 749 3345 818 quia
3378 749 3467 802 ille
3499 753 3646 820 prior

2060 839 2244 895 dilexit
2270 856 2363 893 nos
2391 838 2579 912 (Deut.
2605 855 2693 904 v1;
2718 838 2913 893 Matth.
2938 855 3049 894 xxn
3068 854 3089 905 ',
3107 830 3238 894 Luc.
3264 839 3352 911 x).
3386 839 3479 898 Sic
3501 845 3644 899 enim

2058 925 2295 983 Joannes
2331 928 2449 995 ille,
2490 929 2580 997 qui
2618 942 2782 997 super
2818 927 2972 982 illum
3013 928 3318 986 dilectionis
3347 931 3552 987 fontem
3582 936 3640 989 in

2059 1032 2213 1074 omna
2252 1018 2515 1085 recubuit,
2540 1018 2593 1073 in
2631 1016 2858 1088 epistola
2888 1033 2988 1073 sua
3016 1020 3093 1072 ait
3121 1036 3134 1071 :
3171 1018 3411 1087 Fratres,
3446 1022 3645 1092 diliga-

2060 1124 2178 1162 mus
2204 1107 2766 1179 Dominum,quoniam
2792 1106 2882 1160 ille
2904 1107 3053 1178 prior
3075 1107 3257 1163 dilexit
3284 1124 3378 1163 nos
3405 1108 3455 1181 (Ι
3479 1108 3644 1164 Joan.

2062 1196 2158 1266 tv).
2189 1195 2373 1267 Neque
2399 1197 2541 1251 enim
2567 1204 2779 1266 poterat
2804 1196 3091 1252 Dominum
3116 1196 3386 1267 fragilitas
3412 1199 3647 1254 humana

2065 1286 2307 1358 diligere,
2332 1285 2435 1340 nisi
2460 1284 2547 1339 ille
2572 1285 2802 1355 primum
2829 1292 3084 1339 naturam
3111 1284 3355 1356 diligeret
3378 1296 3645 1343 nostram.

2064 1371 2263 1429 Dilexit
2298 1372 2463 1428 etiam
2497 1388 2596 1429 nos
2628 1374 2781 1444 prius
2816 1389 2979 1443 quam
3014 1389 3288 1440 essemus,
3323 1384 3379 1431 et
3430 1376 3552 1432 ideo
3586 1385 3649 1432 ut

2064 1479 2309 1520 essemus
2332 1464 2535 1527 creavit
2556 1505 2570 1530 ,
2601 1463 2926 1529 viviﬁcavit,
2955 1465 3215 1533 nutrivit,
3244 1468 3566 1532 custodivit,
3588 1477 3648 1523 et

2064 1558 2131 1612 ad
2156 1557 2429 1635 lavacrum
2460 1556 2882 1626 regenerationis
2902 1558 3185 1626 perduxit,
3211 1560 3519 1625 renovavit,
3544 1576 3643 1630 gu-

2062 1648 2344 1716 bernavit,
2372 1657 2427 1703 et
2456 1650 2523 1704 ad
2553 1648 2941 1718 intelligibilem
2966 1657 3180 1705 aetatem
3207 1651 3480 1720 perduxit.
3512 1651 3648 1710 Haec.

2065 1737 2209 1793 enim
2228 1738 2408 1793 omnia
2433 1737 2590 1792 nobis
2608 1736 3048 1801 misericorditer,
3065 1747 3120 1793 et
3140 1754 3236 1808 per
3261 1740 3486 1795 nimiam
3507 1737 3641 1795 dileo

396 1840 542 1889 terra
598 1836 836 1904 pectoris
891 1835 1064 1889 nostri
1125 1834 1276 1904 prius
1323 1834 1521 1888 amoris
1582 1832 1664 1887 sui
1718 1830 1956 1885 radicem
1983 1833 2030 1892 B
2057 1829 2289 1884 ctionem
2303 1826 2546 1898 perfecit.
2565 1826 2882 1897 Aperiamus
2899 1841 3027 1898 ergo
3041 1825 3225 1882 oculos
3251 1829 3434 1883 cordis
3448 1829 3642 1896 nostri,

403 1924 649 1988 sisteret,
688 1931 954 1992 quatenus
995 1937 1094 1993 per
1147 1938 1328 1977 ramos
1364 1921 1705 1993 postmodum
1750 1919 1967 1974 dilectio

399 2014 640 2069 fraterna
693 2014 1039 2083 germinaret.
1094 2011 1261 2068 Amor
1321 2012 1418 2067 Dei
1454 2010 1710 2084 [proximi
1784 2024 1969 2084 amore

399 2104 684 2169 coalescit,
712 2104 855 2159 sicut
912 2112 1141 2161 testatur
1187 2103 1438 2168 Joannes,
1466 2104 1558 2174 qui
1594 2101 1854 2172 quosdam
1889 2098 1971 2154 in-

396 2205 584 2268 crepat
615 2198 799 2252 dicens
829 2214 841 2250 :
876 2195 978 2262 Qui
1020 2212 1140 2251 non-
1173 2193 1343 2267 diligit
1389 2196 1607 2266 fratrem
1636 2210 1787 2248 suum
1818 2207 1969 2263 quem

398 2286 564 2350 ridet,
596 2284 762 2339 Deum
785 2325 799 2349 ,
826 2300 978 2355 quem
1032 2300 1134 2339 non
1175 2283 1342 2349 videt,
1374 2280 1629 2355 quomodo
1667 2290 1831 2352 potest
1883 2279 1970 2335 di-

401 2377 561 2446 ligere
587 2377 615 2430 7
665 2375 863 2448 (Greg.
896 2376 996 2429 loc.
1029 2375 1162 2447 cit.)
1218 2375 1348 2443 Qua:
1397 2383 1574 2429 tamen
1622 2373 1799 2430 divina
1837 2373 1972 2428 dile-

401 2464 511 2520 ctio
562 2478 662 2535 per
707 2464 959 2519 timorem
1009 2465 1266 2528 nascitur,
1317 2463 1411 2517 sed
1459 2463 1515 2516 in
1567 2460 1815 2516 affectum
1856 2474 1972 2515 cre-

393 2549 602 2604 scendo
666 2555 1011 2618 permutatur
1033 2545 1085 2615 (I
1120 2545 1281 2600 Joan.
1315 2546 1412 2613 IV).
1442 2543 1600 2615 Saepe
1623 2543 1974 2614 omnipotens

394 2646 566 2710 Deus,
610 2652 671 2700 ut
706 2650 972 2715 quantum
1001 2643 1235 2713 quisque
1268 2657 1299 2697 a
1328 2641 1599 2697 charitate
1630 2640 1722 2696 Dei
1761 2649 1817 2696 et
1850 2655 1981 2711 pro-

398 2738 539 2794 ximi
591 2737 755 2809 longe
805 2735 1020 2802 sit,‘vel
1063 2733 1118 2789 in
1148 2749 1212 2789 ea
1252 2749 1414 2806 quam
1447 2733 1761 2804 profecerit,
1786 2741 1979 2789 notum

401 2829 701 2885 facit.Miro
717 2827 910 2884 ordine
923 2837 1117 2881 cuncta
1139 2828 1486 2896 dispensans,
1507 2826 1643 2880 alios
1661 2839 1755 2895 per
1776 2823 1984 2896 flagella

397 2915 680 2986 deprimit,
711 2915 845 2973 alios
874 2917 1215 2974 successibus
1250 2915 1421 2972 fulcit.
1455 2916 1524 2971 Et
1553 2915 1680 2971 dum
1708 2920 1971 2985 quosdam

398 3012 769 3081 temporaliter
805 3012 1026 3078 deserit,
1078 3013 1131 3067 in
1159 3010 1516 3081 quorumdam
1546 3008 1800 3065 cordibus
1828 3005 1973 3075 quod

2069 1920 2407 1976 dilectissimi
2434 1920 2663 1986 fratres;
2678 1929 2733 1976 et
2763 1921 2817 1975 in
2850 1928 3061 1977 tantum
3094 1938 3193 1977 nos
3218 1938 3248 1975 a
3274 1920 3403 1978 Jesu
3430 1923 3650 1980 Christo

2070 2008 2299 2066 Domino
2343 2019 2531 2067 nostro
2573 2027 2962 2083 cognoscamus
3008 2028 3127 2070 esse
3157 2015 3418 2081 dilectos,
3458 2024 3520 2071 ut
3549 2033 3651 2086 pro

2070 2100 2383 2169 nobisejus
2425 2103 2742 2174 sanguinem
2790 2103 2971 2159 fusum
3013 2120 3121 2160 non
3160 2107 3489 2162 dubitemus.
3519 2107 3654 2163 Sus-

2068 2191 2367 2261 pendamus
2411 2194 2573 2247 corda
2619 2201 2805 2248 nostra
2861 2195 2929 2250 ad
2990 2195 3333 2251 dilectionem
3375 2196 3652 2254 Creatoris

2071 2280 2276 2346 nostri,
2314 2288 2368 2334 et
2400 2296 2507 2336 non
2538 2283 2606 2336 ad
2640 2283 2910 2337 modicum
2946 2293 3042 2339 aut
3077 2299 3146 2339 ex
3184 2285 3363 2355 aliquo
3393 2306 3407 2339 :
3444 2284 3553 2342 Sed
3582 2305 3650 2342 ex

2071 2380 2177 2425 toto
2227 2372 2414 2436 corde,
2463 2381 2571 2427 tota
2617 2374 2827 2437 anima,
2879 2383 2928 2428 et
2980 2382 3090 2428 tota
3137 2376 3324 2430 uirtute
3368 2377 3651 2447 diligamus

2070 2476 2187 2514 eum
2216 2458 2412 2532 (Deut.
2441 2477 2525 2527 Vi;
2554 2461 2748 2517 Matth.
2778 2479 2923 2528 xxu;
2951 2462 3081 2518 Luc.
3108 2481 3144 2518 x
3167 2464 3220 2534 ),
3249 2475 3304 2520 et
3336 2467 3540 2523 nullius
3569 2469 3650 2524 rei

2070 2548 2417 2606 dilectionem
2459 2566 2838 2622 praeponamus
2884 2551 3161 2608 dilectioni
3213 2556 3427 2610 Domini
3481 2557 3651 2612 nostri

2069 2637 2196 2697 Jesu
2231 2640 2453 2696 Christi.
2491 2641 2610 2713 Ipse
2640 2642 2787 2697 enim
2823 2644 2900 2698 ait
2930 2660 2945 2696 :
2984 2643 3087 2709 Qui
3115 2643 3287 2715 diligit
3319 2655 3527 2715 patrem
3559 2655 3650 2701 ω

2069 2740 2292 2786 matrem
2320 2731 2597 2803 plusquam
2624 2749 2730 2797 me,
2759 2749 2862 2787 non
2889 2743 2965 2788 est
2996 2751 3075 2788 me
3104 2735 3293 2805 dignus
3324 2734 3542 2808 (Matth.
3569 2736 3646 2806 ι).

2071 2822 2210 2878 Vere
2238 2823 2384 2877 enim
2414 2823 2459 2878 si
2490 2818 2661 2878 Deum
2691 2832 2804 2880 toto
2833 2825 2996 2881 corde
3028 2825 3349 2897 diligamus,
3379 2829 3651 2885 dilectioni

2072 2913 2189 2985 ejus
2236 2930 2339 2970 nec
2385 2924 2704 2987 parentum,
2752 2931 2854 2971 nec
2898 2917 3225 2986 amicorum,
3271 2934 3374 2973 nec
3418 2919 3650 2975 ﬁliorum

2071 3002 2413 3061 dilectionem
2439 3004 2697 3076 prmierre
2722 3007 2998 3063 debemus.
3033 3006 3139 3063 Sed
3168 3008 3214 3063 si
3244 3008 3519 3079 diligimus
3547 3006 3649 3066 Do-

401 3100 604 3154 malum
628 3099 796 3165 latet,
824 3100 1075 3155 ostendit.
1105 3098 1239 3152 Nam
1268 3097 1583 3168 plerumque
1611 3096 1712 3166 ipsi
1739 3110 1840 3151 nos
1870 3094 1972 3148 mi-
2071 3097 2274 3151 minum
2296 3137 2311 3161 ,
2331 3111 2553 3152 necesse
2572 3105 2736 3152 estut
2760 3097 2924 3166 (sicut
2951 3098 3332 3170 nosmetipsos)
3364 3099 3651 3170 diligamus

400 3202 554 3244 seros
579 3188 956 3258 insequuntur,
983 3189 1072 3258 qui
1104 3187 1282 3243 felices
1310 3188 1425 3243 sine
1450 3185 1851 3256 comparatione
1879 3199 1972 3240 co-
1996 3172 2042 3235 C
2071 3194 2127 3241 et
2161 3187 2468 3255 proximum
2487 3227 2503 3252 ,
2534 3188 2657 3258 quia
2688 3187 2746 3241 in
2773 3188 2853 3243 his
2887 3188 3093 3243 duobus
3120 3189 3391 3259 prceceptis
3425 3198 3536 3243 tota
3569 3189 3651 3244 les:

403 3280 640 3333 luerunt.
682 3276 947 3333 inoffenso
982 3279 1118 3349 pede
1156 3277 1259 3332 iter
1295 3284 1541 3332 nostrum
1575 3276 1629 3330 in
1667 3282 1813 3330 terra
1858 3275 1970 3345 agi-

405 3378 517 3435 tur,
555 3369 600 3423 si
636 3367 778 3424 Deus
810 3376 867 3425 et
899 3369 1176 3439 proximus
1212 3367 1417 3438 integra
1447 3374 1624 3422 mente
1653 3364 1964 3435 diligantur.

401 3457 513 3514 Nec
555 3456 697 3514 Deus
741 3459 885 3513 enim
932 3472 1058 3512 vere
1107 3456 1348 3528 diligitur
1389 3455 1506 3510 sine
1544 3454 1825 3526 proximo,
1870 3450 1981 3507 nec‘

401 3551 681 3622 proximus
714 3564 838 3606 vere
870 3549 1110 3621 diligitur
1145 3550 1260 3605 sine
1295 3549 1424 3604 Deo.
1465 3547 1698 3603 Sanctus
1735 3544 1971 3616 Spiritus

400 3642 639 3698 secundo
668 3641 867 3712 legitur
892 3641 1169 3712 discipulis
1199 3640 1354 3696 datus
1379 3658 1390 3694 :
1424 3641 1572 3710 prius
1598 3655 1628 3694 a
1659 3639 1888 3694 Domino
1916 3637 1971 3692 in

403 3742 554 3787 terra
588 3732 816 3803 degente
850 3730 1050 3802 (Ioan.
1080 3730 1227 3806 xx),
1267 3731 1610 3801 postmodum
1644 3746 1675 3785 a
1708 3730 1969 3795 Domino,

402 3823 545 3880 caelo
577 3822 901 3893 praesidente
937 3822 958 3895 (
980 3824 1093 3877 Act.
1122 3822 1227 3895 ιι).
1278 3823 1337 3877 in
1387 3833 1531 3879 terra
1576 3825 1772 3894 quippe
1815 3824 1974 3879 datur

366 3952 371 3959 .
404 3913 660 3985 spiritus,
694 3921 756 3968 ut
786 3913 1043 3985 diligatur
1076 3915 1356 3984 proximus
1386 3933 1399 3968 :
1445 3930 1476 3969 e
1522 3915 1658 3970 cmlo
1704 3930 1865 3979 vero,
1913 3922 1973 3969 ut

403 4004 658 4076 diligatur
686 4003 848 4059 Deus.
889 4002 996 4059 Sed
1025 4020 1124 4060 cur
1154 4004 1306 4075 prius
1340 4004 1394 4059 in
1431 4011 1571 4060 terra
1590 4046 1604 4071 ,
1632 4005 1972 4074 postmodum

401 4111 434 4151 e
479 4096 650 4163 creto,
701 4095 806 4152 nisi
855 4096 982 4168 quia
1029 4104 1280 4169 patenter
1325 4097 1483 4152 datur
1527 4096 1788 4168 intelligi,
1830 4096 1975 4167 quod

396 4185 552 4255 juxta
582 4187 809 4243 Joannis
839 4202 1026 4243 vocem
1056 4206 1069 4242 :
1104 4187 1209 4255 Qui
1236 4188 1454 4258 fratrem
1479 4204 1633 4241 suum
1661 4203 1812 4258 quem
1840 4185 1974 4241 videt

406 4295 511 4333 non
548 4277 747 4351 diligit,
789 4277 958 4334 Deum
986 4295 1139 4351 quem
1175 4295 1277 4333 non
1315 4278 1478 4345 videt,
1517 4277 1776 4351 quomodo
1809 4285 1974 4348 potest

403 4368 623 4440 diligere
672 4368 751 4443 (I
787 4368 952 4424 Joan.
994 4367 1137 4442 1v)?
1184 4371 1443 4426 Amemus
1489 4378 1545 4426 et
1589 4369 1977 4441 amplectamur

399 4461 707 4529 proximum
732 4500 748 4526 ,
780 4459 870 4530 qui
899 4458 1054 4529 juxta
1088 4474 1188 4516 nos
1229 4468 1345 4526 est,
1385 4468 1445 4514 ut
1480 4459 1767 4530 pervenire
1796 4455 1977 4511 valea-

402 4565 524 4606 mus
558 4552 625 4607 ad
658 4567 899 4606 amorem
932 4552 1078 4608 illius
1104 4553 1196 4624 qui
1228 4568 1390 4622 super
1420 4568 1519 4607 nos
1556 4560 1657 4608 est.
1691 4550 1977 4606 Meditetur

405 4655 561 4697 mens
593 4642 646 4696 iu
680 4640 929 4712 proximo
949 4680 964 4705 ,
994 4641 1136 4710 quod
1171 4642 1427 4697 exhibeat
1462 4641 1608 4708 Deo,
1645 4649 1706 4695 ut
1739 4638 1979 4710 perfecte

402 4740 681 4785 mereatur
711 4730 763 4785 in
794 4730 904 4784 Deo
932 4731 1167 4801 gaudere
1197 4746 1319 4786 cum
1345 4733 1611 4801 proximo.
1652 4730 1803 4784 Tunc
1830 4728 1977 4784 enim

402 4821 471 4875 ad
502 4819 645 4874 illam
674 4835 923 4890 superna:
948 4819 1265 4890 frequentia:
1290 4820 1533 4876 laetitiam
1563 4819 1973 4891 perveniemus,

401 4912 470 4968 de
513 4926 617 4983 qua
659 4927 803 4969 nunc
849 4912 1022 4969 sancti
1058 4912 1292 4983 Spiritus
1325 4912 1521 4983 pignus
1561 4910 1898 4980 accepimus,
1930 4908 1977 4963 si

404 5005 473 5060 ad
508 5005 669 5059 istum
707 5004 898 5071 linem,
932 5005 1140 5062 scilicet
1174 5003 1240 5060 ad
1275 5003 1615 5061 dilectionem
1644 5002 1738 5057 Dei
1768 5009 1825 5057 et
1849 5015 1977 5071 pro-

406 5095 569 5161 ximi,
619 5104 733 5153 toto
781 5112 965 5153 amore
1003 5097 1302 5152 tendamus.
1337 5095 1509 5153 Omne
1551 5095 1866 5150 mandatum
1909 5093 1977 5149 de

404 5187 520 5242 sola
547 5185 835 5243 dilectione
862 5196 963 5252 est,
988 5195 1043 5243 et
1065 5188 1247 5243 omnia
1275 5202 1442 5243 unum
1472 5193 1798 5258 praeceptum
1827 5193 1972 5240 sunt.

403 5275 601 5350 (Greg.
634 5277 776 5332 hom.
802 5277 873 5331 27
899 5277 952 5332 in
979 5276 1119 5349 Eu.)
1159 5277 1296 5345 Quia
1348 5275 1607 5348 quidquid
1645 5274 1975 5347 praecipitur,

405 5372 460 5429 in
494 5370 610 5428 sola
647 5370 913 5427 cbaritate
949 5368 1226 5425 solidatur.
1267 5368 1542 5438 Praecpta
1577 5381 1707 5439 ergo
1742 5366 1979 5423 Domini-

401 5477 491 5530 ca,
517 5471 574 5520 et
603 5461 770 5519 multa
804 5465 964 5525 sunt,
998 5467 1052 5513 et
1086 5473 1270 5515 unum.
1299 5457 1461 5513 Multa
1487 5472 1583 5529 per
1606 5458 1975 5515 diversitatem

401 5553 614 5624 operis,
646 5569 812 5609 unum
841 5553 895 5609 in
927 5549 1110 5607 radice
1135 5548 1454 5607 dilectionis.
1487 5548 1731 5616 Qualiter
1757 5549 1977 5605 dilectio

405 5641 500 5698 Dei
550 5653 607 5699 et
647 5644 875 5716 proximi
924 5644 994 5698 sit
1037 5641 1296 5705 tenenda,
1328 5640 1444 5712 ipse
1490 5641 1758 5704 insinuat,
1795 5642 1884 5711 qui
1920 5641 1973 5696 in

404 5732 678 5806 plerisque
706 5735 997 5809 Scriptura:
1025 5748 1134 5793 suae
1165 5732 1476 5801 sententiis,
1507 5738 1560 5788 et
1596 5732 1797 5789 amicos
1821 5730 1976 5803 jubet

2068 3274 2253 3346 pendet
2278 3283 2326 3328 et
2354 3273 2629 3346 Propltette
2656 3268 2868 3347 (Matth.
2897 3293 3010 3333 xxu
3036 3295 3051 3344 ;
3081 3272 3234 3333 Rom.
3249 3276 3393 3351 xm).
3413 3279 3555 3350 Ergo
3578 3280 3652 3334 le-

2070 3380 2190 3437 gem
2214 3373 2269 3419 et
2294 3363 2589 3435 Prophetas
2613 3382 2722 3422 non
2760 3366 2964 3438 implet,
2990 3368 3083 3437 qui
3122 3367 3291 3424 Deum
3324 3366 3654 3439 proximum-

2071 3470 2178 3525 que
2207 3470 2316 3509 non
2347 3455 2541 3524 diligit.
2583 3455 2857 3528 Scriptum
2886 3466 2970 3512 est
2997 3458 3161 3512 enim.
3196 3456 3313 3511 Hoc
3342 3460 3650 3516 mandatum

2072 3543 2320 3599 habemus
2353 3563 2387 3598 a
2419 3544 2563 3610 Deo,
2587 3555 2645 3599 ut
2669 3546 2758 3617 qui
2792 3545 2963 3617 diligit
2989 3547 3159 3602 Deum
3180 3588 3195 3613 ,
3225 3548 3415 3619 diligat
3455 3558 3505 3602 et
3542 3549 3649 3618 [ra-

2072 3644 2203 3689 trem
2236 3652 2390 3690 suum
2429 3634 2481 3708 (I
2504 3634 2666 3691 Joan.
2697 3653 2753 3692 tv
2773 3636 2813 3708 ).
2838 3637 2908 3691 Et
2937 3638 2993 3692 in
3017 3639 3115 3692 hoc
3140 3648 3449 3709 cognoscent
3477 3655 3646 3693 omnes

2072 3726 2197 3797 quia
2233 3727 2334 3780 mei
2371 3727 2495 3781 estis
2531 3726 2807 3797 discipuli,
2839 3729 2885 3783 si
2911 3727 3238 3784 dilectionem
3267 3729 3556 3784 habueritis
3583 3729 3647 3784 ad

2072 3820 2289 3875 invicem
2307 3818 2511 3890 [(Joan.
2540 3819 2682 3891 xm).
2715 3820 2783 3874 Et
2808 3819 2939 3875 illud
2964 3839 2976 3876 :
3008 3819 3342 3886 Charissimi,
3370 3821 3645 3893 diligamus

2075 3925 2170 3964 nos
2209 3910 2427 3964 invicem
2448 3950 2462 3976 ,
2491 3910 2741 3981 quoniam
2770 3910 3004 3966 charitas
3029 3928 3094 3966 ea:
3121 3912 3232 3967 Deo
3257 3921 3354 3967 est.
3386 3912 3459 3966 Et
3487 3914 3647 3968 omnis

2072 4002 2164 4075 qui
2191 4001 2360 4072 diligit
2383 4000 2602 4070 fratrem
2630 4019 2815 4067 suum,
2843 4020 2908 4057 ea;
2932 4003 3041 4058 Deo
3069 4014 3224 4059 natus
3251 4014 3328 4059 est
3348 4045 3363 4070 ,
3393 4016 3441 4058 et
3469 4021 3649 4074 cogno-

2075 4089 2170 4143 scit
2194 4088 2363 4143 Deum
2408 4088 2459 4161 (I
2484 4088 2646 4145 Joan.
2676 4092 2772 4162 ιν).
2809 4089 2868 4146 Si
2911 4092 3102 4163 diligas
3142 4094 3398 4160 inuicem,
3432 4095 3573 4149 Deus
3598 4094 3649 4146 in

2078 4182 2225 4236 nobis
2263 4191 2469 4246 manet,
2506 4190 2553 4237 et
2598 4183 2829 4237 charitas
2867 4183 2982 4254 ejus
3018 4185 3072 4237 in
3110 4183 3256 4238 nobis
3300 4185 3535 4255 perfecta
3579 4192 3649 4238 est

2077 4268 2311 4343 (Ibid.).
2340 4271 2503 4327 Beata
2531 4280 2618 4327 est
2644 4287 2773 4344 ergo
2802 4272 3019 4328 dilectio
3047 4273 3356 4337 charitatis,
3390 4290 3513 4344 qum
3540 4289 3648 4329 om-

2076 4376 2173 4416 nes
2208 4360 2574 4432 amplectitur,
2613 4377 2805 4418 omnes
2841 4362 3046 4434 diligit,
3086 4377 3278 4419 omnes
3312 4362 3480 4419 fovet.
3519 4364 3651 4418 Vere

2077 4453 2267 4517 beata,
2307 4468 2426 4522 qua:
2458 4452 2629 4507 nutrit
2660 4453 2921 4519 virtutes,
2960 4461 3015 4509 et
3062 4453 3206 4508 deiet
3249 4464 3497 4524 peccata.
3545 4451 3648 4523 Op-

2000 4519 2052 4580 Ῑ)
2076 4543 2262 4612 primit
2286 4519 2421 4596 iram
2439 4583 2454 4607 ,
2477 4540 2716 4597 excludit
2740 4542 2864 4597 odia
2879 4583 2893 4609 ,
2919 4542 3139 4613 expellit
3163 4519 3451 4598 avaritiam
3468 4584 3484 4607 ,
3505 4519 3649 4598 com-

2078 4631 2268 4701 primit
2295 4631 2505 4697 rixam,
2537 4639 2593 4686 et
2625 4631 2779 4703 fugat
2808 4633 3013 4704 pariter
3049 4634 3233 4688 omnia
3269 4634 3421 4688 vitia.
3465 4633 3651 4688 Omnis

2079 4719 2300 4785 tolerat,
2342 4720 2519 4775 omnia
2556 4719 2746 4787 credit,
2782 4724 2959 4776 omnia
3000 4731 3176 4794 sperat
3219 4722 3297 4796 (ι
3328 4721 3456 4777 Cor.
3488 4723 3650 4794 xm).

2076 4808 2226 4864 inter
2260 4810 2548 4881 opprobria
2577 4823 2770 4867 secura
2797 4820 2906 4877 est,
2936 4812 3078 4868 inter
3104 4812 3217 4867 iras
3244 4809 3488 4882 placida,
3520 4813 3655 4866 inter

2076 4901 2204 4957 odia
2229 4900 2509 4967 beneﬁca,
2534 4902 2591 4957 in
2632 4903 2862 4958 veritate
2884 4901 3060 4958 firma.
3085 4901 3131 4958 Α
3158 4904 3339 4974 pravis
3368 4903 3651 4974 impugna-

2077 4994 2287 5049 toribus
2322 5008 2432 5050 non
2466 4994 2743 5064 diripitur,
2784 5009 2815 5048 a
2847 4993 3146 5051 latronibus
3174 5009 3280 5050 non
3313 4993 3551 5060 furatur,
3586 4994 3653 5051 ab

2077 5085 2332 5141 incendio
2377 5098 2486 5141 non
2531 5094 2824 5149 crematur,
2869 5085 2939 5140 ab
2981 5087 3176 5142 haeresi
3218 5098 3329 5143 non
3370 5087 3649 5142 dividitur.

2076 5175 2357 5232 individua
2384 5183 2523 5241 stat,
2553 5175 2986 5248 inexpugnabilis
3021 5185 3230 5243 manet,
3260 5176 3652 5248 inexplicabilis

2079 5269 2269 5335 durat,
2308 5268 2630 5324 inconcussa
2675 5276 3018 5340 perseverat,
3057 5269 3371 5340 incorrupta
3420 5270 3645 5326 tinuatur.

2079 5361 2456 5433 Ligamentum
2484 5369 2568 5416 est
2595 5361 2742 5416 enim
2778 5362 3021 5418 omnium
3055 5361 3349 5425 virtutum,
3389 5361 3647 5434 glutinum

2079 5456 2379 5511 animarum
2402 5494 2416 5519 ,
2448 5453 2745 5510 concordia
2774 5458 3069 5518 mentium,
3098 5461 3155 5508 et
3182 5454 3419 5508 societas
3447 5452 3646 5509 eiectm

2078 5561 2216 5602 rum.
2255 5546 2335 5602 Ne
2373 5546 2789 5604 adversitatibus
2824 5546 3125 5620 frangatur,
3166 5546 3380 5603 fortiter
3414 5552 3644 5602 mentem

2079 5639 2341 5693 roborat:
2386 5652 2455 5692 ue
2502 5639 2953 5709 prosperitatibus
2997 5638 3261 5701 elevetur,
3310 5644 3469 5692 caute
3516 5644 3643 5690 tem!

2077 5738 2231 5805 perat
2260 5748 2273 5787 :
2317 5745 2385 5788 ne
2414 5729 2482 5788 ab
2512 5730 2594 5789 ira
2624 5739 2926 5804 superetur,
2957 5727 3352 5787 rationabiliter
3380 5725 3633 5800 reprimit
