3960 6206
315 371 403 428 6M

1508 346 1805 408 DlADEMA
1849 336 2350 404 MONACllORUM.

3442 333 3547 390 692

316 487 450 542 Vere
479 482 593 539 haec
623 480 643 551 (
667 486 725 534 ut
754 471 949 547 video)
977 467 1307 529 nobilissima
1338 476 1394 524 et
1423 463 1875 522 excellentissima
1902 464 2024 522 Aet
2054 472 2208 528 super
2237 473 2412 511 omma
2443 468 2597 524 opera
2623 462 2839 506 manum
2864 459 3076 503 tuarum
3099 491 3113 513 ,
3145 447 3546 504 benedictionem

310 577 482 633 virtus
509 582 612 629 est.
643 571 945 625 Teneamus
973 579 1102 635 ergo
1128 578 1270 626 eam,
1305 560 1526 624 fratres,
1551 558 1750 612 virtute
1773 568 1877 622 qua

308 681 623 740 possumus,
654 669 711 718 ut
741 659 1017 714 nobiscum
1062 656 1164 720 sit,
1190 655 1468 710 nobiscum
1500 655 1750 711 maneat,
1783 660 1880 700 no-

308 737 516 814 biscum
544 761 730 824 surgat
754 790 768 815 ,
800 747 1081 803 nobiscum
1108 751 1329 816 pergat,
1359 741 1635 797 nobiscum
1668 737 1880 791 laetetur

307 857 362 905 et
390 845 729 904 convivetur.
756 839 922 894 Decet
945 836 1089 892 enim
1122 835 1176 888 in
1206 832 1435 887 t‘ratrum
1465 825 1880 898 congregatione

307 947 420 992 tam
449 935 651 1004 regiam
675 929 876 1000 iugiter
903 928 1082 981 inesse
1106 924 1381 978 virtutem.

925 1017 1152 1074 CAPUT
1196 1015 1258 1070 ν.

589 1109 668 1169 De
697 1111 1052 1167 observatione
1080 1106 1450 1161 mandatorum
1480 1095 1597 1155 Dei.

382 1209 508 1264 Post
537 1203 938 1261 exsecutionem
968 1196 1296 1260 dilectionis,
1325 1193 1604 1246 videamus
1630 1185 1757 1257 quid
1783 1198 1880 1238 no~

303 1303 393 1357 bis
430 1295 829 1356 observandum
862 1293 976 1361 ipse
1005 1296 1195 1343 auctor
1236 1282 1518 1355 praecipiat
1555 1276 1874 1351 dilectionis.

305 1394 398 1449 Ait
428 1390 573 1446 enim
603 1405 615 1440 :
642 1385 700 1440 Si
741 1383 961 1453 diligitis
1003 1396 1083 1434 me
1102 1419 1116 1444 ,
1146 1375 1399 1430 mandata
1426 1387 1543 1424 mea
1572 1376 1799 1430 servate,
1830 1374 1877 1418 et

302 1498 400 1554 ego
426 1477 618 1549 rogabo
647 1475 860 1528 Patrem
881 1512 894 1536 ,
923 1481 969 1525 et
993 1469 1155 1523 alium
1185 1463 1519 1519 Paracletum
1543 1459 1687 1512 dabit
1713 1457 1875 1520 vobis,

302 1549 362 1628 ut
391 1579 598 1626 maneat
629 1567 888 1622 vobiscum
914 1563 969 1617 in
997 1570 1246 1615 internum
1280 1554 1471 1626 (Joan.
1491 1551 1648 1620 xxv).
1685 1549 1875 1602 Atten-

302 1666 498 1720 damus
532 1675 685 1730 ergo,
725 1657 943 1720 fratres,
969 1658 1228 1722 quantum
1261 1659 1360 1699 nos
1389 1643 1574 1712 diligat
1614 1639 1874 1695 Dominus

304 1765 495 1812 noster
521 1751 678 1808 Jesus
704 1749 977 1808 Christus,
1009 1743 1096 1813 qui
1131 1754 1253 1795 cum
1279 1733 1639 1806 promissione
1663 1745 1695 1784 a
1724 1729 1877 1782 nobis

1980 552 2178 624 (Deut.
2205 564 2372 603 xxvm
2397 547 2437 618 ).
2483 545 2620 600 llinc
2655 552 2709 598 et
2749 541 2982 595 Joannes
3024 539 3310 608 Apostolus
3336 540 3449 592 ait:
3482 537 3547 592 In

1977 647 2074 694 hoc
2103 639 2460 710 cognoscimus
2489 635 2734 706 quoniam
2761 631 3027 701 diligimus
3069 641 3219 685 natos
3258 628 3387 693 Dei,
3431 643 3549 682 cum

1977 732 2146 787 Deum
2189 729 2507 799 diligamus,
2552 737 2598 780 et
2641 723 2890 778 mandata
2935 723 3049 792 ejus
3096 721 3374 790 faciamus.
3419 718 3548 772 Ha'c

1978 822 2113 876 enim
2143 819 2371 872 Charitas
2401 816 2520 880 Dei,
2552 825 2604 868 ut
2632 814 2884 867 mandata
2923 812 3039 880 ejus
3079 811 3455 873 custodiamus,
3498 817 3548 862 ct

1978 911 2232 966 ntandata
2271 909 2386 979 ejus
2425 909 2604 977 gravia
2647 922 2749 958 non
2789 913 2910 958 sunt
2941 903 3009 974 (Ι
3037 903 3197 957 Joan.
3230 917 3261 954 v
3284 902 3322 973 ).
3357 902 3468 956 Hoc
3495 910 3551 956 et

1979 1004 2093 1074 ipso
2141 1004 2400 1057 Dominus
2443 1001 2560 1052 ait:
2617 997 2677 1053 Si
2719 997 2835 1068 quis
2883 995 3053 1064 diligit
3099 1011 3216 1058 me,
3260 1009 3549 1047 sermonem

1977 1104 2149 1146 meum
2178 1091 2400 1146 servabit
2431 1087 2632 1160 (Joan.
2663 1103 2755 1140 xw
2777 1086 2817 1157 ).
2852 1085 3045 1156 (Greg.
3071 1085 3212 1137 hom.
3241 1081 3310 1137 50
3335 1083 3388 1135 in
3413 1081 3548 1152 Eu.)

1976 1183 2230 1237 Probatio
2258 1195 2388 1250 ergo
2417 1177 2740 1239 dilectionis,
2772 1175 3038 1229 exhibitio
3066 1182 3148 1227 est
3175 1172 3376 1242 operis.
3410 1170 3550 1224 Vere

1977 1275 2120 1330 enim
2145 1274 2312 1327 Deum
2337 1272 2627 1341 diligimus,
2677 1270 2720 1323 si
2753 1270 3006 1322 mandata
3037 1267 3152 1336 ejus
3178 1267 3548 1326 observantes.

1977 1381 2008 1419 a
2036 1366 2236 1419 nostris
2261 1377 2357 1416 nos
2383 1360 2750 1416 voluntatibus
2775 1367 3139 1413 coarctamus.
3173 1356 3305 1409 Nam
3334 1352 3426 1423 qui
3457 1351 3551 1406 atl-

1977 1456 2082 1510 huc
2105 1467 2203 1524 per
2226 1453 2409 1508 illicita
2437 1451 2700 1506 desideria
2727 1448 2941 1512 deﬂuit,
2972 1447 3217 1516 profecto
3248 1447 3412 1499 Deum
3444 1457 3550 1500 non

1977 1555 2154 1610 amat,
2181 1545 2305 1614 quia
2331 1544 2382 1598 ei
2411 1545 2465 1596 in
2497 1558 2592 1596 sua
2621 1541 2896 1594 voluntate
2923 1536 3264 1592 contradicit.

2588 1630 2813 1686 CAPUT
2862 1629 2924 1682 Vl

2609 1720 2687 1774 De
2711 1719 2896 1772 timore

303 1863 462 1903 suam
491 1844 659 1914 exigit
683 1839 1058 1899 dilectionem,
1089 1839 1144 1887 et
1174 1829 1436 1899 Spiritum
1466 1830 1712 1878 sanctum
1744 1819 1876 1873 dicit
1904 1817 1950 1875 Β
2048 1815 2318 1884 Scriptum
2348 1821 2430 1868 est
2457 1811 2600 1866 enim
2629 1827 2642 1862 :
2687 1807 2909 1861 Initium
2947 1803 3218 1874 sapientia:
3247 1803 3405 1856 timor
3441 1800 3552 1855 Do-

1755 1909 1808 1914 μ--
2039 1907 2050 1914 .
2095 1907 2106 1914 .
2140 1904 2202 1914 ι..
2275 1902 2286 1914 ι
2406 1901 2418 1914 ι
2481 1899 2540 1914 ην·
2692 1898 2728 1914 n
2827 1898 2837 1908 ο
2866 1897 2893 1914 ,9
2945 1894 3088 1914 ,I____‘_l
3152 1903 3188 1914 ,ι
3218 1891 3449 1914 .J-...'-..'-
3509 1903 3548 1914 Α.

303 1937 590 1992 nobiscum
616 1945 734 1988 esse
761 1931 813 1984 in
839 1937 1100 1982 aeternum
1131 1933 1465 1982 mansurum,
1514 1915 1560 1968 si
1589 1919 1711 1983 post
1738 1909 1873 1965 dile-

301 2028 544 2082 ctionem
574 2035 727 2077 suam
758 2019 1008 2073 mandata
1037 2015 1152 2084 ejus
1182 2008 1594 2067 servaverimus.
1638 2003 1720 2056 Ab
1760 2002 1876 2070 ipso

300 2117 454 2172 enim
490 2113 647 2168 nobis
679 2109 860 2164 omnia
890 2108 1028 2162 bona
1062 2102 1382 2173 largiuntur,
1430 2105 1485 2151 et
1512 2093 1648 2148 velle
1676 2093 1878 2146 bonum

303 2216 365 2263 et
402 2203 648 2274 operari,
688 2201 756 2255 ab
792 2199 882 2253 illo
915 2197 1065 2267 prius
1099 2195 1332 2248 donatur
1377 2186 1553 2242 nobis.
1591 2181 1877 2252 Diligimur

301 2298 457 2354 enim
483 2297 550 2350 ab
583 2294 715 2358 illa“,
754 2299 814 2345 ut
845 2289 1129 2360 diligamus
1163 2285 1353 2347 illum;
1393 2291 1638 2333 amamur
1673 2275 1741 2328 ab
1776 2288 1841 2327 eo
1862 2313 1876 2338 ,

302 2398 371 2444 ut.
416 2399 656 2442 amemus
704 2399 845 2438 eum.
893 2379 1302 2452 Cognoscimur,
1348 2382 1407 2428 ut
1446 2379 1876 2439 cognoscamus:

302 2478 626 2548 adiuvamur
653 2483 710 2528 ut
737 2487 1044 2543 operemur,
1074 2477 1127 2524 ct
1157 2466 1428 2538 Operando
1477 2461 1767 2516 virtutibus
1795 2459 1878 2513 di-

301 2581 510 2627 temur.
541 2568 681 2638 Ergo
710 2565 754 2622 si
784 2580 882 2619 nos
911 2561 1124 2617 dilectio
1165 2559 1260 2612 Dei
1300 2555 1635 2627 proximique
1675 2549 1883 2606 demul-

303 2672 432 2729 cet,
464 2673 800 2730 consequens
828 2663 911 2711 est
937 2663 996 2709 ut
1025 2653 1288 2707 faciamus
1315 2647 1455 2716 quod
1485 2645 1571 2699 ille
1597 2639 1878 2714 praecepit.

300 2758 448 2825 Quia
481 2756 536 2810 in
564 2729 771 2808 tantum
801 2746 1102 2818 diligimus,
1137 2745 1189 2797 in
1219 2748 1475 2811 quantum
1505 2735 1749 2790 facimus.
1780 2729 1884 2785 Ne-

300 2864 417 2921 que
445 2848 588 2903 enim
616 2849 794 2914 potest
819 2840 1032 2895 sincere
1051 2838 1217 2891 Deum
1243 2832 1484 2900 diligere,
1512 2825 1603 2895 qui
1632 2822 1881 2877 mandata

301 2910 349 3010 ei
361 2955 428 2994 us
453 2910 682 2992 ﬁdeliter
711 2947 817 2987 non
845 2925 1047 2998 implet.
1076 2925 1194 2995 Ipse
1219 2923 1361 2976 enim
1393 2920 1467 2973 ait
1493 2935 1506 2970 :
1537 2915 1598 2971 Si
1623 2913 1738 2986 quis
1763 2910 1883 2965 dili-

303 3030 387 3104 git
418 3044 518 3094 me,
550 3015 834 3082 sermonem
859 3033 1030 3075 meum
1048 3015 1292 3072 servabit.
1318 3012 1386 3067 Et
1411 3009 1571 3064 Pater
1592 3022 1735 3059 meus
1763 3001 1884 3056 dili-

300 3131 392 3195 get
412 3137 531 3176 eum
550 3159 566 3185 ,
587 3127 633 3172 et
654 3117 722 3170 ad
741 3131 859 3170 eum
881 3112 1162 3172 veniemus,
1185 3115 1230 3161 et
1253 3103 1573 3159 mansionem
1598 3095 1738 3168 apud
1764 3107 1882 3148 eum

306 3208 587 3284 faciemus.
621 3206 690 3262 Et
727 3206 815 3279 qui
846 3220 947 3258 non
978 3200 1146 3272 diligit
1173 3214 1254 3252 me
1295 3209 1556 3250 sermones
1607 3204 1746 3244 meos
1774 3201 1840 3239 no

284 3277 470 3360 servat
486 3297 532 3371 (ι
546 3299 703 3354 Joan.
724 3277 784 3362 ιι)
824 3294 1062 3348 Joannes
1081 3301 1298 3358 quoque
1318 3282 1613 3354 Apostolus
1632 3277 1881 3334 dilectio-

289 3411 360 3453 ne
384 3370 607 3448 Domini
631 3387 894 3456 repletus,
914 3384 969 3436 in
989 3378 1231 3451 Epistola
1250 3391 1347 3432 sua
1365 3376 1442 3430 ait
1463 3392 1478 3429 :
1498 3372 1558 3428 In
1577 3373 1672 3426 hoc
1687 3370 1881 3424 scimus

292 3488 556 3560 quoniam
575 3481 908 3552 cognovimus
924 3491 1061 3537 eum,
1074 3473 1120 3527 si
1139 3469 1397 3525 mandata
1415 3467 1528 3536 ejus
1547 3465 1884 3519 observamus

301 3553 348 3650 (I
365 3580 538 3635 Joan.
559 3575 644 3645 ιι).
667 3574 769 3640 Qui
794 3571 921 3626 dicit
950 3585 1004 3622 se
1036 3581 1182 3620 nosse
1204 3563 1370 3618 Deum
1409 3569 1455 3614 et
1486 3556 1742 3612 mandata
1773 3553 1888 3623 ejus

303 3692 409 3728 non
432 3670 686 3726 custodit.
707 3665 934 3720 mendax
952 3671 1046 3722 est,
1065 3665 1113 3711 et
1140 3659 1194 3710 in
1215 3672 1273 3708 eo
1300 3652 1494 3708 veritas
1523 3666 1626 3702 non
1653 3656 1750 3700 est.
1790 3643 1892 3710 Qui

306 3768 489 3817 servat
517 3756 727 3812 verbum
752 3751 898 3824 ejus,
925 3767 1043 3807 vere
1070 3747 1125 3804 in
1153 3748 1248 3802 hoc
1273 3742 1504 3799 charitas
1533 3736 1626 3792 Dei
1653 3732 1884 3807 perfecta

306 3861 384 3906 est
419 3846 487 3921 (Ι
509 3847 669 3902 Joan.
701 3823 795 3916 ιι).
826 3845 902 3898 De
925 3858 981 3897 se
1007 3853 1218 3910 quoque
1245 3834 1346 3890 Job
1375 3833 1451 3887 ait
1477 3850 1489 3884 :
1532 3825 1758 3896 Vestigia
1790 3823 1886 3877 Dei

304 3949 524 3996 secutus
566 3947 639 3992 est
679 3951 766 4006 pes
808 3949 971 3988 meus.
1005 3930 1158 3984 Viam
1200 3927 1314 3997 ejus
1355 3919 1646 3983 custodtvi,
1691 3926 1737 3970 et
1782 3931 1886 3968 non

309 4027 579 4084 declinavi
608 4041 672 4080 ea:
713 4041 794 4078 ea.
829 4022 873 4074 Α
901 4019 1165 4075 mandatis
1206 4015 1466 4069 labiorum
1508 4009 1621 4079 ejus
1665 4021 1768 4060 non
1809 4020 1888 4057 re—

312 4121 488 4183 cessi,
524 4127 573 4171 et
603 4119 657 4170 in
687 4115 806 4170 sinu
834 4129 948 4166 meo
979 4106 1224 4164 abscondi
1256 4102 1412 4160 verba
1447 4100 1551 4154 oris
1582 4098 1694 4167 ejus
1727 4092 1885 4166 (Job.

308 4208 500 4278 nun).
539 4206 657 4276 Ipse
698 4217 910 4273 quoque
939 4199 1197 4254 Dominus
1234 4195 1301 4248 de
1337 4190 1622 4246 dilectione
1657 4185 1772 4249 sui,
1809 4191 1890 4236 at-

308 4315 421 4370 que
473 4295 850 4351 mandatorum
897 4303 1121 4343 suorum
1168 4279 1544 4340 observatione
1574 4317 1588 4340 ,
1637 4273 1888 4345 populum

307 4382 673 4442 lsraeliticum
703 4381 1021 4439 admonens,
1057 4375 1224 4431 dicit:
1269 4371 1339 4425 Et
1383 4385 1519 4424 nunc
1548 4365 1720 4420 Israel
1761 4361 1888 4416 audi

307 4483 579 4548 pra'cepta
605 4483 652 4525 et
672 4470 879 4542 judicia
899 4509 913 4533 ,
939 4483 1055 4538 qua:
1081 4481 1172 4535 ego
1198 4463 1357 4518 doceo
1403 4468 1452 4514 te
1491 4457 1645 4511 hodie
1662 4496 1677 4519 ,
1708 4463 1764 4508 ut
1809 4457 1892 4522 [a-

309 4545 466 4622 ciem
493 4580 556 4617 ea
582 4563 723 4615 vivas
749 4559 803 4612 in
829 4558 903 4611 eis
1021 4556 1198 4624 (Deut.
1222 4568 1271 4605 tv
1294 4552 1332 4619 ).
1379 4545 1611 4601 Observa
1648 4551 1696 4597 et
1737 4556 1888 4604 cave,

312 4673 381 4710 ne
425 4651 638 4724 quando
674 4647 994 4703 obliviscaris
1038 4641 1245 4696 Domini
1286 4639 1384 4692 Dei
1427 4637 1539 4699 tui,
1572 4641 1619 4688 et
1663 4630 1892 4701 negligas

279 4743 579 4800 emandata
610 4741 723 4809 ejus
749 4747 902 4808 atque
922 4733 1162 4805 judicia,
1190 4739 1237 4782 et
1270 4725 1606 4782 crrremonias
1635 4738 1766 4793 quas
1801 4736 1892 4790 ego

313 4832 574 4904 prmcipio
611 4829 703 4882 tibi
741 4826 893 4881 hodie
914 4825 1090 4897 (Deut.
1120 4819 1261 4890 νιιι).
1286 4818 1354 4871 Et
1377 4832 1515 4870 nunc
1549 4811 1739 4875 Israel,
1768 4809 1894 4880 quid

315 4900 586 4981 Dominus
616 4920 755 4974 Deus
782 4927 902 4970 tuus
927 4915 1073 4986 petiit
1096 4930 1127 4966 a
1159 4921 1238 4973 te,
1269 4910 1370 4962 nisi
1395 4915 1453 4960 ut
1494 4906 1678 4958 timeas
1719 4900 1897 4955 Domi-

318 5030 454 5068 num
506 5011 674 5064 Deum
724 5017 904 5070 tuum,
935 5012 985 5059 et
1032 4999 1264 5056 ambules
1303 4999 1360 5052 in
1398 4997 1495 5051 viis
1521 4995 1636 5065 ejus
1657 5034 1672 5058 ,
1699 5001 1746 5046 et
1771 4989 1897 5045 dili-

315 5119 422 5175 gas
446 5115 568 5155 eum
591 5115 651 5151 ac
680 5097 878 5151 servias
913 5094 961 5148 ei
994 5093 1051 5145 in
1089 5099 1196 5143 toto
1235 5086 1394 5141 corde
1435 5094 1557 5148 tuo,
1599 5091 1648 5136 et
1691 5081 1747 5134 in
1787 5088 1899 5131 tota

317 5171 508 5250 anima
535 5202 650 5256 tua,
676 5187 1039 5256 custodiasque
1056 5180 1308 5237 mandata
1331 5187 1380 5232 et
1404 5174 1743 5232 carcmonias
1762 5171 1898 5240 ejus,

315 5303 462 5360 quas
488 5299 582 5355 ego
611 5280 856 5353 pra‘cipio
882 5277 974 5330 tibi
999 5273 1183 5336 hodie,
1213 5279 1271 5324 ut
1312 5268 1436 5323 bene
1471 5267 1538 5321 sit
1567 5265 1661 5318 tibi
1701 5261 1719 5332 (
1745 5261 1899 5314 Deut.

315 5398 356 5438 ι
383 5380 432 5451 ).
482 5352 545 5434 Si
594 5352 768 5430 autem
813 5371 1080 5436 audieris,
1127 5376 1184 5421 ut
1228 5363 1394 5436 facias
1431 5359 1608 5416 omnia
1647 5352 1901 5410 mandata

321 5441 482 5542 ejus,-
518 5469 671 5537 faciet
703 5475 750 5520 te
782 5463 1035 5518 Dominus
1059 5457 1394 5514 excelsiorem
1431 5448 1632 5505 cunctis
1667 5441 1901 5516 gentibus

321 5581 452 5637 qua
479 5570 752 5618 versantur
780 5559 834 5611 in
857 5567 1014 5610 terra.
1043 5549 1351 5607 Benedictus
1375 5546 1478 5600 eris
1505 5544 1561 5597 in
1584 5541 1793 5596 civitate
1811 5575 1827 5599 .
1857 5546 1904 5588 et

321 5627 633 5709 benedictus
675 5649 726 5703 in
759 5664 906 5718 agro,
939 5643 1233 5698 benedictus
1265 5639 1465 5709 fructus
1495 5631 1684 5688 ventris
1716 5627 1824 5690 tui,
1855 5635 1904 5679 ct

326 5749 542 5806 fructus
569 5755 719 5798 terra
747 5751 868 5795 tum.
901 5737 1068 5792 .ilittct
1098 5733 1346 5789 Dominus
1376 5742 1528 5799 super
1553 5722 1762 5781 cellaria
1789 5730 1903 5785 tua,

1979 1907 2106 1962 mini
2134 1902 2306 1974 (Psal.
2333 1901 2446 1971 cx).
2481 1899 2658 1952 Timor
2682 1897 2894 1949 Domini
2922 1894 3112 1965 gloria,
3139 1903 3188 1946 et
3209 1891 3474 1961 gloriatio,
3501 1903 3548 1945 et

1979 1995 2163 2050 la‘titia
2184 2035 2197 2059 ,
2225 2002 2274 2046 et
2302 2007 2496 2045 corona
2537 1985 2923 2041 exsultationis.
2969 1983 3146 2036 Timor
3172 1981 3383 2035 Domini
3411 1980 3552 2033 dele-

1979 2086 2136 2140 ctabit
2162 2100 2252 2137 cor
2275 2095 2293 2132 :
2321 2089 2369 2135 et
2394 2080 2537 2133 dabit
2562 2078 2802 2132 la’titiam
2827 2085 2872 2130 et
2901 2074 3151 2145 gaudium
3169 2112 3184 2137 ,
3229 2073 3285 2125 in
3321 2070 3551 2140 longituo

1979 2176 2154 2229 dinem
2180 2173 2383 2226 dierum
2409 2169 2599 2242 (Eccli.
2631 2168 2693 2239 ι).
2726 2167 2870 2220 Time
2895 2165 3176 2219 Dominum
3196 2201 3213 2228 ,
3239 2171 3287 2215 et
3317 2159 3493 2215 recede
3519 2177 3553 2214 a

1978 2263 2122 2318 malo
2141 2261 2322 2335 (Prov.
2350 2275 2434 2323 ιιι,
2459 2274 2603 2313 vers.
2625 2258 2690 2310 15
2708 2266 2765 2311 et
2781 2255 2896 2322 ‘20),
2917 2255 3042 2325 quia
3063 2252 3266 2305 timenti
3291 2250 3454 2304 Deum
3474 2250 3559 2302 lte-

1981 2374 2043 2411 ne
2058 2358 2158 2412 erit
2200 2356 2253 2409 in
2290 2353 2559 2415 extremis,
2581 2360 2628 2404 et
2646 2351 2700 2403 in
2713 2349 2891 2402 diebus
2915 2345 3387 2400 consummationis
3411 2340 3560 2395 illius

1981 2445 2622 2504 benediceturJ’lenitudo
2636 2434 3559 2510 sapientite,timereDeum(Eccli.t).

1980 2541 2278 2602 Generatio
2295 2537 2598 2604 sapientiae.
2617 2535 2782 2587 timor
2800 2530 3039 2593 Domini,
3056 2529 3348 2590 divitiae,et
3363 2527 3492 2584 vita.
3507 2535 3562 2579 et

1982 2627 2174 2698 gloria.
2210 2625 2390 2679 Timor
2414 2622 2630 2676 Domini
2665 2619 2873 2690 expellit
2896 2628 3163 2690 peccatum
3185 2658 3200 2684 ,
3228 2625 3282 2672 et
3313 2622 3558 2672 rennmit

1980 2717 2194 2778 vitium,
2243 2719 2463 2768 cautum
2517 2710 2650 2764 facit
2705 2709 2979 2764 hominem
3030 2717 3192 2777 atque
3245 2706 3554 2761 sollicitum.

1985 2807 2127 2863 Nam
2152 2807 2240 2878 qui
2263 2806 2374 2859 sine
2399 2807 2584 2858 timore
2605 2813 2714 2867 est,
2745 2818 2848 2856 non
2869 2802 3057 2872 poterit
3074 2801 3386 2871 justiﬁeari.
3421 2801 3556 2867 Quia

1983 2897 2074 2951 ubi
2106 2897 2268 2950 timor
2293 2907 2398 2949 non
2430 2900 2541 2956 est,
2571 2892 2643 2946 ibi
2673 2891 2956 2946 dissolutio
2985 2890 3107 2944 vine
3131 2898 3232 2945 est.
3269 2889 3368 2946 Ubi
3397 2891 3560 2944 timor

1984 3000 2089 3040 non
2130 2993 2246 3048 est,
2288 2983 2358 3036 ibi
2401 2981 2684 3037 sceleratio
2724 2989 2826 3036 est.
2868 2980 2968 3036 Ubi
3007 2981 3168 3035 timor
3203 2995 3313 3034 non
3341 2989 3457 3044 est,
3485 2978 3558 3032 ibi

1985 3075 2250 3129 scelerum
2283 3070 2609 3126 abundantia
2639 3077 2740 3124 est.
2777 3068 2881 3134 Qui
2906 3070 3087 3123 timent
3112 3068 3394 3122 Dominum
3413 3108 3428 3133 ,
3455 3083 3560 3121 non

1845 3202 1878 3238 η
1907 3160 1951 3222 C
1981 3174 2130 3218 erunt
2171 3161 2499 3217 incredibiles
2533 3160 2686 3214 verba
2719 3159 2866 3213 illius
2899 3170 2918 3210 :
2958 3167 3009 3212 et
3041 3157 3131 3228 qui
3162 3155 3385 3225 diligunt
3409 3171 3559 3219 eum,

1979 3253 2359 3308 conservabtmt
2395 3251 2534 3304 viam
2572 3250 2711 3319 ejus.
2741 3247 2846 3314 Qui
2874 3247 3055 3301 timent
3082 3245 3367 3300 Dominum
3387 3285 3401 3309 ,
3426 3260 3562 3314 pra-

1978 3345 2240 3416 parabunt
2273 3342 2432 3396 corda
2469 3355 2599 3405 sua,
2641 3349 2689 3394 et
2724 3340 2778 3392 in
2818 3347 3094 3407 conspectu
3129 3334 3274 3388 illius
3299 3333 3566 3402 sardiﬁca~

1981 3435 2106 3489 bunt
2151 3435 2354 3488 animas
2393 3449 2530 3486 suas.
2581 3429 2686 3496 Qui
2723 3430 2903 3483 timent
2949 3427 3227 3480 Dominum
3270 3425 3560 3478 custodient

1980 3524 2232 3577 mandata
2257 3522 2391 3590 ejus,
2418 3530 2464 3574 et
2492 3519 2800 3589 patientiam
2826 3516 3084 3569 habebunt
3108 3530 3270 3584 usque
3297 3513 3366 3565 ad
3392 3513 3563 3581 inspe—

1983 3612 2206 3666 ctionem
2238 3610 2352 3678 ejus
2392 3606 2600 3679 (Ercli.
2633 3606 2718 3677 ιι).
2761 3605 2946 3659 Timor
2971 3603 3212 3665 Domini,
3246 3617 3353 3656 non
3381 3601 3560 3670 despi-

1985 3717 2108 3757 cere
2129 3701 2334 3771 justum
2359 3698 2634 3753 hominem
2660 3709 2951 3766 pauperem
2967 3733 2982 3758 ,
3006 3702 3061 3748 et
3086 3708 3190 3747 non
3221 3691 3564 3762 magniﬁcare

1983 3792 2160 3845 virum
2193 3789 2431 3859 pejorem
2472 3786 2715 3841 divitem.
2763 3783 2932 3838 David
2967 3782 3110 3837 enim
3153 3781 3323 3836 dicit:
3369 3779 3564 3834 Scrvitc

1985 3880 2210 3936 Domino
2233 3879 2290 3933 in
2315 3879 2500 3931 timore
2520 3917 2535 3942 ,
2563 3885 2610 3930 et
2637 3873 2896 3929 exsultate
2921 3873 2967 3926 ei
2993 3888 3111 3925 cum
3137 3879 3361 3924 tremore
3386 3868 3560 3940 (Psal.

1987 3977 2070 4048 ιι).
2098 3977 2184 4038 Ει,
2205 3975 2399 4029 Timete
2420 3973 2725 4035 Dominum,
2753 3985 2928 4024 omnes
2951 3967 3121 4021 sancti
3154 3967 3287 4035 ejus,
3314 3966 3561 4036 quoniam

1988 4069 2118 4123 nihil
2142 4069 2279 4121 deest
2311 4063 2612 4118 timentibus
2642 4077 2760 4114 eum
2791 4056 2981 4129 (Psal.
3009 4072 3177 4110 χχχιιι
3203 4054 3243 4126 ).
3279 4055 3374 4117 Et,
3409 4053 3562 4106 Beati

1991 4175 2164 4214 omnes
2209 4157 2300 4227 qui
2345 4155 2526 4208 timent
2569 4151 2892 4205 Dominum:
2938 4148 3029 4216 qui
3071 4145 3342 4200 ambulant
3381 4145 3435 4196 in
3470 4143 3565 4196 viis

1989 4251 2103 4320 ejus
2134 4249 2152 4320 (
2181 4245 2331 4302 Psal.
2361 4259 2544 4300 cxxvn
2568 4243 2609 4313 ).
2640 4241 2852 4311 Moyses
2886 4252 3098 4307 quoque
3131 4236 3209 4290 ait
3237 4253 3251 4289 :
3289 4233 3416 4288 Post
3453 4233 3563 4286 Do-

1989 4343 2193 4396 minum
2221 4339 2392 4392 Deum
2423 4343 2648 4389 vestrum
2678 4329 2970 4392 ambulate,
3007 4337 3054 4381 ct
3083 4328 3253 4397 ipsum
3281 4325 3484 4390 timete,
3515 4332 3561 4376 et

1992 4439 2251 4502 pra'cepta
2275 4427 2389 4498 ejus
2419 4422 2704 4484 custodite,
2739 4429 2785 4474 et
2816 4417 3126 4489 acquiescite
3155 4415 3233 4469 illi
3264 4414 3440 4484 (Deut.
3463 4427 3563 4465 xm

1919 4500 1970 4559 Ῑ)
1993 4500 2147 4592 juxta
2173 4535 2277 4576 Lux
2301 4519 2342 4590 ).
2373 4514 2661 4588 Apostolus
2687 4525 2902 4581 quoque
2932 4509 3065 4564 dicit
3091 4526 3105 4563 :
3139 4505 3271 4561 Cum
3302 4506 3486 4558 timore
3516 4512 3564 4557 et

1992 4589 2218 4667 tremore
2259 4589 2484 4664 vestram
2540 4605 2772 4675 ipsorum
2807 4599 3030 4654 salutem
3066 4593 3348 4667 operamini
3375 4589 3564 4664 (Phil.

1995 4708 2102 4782 ιι).
2153 4707 2357 4762 lterum
2393 4701 2650 4758 Salomon
2697 4697 2812 4751 ait:
2859 4693 3066 4748 Corona
3103 4689 3375 4760 sapientia:
3407 4687 3568 4740 timor

1999 4781 2244 4862 Domini,
2281 4793 2484 4866 replens
2516 4804 2694 4861 pacem
2731 4796 2779 4841 et
2814 4781 3000 4839 salutis
3036 4782 3309 4850 fructum:
3349 4785 3568 4844 utraque

1997 4901 2170 4948 autem
2195 4896 2316 4944 sunt
2344 4885 2485 4939 dona
2519 4882 2617 4936 Dei
2649 4876 2839 4951 (Eccli.
2872 4875 2934 4946 ι).
2965 4873 3253 4928 Metuentes
3287 4869 3568 4924 Dominum

1970 5017 1976 5023 -
1998 4983 2246 5038 sustinete
2269 4973 2684 5031 misericordiam
2709 4969 2850 5039 ejus,
2871 4975 2918 5020 et
2941 4980 3043 5018 non
3067 4961 3351 5032 deﬂectatis
3373 4955 3564 5018 abillo,

2000 5091 2063 5129 ne
2090 5071 2310 5127 cadetis.
2338 5066 2440 5132 Qui
2470 5063 2663 5118 timetis
2689 5057 2969 5114 Dominum
2991 5095 3006 5120 ,
3030 5052 3225 5106 credite
3248 5049 3326 5104 illi
3351 5064 3368 5102 :
3395 5056 3440 5102 et
3466 5063 3569 5099 non

1999 5165 2338 5224 evacuabitur
2371 5173 2563 5214 merces
2593 5161 2778 5208 vestra.
2807 5148 2910 5214 Qui
2937 5146 3126 5200 timetis
3149 5143 3429 5197 Dominunt
3447 5181 3461 5203 ,
3489 5138 3569 5192 di—

1999 5259 2143 5328 ligite
2163 5255 2409 5310 illum:et
2431 5241 2866 5302 illuminabuntur
2892 5237 3050 5306 corda
3076 5243 3243 5290 vestra
3271 5230 3458 5304 (Eccli.
3482 5232 3566 5293 ιι).

1999 5319 2199 5404 Beatus
2231 5342 2318 5397 cui
2339 5340 2595 5394 donatum
2630 5340 2712 5388 est
2737 5330 2935 5384 habere
2979 5327 3226 5381 timorem
3249 5323 3365 5376 Dei.
3394 5319 3570 5372 Timor

2005 5434 2216 5494 Domini
2241 5433 2377 5486 sicut
2401 5424 2680 5498 paradisus
2705 5417 3074 5474 benedictionis
3089 5456 3104 5476 ,
3127 5423 3172 5467 et
3195 5425 3348 5480 super
3369 5420 3570 5459 omm’m

2007 5527 2227 5602 gloriam
2239 5496 2550 5593 operuerunt
2571 5513 2719 5569 illum
2738 5510 2926 5583 (Eccli.
2947 5507 3057 5579 XL).
3076 5506 3131 5560 ln
3153 5500 3356 5558 timoris
3369 5496 3570 5552 ctenim

2009 5585 2165 5676 laude
2193 5585 2370 5671 adhuc
2389 5608 2644 5664 Salomon
2669 5604 2774 5667 ait,
2803 5601 2978 5655 Timor
2999 5594 3206 5651 Domini
3225 5597 3440 5660 apponet
3463 5585 3571 5639 dies

2011 5710 2208 5786 (Prov.
2245 5723 2275 5761 ι
2303 5703 2343 5778 ).
2379 5702 2705 5764 Timeamus,
2728 5709 2856 5764 ergo
2889 5691 3102 5757 fratres,
3135 5684 3221 5739 illo
3251 5682 3443 5738 timore
3472 5679 3575 5735 Do«
