3960 6206
359 316 468 376 δοῖ»

1645 273 1998 352 Snanscm
2036 291 2326 348 ABBATlS

3512 287 3614 344 004

362 427 528 494 mini,
552 425 642 498 qui
669 432 880 480 sanctus
902 424 1167 491 permanet
1191 413 1246 468 in
1271 410 1522 467 saculum
1546 407 1726 464 saeuli
1753 404 1926 498 (Psal.
1958 410 1976 466 Α

2080 420 2230 474 irpus
2251 414 2400 460 tuum
2424 407 2626 462 siccum
2643 405 2726 462 sic
2748 405 2865 463 est?
2885 404 2952 460 Et
2970 403 3107 458 dixit
3129 401 3209 456 eis
3231 414 3396 456 senex
3418 417 3433 455 :
3464 401 3618 458 Sicut

366 519 522 592 mn)
549 497 572 583 ;ﬁ
597 516 689 572 illo
717 521 867 568 casto
898 511 1092 564 timore
1120 506 1213 575 qui
1246 503 1405 558 nobis
1433 502 1502 556 ad
1531 501 1646 555 dies
1677 497 1939 592 temporis

366 589 526 682 hujus
551 607 768 678 adjiciat
791 603 908 658 dies
933 608 1184 663 aeternos,
1215 595 1332 650 dies
1353 599 1666 682 perpetuos,
1699 589 1816 645 dies
1841 599 1938 657 pe-

367 681 565 759 rennes
592 692 1028 755 etimmortales,
1061 689 1170 743 imo
1201 687 1343 742 diem
1372 697 1538 738 unum
1567 681 1686 736 sine
1713 691 1938 746 vespera

366 803 423 849 et
450 791 718 847 infinitum
739 827 753 852 ,
779 781 920 842 diem
945 781 1089 837 felici
1114 779 1308 850 gaudio
1331 776 1579 846 plenum,
1613 768 1943 827 indeficienti

369 882 488 937 luce
526 879 817 942 refertum,
857 873 1103 946 angelico
1145 870 1404 926 comitatu
1443 863 1750 926 suffultum;
1801 860 1938 915 diem

371 975 592 1042 inquam
615 1009 630 1035 ,
655 983 816 1039 quem
843 982 951 1022 nox
979 981 1084 1020 non
1111 960 1424 1030 interpolat,
1453 957 1687 1013 tenebrat
1716 967 1822 1008 non
1847 951 1946 1006 ob-

371 1071 594 1119 scurant
621 1101 636 1126 ,
680 1057 927 1114 nubilum
965 1071 1070 1112 non
1103 1052 1370 1117 oﬂ‘usent,
1407 1044 1806 1118 impbrtabilem
1838 1054 1946 1094 non

371 1153 538 1210 efficit
575 1150 726 1206 calor
780 1146 1017 1210 astatis,
1049 1145 1262 1214 pigrum
1291 1154 1397 1196 non
1427 1137 1604 1194 reddit
1637 1134 1806 1204 frigus
1833 1131 1949 1189 hiee

373 1245 509 1309 mis;
538 1242 654 1297 dies
674 1240 768 1310 qui
796 1237 1068 1293 nobismet
1096 1249 1235 1289 unus
1269 1223 1374 1288 erit
1396 1245 1518 1285 cum
1549 1225 1770 1288 sanctis,
1801 1237 1950 1278 com-

2039 497 2239 568 lignum
2257 499 2310 553 in
2328 514 2490 554 manu
2511 498 2748 554 hominis
2771 512 2878 567 quo
2901 496 3122 551 frutices
3151 495 3208 549 in
3231 495 3356 564 igne
3396 509 3616 552 versari.

2039 594 2130 641 tur
2164 588 2380 652 arescit,
2437 588 2512 642 ita
2541 588 2587 642 si
2620 587 2780 641 homo
2811 586 3062 640 habuerit
3096 593 3333 639 mentem
3369 599 3524 638 suam
3565 584 3618 637 in

2041 677 2234 732 timore
2259 676 2382 739 Dei,
2417 675 2531 745 ipse
2562 675 2723 729 timor
2750 673 2846 728 Dei
2873 688 2998 727 ossa
3025 673 3152 746 ejus.
3173 673 3460 728 consumit.

2633 763 2861 822 CAPUT
2911 765 3026 819 νη.

2376 855 2454 910 De
2483 855 2739 925 sapientia
2765 870 2884 924 qua
2918 853 3156 908 Christus
3182 863 3278 907 est.

2113 944 2319 1001 Corona
2347 944 2618 1015 sapientia
2661 942 2743 1015 (ut
2776 945 2853 999 ait
2884 943 3186 1014 Scriptura)
3216 945 3372 998 timor
3411 944 3628 1000 Domini

2042 1048 2139 1102 est,
2168 1047 2217 1092 et
2245 1038 2454 1092 initium
2473 1027 2765 1108 sapientia,
2804 1038 2986 1092 timere
3020 1032 3222 1102 Deum,
3266 1048 3316 1092 et
3356 1037 3623 1108 plenitudo

2043 1127 2330 1197 sapientia,
2346 1136 2394 1182 et
2411 1118 2565 1181 radix
2577 1127 2847 1197 sapientia
2861 1121 3019 1182 timor
3030 1127 3244 1182 Domini
3255 1138 3330 1182 est
3350 1128 3542 1199 (Eccli.
3562 1131 3621 1199 l).

2047 1218 2356 1274 Timeamus
2399 1231 2552 1288 ergo,
2582 1216 2924 1284 .eharissimi,
2968 1217 3286 1282 Dominum,
3324 1227 3380 1273 et
3419 1219 3631 1274 animas

373 1307 554 1390 munis
581 1307 709 1389 cum
734 1329 942 1400 angelis
961 1365 975 1392 ,
1005 1334 1238 1381 mteruus
1274 1336 1398 1376 eum
1423 1319 1698 1387 utrisque;
1727 1314 1819 1384 qui
1850 1327 1951 1367 no-
2048 1317 2265 1366 nostras
2286 1320 2674 1400 praeparemus,
2703 1308 2772 1363 ad
2795 1307 3171 1377 excipiendam
3201 1308 3546 1378 sapientiam,
3573 1311 3635 1362 ut

375 1427 460 1481 bis
487 1439 609 1481 cum
633 1421 774 1477 felici
798 1397 991 1491 gaudio
1021 1414 1354 1470 eonSortium
1378 1404 1583 1465 tribuat
1602 1404 1916 1476 angelorum
1933 1440 1949 1468 ,
2049 1401 2339 1491 sapienter,
2365 1405 2422 1454 et
2447 1399 2555 1469 pie,
2579 1409 2638 1454 et
2655 1397 2802 1468 juste
2828 1399 3095 1464 viventes,
3121 1414 3244 1452 cum
3273 1399 3388 1468 ipsa
3415 1401 3633 1469 sapien-

377 1527 434 1572 et
456 1516 631 1572 socios
656 1488 821 1567 faciat
849 1506 1285 1580 patriarcharum
1305 1544 1319 1569 ,
1347 1503 1401 1556 in
1429 1512 1655 1554 numero
1679 1499 1954 1564 computet
2051 1490 2148 1554 tia,
2185 1503 2348 1559 regna
2390 1495 2698 1580 mereamur
2736 1489 3014 1580 possidere
3041 1496 3318 1558 perpetua.
3352 1488 3444 1544 Sic
3485 1491 3635 1545 enim

380 1607 800 1678 prophetarum,
832 1576 884 1654 in
916 1597 1277 1654 exsultatione
1305 1593 1484 1647 socios
1532 1588 1696 1642 faciat
1736 1593 1955 1654 aposth
2053 1580 2311 1678 scriptum
2336 1587 2425 1678 est
2633 1576 2976 1678 custodierint
3009 1577 3638 1678 illam-gustiﬁcabuntur

382 1662 576 1750 lorum.
612 1693 678 1746 Et
702 1662 828 1760 quia
871 1683 1144 1757 apostolus
1166 1681 1403 1738 Joannes
1425 1680 1479 1734 in
1503 1676 1760 1733 canonica
1782 1674 1950 1728 dicitt
1981 1741 2027 1760 ἢ
2053 1672 2118 1726 ab
2141 1689 2223 1735 ea,
2253 1680 2301 1726 et
2325 1670 2480 1740 facile
2507 1669 2768 1724 videbitur
2800 1669 2865 1723 ab
2904 1662 2969 1724 iis
2993 1671 3083 1739 qui
3124 1668 3350 1756 diligunt
3390 1687 3539 1735 eam,
3585 1678 3638 1724 et

386 1741 883 1840 notitiai—lin
905 1741 1194 1839 chariton,
1225 1772 1315 1828 sed
1350 1769 1580 1840 perfecta
1609 1765 1838 1820 charitas
1867 1763 1953 1833 fo-
1981 1741 2028 1800 Β
2055 1763 2344 1817 invenietur
2380 1761 2446 1815 ab
2484 1760 2548 1814 iis
2586 1761 2677 1830 qui
2715 1769 2956 1830 quarunt
2993 1758 3142 1813 illam
3172 1754 3326 1830 (Sap.
3358 1757 3455 1830 γι).
3487 1758 3642 1814 Scri-

383 1891 472 1929 ras
519 1871 680 1925 mittit
725 1870 994 1931 timorem,
1025 1874 1074 1918 et
1109 1864 1234 1934 quia
1269 1863 1427 1916 timor
1457 1874 1659 1929 panum
1692 1856 1876 1921 habet,
1906 1863 1955 1908 et
2054 1861 2205 1923 ptum
2225 1861 2309 1907 est
2335 1851 2478 1906 enim
2505 1869 2517 1904 :
2559 1848 2992 1921 Concupiscentia
3034 1849 3210 1920 itaque
3237 1848 3506 1918 sapientia
3540 1847 3640 1902 de-

383 1965 472 2037 qui
496 1964 671 2027 timet,
703 1976 807 2016 non
828 1967 903 2012 est
928 1957 1187 2027 perfeétus
1213 1955 1268 2008 in
1297 1953 1553 2007 charitate
1579 1947 1599 2020 (
1617 1948 1646 2002 I
1666 1947 1826 2037 Jo‘an.
1855 1946 1956 2016 tv),
2057 1941 2199 1996 ducit
2225 1938 2297 2037 ad
2327 1950 2486 2037 regna
2517 1947 2764 2037 perpetua
2790 1936 3001 2037 (lbidr):
3036 1936 3327 2037 Propterea
3369 1937 3445 1991 ait
3484 1934 3647 2036 Salo-

386 2027 610 2108 necesse
641 2057 726 2105 est
765 2049 898 2103 duos
937 2045 1172 2100 discrete
1202 2051 1255 2098 et
1281 2041 1568 2111 diligenter
1597 2035 1960 2103 intelligamus
2059 2046 2222 2086 mon:
2256 2029 2465 2101 Optavi,
2489 2039 2538 2084 et
2574 2029 2732 2083 datus
2757 2037 2832 2083 est
2859 2029 2987 2082 mihi
3027 2044 3252 2082 sensus:
3290 2027 3560 2090 invocavi,
3592 2035 3646 2082 et

387 2145 630 2199 timores.
653 2141 782 2194 Duo
808 2145 938 2192 sunt
964 2135 1126 2205 igitur
1161 2133 1401 2187 timores.
1440 2125 1590 2184 Unus
1626 2139 1735 2194 quo
1769 2123 1964 2178 timent
2060 2123 2196 2176 venit
2223 2122 2280 2175 in
2313 2136 2395 2174 me
2421 2121 2634 2190 spiritus
2660 2117 2931 2190 sapientia:
2952 2159 2968 2185 ,
3016 2127 3066 2172 et
3107 2119 3353 2190 proposui
3390 2135 3486 2188 pro
3528 2118 3650 2172 luce

386 2234 638 2291 homines
664 2231 835 2285 Deum
853 2269 867 2293 ,
897 2241 968 2281 ne
995 2226 1279 2280 mittantur
1305 2223 1360 2276 in
1389 2220 1707 2290 gehennam.
1736 2215 1854 2285 Ipse
1879 2221 1964 2270 est
2061 2210 2250 2264 habere
2276 2209 2445 2264 illam.
2469 2208 2640 2278 Super
2661 2209 2884 2264 salutem
2904 2218 2954 2264 et
2977 2225 3180 2264 omnem
3202 2209 3649 2279 pulchritudinem

387 2325 554 2380 timor
581 2321 704 2386 ille,
731 2318 824 2387 qui
858 2314 1158 2371 introduxit
1184 2311 1506 2367 charitatem
1525 2345 1540 2372 ,
1577 2306 1672 2360 sed
1711 2304 1792 2359 sic
1816 2301 1966 2358 venit
2063 2301 2224 2356 dilexi
2251 2300 2419 2368 illam,
2446 2301 2692 2371 quoniant
2720 2301 3144 2373 inéxstinguibile
3171 2310 3246 2355 est
3274 2301 3449 2355 lumen
3475 2301 3646 2355 illius.

389 2419 452 2468 ut
498 2416 678 2465 exeat.
734 2406 795 2462 Si
846 2404 992 2460 enim
1041 2402 1216 2456 adhuc
1275 2404 1495 2468 propter
1557 2406 1750 2462 poenas
1809 2390 1965 2448 times

388 2503 590 2566 Deum,
631 2498 870 2554 nondum
909 2509 1090 2557 amas,
1129 2504 1290 2560 quem
1328 2488 1408 2542 sic
1449 2486 1646 2540 times:
1676 2497 1784 2536 non
1823 2480 1966 2534 bona

391 2591 700 2655 desideras,
742 2586 836 2643 sed
873 2583 1016 2640 mala
1055 2595 1236 2638 caves.
1282 2577 1390 2634 Sed
1429 2582 1496 2630 e'x
1536 2586 1601 2629 eo
1641 2571 1784 2642 quod
1825 2567 1968 2624 mala

395 2695 590 2745 caves,
623 2677 852 2746 corrigis
883 2683 936 2730 te
960 2715 976 2740 ,
1005 2681 1060 2728 et
1086 2669 1281 2740 incipis
1306 2669 1446 2724 bona
1475 2663 1803 2718 desiderare.
1835 2657 1967 2712 Cum

393 2777 540 2832 bona
578 2771 892 2828 desiderare
930 2764 1196 2833 coeperis,
1227 2760 1333 2816 erit
1361 2757 1416 2812 in
1449 2763 1502 2811 te
1529 2755 1692 2810 timor
1719 2758 1969 2814 sanctus,

393 2864 485 2919 ille
523 2862 760 2925 scilicet,
790 2872 858 2912 ne
897 2856 1015 2926 ipsa
1043 2854 1184 2908 bona
1214 2850 1436 2905 amittas
1455 2880 1470 2911 ,
1501 2859 1610 2900 non
1641 2851 1710 2897 ne
1735 2837 1974 2894 mittaris

394 2953 452 3008 in
479 2953 800 3023 gehennam,
846 2945 943 3002 sed
973 2958 1040 2999 ne
1066 2951 1120 2997 te
1149 2941 1368 2998 deserat
1396 2934 1681 3006 prasentia
1720 2928 1930 3023 Domini
1954 2967 1970 2992 ,

393 3018 557 3112 quem
594 3035 972 3108 amplecteris,
1003 3047 1111 3102 quo
1137 3041 1342 3086 aeterno
1371 3027 1478 3081 frui
1505 3023 1808 3079 desideras.
1839 3018 1974 3112 Fra-

401 3109 488 3188 ter
529 3131 751 3200 quidam
796 3124 1149 3195 interrogavit
1195 3134 1379 3175 senem
1425 3117 1647 3171 dicens:
1696 3109 1976 3200 Quomodo

399 3199 562 3275 reniti
592 3219 756 3272 timor
781 3215 995 3270 Domini
1029 3213 1084 3266 in
1113 3208 1390 3266 animam?
1419 3207 1488 3262 Et
1513 3204 1652 3258 dixit
1678 3218 1882 3258 senex:
1915 3199 1974 3257 Si

400 3310 563 3365 habet
602 3308 765 3362 homo
801 3303 1195 3364 humilitatem,
1237 3307 1293 3354 et
1325 3302 1703 3366 paupertatem
1725 3333 1740 3356 ,
1778 3299 1834 3347 et
1871 3307 1976 3347 non

393 3400 602 3472 judieet
640 3399 870 3453 alterum
895 3411 911 3460 ;
952 3393 1034 3449 sic
1063 3391 1226 3447 Venit
1254 3391 1308 3445 in
1337 3403 1461 3445 eum
1492 3387 1654 3441 timor
1679 3384 1796 3441 Dei.
1829 3383 1978 3438 Dixit

399 3489 620 3560 quidam
662 3501 863 3542 senex:
905 3484 1091 3539 Timor
1126 3491 1181 3537 et
1223 3479 1534 3544 humilitas,
1562 3487 1620 3533 et
1655 3487 1872 3548 egestas
1900 3477 1980 3531 vi~

400 3580 692 3643 ctualium,
735 3585 790 3632 et
815 3575 1064 3646 planctus
1092 3580 1311 3628 maneat
1350 3571 1407 3626 in
1436 3579 1508 3625 te.
1542 3569 1612 3624 Et
1639 3569 1779 3623 alius
1807 3581 1978 3623 senex

403 3671 542 3727 dixit
593 3667 725 3723 illud
767 3685 781 3720 :
841 3664 1110 3734 Quidquid
1155 3662 1276 3717 odio
1321 3660 1510 3726 habes,
1559 3657 1652 3712 alii
1704 3675 1768 3712 ne
1812 3656 1980 3729 facias

404 3768 427 3839 (
453 3767 580 3821 Tob.
612 3779 665 3818 tv
687 3763 727 3835 ).
764 3762 823 3816 Si
852 3761 978 3815 odio
1007 3757 1175 3813 habes
1212 3770 1336 3810 eum
1377 3751 1470 3822 qui
1512 3752 1608 3806 tibi
1639 3751 1784 3805 male
1811 3749 1986 3820 loqui-

407 3869 516 3923 tur,
562 3871 631 3911 ne
672 3863 729 3909 tu
772 3851 912 3906 male
949 3847 1188 3918 loquaris
1235 3846 1300 3900 de
1345 3844 1545 3912 aliquo.
1578 3841 1636 3896 Si
1664 3841 1787 3895 odio
1815 3839 1984 3894 habes

406 3963 532 4005 eum
554 3946 646 4017 qui
672 3944 766 4000 tibi
787 3940 1114 3998 calumniam
1134 3936 1285 4002 facit,
1304 3942 1448 3990 netu
1467 3931 1794 3989 calumniam
1816 3929 1984 3986 facias

409 4043 591 4098 alicui.
622 4039 678 4094 Si
703 4039 828 4094 odio
849 4037 1017 4091 habes
1043 4049 1165 4089 cum
1191 4031 1284 4102 qui
1311 4039 1362 4086 te
1386 4029 1440 4084 in
1463 4032 1776 4094 contemptu
1801 4022 1981 4086 ducit,

407 4141 506 4188 aut
533 4131 745 4202 injuriis
769 4127 1004 4198 appetit,
1031 4124 1166 4180 nihil
1197 4133 1253 4178 tu
1277 4125 1471 4178 horum
1499 4119 1668 4175 facias
1691 4117 1944 4186 cuiquam
1968 4131 1982 4168 :

405 4224 512 4291 Qui
542 4237 670 4293 ergo
698 4223 926 4278 verbum
957 4219 1103 4273 istud
1130 4214 1414 4272 custodire
1442 4219 1655 4283 potest,
1695 4208 1896 4272 sulﬁcit
1933 4205 1985 4261 ei

411 4316 481 4371 ad
512 4313 761 4370 salutem.
789 4311 936 4366 Dixit
959 4310 1180 4380 quidam
1209 4322 1371 4363 senex
1400 4320 1416 4359 :
1446 4305 1567 4360 Vita
1599 4300 1847 4357 Monachi
1871 4300 1988 4353 hac

415 4413 522 4459 cst.
554 4404 810 4473 Operatio
830 4443 844 4467 ,
875 4400 1182 4456 obedientia
1203 4438 1218 4463 ,
1249 4394 1529 4452 meditatio
1548 4433 1564 4459 ,
1593 4400 1650 4448 et
1675 4401 1736 4445 ut
1770 4405 1876 4444 non
1894 4387 1986 4456 ju-

411 4491 590 4556 dicet,
621 4505 726 4544 non
753 4489 1093 4556 obloquatur,
1119 4500 1226 4540 non
1251 4489 1575 4540 murmurat.
1605 4479 1880 4549 Scriptum
1905 4485 1990 4544 est

399 4581 553 4638 enim
590 4578 744 4644 :Qui
768 4577 990 4644 diligitis
1028 4574 1311 4627 Dominum
1335 4612 1348 4633 ,
1383 4573 1525 4626 adite
1569 4573 1768 4625 malum
1807 4570 1986 4640 (Psal.

406 4673 576 4744 ξονι).
596 4669 846 4725 Monacbi
866 4668 974 4722 vita
995 4666 1111 4720 hac
1125 4675 1231 4730 est,
1254 4680 1362 4719 non
1383 4663 1592 4734 ingredi
1610 4679 1734 4718 cum
1749 4663 1991 4733 iniustis,

407 4781 593 4834 neque
628 4763 815 4818 videre
838 4759 1014 4818 oculis
1044 4759 1161 4816 suis
1181 4759 1344 4822 mala,
1369 4772 1549 4828 neque
1570 4757 1790 4812 curiose
1809 4771 1992 4824 agere,

411 4871 598 4927 neque
615 4856 810 4912 audire
827 4855 1032 4919 inania,
1054 4866 1233 4923 neque
1250 4852 1430 4906 aliena
1453 4863 1668 4918 rapere,
1701 4848 1800 4903 sed
1823 4847 1999 4918 magis

415 4967 516 5006 sua
551 4949 816 5016 tribuere,
851 4962 1029 5017 neque
1057 4943 1348 5016 superbire
1367 4942 1557 5007 corde,
1587 4954 1768 5010 neque
1791 4939 2002 5010 cogita-

419 5044 570 5098 tione
606 5041 911 5114 malignari,
937 5055 1118 5111 neque
1164 5046 1412 5092 ventrem
1451 5035 1705 5105 implere,
1740 5032 1838 5089 sed
1872 5047 2000 5087 cum

421 5137 763 5192 discretione
786 5137 970 5203 omnia
993 5146 1175 5205 agere.
1207 5131 1351 5187 Ecce
1374 5132 1429 5184 in
1445 5127 1536 5183 his
1558 5136 1644 5183 est
1675 5125 2000 5181 monachus.

423 5226 569 5282 Dixit
592 5225 773 5280 Abbas
792 5223 995 5279 Jacob:
1025 5224 1159 5290 Quia
1188 5223 1327 5278 sicut
1351 5221 1569 5280 lucerna
1591 5217 1882 5273 obscurum
1905 5230 1998 5270 cu-

422 5318 659 5376 biculum
701 5317 988 5382 illuminat,
1042 5316 1116 5370 ita
1155 5315 1317 5370 timor
1343 5311 1554 5368 Domini
1580 5349 1596 5374 ,
1626 5310 1672 5365 si
1701 5307 1913 5364 venerit
1941 5306 1996 5361 in

422 5425 523 5467 cor
561 5409 800 5467 hominis
817 5449 833 5475 ,
864 5395 1132 5463 illuminat
1159 5423 1280 5462 eum
1301 5447 1316 5472 ,
1344 5413 1402 5460 et
1425 5406 1582 5460 docet
1607 5415 1800 5458 omnes
1826 5401 2000 5454 virtu-

426 5513 508 5562 tes
562 5513 618 5559 et
660 5503 914 5559 mandata
959 5502 1075 5558 Dei.
1117 5502 1585 5570 lntcrrogaverunt
1624 5495 1843 5565 quidam
1905 5506 2001 5562 pa-

430 5603 578 5650 trum
635 5594 897 5651 Abbatem
951 5593 1282 5648 Macharium
1338 5588 1674 5659 Egyptium,
1712 5584 1996 5638 dicentes:

433 5678 710 5748 Quomodo
738 5691 794 5740 et
819 5682 1036 5756 quando
1065 5679 1358 5738 manducas
1377 5719 1391 5747 ,
1420 5686 1476 5733 et
1501 5675 1717 5747 quando
1751 5671 1998 5744 jejunas,

2074 2387 2336 2444 Venerunt
2363 2400 2538 2444 autem
2565 2390 2694 2444 mihi
2721 2391 2896 2444 omnia
2919 2390 3056 2444 bona
3082 2391 3282 2460 pariter
3307 2407 3426 2444 cum
3454 2390 3569 2456 illa,
3597 2399 3652 2444 et

2064 2479 2460 2552 innumerabilis
2500 2479 2742 2534 honestas
2777 2496 2872 2550 per
2910 2497 3097 2536 manus
3144 2480 3317 2546 illius,
3360 2490 3408 2534 et
3436 2480 3652 2535 (alatus

2066 2585 2182 2626 sum
2207 2570 2262 2624 in
2290 2571 2546 2634 omnibus,
2574 2571 2822 2642 quoniam
2851 2572 3185 2626 antecedebat
3207 2589 3287 2627 me
3306 2571 3408 2626 ista
3435 2573 3653 2641 sapien-

2069 2660 2163 2714 tia.
2194 2658 2440 2727 Inﬁnitus
2469 2660 2604 2714 enim
2626 2660 2905 2714 thesaurus
2942 2669 3018 2714 est
3056 2660 3349 2714 hominibus
3374 2701 3389 2725 ,
3429 2677 3533 2730 quo
3561 2660 3658 2730 qui

2070 2752 2152 2805 usi
2175 2759 2315 2818 sunt,
2343 2751 2619 2822 participes
2647 2751 2774 2821 facti
2809 2760 2930 2806 sunt
2957 2751 3204 2805 amicitia
3237 2749 3354 2803 Dei.
3386 2749 3485 2803 Est
3513 2751 3659 2802 enim

2071 2844 2127 2898 in
2152 2841 2248 2896 illa
2285 2843 2498 2912 spiritus
2526 2841 2897 2913 intelligentia,
2936 2851 3171 2908 sanctus,
3218 2842 3428 2907 unicus,
3475 2840 3662 2895 multi-

2072 2930 2210 3002 plex,
2232 2929 2453 2994 subtilis,
2473 2929 2699 2996 mobilis,
2721 2931 2968 2996 disertus,
2989 2927 3437 3000 incoinquinatus,
3457 2939 3660 2994 certus,

2074 3022 2268 3086 suavis,
2301 3038 2484 3076 amans
2512 3021 2724 3087 bonum,
2751 3032 2960 3088 acutus,
2999 3039 3148 3093 quem
3180 3021 3310 3076 nihil
3347 3031 3481 3076 vetat
3507 3023 3667 3076 bene-

2001 3081 2044 3142 C
2078 3111 2298 3181 faciens,
2347 3110 2647 3165 humanus:
2680 3111 2904 3178 stabilis,
2933 3121 3180 3177 securus,
3229 3128 3434 3166 omnem
3462 3111 3670 3166 habens

2071 3200 2528 3268 Ivirtutem,omnia
2552 3201 2889 3271 prospiciens,
2907 3211 2953 3255 et
2978 3201 3069 3273 qui
3095 3200 3269 3270 capiat
3292 3217 3470 3255 omnes
3498 3201 3670 3270 spiri-

2078 3291 2549 3363 tus,intelligibilis.
2576 3291 2718 3346 Nam
2741 3292 2978 3346 omnibus
3001 3291 3294 3357 mobilibus,
3319 3291 3567 3345 mobilior
3585 3300 3677 3346 est

2077 3382 2353 3452 sapientia.
2404 3380 2578 3453 Vapor
2623 3391 2697 3436 est
2744 3384 2882 3437 enim
2924 3382 3133 3436 virtutis
3171 3381 3269 3435 Dei
3307 3391 3356 3435 et
3397 3382 3680 3438 emanatio

2078 3469 2336 3526 claritatis
2358 3472 2717 3542 omnipotentis
2742 3470 2841 3526 Dei
2887 3473 3114 3526 sincera.
3163 3469 3379 3526 Candor
3410 3481 3487 3525 est
3524 3473 3678 3526 enim

2079 3559 2212 3616 lucis
2238 3572 2466 3628 aterna,
2492 3571 2540 3616 et
2564 3561 2829 3633 speculum
2852 3563 2964 3616 sine
2993 3561 3202 3615 macula
3221 3561 3320 3616 Dei
3347 3561 3677 3632 majestatis,

2080 3664 2128 3708 et
2156 3653 2327 3723 imago
2357 3653 2601 3706 bonitatis
2626 3651 2772 3706 illius
2806 3650 2956 3724 (Sap.
2983 3649 3102 3724 vn).
3134 3651 3230 3706 Est
3255 3653 3399 3708 enim
3425 3652 3508 3723 (ut
3534 3653 3684 3708 dici-

2083 3744 2190 3817 tur)
2219 3745 2329 3800 hac
2367 3745 2650 3814 speciosior
2693 3744 2825 3812 sole,
2865 3754 2914 3799 et
2957 3762 3113 3816 super
3151 3762 3355 3799 omnem
3395 3745 3680 3799 stellarum

2081 3838 2471 3909 dispositionem
2519 3835 2625 3890 luci
2666 3845 2968 3906 comparata
3014 3838 3275 3891 invenitur
3315 3837 3482 3905 prior.
3540 3837 3683 3891 Luci

2083 3931 2221 3984 enim
2267 3929 2495 3983 succedit
2539 3945 2660 3992 nox,
2710 3929 2966 3999 sapientia
3011 3941 3185 3983 autem
3215 3929 3372 3983 vincit
3406 3929 3683 3983 malitiam

2085 4019 2135 4092 (Ι
2145 4020 2298 4090 bid.).
2333 4019 2404 4076 Ut
2427 4021 2573 4076 enim
2595 4019 2795 4074 dicitur
2821 4038 2834 4074 :
2875 4020 3098 4090 Attingit
3126 4037 3158 4073 a
3194 4019 3298 4088 ﬁne
3318 4036 3483 4074 usaue
3511 4019 3586 4073 ad
3615 4021 3686 4090 fi-

2085 4129 2200 4167 nem
2228 4112 2452 4182 fortiter,
2474 4123 2523 4166 et
2569 4112 2798 4182 disponit
2830 4113 3007 4166 omnia
3047 4112 3293 4166 suaviter.
3324 4109 3684 4166 Soorietatem

2083 4206 2225 4260 enim
2247 4214 2295 4258 et
2319 4205 2629 4275 sapientiam
2661 4204 2829 4269 docet,
2854 4214 2902 4258 et
2924 4204 3192 4274 justitiam
3219 4214 3267 4258 et
3294 4204 3543 4258 virtutem
3563 4206 3687 4274 qui-

2087 4293 2182 4348 bus
2208 4293 2390 4348 utilius
2413 4292 2542 4346 nihil
2562 4302 2637 4347 est
2659 4294 2714 4348 in
2740 4296 2844 4348 vita
2873 4293 3169 4348 hominibus
3193 4293 3344 4366 (Sap.
3363 4293 3507 4362 vnn).
3536 4295 3688 4351 The-

2089 4402 2284 4442 saurus
2312 4386 2457 4440 enim
2483 4401 2710 4457 magnus
2757 4395 2840 4442 est
2883 4386 3172 4456 sapientia,
3205 4401 3366 4455 quam
3396 4386 3489 4454 qui
3523 4386 3690 4440 inve-

2090 4480 2250 4542 nerit,
2283 4480 2523 4534 inveniet
2543 4480 2744 4534 vitam:
2782 4489 2838 4533 et
2877 4480 2968 4547 qui
3004 4478 3310 4547 possederit
3346 4478 3530 4544 illam,
3581 4478 3689 4531 im-

2091 4570 2439 4626 mortalitatis
2475 4569 2698 4625 habebit
2741 4584 3020 4625 coronam.
3069 4569 3188 4639 Ipsa
3232 4577 3316 4623 est
3360 4568 3510 4622 enim
3561 4582 3691 4636 qua:

2091 4662 2316 4718 stabiles
2345 4662 2475 4718 facit
2508 4661 2564 4716 in
2596 4660 2721 4726 fide,
2753 4670 2932 4716 certos
2956 4661 3014 4714 in
3041 4660 3208 4715 verbo
3227 4701 3242 4726 ,
3273 4658 3458 4714 dulces
3488 4659 3547 4713 in
3574 4660 3691 4714 clo—

2092 4752 2240 4822 quio,
2271 4751 2475 4806 hilares
2503 4752 2556 4805 in
2591 4750 2739 4816 dato,
2782 4751 2838 4805 in
2882 4751 3257 4806 misericordia
3300 4751 3598 4814 humanos,
3632 4752 3687 4808 in

2093 4843 2468 4912 respondendo
2490 4856 2708 4906 suaves,
2736 4841 2791 4896 in
2813 4841 3170 4897 discernendo
3194 4857 3436 4913 sagaces,
3470 4842 3527 4896 in
3560 4859 3690 4911 pro-

2098 4935 2358 5004 speritate
2401 4933 2589 4998 mites,
2636 4934 2691 4988 in
2736 4933 3063 4990 adversitate
3107 4949 3347 4998 securos,
3390 4944 3592 4989 acutos
3633 4936 3693 4988 in

2097 5045 2283 5094 sensu,
2310 5027 2615 5098 perlucidos
2640 5027 2698 5080 in
2725 5025 2887 5089 facto,
2917 5027 3177 5082 candidos
3203 5025 3259 5079 in
3287 5025 3459 5089 vultu,
3487 5035 3548 5079 et
3575 5026 3694 5082 for-

2099 5129 2184 5177 tes
2212 5120 2268 5174 in
2295 5118 2551 5174 conﬂictu
2579 5116 2790 5189 (lbid.).
2819 5114 2974 5170 Unde
3014 5132 3137 5186 ergo
3157 5116 3416 5184 sapientia
3448 5116 3611 5181 venit,
3641 5124 3694 5169 et

2098 5211 2214 5282 quis
2241 5220 2316 5265 est
2344 5209 2490 5265 locus
2517 5206 2873 5277 intelligentia
2894 5206 2920 5259 ?
2962 5205 3283 5260 Abscondita
3319 5215 3392 5259 est
3419 5205 3486 5257 ab
3522 5204 3696 5258 oczu'is

2099 5299 2331 5355 omnium
2358 5298 2654 5354 viventium.
2685 5296 2830 5358 Deus
2870 5294 3112 5365 intelligit
3149 5296 3289 5349 viam
3327 5293 3478 5364 ejus,
3507 5307 3557 5348 et
3583 5296 3697 5364 ipse

2100 5393 2240 5445 novit
2271 5390 2446 5444 locum
2465 5387 2630 5444 illius.
2657 5387 2778 5458 Ipse
2801 5388 2942 5443 enim
2962 5387 3096 5441 dixit
3115 5387 3312 5450 homini
3327 5399 3344 5437 .'
3369 5383 3507 5438 Ecce
3536 5387 3696 5438 timor

2107 5482 2333 5546 Domini,
2361 5482 2469 5551 ipse
2488 5490 2562 5535 est
2585 5481 2868 5550 sapientia,
2897 5489 2945 5532 et
2974 5479 3207 5532 recedere
3236 5496 3268 5530 α
3307 5476 3448 5530 malo
3491 5471 3690 5530 intelli-

2081 5573 2273 5643 gentia
2303 5571 2446 5636 (Job.
2478 5568 2691 5641 xxvm).
2721 5570 3021 5641 Diligamus
3053 5584 3180 5638 ergo
3207 5582 3348 5631 eam,
3387 5566 3600 5620 fratres.
3633 5568 3692 5613 ut

2104 5664 2390 5735 diligamur
2415 5664 2484 5721 ab
2512 5679 2594 5720 ea.
2626 5663 2746 5735 ipsa
2779 5663 2924 5719 enim
2971 5661 3239 5734 sapientia
3281 5673 3402 5730 qua:
3435 5656 3687 5715 Christus
