3960 6206
230 337 324 398 605

1414 326 1522 383 ωλι
1531 325 1720 384 DEMA
1759 325 2261 384 MONACHOBUM.

3371 332 3471 394 606

226 459 322 513 est,
354 447 517 502 dicit:
545 443 656 515 Ego
677 443 936 514 sapientia
964 441 1139 495 ltalrito
1161 441 1218 494 in
1245 439 1482 505 consilio,
1511 449 1559 494 et
1579 439 1801 494 eruditis
1828 442 1880 501 Α
1905 437 2182 508 Scriptum
2223 452 2309 497 est
2345 441 2488 496 enim
2519 461 2531 497 :
2562 440 2759 498 Sentite
2797 443 2863 500 de
2891 441 3112 499 Domino
3139 445 3196 501 in
3223 444 3474 514 bonitate,

225 546 471 600 inlatum
494 535 917 606 cogitationibus.
954 532 1132 587 Meum
1159 541 1234 587 est
1259 531 1537 588 consilium
1561 539 1610 586 et
1638 531 1801 601 aequi-

225 647 320 699 tas,
345 647 462 685 mea
485 638 562 682 est
589 625 892 696 prudentia,
914 639 1030 678 mea
1050 632 1126 678 est
1150 634 1198 678 et
1222 622 1495 694 fortitudo.
1529 621 1643 692 Ego
1673 620 1800 674 dili-

223 736 387 790 gentes
417 738 496 776 me
516 719 701 790 diligo,
733 727 783 772 et
811 717 903 788 qui
937 733 1090 771 mane
1121 713 1448 787 vigilaverint
1475 714 1544 768 ad
1571 729 1684 778 me,
1713 713 1802 766 in-

223 787 418 872 venient
444 828 545 866 me.
580 787 786 864 Mecum
809 787 932 862 sunt
961 807 1159 860 divitia:
1193 815 1242 860 et
1274 804 1464 876 gloria.
1502 803 1692 858 Melior
1725 812 1801 858 est

223 908 420 976 {ructus
467 917 612 956 meus
639 915 771 954 auro
809 907 859 953 et
885 895 1061 968 lapide
1087 898 1333 967 pretioso.
1366 896 1434 950 In
1462 897 1559 951 viis
1576 897 1800 966 justititc

223 993 448 1058 ambulo,
495 1001 555 1046 ut
589 991 752 1045 ditem
789 987 1063 1060 diligentes
1089 1004 1192 1053 me,
1234 997 1284 1042 et
1325 987 1593 1042 thesauros
1622 1002 1801 1041 eorum

217 1085 445 1154 repleam
498 1081 680 1154 (Prov.
712 1078 855 1152 vni).
901 1078 1088 1150 Diligit
1121 1078 1268 1134 enim
1311 1078 1454 1132 Deus
1499 1076 1649 1132 illum
1705 1075 1800 1145 qui

216 1179 394 1249 diligit
437 1175 786 1246 sapientiam.
819 1172 1100 1243 Sapientia
1140 1171 1289 1226 enim
1319 1170 1443 1226 ﬁliis
1490 1169 1604 1225 suis
1629 1169 1800 1223 vitam

218 1277 507 1341 prmparat,
537 1266 887 1338 diligentibus
912 1279 974 1320 se
993 1263 1267 1335 justitiam
1291 1262 1582 1325 ministrat,
1613 1274 1801 1314 amatio

221 1358 364 1414 tibus
390 1373 450 1413 se
475 1356 825 1427 prudentiam
869 1354 1054 1411 donat.
1099 1354 1159 1408 ln
1210 1353 1511 1408 tentatione
1553 1366 1676 1407 cum
1707 1350 1800 1407 illo

219 1449 476 1514 ambulat,
524 1455 580 1504 et
616 1447 720 1502 iter
745 1446 1012 1502 directum
1054 1445 1130 1500 illi
1167 1455 1496 1514 praeparans,
1536 1443 1799 1498 absconsa

217 1557 312 1597 sua
341 1541 601 1605 denudat,
639 1540 719 1594 illi
744 1539 1031 1596 scientiam
1071 1547 1127 1593 et
1151 1538 1482 1593 intellectum
1503 1535 1800 1605 prudentia:

217 1634 568 1688 thesaurizat.
595 1633 738 1704 Ergo
765 1633 857 1702 qui
894 1632 1128 1687 tenuerit
1168 1631 1335 1699 illam,
1363 1630 1531 1684 vitam
1564 1626 1796 1684 haeredi-

216 1724 357 1779 tabit
385 1731 664 1778 aeternam.
985 1743 987 1754 ι

812 1791 1040 1848 CAPUT
1067 1791 1195 1846 Vill.

805 1882 884 1938 De
908 1878 1210 1953 prudentia;

284 1976 580 2032 Prudentia
609 1990 846 2044 namque
869 1981 1253 2030 ornamentum
1285 1975 1370 2026 est
1397 1972 1641 2026 omnium
1679 1967 1790 2023 vlrd

224 2075 417 2131 tutum,
439 2065 608 2138 gloria
633 2066 807 2130 verbi,
832 2065 1105 2133 decusque
1129 2062 1419 2125 sermonis,
1447 2061 1590 2116 sicut
1612 2058 1790 2127 scrip—

224 2165 332 2214 tum
358 2166 474 2213 est:
508 2156 889 2212 Ornamentum
913 2171 1133 2220 aureum
1159 2152 1425 2224 prudenti,
1448 2152 1712 2216 doctrina,
1740 2159 1790 2204 et

219 2250 372 2320 quasi
395 2248 657 2303 brachiale
680 2248 736 2301 in
750 2247 960 2302 brachio
977 2246 1161 2301 dextro
1184 2245 1372 2318 (Eccli.
1397 2243 1532 2314 ut).
1549 2243 1792 2298 Pruden-

224 2340 294 2394 tia
333 2348 520 2396 cust'os
553 2348 637 2396 est
665 2339 798 2404 eris,
828 2338 1149 2410 gubernatio
1176 2337 1408 2392 actionis
1437 2377 1452 2403 ,
1479 2344 1792 2406 temperan-

224 2430 294 2484 tia
334 2430 549 2495 cordis,
586 2429 890 2486 moderatio
928 2428 1163 2498 linguaa,
1197 2427 1551 2496 omniumque
1587 2433 1793 2481 statera

223 2521 536 2586 verborum,
566 2529 622 2574 et
642 2519 963 2590 ponderatio
986 2534 1189 2574 rerum.
1225 2516 1317 2574 Sic
1341 2518 1488 2572 enim
1531 2517 1794 2584 scriptum

221 2617 304 2664 est
329 2627 344 2662 :
373 2606 534 2662 Verba
557 2609 891 2680 prudentium
917 2617 1114 2664 statera
1140 2607 1573 2678 ponderabuntur
1597 2605 1792 2676 (Eccli.

223 2697 361 2770 ut).
403 2699 541 2754 Hinc
583 2707 639 2754 et
675 2698 874 2754 Paulus
907 2698 985 2754 ait
1018 2716 1031 2751 :
1073 2696 1256 2753 Sermo
1301 2705 1465 2752 vester
1507 2712 1710 2767 semper
1736 2695 1796 2753 in

220 2790 393 2860 gratia
411 2789 522 2844 sale
545 2791 611 2845 sit
628 2790 893 2855 conditus,
907 2798 964 2843 ut
980 2788 1160 2842 sciatis
1174 2786 1435 2858 quomodo
1455 2793 1690 2856 oporteat
1707 2799 1797 2838 vos

222 2883 501 2951 unicuique
530 2877 992 2952 respondere(Col.
1009 2877 1423 2950 tv).Diligamus
1451 2881 1506 2931 et
1535 2890 1655 2940 nos,
1682 2873 1797 2928 fra-

227 2977 359 3034 tres‘,
374 2969 514 3025 hanc
537 2968 892 3026 clarissimam
920 2969 1196 3031 virtutem,
1214 2981 1335 3036 quae
1355 2964 1513 3020 nobis
1529 2965 1797 3036 guberna-

1900 542 1948 588 et
1974 534 2030 587 in
2062 534 2396 604 simplicitate
2417 537 2588 592 cordis
2602 540 2820 609 quarite
2844 538 3016 604 illum,
3042 543 3294 610 quoniam
3334 541 3478 598 inve”-

1900 624 2044 677 nitur
2066 624 2130 695 ab
2155 626 2222 680 iis
2249 628 2339 696 qui
2367 645 2469 682 non
2498 638 2696 684 tentant
2731 629 2885 684 illum
2911 647 2930 685 :
2959 642 3173 700 apparet
3201 643 3378 688 autem
3401 637 3478 692 eis

1898 712 1992 783 qui
2032 713 2192 781 [idem
2233 715 2421 770 habent
2465 719 2521 772 in
2554 715 2704 773 illum
2729 718 2876 790 (Sep.
2907 720 2972 791 1).
3009 721 3304 792 Diligamus
3345 741 3478 797 ergo

1901 804 2304 874 simplicitatem
2333 808 2533 873 cordis,
2567 817 2628 863 ut
2655 811 2724 865 ab
2744 810 2834 865 illa
2859 815 3216 870 actus'nostri
3243 816 3478 886 dirigan-

1901 900 1991 947 tur
2017 894 2076 948 in
2101 895 2242 949 viam
2272 895 2481 951 salutis.
2509 896 2780 966 Scriptum
2817 909 2900 955 est
2928 901 3072 955 enim
3103 917 3117 955 :
3146 901 3476 970 Simplicitas

1891 981 2158 1051 justorum
2207 985 2395 1056 diriget
2442 1003 2528 1041 eos
2561 985 2744 1057 (Prov.
2776 993 2876 1062 x1).
2925 991 3256 1048 Obediamus
3299 995 3478 1052 verbis

1901 1072 2051 1127 Pauli
2068 1074 2442 1143 praadicatoris
2461 1078 2686 1148 egregii,
2726 1079 2817 1150 qui
2843 1096 2941 1137 nos
2965 1083 3238 1146 admonet,
3259 1086 3474 1156 dicens;

1911 1158 2039 1216 Volo
2069 1178 2156 1216 vos
2184 1165 2440 1234 sapientes
2477 1184 2587 1221 esse
2633 1169 2687 1223 in
2713 1171 2847 1226 bono
2869 1212 2884 1237 ,
2925 1173 3184 1245 simplices
3235 1176 3286 1230 in
3336 1175 3477 1230 malo

1900 1251 2544 1324 (Rom.u't).Debetenim
2569 1260 2863 1318 electorum
2890 1265 3052 1320 corda
3095 1267 3383 1336 prudentia
3419 1268 3478 1326 in

1899 1339 2099 1396 bonum
2139 1341 2346 1414 iugiter
2390 1361 2608 1414 acuere,
2638 1360 2694 1404 et
2741 1350 3060 1421 simplicitas
3111 1356 3178 1409 ab
3227 1356 3478 1413 acumine

1897 1431 2196 1498 prudentiae
2225 1442 2547 1505 temperare,
2573 1445 2639 1492 ne
2659 1449 2751 1494 aut
2771 1441 3054 1510 prudentia
3075 1447 3294 1500 modum
3315 1448 3476 1502 recti-

1902 1522 2105 1577 tudinis
2151 1527 2397 1591 excedat,
2440 1538 2534 1582 aut
2575 1531 2893 1599 simplicitas
2923 1534 3238 1602 ignorantia:
3267 1537 3478 1594 fallacia

1899 1618 2190 1679 torpescat.
2225 1612 2427 1685 (Greg.,
2453 1615 2491 1669 l.
2517 1633 2571 1682 v,
2603 1617 2825 1685 Moral.,
2849 1624 2896 1674 ἐ.
2918 1622 2996 1692 5.)
3034 1623 3110 1678 De
3134 1623 3301 1682 Jacob
3330 1629 3475 1683 enim

1899 1698 2096 1770 legitur
2128 1719 2142 1754 :
2175 1704 2327 1768 Quod
2353 1715 2486 1760 esset
2541 1707 2617 1761 vir
2646 1709 2868 1780 simplex
2899 1751 2913 1774 ,
2951 1722 2999 1766 et
3030 1713 3085 1766 in
3122 1715 3277 1770 domo
3323 1718 3476 1773 habi-

1815 1790 1862 1850 Β
1889 1790 2179 1862 tans(Gen‘.
2215 1795 2368 1859 xxv),
2397 1797 2520 1866 quia
2552 1799 2811 1853 nimirum
2852 1816 3044 1857 omnes
3084 1805 3178 1873 qui
3219 1807 3273 1860 in
3321 1809 3475 1864 curis

1889 1882 2249 1939 exterioribus
2280 1887 2460 1955 spargi
2503 1887 2776 1959 refugiunt
2807 1931 2822 1956 ,
2852 1892 3121 1961 simplices
3158 1895 3212 1949 in
3261 1899 3468 1969 συείω-

1891 1972 2036 2028 tione
2066 2013 2080 2038 ,
2109 1983 2270 2042 atque
2296 1977 2350 2028 in
2384 1979 2730 2034 conscientias
2762 1997 2873 2037 sua:
2903 1984 3244 2041 habitatione
3289 1990 3474 2044 consi-

1891 2071 2063 2128 stunt,
2108 2078 2176 2118 ne
2200 2066 2328 2119 dum
2353 2066 2421 2120 ad
2449 2067 2618 2122 multa
2646 2068 2780 2124 foris
2825 2072 3057 2136 inhiant,
3107 2091 3138 2128 a
3165 2078 3475 2148 semetipsis

1889 2152 2106 2206 alienati
2146 2155 2562 2223 COgitationibus
2583 2159 2856 2214 recedant.
2885 2161 3180 2219 Curi-anius
3203 2180 3334 2235 ergo
3363 2183 3469 2236 per

1890 2243 2251 2314 simplicitatis
2300 2249 2492 2304 itinera
2523 2290 2538 2316 ,
2577 2259 2635 2305 ut
2673 2253 2742 2307 ad
2785 2257 3146 2323 perennitatis
3198 2275 3298 2330 per
3352 2278 3473 2320 eam

1893 2337 2054 2392 citius
2087 2340 2374 2408 pervenire
2423 2358 2730 2399 mereamur
2761 2348 3013 2416 patriam,
3069 2349 3158 2404 ubi
3195 2351 3474 2408 immorta-

1893 2425 2060 2482 litatis
2106 2428 2302 2485 stolam
2354 2439 2408 2486 et
2455 2433 2819 2504 simplicitatis
2862 2438 3106 2508 recipere
3156 2455 3474 2500 mereamur

1895 2532 2135 2588 pratnna.

2531 2616 2758 2674 CAPUT
2781 2618 2846 2675 Χ.

2494 2705 2575 2761 De
2607 2711 2882 2779 patientia.

1970 2791 2047 2847 De
2072 2787 2176 2849 hac
2207 2795 2406 2851 virtute
2446 2799 2720 2866 patientiae
2746 2804 2826 2859 sic
2855 2801 3113 2864 Dominus
3138 2809 3250 2866 ait:
3289 2809 3355 2864 In
3379 2827 3476 2881 pa-

1899 2884 2083 2938 tientia
2105 2895 2273 2941 vestra
2294 2890 2622 2959 possidebitis
2643 2896 2849 2950 animas
2872 2910 3068 2954 vestras
3089 2901 3239 2972 (Luc.
3256 2903 3394 2974 XXI).
3409 2904 3477 2959 Et

1900 2972 2100 3030 Paulus
2128 2975 2422 3046 discipulus
2455 2979 2571 3048 ejus
2599 2983 2764 3039 dicit:
2795 2985 3008 3043 Induite
3034 3008 3121 3045 vos
3160 2993 3296 3047 sicut
3324 2972 3473 3048 electi

223 3061 422 3117 ῑίοηθω
435 3061 601 3116 animi
624 3062 964 3130 disponat,“
984 3057 1362 3114 discretionem
1377 3055 1576 3126 mentis
1598 3052 1800 3154 cfmﬁr-
1901 3063 2022 3132 Dei,
2055 3068 2223 3121 sancti
2259 3077 2308 3122 et
2337 3069 2514 3124 dilecti
2551 3073 2750 3129 viscera
2780 3077 3170 3148 misericordia,
3188 3082 3476 3154 benignum

223 3161 348 3206 met.
367 3151 459 3206 Sic
471 3152 612 3216 enim
635 3152 895 3221 scriptum
918 3156 1002 3204 est
1027 3166 1040 3202 :
1069 3146 1390 3218 Quisapiens
1404 3154 1479 3201 est
1495 3186 1507 3210 ,
1533 3143 1698 3242 multa
1710 3160 1804 3214 gu-
1829 3152 1872 3215 C
1903 3161 2024 3218 tem,
2050 3155 2418 3225 humilitatem,
2445 3161 2776 3230 modestiam,
2797 3168 3126 3236 patientiam,
3157 3143 3474 3242 suppdrtan-

225 3242 760 3314 bernaturprudcntia
783 3238 963 3313 (Prov.
992 3237 1126 3310 xu).
1143 3238 1436 3309 Diligamus
1451 3235 1793 3305 prudentiam

223 3349 342 3404 qua:
367 3349 588 3405 gressus
609 3334 787 3404 operis
813 3331 984 3387 nostri
1007 3330 1230 3401 dirigat,
1261 3335 1315 3381 et
1331 3340 1484 3382 actus
1511 3325 1796 3396 cogitatio-

224 3425 305 3480 nis
320 3424 589 3496 disponat.
619 3423 890 3494 Scriptum
915 3429 998 3477 est
1024 3421 1168 3476 enim
1202 3437 1214 3473 :
1255 3416 1350 3472 Vir
1365 3416 1593 3487 prudens
1615 3415 1796 3485 dirigit

231 3532 437 3586 gressus
476 3533 595 3570 suos
621 3513 801 3587 (Prov.
833 3513 946 3584 xv).
978 3511 1276 3583 Diligamus
1301 3508 1646 3579 prudentiam
1675 3521 1795 3577 quae

227 3607 377 3663 nobis
408 3607 708 3678 spiritalem
755 3604 986 3661 tudilicet
1034 3604 1252 3659 domum
1287 3641 1301 3666 ,
1364 3608 1420 3655 et
1470 3598 1792 3654 aediﬁcatam

228 3697 529 3753 sublimiter
558 3699 794 3754 ruberet.
850 3694 1122 3766 Scriptum
1160 3703 1246 3749 est
1295 3694 1441 3748 enim
1470 3707 1484 3745 :
1513 3690 1789 3760 Sapientia

231 3787 578 3859 ludiﬁcabitur
615 3788 822 3854 domus,
848 3797 895 3842 et
932 3786 1213 3858 prudentia
1254 3785 1584 3841 robor-obitur
1612 3781 1794 3854 (Prov.

232 3878 399 3952 ιχιν).
434 3878 726 3951 Diligamus
752 3876 1117 3949 prudentiam,
1148 3889 1268 3945 qua)
1297 3874 1454 3929 nobis
1479 3881 1796 3928 ornamenta

229 3985 461 4036 morum,
492 3980 550 4026 et
571 3970 778 4040 ecpiam
805 3969 1078 4023 ministret
1118 3968 1414 4030 virtutum,
1440 3981 1561 4035 quae
1589 3964 1671 4019 ori
1701 3979 1799 4019 no.

229 4069 341 4115 ιιι-ο
362 4061 537 4132 legem
567 4061 812 4115 veritatis
838 4060 1094 4125 insinuet,
1111 4068 1165 4114 et
1192 4073 1496 4114 sermonem
1516 4058 1798 4128 sapientiae

225 4165 277 4208 et
324 4151 628 4207 intellectus
688 4151 1063 4221 multipliciter
1138 4152 1414 4217 adornet,
1459 4151 1798 4206 sermonibus

229 4242 430 4296 nostris
467 4257 687 4296 aureum
718 4251 1095 4296 ornamentum
1121 4241 1380 4310 imponat,
1403 4247 1459 4294 et
1495 4239 1651 4294 labiis
1695 4256 1796 4294 no-

228 4335 357 4388 stris
400 4349 594 4389 munus
623 4341 939 4404 argenteum
980 4331 1270 4387 conferat:
1313 4331 1556 4386 moribus
1593 4330 1798 4386 nostris

220 4423 403 4497 iugem
444 4425 781 4494 custodiam,
822 4441 1121 4496 congruam
1154 4425 1428 4480 ministret
1465 4431 1520 4480 et
1545 4423 1794 4495 gloriam.

829 4540 1056 4596 CAPUT
1079 4539 1173 4596 IX.

767 4620 847 4686 De
875 4631 1228 4703 simplicitate.

296 4720 489 4793 Magna
514 4730 600 4777 est
637 4722 856 4792 quidem
882 4723 1183 4792 prudentia:
1208 4721 1403 4787 virtus,
1435 4720 1532 4776 sed
1575 4735 1798 4778 necesse

226 4823 314 4868 est
341 4824 400 4869 ut
426 4814 786 4883 simplicitatis
807 4815 1004 4869 virtute
1025 4821 1374 4883 temperetur.
1401 4812 1494 4867 Sic
1516 4813 1660 4868 enim
1690 4813 1798 4867 Do-

225 4903 406 4957 minus
427 4903 492 4973 in
511 4903 802 4972 Evangelio
831 4903 910 4957 ait
937 4917 952 4956 :
985 4903 1165 4957 Estote
1189 4902 1468 4973 prudentes
1498 4902 1632 4956 sicut
1683 4918 1798 4956 ser-

223 5003 397 5061 pentes
424 5034 439 5060 ,
464 5004 511 5048 et
547 4993 804 5064 simplices
835 4995 969 5048 sicut
1006 4993 1258 5048 columba:
1290 4991 1507 5064 (Matth.
1535 4991 1615 5064 ι).
1638 4991 1707 5046 Ει
1730 4992 1797 5049 de

224 5081 332 5138 Job
355 5085 578 5155 simplici
607 5087 746 5151 viro,
795 5085 1056 5141 Dominus
1081 5085 1150 5139 ad
1187 5084 1462 5140 diabolum
1482 5085 1561 5138 ait
1587 5101 1600 5137 :
1637 5082 1797 5137 Nun-

224 5175 356 5244 quid
403 5177 742 5232 considerasti
787 5193 993 5231 servum
1033 5193 1203 5231 meum
1231 5174 1332 5229 Job
1361 5210 1377 5242 ,
1410 5174 1549 5247 quod
1595 5190 1700 5229 non
1730 5173 1797 5228 sit

224 5267 415 5322 similis
457 5269 503 5324 ei
527 5285 686 5340 super
730 5279 944 5333 terram,
975 5267 1196 5339 simplex
1223 5306 1238 5331 ,
1270 5275 1440 5320 rectus
1466 5295 1482 5332 δ
1514 5275 1562 5319 et
1583 5309 1586 5312 .
1610 5267 1796 5319 timens

224 5354 418 5424 Deum,
439 5369 484 5413 et
529 5359 768 5414 recedens
792 5379 824 5414 a
867 5359 1006 5412 malo
1031 5359 1170 5430 (Job.
1202 5357 1278 5429 t)?
1312 5355 1613 5427 Diligamus
1645 5370 1793 5426 ergo,

227 5446 448 5515 fratres,
485 5451 626 5505 hanc
674 5465 924 5520 magnam
969 5449 1246 5511 virtutem,
1276 5462 1398 5517 qua:
1437 5447 1504 5501 de
1530 5445 1796 5501 Altissimi

228 5540 486 5594 thesauro
519 5542 718 5610 prodit,
749 5557 869 5611 quae
892 5539 1141 5610 quamvis
1167 5539 1420 5594 omnibus
1444 5537 1792 5602 Christianis,

228 5633 465 5688 maxime
501 5642 683 5688 autem
727 5631 1034 5688 necessaria
1073 5638 1158 5686 est
1194 5629 1474 5684 monachis
1505 5668 1518 5692 ,
1544 5626 1636 5697 qui
1675 5626 1796 5680 vite

231 5728 568 5792 propositum
644 5726 1006 5799 simplicitatis
1064 5737 1262 5781 ornare
1325 5722 1525 5778 debent
1595 5720 1792 5806 ollicio.

1896 3253 1970 3300 tes
1998 3247 2219 3302 invicem
2247 3249 2302 3302 in
2322 3250 2578 3307 charitate
2599 3252 2737 3325 (Col.
2762 3272 2852 3323 tu;
2885 3258 3077 3330 Ephes.
3099 3261 3196 3330 tv).
3223 3263 3476 3322 Salomon

1896 3354 2112 3410 quoque
2141 3341 2219 3397 ait
2246 3359 2260 3396 :
2288 3342 2542 3399 Doctrina
2575 3348 2678 3400 viri
2701 3365 2796 3418 per
2813 3353 3122 3420 patientiam
3149 3357 3402 3422 noscitur,
3427 3367 3477 3412 et

1894 3430 2064 3500 gloria
2087 3432 2202 3502 ejus
2228 3443 2304 3487 est
2333 3434 2514 3504 iniqua
2560 3446 2896 3510 prtetergredt
2937 3436 3122 3512 (Prov.
3156 3445 3294 3517 xu).
3323 3445 3477 3503 Jaco-

1894 3519 1994 3577 bus
2015 3522 2302 3593 Aposmlus
2329 3528 2628 3594 praedicans
2654 3531 2730 3584 ait
2755 3549 2768 3584 :
2816 3529 3087 3587 Patientia
3130 3546 3305 3590 autem
3336 3554 3470 3606 opus

1894 3613 2180 3682 perfectum
2203 3614 2391 3669 habeat
2416 3657 2431 3682 ,
2458 3627 2514 3672 ut
2541 3619 2658 3674 sitis
2685 3621 2904 3690 perfecti
2929 3633 2979 3677 et
3012 3624 3220 3695 integri,
3248 3627 3302 3679 in
3330 3626 3475 3683 nulla

1895 3701 2190 3770 deﬁcientes
2244 3703 2384 3775 (Jac.
2417 3706 2480 3773 ι).
2520 3707 2587 3762 Ει
2615 3708 2814 3766 Paulus
2854 3711 3052 3767 iterum
3095 3713 3268 3769 dicit:
3298 3713 3478 3770 Corri-

1894 3789 1998 3858 pite
2056 3791 2310 3862 inquietos
2340 3835 2355 3861 ,
2391 3796 2734 3853 consolamini
2780 3799 3166 3870 pusillanimes,
3227 3805 3477 3874 suscipite

1897 3880 2157 3949 inﬁrmos,
2185 3886 2439 3954 patientes
2461 3897 2621 3942 estote
2643 3887 2715 3943 ad
2749 3907 2926 3947 omnes
2949 3891 3003 3966 (Ι
3031 3893 3210 3950 Thess.
3235 3895 3312 3966 v).
3339 3896 3476 3952 Cur-

1897 3986 2083 4026 ramus
2114 3989 2265 4045 ergo,
2295 3977 2634 4034 dilectissimi
2663 3980 2888 4048 fratres,
2911 3999 3010 4054 per
3033 3986 3174 4042 hanc
3195 3989 3473 4058 patientia:

1897 4062 2061 4129 viam,
2093 4072 2148 4119 et
2172 4066 2458 4138 diligamus
2483 4085 2624 4136 eam,
2665 4072 2792 4140 quia
2817 4088 2924 4127 non
2967 4075 3131 4130 habet
3173 4075 3473 4134 oll‘endicu-

1901 4149 2032 4216 lum,
2073 4154 2166 4208 sed
2191 4155 2408 4224 plenum
2439 4167 2494 4212 ct
2536 4167 2799 4215 aeternum
2834 4177 2933 4232 per
2961 4178 3020 4218 se
3046 4167 3389 4224 currentibus
3418 4169 3475 4224 in

1898 4240 2080 4299 futuro
2117 4245 2378 4302 retribuet
2402 4250 2676 4321 gaudium.
2709 4251 2902 4324 Magna
2930 4262 3016 4311 est
3053 4258 3221 4320 enim,
3251 4254 3471 4324 fratres,

1900 4334 2072 4390 virtus
2115 4337 2409 4407 patientizc,
2457 4357 2577 4411 qum
2605 4341 2862 4400 lmdentes
2909 4360 2969 4401 se
3014 4361 3124 4401 non
3150 4345 3333 4414 lmdit,
3379 4348 3474 4404 sed

1904 4423 2120 4496 diligit:
2154 4443 2274 4496 qua:
2306 4428 2587 4500 injurianti
2616 4446 2672 4487 se
2696 4430 2924 4501 injurias
2946 4436 3189 4503 remittit,
3217 4454 3324 4494 non
3350 4438 3474 4494 red-

1823 4509 1878 4570 D
1909 4513 1990 4569 dit
2022 4533 2034 4570 :
2067 4517 2152 4570 cui
2175 4532 2372 4574 nocere
2395 4529 2573 4589 potest
2595 4537 2703 4576 non
2740 4531 2917 4590 nocet,
2947 4526 3042 4580 sed
3066 4527 3260 4597 parcit.
3293 4525 3468 4583 Radix

1898 4605 2042 4661 enim
2070 4610 2312 4664 omnium
2337 4620 2389 4667 et
2413 4622 2595 4670 custos
2620 4615 2882 4671 virtutum
2902 4658 2916 4682 ,
2948 4619 3206 4688 patientia
3235 4631 3336 4676 est.
3365 4620 3472 4677 Per

1898 4697 2218 4767 patientiam
2265 4717 2395 4759 vero
2437 4706 2762 4774 possidemus
2818 4711 3023 4765 animos
3075 4722 3280 4766 nostras
3312 4712 3468 4783 (Luc.

1898 4787 2036 4860 xm).
2077 4789 2365 4847 Custodem
2394 4795 2556 4864 igitur
2575 4799 2900 4855 conditionis
2923 4809 3121 4855 nostra:
3141 4803 3467 4872 patientiam

1901 4877 2162 4938 Dominus
2210 4898 2330 4941 esse
2359 4890 2875 4961 monstravitzquia
2928 4892 2982 4946 in
3033 4893 3148 4961 ipsa
3199 4893 3476 4964 possidere

1900 4975 2260 5044 nosmetipsos
2286 4977 2487 5033 docuit.
2535 4979 2739 5050 (Greg.,
2780 4990 2918 5051 past.
2950 4979 3105 5036 Cura:
3131 5001 3184 5054 p.
3216 4973 3297 5050 tu,
3322 4985 3479 5038 adm.

1901 5063 1998 5131 lO;
2025 5065 2180 5137 Cypr.
2215 5069 2278 5122 de
2319 5069 2452 5124 bono
2492 5070 2641 5144 Pat.)
2685 5071 2952 5128 Patientia
2983 5081 3163 5128 autem
3195 5085 3323 5130 vera
3349 5115 3364 5139 ,
3389 5084 3478 5130 est

1901 5155 2074 5212 aliena
2130 5159 2271 5214 mala
2305 5162 2682 5231 mquanimiter
2710 5163 2914 5234 perpeti
2954 5182 2966 5218 :
3019 5173 3074 5220 et
3115 5174 3306 5220 contra
3341 5181 3467 5220 eunt

1899 5247 1990 5320 qui
2010 5248 2147 5302 mala
2175 5249 2395 5322 irrogat,
2410 5251 2592 5309 dolore
2624 5254 2768 5310 nullo
2796 5255 3018 5312 moveri.
3037 5255 3320 5312 Patientia:
3341 5269 3474 5325 ergo

1899 5339 2072 5395 virtus
2101 5353 2216 5408 est,
2250 5341 2468 5409 fratres,
2508 5361 2628 5414 qua:
2656 5361 2755 5400 nos
2786 5345 2897 5424 Deo
2941 5348 3313 5412 commendat,
3361 5354 3472 5400 cta

1904 5433 2060 5489 malis
2108 5435 2358 5488 omnibus
2386 5437 2656 5502 custodit,
2714 5445 2768 5492 et
2823 5447 3022 5493 servat.
3076 5437 3190 5508 Ipsa
3242 5445 3469 5502 estqua:

1905 5524 2038 5578 iram
2070 5532 2350 5594 temperat,
2374 5513 2899 5596 linguamlrel'renat,
2930 5537 2985 5584 et
3019 5534 3251 5581 mentem
3273 5534 3470 5593 gunep

1904 5625 2012 5672 nat.
2035 5617 2155 5688 Ipsa
2179 5624 2260 5672 est
2297 5634 2416 5687 quzn
2440 5634 2627 5688 pacem
2662 5620 2937 5684 custodit,
2969 5617 3307 5684 disciplinam
3340 5629 3465 5668 mo-

1905 5719 2092 5776 der-ate
2116 5711 2342 5786 peragit,
2364 5711 2600 5768 libidinis
2624 5711 2883 5782 impetum
2909 5707 3130 5778 frangit,
3155 5705 3470 5764 violentiam
