3960 6206
447 339 548 395 607

1750 325 2102 383 SMARAGDI
2143 323 2432 380 ABBATIS

3604 318 3714 374 008

448 451 779 522 comprimit,
807 456 860 504 et
877 443 1180 502 incendium
1211 438 1500 498 simultatis
1525 439 1838 510 exstinguit.
1863 437 2026 494 Coer—
2054 438 2101 498 Α
2131 446 2217 490 tus
2245 435 2437 489 Petrus
2461 433 2737 503 apostolus
2760 434 2866 488 ait:
2901 433 3038 499 Quia
3061 432 3202 487 Deus
3231 433 3467 502 superbis
3499 435 3718 499 resistit,

450 553 539 600 cet
565 539 859 612 potentiam
891 537 1118 591 divitum
1145 574 1160 599 ,
1189 533 1399 588 refovet
1439 531 1676 602 inopiam
1703 544 2025 600 pauperum,

452 635 586 690 facit
609 629 842 688 humiles
870 630 924 682 in
946 624 1244 696 prosperis,
1277 622 1444 679 fortes
1470 624 1523 677 in
1553 622 1813 688 adversis,
1837 628 2027 676 contra

453 722 681 791 injurias
728 728 786 775 et
829 715 1186 773 contumelias
1244 714 1423 768 mites.
1471 712 1817 767 Tentationes
1862 724 2030 779 expu-

407 864 410 867 .
450 830 602 889 gnat,
624 815 1028 888 persecutiones
1054 812 1265 866 tolerat.
1291 811 1410 880 ipsa
1443 818 1667 878 estquae
1688 807 1810 861 fidei
1833 813 2031 860 nostra:

448 910 800 964 fundamenta
842 905 1056 961 fortiter
1102 903 1296 966 munit,
1325 902 1655 955 incrementa
1685 898 1800 968 spei
1832 905 2030 950 nostra:

452 1002 760 1058 sublimiter
804 997 1059 1069 provehit
1085 1037 1100 1056 .
1132 1004 1189 1048 et
1236 1004 1390 1048 actus
1419 993 1541 1046 vitm
1576 999 1775 1044 nostra:
1823 988 2026 1056 dirigit.

449 1097 569 1166 ipsa
601 1110 700 1149 nos
737 1103 798 1147 ut
826 1101 1008 1146 tenere
1037 1089 1309 1159 possimus
1340 1087 1483 1140 viam
1505 1083 1729 1145 Christi,
1762 1081 2033 1150 patienter

450 1186 735 1257 gubernat,
765 1190 903 1236 etut
932 1181 1027 1234 ﬁlii
1052 1180 1147 1233 Dei
1199 1189 1635 1248 perseveremus,
1682 1170 2032 1226 immobiliter

449 1273 753 1329 confirmat.
796 1271 949 1326 Hanc
970 1271 1114 1325 enim
1141 1269 1418 1331 virtutem,
1454 1265 1652 1318 fratres
1674 1260 2029 1323 dilectissimi,

449 1379 573 1423 cum
596 1365 794 1437 gaudio
819 1362 1066 1433 diligere,
1111 1370 1167 1414 et
1198 1359 1326 1414 totis
1355 1356 1563 1412 viribus
1592 1353 1843 1423 amplecti
1874 1351 2034 1406 debe-

456 1470 596 1512 mus.
629 1456 750 1512 Cito
804 1454 948 1507 enim
1004 1452 1240 1506 fructum
1285 1447 1583 1519 patientiae,
1631 1444 1856 1514 ejusque
1898 1453 2036 1513 pra:-

453 1547 625 1602 mium
671 1544 1010 1612 recipiemus,
1045 1542 1089 1595 si
1122 1555 1242 1594 cum
1275 1539 1363 1593 illa
1384 1552 1556 1607 usque
1584 1536 1640 1590 in
1673 1537 1833 1588 linem
1853 1546 2036 1602 perse-

453 1649 722 1692 veremus.
768 1633 860 1689 Sic
895 1634 1038 1688 enim
1067 1643 1119 1685 et
1164 1631 1398 1686 Jacobus
1434 1629 1707 1699 apostolus
1749 1628 1864 1681 ait:
1898 1625 2035 1679 Ecce

449 1724 608 1792 iudex
622 1734 741 1779 ante
746 1725 974 1795 januam
991 1723 1210 1785 assistit,
1225 1731 1272 1774 et
1288 1721 1426 1776 vobis
1439 1719 1654 1791 prcemia
1676 1717 1960 1788 patientia’,
1985 1726 2033 1770 et

2127 526 2408 580 humilibus
2431 534 2603 578 autem
2629 526 2718 578 dat
2737 525 2962 594 gratiam
2990 523 3043 594 (1
3067 523 3214 578 Petr.
3241 523 3315 595 v).
3348 523 3550 580 Omnes
3569 525 3720 580 enim

2126 614 2276 682 dicit,
2307 616 2550 671 seniores
2577 615 2801 679 scilicet,
2832 622 2887 669 et
2924 614 3315 676 adolescentes,
3361 615 3561 684 quibus
3586 616 3724 671 invi-

2129 723 2246 762 cI-m
2285 707 2501 763 videtur
2539 706 2860 762 humilitatis
2901 705 3178 760 insinuare
3218 706 3514 764 virtutem:
3549 715 3609 763 et
3631 708 3722 763 his

2128 796 2378 852 videlicet
2427 797 2660 868 regendo
2683 836 2699 860 ,
2751 803 2806 850 et
2860 795 2965 850 illis
3015 794 3294 850 humiliter
3343 796 3717 865 obsequendo.

2129 888 2329 944 Omnes
2361 905 2489 960 ergo
2514 890 2877 944 humilitatem
2907 889 2961 943 in
2983 888 3307 942 alterutrum
3335 889 3419 944 vel
3447 891 3718 960 exemplo,

2130 981 2214 1035 vel
2244 983 2410 1036 etiam
2433 983 2599 1038 verbo
2635 983 2792 1036 docet
2815 982 3124 1045 insinuare,
3162 980 3286 1050 quia
3323 981 3580 1036 nimirum
3604 995 3724 1036 om-

2131 1071 2290 1124 nibus
2314 1071 2577 1142 superbize
2602 1072 2790 1126 vitium
2815 1071 2981 1140 (quod
3005 1070 3226 1140 angelos
3246 1071 3313 1125 de
3331 1070 3471 1126 cmlo
3501 1071 3716 1141 dejecit)

2132 1171 2360 1218 noverat
2385 1177 2506 1218 esse
2534 1163 2850 1217 cavendum.
2883 1162 2951 1216 Et
2974 1175 3096 1232 qua:
3123 1161 3195 1216 sit
3221 1161 3416 1232 gratia,
3438 1177 3602 1231 quam
3618 1161 3718 1216 hn-

2131 1252 2351 1308 milibus
2380 1254 2650 1322 promittit
2679 1253 2983 1308 donandam
3001 1293 3015 1318 ,
3060 1261 3352 1322 sequenter
3387 1254 3613 1322 exponit
3638 1253 3721 1307 di-

2133 1359 2302 1399 cens:
2344 1343 2715 1399 Humiliamini
2757 1345 2920 1414 igitur
2960 1343 3054 1398 sub
3093 1345 3289 1414 potenti
3314 1360 3476 1397 manu
3507 1343 3625 1408 Dei,
3661 1354 3720 1397 ut

2134 1453 2223 1491 vos
2255 1436 2444 1491 exultet
2484 1439 2539 1490 in
2576 1446 2803 1507 tempore
2844 1436 3160 1490 uisitationis
3203 1435 3254 1504 (I
3292 1435 3432 1489 Petr.
3462 1437 3536 1505 v).
3571 1436 3725 1492 Hanc

2133 1544 2265 1598 ergo
2295 1530 2524 1598 gratiam
2561 1530 2853 1585 humilibus
2875 1530 3085 1595 tribuit,
3125 1539 3185 1584 ut
3213 1546 3320 1600 quo
3344 1531 3516 1601 magis
3539 1531 3724 1586 humi-

2136 1617 2248 1673 liati
2279 1617 2479 1673 fuerint
2508 1628 2750 1688 tempore
2795 1621 3116 1676 certaminis
3150 1629 3375 1692 propter
3415 1623 3589 1691 ipsum
3609 1661 3623 1685 .
3653 1638 3727 1678 eo

2138 1709 2424 1780 gloriosius
2463 1711 2768 1766 exaltentur
2806 1719 3050 1781 tempore
3077 1713 3451 1767 retributionis
3477 1713 3546 1768 ab
3579 1714 3722 1783 ipso.

449 1792 762 1871 adversariis
798 1816 978 1869 vestris
1018 1829 1220 1884 poenam
1271 1827 1431 1882 quam
1465 1819 1752 1873 merentur,
1786 1809 2022 1864 restituet
2057 1792 2104 1852 Β
2132 1801 2269 1855 Hinc
2292 1801 2580 1856 Psalmista
2609 1802 2722 1856 ait:
2753 1802 2921 1856 Juxta
2946 1812 3020 1856 est
3048 1802 3309 1857 Dominus
3338 1804 3403 1856 iis
3431 1805 3521 1874 qui
3554 1804 3728 1856 tribu~

448 1907 662 1979 (Iacob.
694 1910 771 1978 v).
799 1906 936 1961 Ante
963 1906 1185 1975 januam
1217 1905 1367 1968 dicit,
1412 1901 1536 1973 quia
1575 1902 1856 1972 proximus
1875 1901 2032 1956 nobis

454 2007 557 2062 est,
579 2008 634 2053 et
655 2007 875 2069 paratus
896 1998 1157 2052 Dominus
1185 1995 1344 2050 Jesus
1372 1994 1642 2058 Christus,
1671 2003 1725 2048 et
1752 1993 1818 2047 ad
1843 1990 2030 2046 dimit-

452 2091 611 2145 tenda
636 2089 790 2145 nobis
828 2088 1146 2160 rogantibus
1192 2086 1406 2150 delicta,
1453 2093 1509 2140 et
1537 2085 1603 2139 ad
1632 2083 1904 2139 reddenda
1938 2097 2033 2153 pa-

449 2181 653 2237 tientia:
699 2181 940 2250 pralmia.
985 2179 1249 2233 Dicebant
1292 2177 1360 2232 de
1403 2177 1596 2231 abbate
1642 2175 1847 2229 lsidoro
1880 2215 1894 2240 ,
1938 2173 2049 2243 qui.

447 2284 567 2329 erat
615 2275 903 2344 presbyter
940 2272 993 2326 in
1029 2270 1290 2342 Scythia:
1321 2269 1448 2338 quia
1499 2267 1546 2322 si
1594 2267 1716 2336 quis
1753 2264 2033 2320 habuisset

446 2367 667 2422 fratrem
685 2366 976 2427 infirmum,
1004 2373 1096 2418 aut
1120 2361 1537 2433 pusillanimem,
1567 2368 1658 2412 aut
1687 2356 2030 2425 injuriosum,

447 2463 501 2514 et
528 2457 741 2513 volebat
783 2470 908 2510 eum
938 2456 1206 2526 expellere
1226 2452 1374 2508 foras
1399 2491 1413 2514 ,
1445 2451 1535 2504 ille
1565 2449 1783 2504 dicebat
1810 2466 1820 2501 :
1851 2447 2033 2501 Addu-

445 2551 551 2605 cite
579 2563 705 2603 eum
737 2548 803 2602 ad
833 2564 939 2602 me.
984 2547 1051 2601 Et
1096 2543 1506 2614 apprehendens
1535 2582 1549 2606 ,
1593 2555 1715 2595 cum
1765 2539 2031 2610 patientia

448 2654 547 2694 sua
565 2638 792 2694 curabat
813 2637 1053 2691 animum
1080 2633 1266 2689 fratris
1289 2633 1454 2688 illius.
1491 2631 1767 2686 Venerunt
1794 2630 2036 2700 aliquan-

450 2731 522 2786 do
545 2730 783 2784 latrones
805 2729 858 2782 in
885 2726 1273 2783 monasterium
1303 2724 1583 2795 cujusdam
1611 2723 1776 2787 senis,
1799 2731 1855 2776 et
1883 2721 2034 2774 dixe-

455 2827 582 2875 runt
638 2819 704 2874 ad
752 2833 922 2874 eum:
964 2815 1157 2873 Omnia
1231 2829 1566 2886 quaecunque
1630 2813 1687 2868 in
1748 2812 1883 2868 cella
1940 2821 2033 2867 tua

448 2921 578 2970 sunt
601 2911 792 2968 tollere
821 2910 1106 2973 venimus;
1137 2916 1192 2963 et
1226 2907 1316 2962 ille
1345 2905 1482 2960 dixit
1510 2922 1523 2958 :
1558 2902 1832 2971 Quantum
1880 2902 2034 2957 vobis

452 3003 688 3067 videtur,
714 3001 830 3067 filii,
862 3001 1053 3056 tollite.
1079 2997 1343 3053 Tulerunt
1367 3011 1498 3066 ergo
1514 3007 1850 3066 quaecunque
1879 2993 2034 3047 inve-

450 3100 649 3150 nerunt
679 3093 732 3146 in
754 3091 891 3145 cella
923 3131 937 3155 ,
965 3097 1020 3143 et
1045 3087 1312 3142 abierunt.
1349 3085 1513 3140 Obliti
1563 3093 1693 3138 sunt
1736 3091 1920 3137 autem
1953 3083 2028 3137 ibi

450 3183 741 3242 saccellum
774 3183 866 3252 qui
895 3190 1015 3236 erat
1036 3179 1387 3234 absconditus
1416 3178 1470 3232 in
1497 3176 1654 3232 cella.
1692 3176 1870 3230 Senex
1900 3189 2029 3230 vero

449 3281 668 3329 secutus
687 3278 927 3341 est,post
947 3285 1040 3325 eos
1066 3269 1307 3323 clamans
1338 3277 1393 3323 et
1420 3265 1606 3322 dicens
1630 3281 1644 3320 :
1677 3265 1822 3331 Filii,
1856 3265 2031 3321 tollite

451 3363 596 3436 quod
618 3362 772 3418 obliti
793 3363 926 3418 estis
949 3363 1003 3416 in
1027 3361 1183 3417 cella.
1214 3359 1296 3414 Illi
1325 3374 1454 3413 vero
1476 3357 1806 3413 admirantes
1823 3356 2033 3427 patien-

453 3457 584 3511 tiam
614 3454 768 3524 ejus,
811 3460 1208 3510 revocaverunt
1261 3459 1316 3506 et
1348 3450 1709 3504 restituerunt
1751 3448 1934 3503 omnia
1978 3448 2033 3502 in

451 3548 586 3603 cella
624 3548 759 3618 ejus.
802 3547 868 3601 Et
895 3545 1271 3617 paenitentiam
1302 3550 1529 3614 egerunt
1569 3557 1758 3596 omnes
1786 3541 1853 3595 ad
1895 3540 2033 3594 invi-

450 3657 568 3697 cem
599 3641 841 3698 dicentes
868 3657 880 3693 :
917 3638 1015 3694 Hic
1036 3653 1164 3693 vere
1195 3638 1358 3692 homo
1383 3635 1476 3689 Dei
1497 3642 1600 3689 est.

1067 3729 1293 3784 CAPUT
1330 3726 1419 3780 XI.

1026 3820 1104 3874 De
1153 3819 1466 3873 humilitate.

523 3917 648 3971 Haec
685 3915 855 3970 virtus
891 3913 1231 3978 humilitatis,
1254 3912 1502 3982 quamvis
1527 3909 1767 3964 omnium
1795 3924 1913 3964 esse
1941 3909 2028 3964 de-

452 4009 579 4064 beat
602 4007 1029 4063 Christianorum
1051 4047 1064 4070 ,
1105 4006 1340 4060 maxime
1375 4012 1553 4058 autem
1585 4002 1638 4056 in
1663 4002 1914 4058 cordibus
1939 4002 2034 4055 ha-

451 4098 649 4164 bitare,
676 4106 732 4152 et
756 4097 1097 4168 requiescere
1125 4096 1286 4151 debet
1314 4093 1722 4150 monachorum.
1762 4091 1913 4148 Unde
1939 4092 2034 4146 lsi-

456 4190 622 4244 dorus
649 4189 727 4243 ait
746 4187 918 4260 (Sent.
936 4186 972 4241 Ι.
991 4203 1074 4251 ιιι,
1099 4203 1145 4240 c.
1172 4186 1260 4260 l9)
1280 4206 1292 4239 ε
1313 4184 1538 4240 Summa
1561 4182 1811 4238 monachi
1840 4183 2032 4248 virtus,

453 4281 765 4346 humilitas;
792 4294 1062 4335 summum
1091 4278 1280 4332 vitium
1310 4275 1447 4345 ejus,
1472 4276 1722 4347 superbia
1752 4283 1853 4330 est.
1885 4273 2036 4328 Tunc

453 4379 633 4425 autem
657 4385 714 4424 se
735 4370 964 4440 quisque
993 4369 1318 4424 monachum
1340 4367 1569 4438 judicet,
1603 4367 1817 4438 quando
1846 4383 1904 4422 se
1934 4367 2035 4420 mi-

2132 1888 2240 1942 lato
2255 1897 2374 1942 sunt
2390 1890 2564 1955 corde,
2581 1899 2628 1943 et
2642 1889 2862 1944 humiles
2877 1892 3064 1961 spiritu
3079 1891 3298 1945 salvabit
3313 1889 3483 1963 (Paul.
3503 1891 3724 1963 χχχιιι).

2132 1981 2320 2036 Omnis
2359 1992 2538 2036 autem
2569 1983 2848 2038 humilitas
2896 1998 3005 2038 non
3049 1993 3162 2038 tam
3193 1985 3246 2039 in
3278 2000 3530 2040 sermone
3556 1999 3727 2054 quam

2133 2073 2186 2128 in
2221 2081 2401 2126 mente
2431 2081 2532 2134 est,
2565 2081 2626 2127 ut
2654 2073 2886 2129 humiles
2921 2089 3022 2129 nos
3049 2075 3383 2129 conscientia
3411 2076 3639 2139 noverit,
3670 2084 3731 2129 et

2132 2177 2407 2230 nunquam
2449 2174 2552 2217 nos
2588 2163 2674 2218 vel
2703 2163 2845 2218 scire
2867 2164 2952 2219 vel
2988 2164 3287 2235 intelligere
3307 2206 3321 2231 ,
3350 2166 3434 2219 vel
3474 2181 3596 2221 esse
3619 2166 3727 2221 ali-

2132 2253 2260 2322 quid
2290 2253 2685 2309 existimemus.
2719 2251 3037 2310 Mirabiliter
3076 2256 3222 2310 enim
3249 2255 3464 2310 culmen
3507 2255 3730 2310 humili-

2133 2344 2261 2397 tatis
2290 2359 2386 2398 rex
2410 2352 2463 2398 et
2487 2345 2749 2413 propheta
2786 2329 2955 2398 David
2983 2344 3248 2400 retinebat
3267 2386 3281 2410 ,
3309 2360 3434 2400 cum
3469 2345 3678 2400 diceret
3703 2361 3719 2398 :

2131 2435 2369 2498 Domine,
2421 2452 2523 2490 non
2563 2444 2638 2489 est
2672 2435 2963 2490 exaltatum
3010 2453 3102 2489 cor
3144 2452 3344 2500 meum,
3387 2453 3548 2506 neque
3592 2435 3726 2489 elati

2131 2535 2250 2580 sunt
2294 2525 2433 2579 oculi
2467 2528 2569 2581 mei
2611 2524 2783 2597 (Psul.
2825 2525 3024 2597 cxxx),
3059 2535 3166 2581 etc.
3213 2525 3331 2596 Ipse
3376 2527 3575 2580 iterum
3603 2527 3724 2580 ait:

2133 2617 2467 2687 Sacriﬁcium
2511 2618 2618 2673 Deo
2659 2619 2874 2688 spiritus
2918 2617 3298 2672 contribulatus
3340 2614 3513 2689 (Paul.
3551 2617 3624 2686 ι).
3658 2617 3731 2671 Et

2132 2709 2364 2766 iterum:
2414 2710 2542 2766 Vide
2572 2710 2916 2766 humilitatem
2949 2727 3118 2764 meum
3155 2719 3203 2764 et
3251 2709 3480 2764 laborem
3525 2726 3724 2773 meum,

2131 2811 2180 2856 et
2223 2801 2426 2856 dimitte
2466 2803 2641 2856 omnia
2670 2799 2859 2854 delicta
2889 2816 3002 2854 mea
3043 2799 3227 2873 (Paul.
3256 2799 3442 2869 xxrv).
3496 2798 3553 2853 Si
3593 2814 3729 2868 ergo

2132 2893 2473 2949 humiliatum
2527 2907 2622 2947 cor
2650 2890 2978 2946 sacrificium
2999 2891 3111 2945 Deo
3138 2898 3245 2957 est,
3272 2889 3598 2945 sacriﬁcium
3627 2889 3730 2942 ob-

2134 2987 2257 3044 tulit
2285 2987 2500 3059 quando
2529 2984 2704 3041 dixit:
2748 2983 3004 3049 Domine,
3052 2999 3155 3037 non
3191 2991 3265 3036 est
3304 2980 3594 3036 exaltatum
3633 2997 3732 3034 cor

2136 3097 2330 3144 meum,
2359 3089 2467 3136 etc.
2499 3078 2651 3147 Quod
2691 3078 2739 3133 si
2769 3077 2967 3147 aliquis
3008 3077 3233 3132 eremita
3262 3075 3471 3132 cellulae
3495 3090 3607 3130 sua:
3631 3090 3731 3129 va-

2137 3185 2288 3235 cans,
2323 3167 2450 3224 talia
2477 3169 2705 3236 diceret,
2737 3182 2933 3237 magna
2957 3167 3234 3238 patientia:
3273 3165 3433 3221 laude
3472 3165 3728 3237 fulgeret,

2134 3267 2229 3324 sed
2249 3269 2376 3339 quia
2403 3269 2506 3324 hoc
2534 3278 2860 3340 purpuratus
2882 3283 2977 3323 rex
2997 3275 3052 3324 et
3075 3267 3306 3323 eximius
3331 3269 3728 3338 prophetarum

2135 3366 2370 3434 dicebat,
2405 3366 2722 3423 humilitatis
2751 3365 2868 3436 ejus
2909 3367 3214 3436 exemplum
3255 3381 3352 3437 per
3402 3367 3727 3422 universum

2135 3457 2394 3511 mundum
2421 3455 2615 3512 diffusa
2646 3454 2827 3512 laudet
2866 3456 3124 3513 Ecclesia.
3154 3457 3284 3523 Qua:
3329 3458 3453 3512 ideo
3494 3458 3728 3512 maxime

2136 3545 2279 3599 inter
2300 3545 2530 3602 virtutes
2559 3548 2788 3602 eximias
2821 3547 3097 3603 humilitas
3134 3547 3398 3603 honorata
3424 3550 3724 3618 consurgit,

2135 3637 2388 3706 quoniam
2434 3653 2553 3693 eam
2585 3637 2829 3710 dignatio
2878 3639 3178 3708 majestalis
3224 3640 3540 3710 assumpsit.
3587 3641 3727 3694 Dixit

2137 3729 2301 3784 abbas
2329 3729 2593 3784 Antonius
2625 3731 2840 3802 (Athan.
2873 3731 2927 3785 in
2967 3730 3069 3784 Vit.
3101 3730 3358 3802 Antam):
3389 3731 3511 3785 Vidi
3534 3747 3724 3786 omnes

2135 3815 2356 3888 laqueos
2388 3819 2593 3875 inimici
2621 3829 2798 3876 tensos
2829 3823 2880 3876 in
2904 3831 3069 3887 terra,
3099 3831 3154 3877 et
3185 3823 3554 3893 ingemiscens
3582 3823 3722 3877 dixi:

2136 3909 2268 3977 Quis
2287 3920 2445 3981 putas
2468 3912 2692 3968 transiet
2721 3913 2886 3967 istos?
2907 3913 2975 3968 Et
3005 3913 3181 3967 audivi
3205 3916 3396 3968 vocem
3424 3914 3723 3968 dicentem:

2135 3998 2445 4056 llumilitas.
2495 4003 2721 4057 Dicebat
2765 4004 2933 4059 abbas
2983 4003 3283 4074 Serapion:
3342 4004 3484 4070 Quia
3531 4005 3726 4060 multos

2133 4091 2348 4147 labores
2394 4093 2700 4163 corporales
2728 4095 3013 4164 plusquam
3052 4095 3194 4151 filius
3237 4111 3392 4151 meus
3432 4096 3725 4153 Zacharias

2136 4182 2259 4246 feci,
2292 4193 2348 4240 et
2377 4201 2482 4240 non
2511 4187 2730 4256 perveni
2759 4188 2826 4242 ad
2863 4204 3146 4243 mensuras
3169 4189 3496 4244 humilitatis
3517 4200 3572 4245 et
3599 4191 3722 4245 taei-

2140 4277 2412 4330 turnitatis
2431 4276 2566 4348 ejus.
2603 4277 2786 4334 Ahbas
2813 4277 3021 4349 Moyses
3055 4279 3190 4334 dixit
3216 4279 3371 4335 fratri
3403 4281 3715 4335 Zacharim:

2138 4365 2233 4420 Dic
2258 4366 2412 4430 mihi,
2443 4367 2571 4436 quid
2610 4366 2846 4422 faciam?
2888 4368 2958 4422 At
2994 4369 3086 4423 ille
3130 4370 3322 4426 tollens
3346 4370 3614 4426 cucullum
3659 4370 3720 4425 de

453 4464 660 4518 nimum
705 4461 1130 4524 existimaverit,
1168 4460 1334 4514 etiam
1374 4475 1498 4514 cum
1540 4459 1742 4530 majora
1773 4459 2033 4512 virtutum
2058 4483 2112 4544 Ι)
2137 4457 2312 4526 capite
2339 4472 2458 4523 suo,
2491 4459 2638 4513 misit
2662 4459 2808 4514 illam
2834 4462 2933 4515 sub
2972 4461 3199 4530 pedibus
3227 4463 3362 4526 suis,
3406 4470 3461 4517 et
3505 4461 3720 4518 concul-

455 4567 620 4622 opera
647 4555 896 4622 gesserit.
925 4549 1027 4616 Qui
1054 4550 1312 4604 mundum
1340 4550 1611 4612 deserunt,
1643 4556 1697 4605 et
1719 4557 1895 4604 tamen
1923 4547 2033 4603 vir-

456 4650 597 4696 tutes
625 4649 1014 4708 praeceptorum
1043 4637 1160 4692 sine
1181 4639 1358 4693 cordis
1383 4639 1686 4693 humilitate
1711 4647 2029 4708 sequuntur,

455 4733 544 4787 isti
575 4731 726 4801 quasi
753 4731 820 4784 de
845 4729 1060 4785 excelso
1088 4729 1306 4799 gravius
1335 4739 1613 4796 corruunt,
1640 4731 1767 4800 quia
1795 4730 2031 4785 deterius

454 4834 552 4893 per
578 4820 832 4874 virtutum
859 4819 1149 4874 elationem
1177 4818 1534 4887 dejieiuntur,
1569 4835 1732 4890 quam
1761 4836 1860 4890 per
1899 4822 2030 4876 vitia

457 4909 663 4980 prolabi
690 4915 996 4980 potuerunt.
1029 4907 1256 4978 Semper
1283 4910 1611 4964 conscientia
1639 4909 1783 4965 servi
1807 4909 1902 4964 Dei
1928 4911 2025 4966 hn-

459 5001 605 5056 milis
633 5016 752 5056 esse
777 5001 937 5056 debet
964 5008 1020 5056 et
1041 5000 1235 5068 tristis,
1256 5000 1462 5056 scilicet
1479 5009 1538 5054 ut
1555 5016 1652 5070 per
1672 5001 2029 5056 humilitatem

460 5112 566 5151 non
596 5092 891 5166 superbiat,
921 5103 976 5150 et
1005 5110 1103 5165 per
1124 5094 1309 5150 utilem
1337 5110 1626 5150 maerorem
1663 5111 1758 5152 cor
1785 5097 1850 5150 ad
1875 5095 2032 5152 lasci-

460 5187 602 5243 viam
632 5202 738 5241 non
766 5186 1041 5242 dissolvat.
1065 5184 1210 5258 (Huc
1230 5203 1390 5258 usque
1410 5183 1568 5260 Isid.)
1595 5186 1670 5242 De
1702 5187 1804 5242 hac
1825 5203 2032 5243 summa

459 5275 660 5333 virtute
684 5275 942 5331 Dominus
964 5277 1069 5330 ait:
1105 5276 1287 5332 Omnis
1312 5278 1403 5348 qui
1431 5295 1485 5332 se
1512 5277 1707 5332 exultat
1736 5277 2036 5333 humiliabi-

461 5381 579 5438 tur,
608 5379 658 5425 et
693 5370 782 5440 qui
820 5386 874 5424 se
911 5368 1152 5422 humiliat
1173 5369 1490 5425 exultabitur
1512 5370 1662 5442 (Luc.
1691 5371 1865 5444 xviii).
1896 5370 2033 5427 Hinc

465 5471 520 5516 et
542 5458 774 5517 Iacobus
804 5459 1076 5528 apostolus
1107 5460 1219 5514 ait:
1261 5459 1527 5514 Clorietur
1549 5470 1721 5515 autem
1746 5461 1911 5531 frater
1929 5462 2032 5515 hu-

459 5552 599 5609 milis
645 5552 700 5606 in
743 5549 1059 5605 exultatione
1095 5566 1191 5604 sua
1221 5549 1428 5622 (Iacob.
1459 5549 1522 5622 ι).
1554 5551 1690 5619 Quia
1727 5553 1903 5608 omnis
1929 5551 2036 5607 fra-

467 5661 548 5698 ter
592 5645 680 5714 qui
710 5645 932 5698 adversa
974 5643 1248 5698 humiliter
1287 5658 1386 5713 pro
1425 5643 1652 5701 Domino
1685 5644 1901 5708 suffert,
1947 5659 2036 5698 su-

466 5733 701 5790 blimiter
729 5736 794 5791 ab
824 5735 910 5791 illo
940 5735 1085 5808 tegni
1116 5735 1332 5806 prcemia
1362 5735 1639 5806 percipiet.
1673 5733 1808 5792 lline
1837 5742 1887 5792 et
1911 5735 2036 5792 hea-

2141 4561 2270 4602 cans
2290 4562 2408 4601 eam
2430 4547 2582 4602 dixit.
2611 4548 2724 4604 Nisi
2751 4550 2824 4604 ita
2849 4550 3194 4606 conculcatus
3217 4550 3380 4607 fuerit
3409 4553 3594 4618 homo,
3616 4569 3718 4608 non

2141 4646 2322 4707 potest
2367 4640 2666 4694 monachus
2715 4655 2856 4696 esse.
2907 4643 3273 4714 interrogatus
3317 4659 3506 4710 senex,
3553 4659 3719 4715 quare

2142 4729 2532 4797 inquietaretur
2568 4745 2599 4784 a
2627 4731 2993 4798 dmmonibus,
3036 4734 3351 4804 respondit:
3394 4735 3531 4802 Quia
3568 4751 3713 4789 arma

2142 4830 2324 4876 nostra
2357 4822 2673 4893 abjecimus,
2702 4839 2822 4893 quae
2857 4834 2982 4880 sunt
3017 4826 3373 4893 contumeliae,
3423 4827 3709 4887 humilitas.

2141 4924 2432 4984 paupertas
2459 4925 2513 4971 et
2536 4917 2816 4986 patientia.
2869 4917 3233 4988 Interrogatus
3264 4933 3452 4984 senex,
3480 4918 3609 4987 quid
3632 4932 3714 4971 es-

2131 5014 2213 5059 set
2242 5006 2522 5076 perfectio,
2554 5009 2866 5076 respondit:
2894 5009 3153 5078 perfectio
3181 5011 3417 5067 hominis
3437 5020 3520 5066 est
3543 5011 3713 5065 humi-

2130 5093 2273 5150 litas.
2306 5095 2579 5161 Quantum
2613 5097 2758 5151 enim
2788 5097 2910 5168 quis
2931 5098 2997 5152 ad
3021 5098 3380 5154 humilitatem
3405 5098 3705 5170 profecerit,

2133 5195 2187 5241 et
2217 5187 2502 5242 inclinatus
2531 5187 2715 5254 fuerit,
2750 5197 2956 5243 tantum
2983 5189 3284 5245 elevabitur
3307 5191 3373 5245 ad
3390 5190 3708 5261 profectum.

2135 5278 2262 5347 quia
2287 5278 2564 5334 humilitas
2587 5294 2841 5352 magnum
2861 5295 2998 5351 Opus
3028 5288 3111 5335 est
3131 5290 3186 5336 et
3210 5282 3469 5338 divinum.
3495 5284 3593 5338 Via
3617 5297 3712 5337 an-

2142 5375 2249 5421 tem
2273 5368 2592 5424 humilitatis
2615 5369 2730 5427 htec
2761 5379 2867 5435 est,
2894 5381 2954 5426 ut
2981 5371 3195 5426 labores
3220 5373 3526 5444 corporales
3560 5387 3708 5428 assu-

2141 5472 2291 5512 mere
2318 5458 2511 5514 debeat
2536 5459 2720 5524 homo,
2739 5468 2794 5515 et
2815 5461 3014 5516 habeat
3037 5461 3274 5530 seipsum
3299 5471 3630 5533 pwcatorem
3651 5471 3708 5515 et

2141 5554 2308 5617 ponat
2354 5563 2414 5603 se
2459 5548 2760 5617 subjectum
2807 5549 2861 5605 in
2903 5551 3193 5616 omnibus,
3239 5560 3430 5606 etnon
3477 5551 3710 5607 attendat

2142 5637 2314 5693 aliena
2340 5649 2578 5709 peccata,
2613 5639 2708 5696 sed
2735 5655 2831 5695 sua
2861 5655 3075 5711 semper
3101 5642 3352 5712 aspiciat,
3377 5652 3429 5700 et
3458 5643 3705 5714 deprece—

2143 5741 2231 5789 tur
2259 5747 2358 5804 pro
2385 5733 2489 5791 illis
2517 5734 2630 5791 sine
2651 5733 3054 5792 intermissione
3083 5732 3274 5791 Deum.
