3960 6198
224 750 235 757 .

257 306 371 364 ως

878 413 1105 472 CAPUT
1143 411 1255 470 XII.

938 484 1015 539 De
1046 501 1194 555 pace.

336 561 510 616 Nemo
553 573 613 615 se
656 555 798 628 apud
827 554 997 609 Deum
1032 549 1206 624 magis
1229 551 1455 619 exaltat,
1481 564 1645 621 quam
1671 549 1849 619 quise

258 653 413 723 apud
443 649 793 718 semetipsum
840 654 1065 716 propter
1088 645 1259 700 Deum
1302 642 1568 697 humiliat.
1615 640 1698 694 Ad
1747 640 1852 704 hoc

254 744 414 798 enim
446 755 476 794 a
500 740 614 795 Deo
638 736 860 792 humilis
889 734 1180 797 exaltatur,
1219 741 1282 787 ut
1308 732 1452 786 ﬁlius
1475 731 1569 785 Dei
1592 737 1648 784 et
1675 730 1852 784 haeres

255 833 474 890 Christi
521 838 765 886 vocetur.
813 827 1049 882 Tantum
1092 831 1177 879 est
1221 832 1283 877 ut
1330 837 1519 894 pacem
1572 824 1849 889 sequatur,

255 926 395 995 quia
449 936 639 995 pacem
677 933 922 991 quaerere
966 916 1125 971 debet
1167 922 1223 970 et
1263 913 1439 983 sequi,
1493 912 1636 967 ﬁlius
1680 910 1849 981 pacis.

222 1017 480 1072 ‘Taliter
510 1014 654 1072 enim
688 1014 790 1067 nos
814 1009 1112 1064 admonens
1136 1004 1423 1076 Apostolus
1442 1003 1613 1057 dicit:
1660 1001 1852 1055 Pacem

226 1105 548 1178 'sequimini
595 1119 712 1157 cum
765 1098 1025 1164 omnibus,
1053 1104 1104 1150 et
1148 1093 1570 1157 sanctimoniam,
1609 1092 1723 1145 sine
1750 1105 1853 1161 qua

260 1211 425 1251 nemo
452 1192 644 1249 videbit
672 1190 839 1244 Deum
871 1187 1029 1263 (Heb.
1053 1184 1178 1259 xu).
1215 1184 1335 1256 Ipse
1357 1198 1571 1254 quoque
1592 1181 1853 1236 Dominus

261 1284 329 1338 in
378 1279 671 1352 Evangelia
699 1279 776 1333 ait
829 1296 843 1331 :
892 1276 1047 1331 Beati
1081 1274 1313 1347 pacifici,
1343 1273 1591 1344 quoniam
1622 1269 1722 1339 ﬁlii
1754 1269 1854 1323 Dei

259 1371 602 1427 uocabantur
627 1367 845 1441 (Matth.
873 1366 951 1438 v).
1000 1364 1138 1420 Nam
1167 1365 1310 1419 inter
1351 1378 1448 1419 sua
1494 1361 1674 1417 divina
1703 1374 1856 1414 man—

266 1462 403 1515 data
433 1468 490 1514 et
512 1456 823 1528 magisteria
866 1454 1143 1517 salutaria,
1161 1453 1405 1524 passioui
1419 1451 1532 1520 jam
1554 1450 1852 1521 proximus,

266 1549 383 1603 hoc
403 1546 558 1601 nobis
571 1554 902 1616 praeceptum
923 1550 1088 1613 atque
1119 1541 1433 1616 mandatum
1459 1536 1858 1597 commendavit

268 1636 531 1693 Salvator
569 1613 997 1689 custodiendum.
1044 1631 1136 1685 Ait
1159 1631 1303 1685 enim
1331 1647 1344 1682 :
1371 1613 1569 1684 'Pacem
1592 1645 1761 1683 meam
1787 1628 1854 1681 do

269 1726 443 1791 vobis,
492 1739 672 1795 pacem
716 1737 885 1776 meam
914 1719 1239 1775 commendo
1293 1719 1437 1773 vobis
1481 1717 1663 1790 (Joon.
1715 1715 1850 1785 xiv).

269 1816 432 1870 Hanc
462 1814 618 1869 nobis
652 1812 1022 1867 hacreditatem
1047 1809 1347 1864 ascendens
1371 1807 1631 1862 Dominus
1656 1806 1710 1860 in
1746 1819 1857 1860 coe-

270 1910 389 1963 lum
424 1907 659 1978 reliquit,
709 1914 767 1960 et
795 1903 946 1972 sequi
986 1917 1108 1956 eam
1150 1908 1249 1971 per
1289 1915 1445 1955 suum
1482 1898 1855 1952 ﬁdelissimum

268 2012 469 2067 regem.
488 1994 655 2050 David
677 2002 837 2064 atque
878 1992 1204 2061 Prophetam
1234 1988 1523 2043 mandavit.
1550 1986 1641 2040 Ait
1662 1986 1805 2041 enim
1838 2002 1852 2037 ε

271 2085 495 2142 Declina
514 2100 545 2137 a
564 2083 723 2145 mulo,
739 2091 788 2135 et
810 2082 898 2147 [ac
916 2082 1107 2135 bonum
1123 2095 1142 2136 :
1160 2080 1367 2151 inquire
1380 2092 1585 2149 pacem,
1601 2086 1652 2133 et
1674 2091 1854 2148 perse-

266 2175 749 2249 quereeamtpsat.
770 2175 960 2237 xxvutl
1018 2174 1074 2231 Si
1098 2175 1240 2228 hanc
1267 2175 1411 2229 enim
1434 2173 1654 2227 sincero
1690 2168 1858 2225 corde

276 2269 434 2339 sequi
461 2267 811 2331 voluerimus,
836 2263 1038 2319 Cbnsti
1065 2262 1310 2318 bteredes
1332 2261 1557 2317 erimus.
1591 2259 1649 2316 Si
1678 2270 1859 2316 autem

276 2357 486 2413 Christi
511 2356 751 2412 hmredes
790 2355 1037 2424 cupimus
1062 2367 1204 2418 esse,
1236 2353 1290 2406 in
1316 2346 1514 2406 Christi
1542 2364 1675 2421 pace
1702 2350 1863 2405 debe-

280 2463 409 2503 mus
440 2446 667 2501 versari.
713 2444 771 2499 Si
799 2442 892 2498 ﬁlii
942 2443 1038 2498 Dei
1081 2456 1287 2506 sumus,
1312 2440 1522 2510 paciﬁci
1559 2453 1678 2495 esse
1702 2439 1864 2494 debe-

280 2556 428 2597 mus.
480 2538 739 2594 Paciﬁcos
783 2538 928 2592 enim
963 2551 1085 2591 esse
1120 2541 1335 2605 oportet
1385 2533 1481 2588 Dei
1518 2532 1656 2588 ﬁlios
1684 2540 1739 2586 et
1765 2532 1865 2587 hu—

281 2630 469 2698 miles,
496 2636 677 2684 mente
692 2629 873 2693 mites,
902 2626 1065 2681 corde
1077 2624 1373 2695 simplices,
1398 2637 1655 2678 sermone
1677 2634 1861 2692 puros,

282 2723 468 2777 animo
494 2721 829 2783 innocentes,
860 2716 1072 2773 *aﬁ‘ectu
1121 2715 1440 2781 concordes,
1481 2713 1710 2769 ﬁdeliter
1729 2713 1863 2768 sibi-

238 2840 243 2845 ι
283 2819 398 2868 met
422 2826 489 2867 ac
513 2810 843 2867 unanimiter
866 2809 1222 2869 cohaerentes.

816 2896 1096 2953 CAPUT
1159 2894 1330 2951 XIII.

848 2968 927 3023 De
975 2966 1290 3023 obcdieutia.

355 3042 434 3096 De
466 3039 771 3097 obedientia
811 3039 892 3093 sic
916 3038 1109 3093 beatus
1151 3035 1345 3091 Petrus
1370 3033 1642 3107 apostolus
1683 3032 1814 3089 dicit
1845 3051 1859 3087 :

1477 300 1781 361 DJADEMA
1819 298 2324 358 MONACIIORIIM.

1873 417 1920 476 Α
1948 420 2238 476 cresceret,
2268 410 2488 480 dignum
2516 408 2694 466 fuerat
2738 416 2802 465 ut
2824 408 2970 465 hunc
2994 407 3159 464 etiam
3187 421 3217 461 ι
3239 407 3380 464 bono
3401 424 3537 480 pro-

3420 297 3525 356 610

1951 501 2182 566 biberet,
2212 509 2481 577 quatenus
2520 507 2669 555 tanto
2690 498 2870 554 verius
2891 499 2995 553 hoc
3022 497 3166 568 quod
3192 506 3378 569 ageret
3409 499 3525 554 vir-

1951 598 2037 645 tus
2064 600 2225 654 esset,
2255 597 2458 660 quanto
2483 598 2539 644 et
2565 604 2596 643 a
2624 588 2763 643 bono
2797 603 3039 653 cessans,
3094 588 3305 643 auctori
3333 604 3431 645 suo
3467 604 3530 646 se

1950 682 2223 736 subditum
2273 681 2529 736 humilius
2565 683 2867 739 exhiberet.
2921 682 3193 752 Scriptum
3238 690 3323 738 est
3360 683 3529 751 enim,

1952 769 2143 824 Melior
2173 780 2246 824 est
2277 770 2567 825 obedientia
2603 788 2759 844 quam
2784 772 3007 829 victima?
3037 771 3232 843 (Eccle.
3264 771 3359 844 tv).
3389 772 3531 831 Obe-

1951 860 2148 915 dientia
2192 861 2389 930 quippe
2426 860 2661 915 victimis
2689 859 2814 931 jure
2867 860 3216 931 prteponltur,
3271 862 3396 931 quia
3431 875 3533 932 per

1949 948 2201 1007 victimas
2227 949 2402 1004 aliena
2442 964 2592 1015 caro,
2618 964 2717 1018 per
2745 950 3106 1007 obedientiam
3130 963 3260 1005 vero
3280 949 3531 1005 voluntas

1950 1038 2168 1109 propria
2196 1044 2487 1095 mactatur.
2516 1038 2686 1093 Tanto
2716 1038 2879 1108 igitur
2915 1039 3143 1108 quisque
3171 1039 3341 1093 Deum
3370 1039 3531 1093 citius

1950 1128 2149 1198 placat,
2179 1136 2384 1198 quanto
2414 1138 2539 1183 ante.
2562 1129 2680 1200 ejus
2704 1128 2889 1185 oculos
2918 1143 3163 1198 repressa
3209 1129 3420 1183 arbitrii
3447 1129 3531 1184 sui

1951 1219 2223 1288 superbia,
2278 1218 2456 1289 gladio
2510 1219 2765 1291 przecepti
2814 1219 3161 1274 seimmolat.
3194 1219 3333 1276 Hinc
3364 1221 3532 1276 abbas

1950 1311 2179 1367 Basilius
2208 1312 2359 1385 (Reg.
2387 1310 2526 1366 brev.
2558 1311 2715 1383 disp.,
2749 1312 2933 1368 interr.
2970 1311 3093 1383 115)
3143 1311 3530 1384 interrogatus,

1952 1404 2221 1476 quomodo
2255 1405 2355 1459 sibi
2390 1404 2621 1458 invicem
2653 1402 2850 1459 fratres
2872 1403 3093 1458 obedire
3138 1402 3416 1470 deberent,
3447 1419 3534 1458 re-

1953 1493 2197 1562 spondit:
2217 1491 2371 1549 Sicut
2392 1495 2535 1548 servi
2556 1493 2789 1558 Domini,
2806 1493 3097 1547 secundum
3120 1493 3263 1561 quod
3278 1495 3536 1564 praecepit

1953 1583 2250 1640 Dominus:
2283 1583 2420 1651 Quia
2449 1584 2539 1653 qui
2572 1583 2687 1637 vult
2732 1583 2787 1637 in
2832 1582 2987 1637 vobis
3010 1594 3129 1637 esse
3158 1598 3405 1653 magnus,
3442 1583 3538 1639 ﬁat

1953 1676 2193 1729 omnium
2237 1674 2566 1728 novissimus
2596 1681 2652 1728 et
2692 1689 2884 1729 servus
2917 1691 2930 1727 :
2960 1673 3102 1728 sicut
3127 1673 3268 1729 ﬁlius
3301 1674 3538 1732 hominis

1881 1763 1929 1822 B
1958 1780 2064 1820 non
2088 1764 2234 1818 venit
2254 1763 2571 1828 ministrari,
2591 1764 2685 1819 sed
2711 1765 3043 1820 ministrare.
3072 1763 3243 1836 (Cass.
3268 1764 3332 1820 de
3350 1763 3531 1820 Instit.

1959 1851 1996 1905 Ι.
2028 1869 2100 1919 tv,
2134 1870 2180 1906 c.
2206 1852 2298 1919 25,
2327 1852 2440 1925 27.)
2468 1853 2739 1909 Plantavit
2758 1854 2975 1922 quidam
3001 1869 3166 1909 senex
3188 1855 3391 1925 lignum
3421 1854 3533 1909 ari-

1959 1943 2084 1997 dum
2134 1944 2189 1998 in
2236 1958 2440 2008 eremo,
2485 1953 2539 1998 et
2568 1945 2753 2000 volens
2787 1945 3149 2001 obedientiam
3196 1944 3379 1999 fratris
3412 1958 3538 2015 pro-

1958 2034 2112 2103 bare,
2135 2037 2274 2093 dixit
2296 2039 2345 2094 ei
2374 2053 2388 2093 :
2417 2037 2522 2093 Per
2565 2038 2802 2108 singulos
2839 2038 2952 2093 dies
2988 2039 3104 2106 riga
3143 2037 3345 2111 lignum
3374 2036 3537 2102 istud,

1961 2125 2134 2181 donec
2162 2125 2397 2183 fructum
2421 2126 2604 2182 faciat.
2636 2127 2769 2182 Erat
2790 2136 2970 2183 autem
2998 2126 3155 2197 longe
3181 2126 3246 2180 ab
3272 2125 3353 2181 eis
3374 2140 3534 2193 aqua.

1962 2213 2115 2284 Quod
2150 2230 2275 2271 cum
2318 2215 2535 2271 fecisset
2560 2215 2729 2270 frater
2750 2215 2837 2270 ille
2857 2231 2953 2285 per
2972 2223 3084 2270 tres
3112 2230 3304 2281 annos,
3334 2213 3539 2285 lignum

1963 2303 2093 2358 illud
2133 2305 2304 2360 viride
2336 2305 2535 2361 factum
2585 2314 2692 2372 est,
2722 2315 2778 2360 et
2801 2305 3035 2362 fructum
3082 2305 3283 2361 attulit.
3310 2303 3541 2361 Sumen:

1964 2400 2143 2446 autem
2167 2408 2233 2447 ex
2262 2390 2442 2449 fructu
2474 2391 2592 2462 ejus
2615 2411 2805 2460 senex,
2829 2394 3019 2449 detulit
3041 2394 3109 2448 ad
3142 2392 3463 2457 Ecclesiam,
3488 2397 3547 2448 et

1965 2479 2101 2535 dixit
2140 2480 2401 2537 fratribus
2431 2498 2449 2538 :
2478 2482 2721 2557 Accipite
2764 2492 2820 2539 et
2859 2484 3182 2540 manducate
3225 2481 3545 2538 obedientiaa

1964 2573 2223 2631 fructum.
2255 2573 2480 2632 Dicebat
2509 2591 2696 2643 senex,
2724 2577 2869 2649 quod
2907 2575 3041 2631 nihil
3068 2576 3147 2631 sic
3182 2575 3373 2646 quaerit
3403 2574 3547 2629 Deus
3642 2568 3647 2569 ί

1965 2661 2034 2718 ab
2088 2664 2157 2718 iis
2204 2665 2297 2735 qui
2345 2665 2560 2721 initium
2607 2667 2807 2721 habent
2854 2665 3246 2729 conversionis,
3276 2663 3547 2734 quomodo

1965 2754 2286 2815 obedientite
2329 2756 2591 2812 laborem.
2632 2756 2862 2825 Quidam
2912 2757 3188 2813 saecularis
3218 2754 3549 2810 renuntiavit
3618 2802 3631 2813 κ

1966 2845 2183 2912 saeculo,
2232 2856 2287 2901 et
2336 2849 2482 2901 venit
2512 2848 2567 2902 in
2604 2848 3019 2913 monasterium,
3054 2847 3327 2901 adducens
3361 2859 3549 2903 secum

1967 2939 2137 2993 ﬁlium
2176 2953 2332 2994 suum
2368 2941 2672 3010 parvulum.
2703 2939 2873 3007 Quem
2913 2940 3080 2995 abbas
3115 2946 3327 3003 tenens,
3365 2934 3547 2995 infan—

1969 3029 2143 3083 tulum
2165 3030 2535 3097 osculabatur,
2566 3037 2621 3084 et
2641 3029 2778 3084 dixit
2804 3030 2944 3099 patri
2991 3027 3139 3098 ejus:
3168 3028 3334 3083 Amas
3363 3026 3546 3086 hunc?

284 3131 514 3204 Propter
536 3129 674 3203 quod
701 3128 950 3184 succincti
994 3126 1194 3180 lumbos
1238 3099 1426 3180 menti;
1452 3136 1656 3190 vestrm,
1702 3123 1864 3178 sobrii
1890 3099 1938 3162 (εἶ
1967 3119 2036 3175 Ει
2071 3120 2477 3196 illerespondit,
2509 3121 2705 3176 Etiam.
2729 3121 2796 3175 Et
2826 3122 3020 3176 iterum
3046 3121 3182 3176 dixit
3210 3121 3285 3177 illi
3316 3139 3329 3175 :
3358 3120 3550 3191 Diligis

282 3225 342 3276 in
367 3220 625 3285 omnibus,
657 3217 879 3290 perfecte
907 3225 1113 3288 sperate
1143 3216 1198 3270 in
1236 3231 1351 3272 eam
1383 3231 1501 3287 qua:
1533 3211 1752 3285 o/I’ertar
1779 3230 1866 3268 vo-

283 3314 365 3368 bis
391 3313 639 3385 gratiam,
662 3312 715 3365 in
734 3307 1040 3363 reuelatione
1067 3307 1195 3361 Jestt
1216 3304 1431 3372 Christi,
1456 3306 1608 3378 quasi
1630 3304 1731 3374 ﬁlii
1748 3302 1867 3359 obe-

282 3405 499 3460 dientia:
543 3401 594 3476 (I
623 3399 769 3456 Petr.
805 3400 867 3472 ι).
895 3399 1060 3455 Recte
1089 3398 1227 3453 ﬁlios
1253 3397 1572 3454 obedientize
1595 3397 1711 3450 vult
1744 3395 1866 3450 illos

282 3497 544 3560 existere,
594 3507 730 3563 quos
786 3491 842 3546 in
905 3488 1241 3561 praefatione,
1289 3488 1345 3542 in
1401 3485 1866 3555 sttncti/icationcm

284 3587 541 3659 Spiritus,
601 3586 657 3639 in
705 3583 1050 3639 obedientiam
1098 3574 1165 3636 et.
1204 3581 1552 3651 aspersionem
1596 3577 1865 3647 sanguinis

283 3679 418 3735 Jesu
440 3678 638 3734 Christi
667 3677 879 3732 dixerat
903 3675 1105 3730 electos
1130 3672 1343 3746 (Ibid.).
1380 3673 1548 3728 Debet
1571 3687 1699 3743 ergo
1739 3671 1869 3725 obe-

284 3774 493 3828 dientia
515 3781 571 3826 et
598 3771 651 3826 in
679 3770 922 3825 adversis
958 3785 1026 3822 ex
1057 3782 1155 3823 suo
1180 3766 1383 3835 aliquid
1409 3766 1632 3828 habere,
1663 3771 1718 3818 et
1747 3779 1869 3817 rur-

283 3879 408 3918 sum
429 3863 484 3916 iu
513 3860 787 3932 prosperis
817 3875 885 3914 ex
912 3875 1010 3915 suo
1031 3857 1232 3927 aliquid
1253 3855 1399 3910 omni
1444 3853 1602 3908 modo
1632 3868 1740 3908 nou
1768 3853 1866 3906 lia—

281 3957 446 4020 bere,
467 3962 732 4024 quatenus
756 3952 885 4016 etin
912 3950 1154 4005 adversis
1171 3956 1318 4003 tanto
1344 3948 1417 4003 sit
1441 3946 1642 4011 verior,
1668 3951 1870 4015 quanto

284 4062 318 4100 a
364 4046 623 4115 przcsenti
670 4045 790 4115 ipsa
840 4041 1025 4114 (quam
1079 4040 1334 4094 divinitus
1383 4037 1632 4108 percipit)
1678 4035 1868 4107 gloria,

284 4140 536 4196 funditus
560 4153 627 4197 ex
652 4145 832 4197 mente
854 4144 1156 4206 separatur.
1183 4131 1265 4187 Ab
1294 4131 1663 4200 omnipotente
1692 4128 1872 4182 Domi-

286 4249 365 4291 no
386 4232 692 4288 obedientia
714 4244 884 4299 usque
909 4228 976 4284 ad
997 4234 1225 4282 mortem
1247 4222 1512 4278 servanda
1538 4220 1751 4291 prmcipi
1762 4228 1869 4284 tur,

287 4328 437 4382 sicut
480 4325 693 4379 Veritas
724 4320 978 4378 aitzNon
1020 4333 1231 4389 possunt
1262 4332 1354 4386 ego
1381 4332 1413 4367 a
1463 4313 1655 4383 meipso
1702 4310 1873 4381 facere

284 4414 603 4489 quidquam,
651 4413 742 4467 sed
794 4412 928 4467 sicut
971 4409 1156 4475 audio,
1200 4406 1388 4478 judico
1429 4402 1612 4476 (Joan.
1643 4402 1721 4473 v).
1755 4401 1873 4471 Ipse

287 4508 438 4563 sicut
465 4505 634 4569 audit,
655 4502 883 4572 judicat.
911 4500 1063 4555 Tunc
1089 4499 1250 4552 etiam
1280 4495 1497 4551 obedict
1525 4490 1684 4563 patri,
1719 4489 1873 4559 cujus

280 4596 461 4670 judes
486 4595 646 4665 hujus
666 4593 877 4650 venerit
896 4589 1098 4647 saeculi.
1120 4585 1183 4659 ((1
1192 4603 1298 4657 reg.
1330 4583 1524 4640 Moral.
1550 4582 1589 4635 Ι.
1620 4597 1785 4646 xxxv,
1819 4596 1867 4633 c.

288 4688 387 4754 2‘2,
415 4686 532 4758 235.)
565 4686 641 4741 Ne
663 4685 819 4740 nobis
845 4696 1015 4752 usque
1040 4680 1106 4735 ad
1134 4675 1415 4749 praesentis
1436 4675 1561 4728 vita:
1583 4672 1872 4727 terminum

289 4779 601 4837 obedientia
625 4776 893 4833 laboriosa
918 4779 1195 4845 appareat,
1219 4768 1548 4838 Redemptor
1569 4773 1757 4820 noster
1792 4764 1874 4817 in-

291 4872 466 4935 dicat,
499 4869 591 4939 qui
617 4869 759 4925 hanc
802 4866 966 4922 etiam
1007 4878 1131 4920 cum
1173 4857 1341 4929 judex
1384 4859 1617 4922 venerit,
1669 4864 1869 4911 servat.

293 4958 441 5027 Quid
466 4974 595 5029 ergo
630 4958 847 5021 mirum,
878 4954 924 5008 si
954 4960 1208 5025 peccator
1233 4949 1395 5003 homo
1445 4947 1768 5002 obedientiae
1818 4946 1873 4999 in

296 5051 581 5124 praesentis
610 5050 734 5104 vitae
767 5047 1033 5103 brevitate
1075 5059 1134 5101 se
1188 5040 1427 5111 subjicit,
1477 5041 1692 5111 quando
1739 5040 1876 5093 hanc

296 5141 566 5198 mediator
591 5139 686 5194 Dei
728 5146 784 5194 et
809 5136 1088 5192 hominum
1113 5134 1277 5192 etiam
1313 5148 1436 5187 cum
1460 5132 1773 5186 obedientes
1794 5146 1878 5184 re-

296 5241 574 5298 munerat,
614 5246 723 5285 non
763 5228 1052 5298 relinquit?
1095 5226 1386 5282 Sciendum
1442 5235 1548 5290 est,
1601 5238 1877 5293 nunquam

294 5340 398 5397 per
418 5322 780 5380 obedientiam
802 5319 1002 5376 malum
1038 5317 1177 5383 ﬁeri,
1201 5316 1491 5387 aliquando
1516 5327 1696 5369 autem
1724 5308 1884 5369 debet

297 5431 399 5487 per
423 5414 784 5470 obedientiam
809 5410 1008 5465 bomnn
1055 5409 1198 5479 quod
1228 5409 1406 5478 agitur
1434 5404 1740 5461 intermitti.
1779 5402 1885 5460 Ne-

298 5525 408 5577 que
427 5505 571 5563 enim
601 5504 741 5559 mala
767 5504 820 5559 in
839 5501 1090 5572 paradiso
1113 5500 1275 5554 arbor
1296 5498 1525 5559 exstitit.
1557 5510 1718 5565 quam
1744 5495 1885 5548 Deus

300 5599 510 5657 botniui
553 5613 623 5651 ne
680 5595 1017 5664 contingeret
1065 5590 1341 5646 interdixit
1372 5586 1525 5658 (Gen.
1562 5586 1644 5658 lt).
1680 5584 1786 5639 Sed
1827 5593 1887 5638 ut

302 5694 498 5761 melius
519 5708 615 5763 per
649 5688 968 5745 ochicntite
1008 5685 1259 5741 meritum
1293 5683 1453 5737 homo
1475 5680 1612 5761 bene
1638 5677 1886 5734 conditus

1969 3211 2126 3266 eum?
2154 3211 2222 3265 Et
2265 3212 2561 3283 respondit,
2591 3212 2791 3266 Etiam.
2823 3210 3018 3265 Postea
3049 3210 3186 3265 dixit
3224 3209 3298 3265 illi
3320 3210 3502 3267 Abbas
3530 3226 3547 3269 ὅ

1972 3302 2118 3357 Tolle
2140 3318 2269 3374 ergo
2290 3304 2335 3358 si
2366 3318 2516 3358 amas
2539 3319 2681 3366 eum,
2712 3313 2767 3357 et
2787 3303 2939 3359 mitte
2963 3301 3111 3356 illum
3136 3302 3190 3356 in
3217 3300 3432 3357 furnum
3463 3316 3554 3359 ar-

1971 3397 2205 3452 dentem.
2238 3397 2306 3452 Et
2336 3405 2525 3452 tenens
2553 3412 2677 3452 eum
2718 3405 2874 3467 pater
2914 3411 3068 3461 suus,
3090 3394 3318 3464 jactavit
3346 3395 3400 3449 in
3430 3393 3550 3449 fur.

1970 3504 2098 3541 num
2131 3488 2430 3554 ardentem,
2455 3496 2509 3543 et
2528 3489 2711 3541 statim
2739 3486 2914 3542 factus
2942 3493 3026 3539 est
3049 3484 3239 3539 furnus
3265 3483 3415 3540 velut
3437 3497 3547 3540 ros.

1970 3577 2050 3633 Ex
2089 3594 2196 3648 quo
2224 3579 2366 3634 facto
2398 3578 2684 3647 acquisivit
2705 3576 2807 3632 sibi
2836 3576 3061 3647 gloriam
3084 3574 3137 3628 in
3170 3580 3410 3643 tempore
3435 3572 3550 3640 illo,

1970 3668 2423 3738 quemadmodum
2451 3667 2728 3722 Abraham
2761 3664 3091 3737 patriarcha.
3146 3661 3295 3721 Dixit
3341 3676 3504 3717 senex
3532 3679 3547 3717 :

1971 3759 2106 3826 Quia
2132 3758 2302 3821 frater
2329 3759 2421 3829 qui
2448 3758 2515 3812 ad
2557 3755 2919 3812 obedientiam
2946 3753 3118 3829 patris
3142 3753 3402 3824 spiritalis
3437 3752 3555 3808 ani-

1972 3842 2116 3906 mam
2146 3851 2372 3916 dederit,
2421 3846 2683 3918 majorem
2720 3848 3024 3902 mercedem
3057 3846 3243 3912 habet,
3272 3860 3435 3922 quam
3467 3845 3554 3901 ille

1973 3941 2063 4011 qui
2090 3955 2273 3995 eremo
2295 3939 2441 3994 solus
2466 3938 2790 3994 recesserit:
2815 3939 2939 4008 quia
2964 3938 2999 3992 ii
3021 3938 3112 4011 qui
3135 3954 3196 3993 se
3220 3938 3273 3992 in
3311 3951 3553 3995 eremum

1974 4032 2234 4102 relegant.
2292 4030 2518 4084 arbitrio
2561 4044 2659 4085 suo
2694 4029 2759 4083 de
2793 4028 2990 4083 saeculo
3038 4035 3411 4092 recesserunt;
3466 4026 3555 4080 hic

1974 4132 2154 4177 autem
2209 4121 2365 4186 ordo,
2430 4122 2522 4191 qui
2561 4134 2621 4173 se
2664 4118 2733 4173 ad
2778 4118 3134 4173 ohe-diendum
3178 4116 3343 4181 dedit,
3368 4130 3556 4170 omnes

1973 4212 2276 4268 voluntates
2323 4227 2451 4269 suas
2505 4208 2786 4277 abjiciens,
2840 4208 3037 4282 pendet
3079 4206 3147 4261 ad
3178 4205 3347 4260 Deum
3379 4213 3434 4258 et
3487 4205 3556 4258 ad

1969 4304 2265 4376 jussionem
2294 4300 2591 4371 spiritualis
2643 4299 2836 4368 patris,
2864 4305 3149 4369 propterea
3196 4304 3252 4349 et
3296 4292 3553 4362 majorem

1976 4394 2200 4465 gloriam
2239 4392 2306 4446 ab
2337 4390 2456 4445 aliis
2504 4388 2688 4444 habet.
2715 4387 3075 4459 Quapropter,
3101 4399 3134 4439 ο
3162 4383 3277 4449 ﬁlii,
3304 4383 3444 4439 bona
3472 4391 3557 4440 est

1975 4482 2305 4548 obedientia,
2322 4498 2442 4551 quae
2463 4488 2686 4553 propter
2706 4481 2874 4534 Deum
2896 4476 2974 4530 ﬁt.
2989 4472 3257 4531 Intendite
3272 4490 3421 4548 ergo,
3439 4474 3554 4540 ﬁlii,

1973 4574 2190 4630 virtutis
2224 4571 2384 4641 hujus
2414 4571 2593 4641 aliqua
2625 4585 2691 4625 ex
2721 4576 2873 4640 parte
2900 4566 3207 4637 vestigium.
3239 4562 3555 4621 Obedientia

1975 4661 2121 4718 salus
2161 4670 2245 4717 est
2286 4662 2526 4716 omnium
2565 4659 2818 4713 ﬁdelium.
2856 4654 3173 4713 Oledientia
3213 4653 3448 4725 genitrix
3475 4658 3560 4706 est

1975 4754 2213 4811 omnium
2240 4753 2521 4807 virtutum.
2553 4747 2872 4804 Obedientia
2910 4744 3059 4816 regni
3088 4742 3349 4799 caelorum
3373 4741 3560 4795 inven-

1979 4846 2086 4901 trix
2116 4851 2217 4898 est.
2243 4841 2562 4899 Oitedientia
2595 4839 2789 4895 coelum
2813 4837 3081 4908 aperiens,
3111 4842 3166 4890 et
3188 4832 3465 4890 hominem
3492 4829 3560 4887 de

1979 4942 2123 4991 terra
2146 4935 2382 4991 elevans.
2399 4933 2720 4990 Obcdientia
2732 4928 3089 4987 cohabitatrix
3114 4935 3199 4983 est
3220 4925 3556 4995 angelorum.

1979 5029 2301 5086 Obcdientia
2327 5036 2642 5082 sanctorum
2667 5024 2907 5079 omnium
2924 5022 3078 5077 cibus
3091 5027 3192 5075 est.
3206 5018 3286 5073 Ex
3300 5019 3406 5073 hac
3416 5016 3560 5072 enim

1981 5119 2234 5177 ablactati
2256 5128 2402 5182 sunt,
2424 5126 2478 5172 et
2495 5131 2593 5188 per
2618 5115 2758 5169 hanc
2779 5113 2847 5167 ad
2867 5111 3253 5181 perfectionem
3276 5114 3559 5165 venerunt.

2573 5208 2800 5265 CAPUT
2838 5205 2977 5261 XIV.

2380 5304 2453 5358 De
2497 5298 2934 5372 contemptoribus
2975 5297 3176 5352 mundi.

2059 5397 2239 5470 (Isid.,
2266 5397 2306 5449 Ι.
2335 5411 2397 5451 nt
2441 5394 2590 5450 Sent.
2623 5410 2669 5446 c.
2710 5389 2822 5462 16.)
2851 5389 2929 5444 Ea
2958 5403 3079 5459 quae
3103 5382 3281 5440 saeculi
3306 5378 3561 5470 amatori-

1985 5466 2087 5545 bus
2137 5490 2301 5543 chara
2351 5496 2498 5551 sunt,
2558 5483 2730 5537 sancti
2784 5481 2931 5535 velut
2983 5478 3211 5532 adversa
3266 5466 3561 5536 refugiunt,

1986 5578 2212 5649 plusque
2249 5574 2666 5629 adversitatibus
2710 5569 2893 5624 mundi
2947 5564 3198 5636 gaudent,
3230 5570 3389 5628 quam
3431 5570 3562 5649 prn-

1987 5645 2334 5741 speritatibus
2361 5664 2713 5722 delectentur.
2747 5660 2963 5714 Alienus
2993 5660 3203 5709 constat
3223 5663 3343 5705 esse
3372 5662 3403 5703 a
3430 5645 3560 5712 [ἔρον
