3960 6206
461 262 558 343 ou

1781 270 2135 333 smmum
2168 248 2473 326 annuis

3604 257 3721 314 612

459 400 653 473 quibus
678 396 783 453 hoc
816 393 1071 453 saeculum
1100 384 1172 448 ad
1196 405 1357 448 omne
1385 389 1725 447 commodum
1749 401 2036 460 prospera-
2063 385 2113 444 Λ
2137 380 2364 449 quisque
2389 378 2517 433 dum
2535 338 2892 466 cogitationes
2910 374 2964 428 in
2981 371 3188 444 judicio
3208 370 3426 444 exquiri
3448 371 3723 430 subtiliter

460 502 567 550 tur.
603 489 787 547 Servis
811 495 989 542 autem
1012 484 1110 540 Dei
1142 493 1338 540 cuncta
1364 482 1528 553 hujus
1556 481 1740 536 mundi
1762 479 2037 535 contraria

460 590 604 647 sunt,
633 587 693 633 ut
717 579 839 632 dum
864 577 966 630 ista
989 574 1214 628 adversa
1235 571 1491 635 sentiunt,
1510 568 1577 625 ad
1588 567 1807 624 cmlestc
1830 566 2040 622 deside-

460 671 601 724 rium
636 666 916 720 ardentius
941 663 1263 722 excitentur.
1292 661 1482 732 Magna
1512 659 1653 730 apud
1678 658 1848 713 Deum
1875 653 2039 710 reful-

460 765 552 831 get
587 756 784 825 gratia,
834 753 929 824 qui
967 753 1095 808 huic
1145 751 1348 807 mundo
1399 745 1821 818 contemptibilis
1856 744 2035 799 fuerit.

462 848 597 903 Nam
638 862 827 903 revera
852 860 1073 900 necesse
1108 851 1213 909 est,
1247 852 1309 898 ut
1337 856 1498 911 quem
1542 838 1773 894 mundus
1795 836 1928 900 odit,
1960 834 2041 891 di-

460 940 660 1011 ligatur
707 953 737 992 a
764 937 896 992 Deo.
928 934 1115 989 Sancti
1161 932 1265 987 viri
1297 932 1417 986 ideo
1447 936 1791 986 contemnere
1818 925 2042 996 cupiunt

462 1029 743 1092 mundum,
771 1034 825 1081 et
852 1032 1058 1081 motum
1086 1022 1284 1078 mentis
1316 1019 1382 1075 ad
1425 1032 1657 1090 superna
1684 1029 1958 1080 revocare,
1981 1022 2042 1068 ut

463 1120 537 1177 ibi
565 1134 622 1174 sc
663 1116 995 1186 recolligant,
1039 1114 1180 1167 unde
1207 1109 1563 1174 deﬂuxerunt,
1589 1116 1644 1163 et
1666 1106 1789 1161 inde
1830 1119 1889 1160 se
1915 1103 2044 1159 sub-

465 1212 702 1275 trahant,
721 1207 862 1262 unde
887 1205 1113 1276 dispersi
1137 1210 1280 1257 sunt.
1314 1201 1499 1274 (Ibid.,
1522 1198 1623 1253 loc.
1653 1198 1768 1266 cit.)
1793 1196 1895 1263 Qui
1922 1201 2043 1265 post

463 1302 915 1361 rcnuntiationem
945 1295 1129 1353 mundi
1162 1295 1231 1349 ad
1261 1306 1551 1362 supernam
1578 1289 1811 1360 patriam
1840 1285 2042 1342 sanctis

436 1384 748 1448 desideriis
791 1387 985 1451 inhiat,
1032 1386 1100 1441 ab
1152 1385 1255 1440 hac
1299 1392 1512 1439 terrena
1544 1380 1857 1442 intentione,
1888 1376 2043 1447 quasi

463 1483 787 1554 quibusdam
840 1477 1033 1549 pennis
1082 1474 1393 1531 sublevatus
1447 1472 1694 1541 erigitur,
1739 1476 1793 1523 et
1845 1467 1900 1522 in
1936 1480 2044 1537 quo

464 1575 648 1645 lapsus
682 1578 802 1627 erat
820 1586 917 1641 per
936 1569 1191 1640 gemitum
1232 1565 1515 1636 conspicit,
1545 1571 1600 1617 et
1620 1563 1711 1617 ubi
1739 1559 2045 1631 pervenerit

466 1678 593 1720 cum
642 1661 837 1732 gaudio
862 1672 1057 1729 magno
1088 1655 1336 1710 intendit.
1388 1654 1571 1728 (Isid.,
1617 1653 1710 1708 lib.
1762 1670 1822 1709 ιιι
1870 1651 2039 1714 Sent.,

464 1768 513 1805 c.
549 1748 659 1822 l7.)
688 1747 871 1803 Sancti
914 1747 1018 1801 viri
1042 1745 1284 1800 funditus
1320 1744 1516 1799 saeculo
1543 1743 1932 1806 renuntiantes,
1968 1741 2045 1796 ita

465 1838 594 1896 huic
639 1839 840 1894 mundo
866 1837 1190 1898 moriuntur,
1222 1843 1281 1889 ut
1305 1835 1404 1889 soli
1432 1834 1543 1888 Deo
1563 1834 1748 1888 vivere
1775 1832 2046 1895 delectem-

466 1940 572 1997 tur,
606 1935 975 2000 quantumque
1011 1927 1080 1980 ab
1121 1926 1281 1996 hujus
1304 1923 1485 1980 saeculi
1534 1921 1943 1978 conversatione
1986 1934 2046 1980 se

464 2019 807 2083 subtrahunt,
840 2026 1050 2073 tantum
1078 2017 1304 2071 interna:
1334 2016 1531 2070 mentis
1559 2014 1676 2069 acie
1703 2010 2045 2082 praesentiam

463 2111 583 2179 Dei,
632 2122 687 2167 et
736 2109 1006 2178 Angelicre
1062 2108 1340 2164 societatis
1386 2106 1751 2176 frequentiam
1805 2110 2048 2159 eontem-

466 2204 697 2278 plantur.
735 2202 838 2259 Via
860 2202 976 2258 sine
1001 2201 1344 2266 offendicula,
1374 2201 1483 2254 vita
1509 2197 1781 2262 monachi,
1808 2196 1925 2251 sine
1954 2208 2049 2255 cu-

465 2293 706 2367 piditatis
738 2299 793 2348 et
821 2291 1021 2347 amoris
1046 2290 1452 2361 impedimento.
1483 2287 1622 2342 Dum
1643 2286 1786 2341 enim
1816 2284 2048 2359 quisque

466 2384 500 2440 a
529 2383 800 2438 consortio
835 2382 1018 2436 mundi
1059 2380 1416 2445 abstrahitur,
1460 2392 1562 2433 nec
1611 2375 1880 2446 cupiditas
1923 2387 2047 2437 eum

464 2478 666 2551 obligat
707 2476 1155 2541 consentientem,
1203 2490 1304 2530 nec
1329 2473 1535 2529 cruciat
1569 2471 1912 2528 sentientem.
1945 2466 2050 2529 Bo.-

466 2585 594 2628 uum
636 2578 721 2625 est
766 2567 1123 2639 corporaliter
1167 2575 1436 2622 remotum
1481 2579 1602 2619 esse
1630 2578 1658 2617 a
1690 2561 1913 2621 mundo,
1953 2557 2050 2614 sed

470 2659 639 2714 multo
680 2669 764 2714 est
794 2657 985 2713 melius
1030 2656 1320 2712 voluntate.
1349 2654 1650 2724 Utrumque
1699 2661 1880 2707 autem
1931 2649 2051 2704 viro

463 2749 724 2824 perfecto.
766 2750 857 2804 ille
902 2757 1083 2804 autem
1111 2749 1383 2819 perfectus
1432 2756 1536 2813 est,
1566 2746 1659 2816 qui
1699 2745 1826 2800 huic
1853 2740 2050 2817 smculo

464 2857 689 2913 corpore
715 2849 770 2897 et
811 2842 975 2895 corde
999 2840 1264 2895 discretus
1294 2847 1396 2894 est.
1430 2836 1658 2908 Onager,
1686 2844 1749 2890 ut
1796 2834 1873 2888 ait
1899 2831 2051 2887 Jere-

463 2937 621 2999 tuias,
652 2934 936 2989 contemnit
965 2932 1227 2988 civitatem
1255 2930 1392 3001 (Jer.
1430 2929 1521 3002 ιι),
1543 2937 1599 2982 et
1630 2926 1880 2982 monachi
1904 2939 2051 2979 com-

2137 473 2506 541 non‘ignorat,
2552 458 2901 537 semetipsum
2942 466 3212 520 introrsus
3241 464 3563 537 discutiens,
3590 474 3724 521 ante

2131 562 2395 641 jqdicium
2424 561 2774 616 vehementer
2796 556 3094 620 examinat,
3119 562 3184 610 ιιι
3231 553 3519 610 districtus
3546 552 3725 621 Iudex

2137 668 2204 709 eo
2225 651 2338 720 jam
2365 650 2709 720 tranquillius
2740 646 2941 712 veniat,
2961 652 3017 702 et
3041 660 3138 702 cor
3164 644 3312 717 quod
3333 646 3605 707 discutere
3624 661 3729 717 ap-

2137 743 2294 814 petit,
2321 756 2420 813 pro
2452 740 2608 811 culpa
2651 737 2898 809 punitum
2924 742 3134 792 cernat.
3164 733 3301 802 Quia
3326 749 3448 809 eam
3476 736 3601 792 dum
3621 752 3730 795 nec

2137 834 2413 906 ponimus,
2440 833 2557 901 ipse
2583 842 2925 900 nequaquam
2950 826 3007 881 in
3033 832 3282 882 extremo
3304 827 3558 905 examine
3576 827 3730 898 judio

2139 932 2247 979 cat.
2290 922 2461 987 Paulo
2504 928 2799 983 attestaute
2826 917 2919 988 qui
2953 917 3030 971 ait
3060 933 3075 970 :
3105 915 3169 973 Si
3198 917 3540 987 nosmetipsos
3564 919 3734 990 diju-

2138 1013 2457 1075 dicaremus,
2507 1026 2613 1065 non
2673 1008 2852 1079 utique
2897 1005 3272 1079 judicaremur
3329 1005 3398 1077 (Ι
3444 1004 3571 1065 Cor.
3611 1006 3731 1081 xl).

2122 1104 2325 1178 (στου.
2353 1104 2513 1176 ibid.)
2537 1101 2693 1179 Quod
2715 1098 2960 1163 exterius
2984 1098 3201 1167 agimus
3239 1096 3369 1170 (nisi
3409 1096 3737 1169 paenitentia

2142 1194 2535 1251 interveniente
2574 1191 2862 1254 diluamus,
2911 1189 2972 1243 in
3022 1196 3239 1261 secreto
3253 1185 3589 1256 iudiciorum
3636 1186 3739 1243 Dei

2141 1285 2244 1345 sub
2280 1283 2515 1358 quadam
2545 1280 2910 1339 occultatione
2960 1288 3235 1347 servatur,
3285 1286 3347 1334 ut
3404 1279 3738 1355 quandoque

2143 1377 2307 1432 etiam
2336 1375 2405 1430 de
2434 1373 2610 1443 sigillo
2646 1373 2862 1437 secreti,
2907 1378 3067 1426 exeat
3093 1370 3164 1425 ad
3188 1370 3468 1442 publicum
3511 1370 3734 1441 iudicii.

2143 1464 2280 1522 Cum
2298 1479 2431 1521 vero
2453 1478 2554 1534 pro
2584 1462 2739 1518 malis
2768 1477 2890 1533 qua:
2916 1460 3169 1530 fecimus,
3194 1462 3494 1531 disciplina:
3517 1462 3739 1533 ﬂagello

2143 1557 2454 1621 atterimur,
2476 1564 2534 1611 et
2553 1548 2671 1611 haec
2692 1569 2791 1624 per
2818 1554 3193 1624 paenitentiam
3217 1553 3495 1617 deﬂemus,
3531 1555 3740 1625 iniqui-

2144 1655 2315 1704 tatem
2360 1654 2602 1704 nostram
2648 1644 2829 1715 signat
2849 1651 2907 1710 et
2945 1651 3121 1709 curat,
3148 1643 3277 1713 quia
3301 1658 3403 1699 nec
3430 1644 3606 1699 multa
3646 1633 3739 1700 hic

2070 1724 2120 1783 B
2146 1737 2367 1802 deserit,
2395 1749 2495 1793 nec
2521 1735 2576 1789 in
2587 1732 2796 1804 judicio
2818 1732 3093 1803 puniendo
3112 1740 3315 1788 servat.
3341 1731 3487 1788 Bene
3509 1747 3575 1788 se
3595 1732 3741 1802 judi-

2145 1837 2235 1884 cet
2252 1827 2432 1896 justus
2456 1826 2511 1881 in
2535 1826 2637 1880 hac
2657 1824 2791 1888 vita,
2812 1839 2881 1878 ne
2893 1823 3168 1892 iudicetur
3186 1838 3220 1877 a
3246 1823 3358 1878 Deo
3386 1823 3740 1878 damnatione

2144 1926 2425 1989 perpetua.
2450 1915 2603 1971 Tunc
2628 1922 2809 1969 autem
2826 1913 3092 1982 judicium
3115 1913 3182 1968 de
3208 1927 3271 1968 se
3290 1913 3520 1983 quisque
3539 1914 3737 1978 sumit,

2144 2007 2362 2078 quando
2407 2020 2507 2076 per
2550 2004 2770 2075 dignam
2823 2003 3198 2073 pmnitentiam
3240 2017 3338 2058 sua
3374 2016 3542 2072 prava
3596 2002 3738 2061 facta

2145 2099 2490 2165 condemnat.
2543 2095 2862 2151 Amaritudo
2916 2093 3251 2165 poenitentia
3308 2093 3441 2149 facit
3489 2094 3738 2149 anitnunt

2146 2202 2246 2251 sua
2287 2185 2431 2241 facta
2476 2183 2732 2241 subtilius
2753 2184 3046 2249 discutere,
3072 2190 3130 2238 et
3148 2182 3286 2237 dona
3308 2182 3432 2246 Dei,
3454 2197 3583 2253 quae
3612 2197 3741 2238 con-

2148 2277 2386 2348 tempsit,
2416 2274 2619 2347 ,ﬂendo
2662 2288 3112 2330 commemorare.
3144 2271 3289 2327 Nihil
3337 2282 3519 2327 autem
3576 2270 3738 2342 pejus

2147 2381 2311 2437 quam
2331 2365 2542 2436 culpam
2571 2378 2889 2437 agnoscere,
2930 2378 3031 2419 nec
3065 2361 3281 2418 deﬂere.
3330 2361 3620 2431 Duplicem
3647 2363 3740 2416 ha-

2148 2458 2280 2513 bere
2307 2453 2493 2512 ﬂetum
2510 2455 2668 2512 debet
2691 2454 2746 2509 in
2770 2453 3089 2525 pceniteutia
3112 2453 3293 2508 omnis
3310 2462 3588 2522 peccator.
3617 2453 3739 2508 Sive

2148 2547 2275 2619 quia
2315 2561 2414 2617 per
2442 2544 2823 2617 negligentiam
2851 2544 3051 2598 bonum
3102 2557 3209 2598 non
3251 2540 3400 2607 fecit,
3450 2558 3555 2599 seu
3612 2543 3738 2614 quia

2148 2623 2350 2701 malum
2378 2651 2476 2706 per
2499 2635 2780 2691 audaciam
2808 2633 3162 2705 perpetravit.
3206 2633 3361 2701 Quod
3396 2634 3541 2691 enim
3577 2648 3739 2705 Oper.-

2152 2729 2256 2784 tuit
2284 2743 2390 2783 non
2417 2727 2607 2799 gessit,
2661 2734 2717 2780 et
2750 2726 2919 2803 gessit
2960 2726 3105 2794 quod
3144 2739 3307 2796 agere
3335 2739 3442 2779 non
3466 2725 3734 2797 oportuit,

2148 2821 2246 2878 llle
2294 2819 2671 2891 paenitentiam
2714 2818 2873 2887 digne
2900 2816 3036 2887 agit,
3073 2817 3166 2886 qui
3212 2824 3422 2870 reatum
3458 2831 3627 2871 suum
3656 2831 3739 2875 sa,-

2152 2912 2460 2981 tisfactione
2507 2910 2747 2981 legitima
2791 2907 3021 2979 plangit,
3074 2906 3483 2965 condemnanda
3519 2906 3738 2963 scilicet

463 3039 680 3080 tuuncm
719 3020 1059 3079 smcularium
1105 3021 1303 3076 civium
1327 3018 1812 3074 conversationem.
1856 3012 1921 3068 ili
1948 3013 2044 3069 ad-

2151 3010 2316 3072 atque
2345 2998 2587 3057 deﬂendo
2625 3013 2747 3069 qua:
2775 2997 2964 3069 gessit,
2997 3004 3148 3051 tanto
3178 2997 3303 3052 inde
3323 2995 3598 3082 plorando
3623 3011 3738 3082 pro-

465 3129 620 3167 versa
642 3114 767 3167 vita:
790 3119 990 3166 nostra:
1012 3117 1294 3181 appetunt,
1309 3122 1567 3180 prospera
1583 3110 1958 3167 contemnunt,
1985 3110 2047 3156 ut
2072 3066 2117 3130 ϐ
2149 3091 2388 3159 Τιιηάίιιε,
2440 3098 2646 3161 quanto
2696 3089 2905 3144 ΘΧεῑίιίῐ
2974 3089 3027 3143 in
3087 3066 3361 3159 νεεοῖιηάἒ)
3414 3080 3735 3169 Ρωεῑίνὶιὶξο

463 3213 587 3255 eum
602 3201 729 3255 dum
746 3201 813 3256 ab
830 3200 912 3256 eis
933 3200 1048 3256 haec
1060 3200 1169 3254 vita
1184 3199 1502 3270 despicitur,
1519 3194 1699 3251 futura
1714 3194 2042 3250 inveniatur.

1063 3290 1292 3347 CAPUT
1329 3289 1448 3355 XV.

1034 3381 1113 3437 De
1148 3381 1447 3458 pwnilentia
1459 3418 1474 3431 .

535 3477 721 3545 Omnis
748 3482 998 3548 peccator
1023 3474 1077 3529 in
1120 3470 1439 3544 pmiiitcntia
1476 3468 1697 3540 duplum
1725 3469 1928 3524 habere
1955 3481 2047 3538 ge-

464 3569 656 3639 mitum
687 3552 870 3631 debet,
898 3565 1153 3619 nimirum
1179 3561 1304 3633 quia
1335 3569 1389 3617 et
1415 3561 1612 3615 bonum
1643 3558 1784 3629 quod
1808 3556 2049 3628 oportuit

466 3673 571 3713 non
606 3656 751 3722 fecit,
780 3663 834 3710 et
870 3653 1070 3709 malum
1098 3651 1240 3721 quod
1284 3666 1392 3705 non
1440 3648 1701 3720 oportuit,
1735 3644 1880 3701 fecit.
1908 3643 2043 3700 Cum

467 3746 536 3817 ad
560 3747 700 3801 bona
744 3759 908 3815 opera
938 3759 1043 3798 non
1075 3741 1430 3810 assurgimus,
1459 3753 1680 3793 necesse
1710 3746 1793 3791 est
1822 3744 1882 3791 ut
1918 3751 2047 3792 nos-

467 3838 726 3910 metipsos
754 3834 1037 3906 dupliciter
1063 3830 1372 3893 deﬂeamus,
1402 3829 1528 3900 quia
1556 3836 1613 3883 et
1638 3837 1787 3883 recta
1829 3843 1936 3882 non
1970 3826 2047 3884 fe-

465 3929 663 3999 cimus,
692 3933 748 3982 et
778 3940 941 3997 prava
976 3923 1186 3995 operati
1219 3937 1423 3977 sumus.
1456 3920 1560 3975 Per
1582 3921 1797 3976 beatum
1828 3919 2043 3992 Moysen

465 4034 606 4075 unus
642 4026 818 4072 turtur
842 4031 942 4087 pro
969 4021 1218 4086 peccato,
1266 4012 1403 4067 alter
1432 4026 1561 4066 vero
1603 4006 1784 4066 offerri
1812 4009 1863 4064 in
1892 4009 2043 4069 hOlO‘.

465 4120 710 4175 caustum
727 4108 952 4180 jubetur
980 4106 1125 4177 (Leo.
1167 4102 1240 4176 v).
1272 4101 1653 4158 Holocaustum
1702 4114 1935 4169 namque
1965 4107 2047 4170 to-

467 4212 580 4279 tum
634 4202 912 4256 incensum
960 4197 1177 4253 dicitur.
1229 4194 1405 4251 Unum
1464 4207 1594 4264 ergo
1642 4199 1903 4262 turturem
1946 4206 2045 4261 pro

465 4299 688 4376 peccato
729 4287 1024 4352 offerimus,
1053 4302 1177 4343 cum
1208 4302 1308 4358 pro
1352 4285 1504 4356 culpa
1535 4284 1791 4356 gemitum
1830 4283 2039 4353 damus.

468 4374 544 4450 De
586 4380 756 4435 altero
803 4394 932 4434 vero
964 4376 1337 4433 holocaustum
1385 4374 1635 4438 facimus,
1684 4386 1808 4428 cum
1853 4385 1952 4443 pro
1979 4384 2046 4425 eo

467 4467 612 4539 quod
632 4467 770 4521 bona
800 4465 1152 4535 negleximvs,
1181 4464 1543 4533 nosmetipsos
1582 4461 1823 4518 funditus
1862 4474 2049 4515 accen—

468 4559 679 4623 dentes,
718 4556 840 4626 ign‘e
886 4553 1090 4609 doloris
1118 4554 1391 4608 ardemus.
1420 4552 1620 4608 Beatus
1662 4549 1763 4605 Job
1798 4559 1919 4627 post
1951 4547 2047 4604 ﬂa-

468 4647 608 4719 gella
646 4646 953 4720 proficiens,
985 4652 1043 4698 et
1082 4644 1430 4714 semetipsum
1471 4643 1525 4696 in
1561 4656 1754 4712 magna
1791 4640 2049 4711 redargu-

469 4722 617 4806 tione
642 4736 935 4790 discutiens
962 4733 1094 4789 dicit
1127 4751 1140 4786 :
1173 4730 1382 4786 Idcirco
1405 4732 1513 4801 ipse
1545 4747 1625 4785 me
1652 4728 1968 4801 reprehendo
1997 4739 2046 4792 et

470 4841 571 4894 oga
590 4822 944 4893 paenitentiam
969 4822 1024 4874 in
1052 4819 1238 4891 favilla
1259 4831 1306 4875 et
1334 4819 1505 4875 cinere
1531 4819 1674 4892 (Job.
1693 4818 1846 4891 xm).
1864 4818 1929 4891 (ϐ
1937 4835 2043 4890 reg.

470 4914 525 4982 in
556 4930 602 4967 c.
636 4912 753 4977 Job,
787 4926 917 4976 xm,
947 4911 986 4965 ι.
1015 4926 1179 4976 xxxv,
1204 4927 1252 4964 c.
1296 4909 1376 4982 2.)
1403 4909 1461 4964 In
1494 4910 1670 4964 favilla
1718 4909 1862 4964 enim
1892 4917 1949 4965 et
1969 4909 2047 4965 ci-

470 5017 602 5071 pcre
650 5001 1020 5072 paenitentiam
1068 5015 1228 5071 agere
1275 4984 1387 5066 est:
1431 4997 1789 5069 contemplata
1832 5014 2044 5071 summa

470 5091 728 5154 essentia,
775 5089 909 5145 nihil
947 5090 1094 5146 aliud
1133 5107 1297 5162 quam
1336 5089 1571 5145 favillam
1609 5104 1668 5145 se
1701 5089 2046 5159 cineremque

468 5193 813 5253 cognoscere.
848 5181 906 5235 In
936 5181 1112 5236 cilicio
1140 5184 1405 5252 asperitas
1453 5189 1509 5237 et
1531 5181 1874 5252 compunctio
1920 5197 2043 5252 pec-

471 5280 737 5338 catorum,
776 5271 831 5325 in
875 5271 1056 5327 cinere
1103 5282 1278 5328 autem
1328 5273 1504 5345 pulvis
1553 5273 1853 5328 ostenditur
1902 5288 2043 5328 mor-

459 5376 708 5427 tJorum.
769 5359 836 5416 Et
878 5361 1082 5418 idcirco
1117 5371 1415 5434 utrumque
1465 5361 1710 5419 adhiberi
1757 5364 1824 5420 ad
1877 5366 2046 5435 posui-

471 5455 694 5524 teutiam
741 5453 899 5519 solet,
942 5454 1074 5508 utin
1098 5455 1527 5525 compunctionis
1556 5452 1730 5510 cilicio
1755 5472 2043 5527 cognosca-

474 5557 592 5595 mus
641 5539 771 5609 quid
812 5552 909 5610 per
941 5539 1127 5611 culpas
1158 5540 1401 5607 fecimus,
1444 5543 1578 5597 etin
1607 5542 1783 5597 favilla
1819 5545 2040 5611 cineris,

472 5628 867 5700 perpendamus
888 5629 1013 5701 quid
1040 5631 1418 5705 pcrjudicium
1457 5631 1585 5688 facti
1608 5647 1811 5699 sumus.
1844 5634 2043 5700 Fidelis

2146 3182 2242 3239 Ille
2302 3181 2679 3253 pmnitentiam
2745 3179 2904 3251 digne
2967 3179 3096 3249 agit,
3173 3178 3269 3250 qui
3327 3178 3408 3234 sic
3459 3178 3736 3261 puetarita

2149 3273 2291 3327 mala
2342 3270 2612 3342 deplorat,
2673 3279 2737 3325 ut
2787 3270 2968 3324 futura
3011 3271 3207 3327 iterum
3245 3284 3353 3327 non
3405 3271 3733 3337 committat.

2120 3360 2284 3447 _Nam
2351 3361 2445 3431 qui
2502 3359 2709 3431 plangit
2774 3367 3078 3431 peccatum,
3135 3366 3188 3415 et
3243 3358 3438 3413 iterum
3494 3358 3735 3427 admittit

2146 3460 2455 3525 peccatum,
2516 3452 2672 3522 quasi
2721 3452 2768 3518 si
2826 3452 2947 3521 quis
2996 3450 3140 3507 lavet
3186 3450 3418 3506 laterem
3468 3452 3730 3525 crudum,

2148 3561 2310 3616 quem
2372 3553 2575 3616 quanto
2632 3543 2806 3616 magis
2863 3542 3075 3606 eluerit,
3143 3550 3293 3597 tanto
3358 3542 3600 3613 amplius
3657 3543 3731 3614 lu-

2148 3645 2261 3692 tum
2290 3637 2438 3692 facit.
2491 3635 2751 3709 Quamvis
2785 3635 3015 3705 quisque
3040 3635 3110 3690 sit
3134 3641 3391 3705 peccator
3418 3643 3474 3691 et
3517 3636 3731 3709 impius,

2148 3727 2195 3783 si
2249 3726 2316 3781 ad
2366 3726 2738 3797 pqmitentiam
2788 3731 3157 3795 convertatur,
3209 3724 3472 3794 consequi
3513 3726 3730 3794 veniam

2147 3831 2307 3888 posse
2327 3816 2589 3876 creditur.
2621 3813 2908 3871 Festinare
2932 3813 3093 3878 debet
3120 3816 3185 3869 ad
3224 3816 3394 3870 Deum
3417 3815 3730 3885 pcenitendo

2147 3898 2518 3979 unusquisque
2539 3906 2665 3961 dum
2693 3913 2894 3976 potest,
2947 3920 3016 3974 ne
3041 3905 3086 3973 si
3112 3905 3240 3960 dum
3266 3912 3444 3976 potest
3476 3905 3727 3966 noluerit,

2147 4014 2268 4068 cum
2325 3997 2481 4052 tarde
2532 3997 2784 4064 voluerit,
2842 3997 3063 4065 omnino
3115 4012 3225 4051 non
3261 3996 3455 4067 possit.
3502 3997 3733 4068 Proinde

2144 4088 2417 4159 Propheta
2461 4087 2539 4142 ait
2570 4106 2583 4156 ς
2610 4086 2848 4153 Ouwrite
2887 4086 3169 4142 Dominum
3220 4087 3347 4155 dum
3394 4089 3625 4160 inveniri
3646 4105 3735 4157 pp-

2119 4179 2545 4241 τιεδιεὶηυοεαιε
2586 4194 2725 4242 eum,
2779 4177 2905 4231 dum
2953 4194 3114 4248 prope
3164 4187 3240 4232 est
3307 4176 3446 4249 (lsa.
3506 4178 3619 4249 tv).
3675 4176 3728 4232 Si

2146 4272 2361 4342 quando
2413 4269 2537 4341 quis
2599 4283 2826 4340 peccare
2880 4276 3081 4337 potest,
3129 4268 3382 4338 paenitet,
3452 4270 3732 4339 vitamque

2149 4376 2303 4417 suam
2327 4361 2517 4418 vivens
2560 4360 2628 4414 ab
2655 4359 2801 4414 omni
2830 4360 3056 4415 crimine
3090 4360 3335 4432 corrigit,
3369 4372 3481 4416 non
3509 4359 3733 4415 dubium

2150 4452 2282 4523 quin
2306 4451 2544 4520 moriens
2569 4451 2638 4505 ad
2659 4456 2918 4513 aeternam
2949 4457 3196 4506 transeat
3218 4450 3483 4520 requiem.
3513 4451 3618 4518 Qui
3640 4465 3728 4507 an—

2147 4553 2256 4600 tem
2285 4557 2450 4615 prave
2473 4543 2704 4602 vivendo
2728 4541 3101 4612 paenitentiam
3150 4542 3204 4597 in
3236 4541 3430 4597 mortis
3450 4542 3565 4613 agit
3595 4539 3731 4611 peri.

2148 4635 2292 4700 culo,
2328 4635 2468 4691 sicut
2516 4632 2630 4717 ejus
2656 4634 2931 4689 damnatio
2966 4633 3174 4688 incerta
3219 4640 3322 4697 est,
3355 4631 3437 4687 sic
3481 4631 3730 4688 remissio

2148 4728 2329 4791 dubia.
2361 4726 2620 4795 Quamvis
2658 4740 2758 4795 per
2782 4723 3155 4794 paenitentiam
3182 4722 3499 4794 propitiatio
3535 4737 3724 4794 pecea-

2147 4828 2325 4879 torum
2356 4818 2445 4881 sit,
2471 4816 2591 4871 sine
2619 4801 2761 4881 metu
2789 4815 2953 4869 homo
2978 4829 3100 4869 esse
3126 4829 3235 4869 non
3264 4812 3446 4878 debet,
3470 4813 3602 4883 quia
3620 4825 3727 4882 pm-

2147 4908 2389 4964 nitentia:
2412 4904 2711 4971 satisfactio
2732 4905 2917 4960 divino
2958 4912 3221 4975 pensatur
3242 4904 3470 4975 Judieio,
3498 4920 3606 4959 non
3631 4905 3726 4960 lm-

2146 5013 2328 5067 mano.
2355 4994 2588 5064 Proinde
2631 4993 2757 5063 quia
2804 4993 3085 5061 miseratio
3113 4994 3207 5048 Dei
3233 4993 3445 5048 occulta
3478 5003 3582 5061 est,
3607 4994 3723 5049 sine

2145 5088 2546 5150 intermissione
2597 5084 2728 5142 ﬂere
2777 5099 3001 5153 necesse
3047 5093 3148 5141 est.
3197 5083 3384 5156 Neque
3438 5086 3587 5141 enim
3631 5100 3723 5140 un-

2145 5194 2307 5251 quam
2330 5186 2542 5249 oportet
2564 5178 2917 5249 pmnitentem
2946 5176 3148 5231 habere
3174 5176 3240 5230 de
3262 5176 3501 5246 peccatis
3520 5175 3722 5231 securi-

2149 5280 2337 5328 tatem.
2371 5271 2506 5326 Nam
2551 5269 2820 5325 securitas
2843 5267 3226 5338 negligentiam
3257 5266 3420 5335 parit,
3446 5265 3717 5337 negligen—

2149 5362 2224 5417 tia
2267 5367 2445 5415 autcm
2476 5372 2617 5429 scepe
2642 5360 2917 5413 incautum
2942 5356 3012 5411 ad
3035 5356 3163 5410 vitia
3188 5364 3463 5411 transacta
3490 5352 3713 5410 reducit.

2148 5449 2284 5504 Dum
2326 5463 2424 5519 per
2447 5448 2819 5520 paenitentiam
2869 5444 3092 5515 expulsa
3139 5443 3344 5499 fuerint
3389 5444 3459 5497 ab
3502 5444 3716 5499 ιιοιιιιιιθ

2146 5541 2299 5607 vitia,
2328 5541 2372 5595 si
2394 5539 2532 5596 forte
2557 5545 2681 5608 post
2707 5538 2822 5593 haec
2845 5536 3214 5591 intercedente
3237 5537 3546 5597 secarit-ite.
3571 5545 3714 5601 quat-

2146 5632 2277 5697 libct
2301 5629 2455 5703 culpa
2492 5629 2844 5712 subrepserit,
2872 5625 3158 5685 confestim
3198 5623 3581 5682 delectationes
3602 5618 3712 5697 pri-
