3960 6206
330 274 430 332 613

1517 288 1822 356 ΒΙΑΒΕΜΛ
1859 296 2360 362 MDNACHORUM.

322 387 755 493 sitaevuiorum
776 390 988 449 avidius
1015 392 1279 501 irrepunt,
1304 399 1693 476 pulsantesque
1720 408 1894 501 homi-
1923 420 1973 479 Α
1997 415 2122 471 dum
2149 406 2416 475 desiderio
2436 427 2654 479 aster-nm
2675 423 2799 481 vita:
2822 426 3079 499 suspirat.
3128 429 3374 501 Quatuor
3390 387 3571 498 autem

321 495 441 596 nrem
471 490 833 596 urgeo-usue?
853 500 1016 591 opera
1061 490 1282 559 gravius
1332 497 1670 563 pertrahunt,
1715 499 1788 556 ita
1840 514 1901 559 ut
2000 515 2127 562 sunt
2150 510 2440 574 qualitates
2467 511 2829 582 allectionum,
2856 490 3054 587 quibus
3080 490 3232 579 mcus
3260 490 3575 596 justi—tde

316 568 419 627 sint
444 572 725 628 nouissima
750 575 896 632 illius
923 578 1109 649 pejora
1135 583 1399 653 prioribus
1426 586 1646 661 (Haﬂh.
1682 596 1803 668 xu).

902 669 1131 729 CAPUT
1171 675 1310 734 XVI.

871 739 950 795 De
984 744 1330 812 confessione.

384 802 520 862 iline
562 804 797 865 Jacobus
819 810 938 865 ait:
964 802 1300 883 Couﬁtemini
1326 817 1641 880 alterutrum
1680 838 1895 898 peccata

311 905 504 964 uestra,
549 907 600 952 et
651 910 796 955 orate
846 916 941 971 pro
975 901 1212 971 inuicem,
1250 916 1307 962 ut
1346 910 1622 969 salvemini
1647 914 1792 988 (Jac.
1831 919 1891 993 I).

310 985 368 1040 in
396 986 500 1041 bac
523 996 703 1043 autem
732 991 1003 1046 sententia
1053 993 1141 1048 illa
1184 995 1346 1053 debet
1369 1014 1493 1057 esse
1519 985 1800 1072 discretio,
1834 985 1897 1065 ut

300 1079 626 1149 quotidiana
654 1079 902 1153 leviaque
923 1093 1145 1154 peccata
1174 1087 1497 1148 alterutrum
1524 1097 1895 1168 coaequalibus

300 1169 682 1236 confiteamur,
698 1186 995 1243 eorumque
1013 1176 1325 1245 quotidiana
1350 1184 1636 1242 credamus
1649 1188 1894 1246 oratione

300 1258 525 1315 salvari.
555 1260 725 1337 Porro
768 1263 1036 1332 gravioris
1084 1265 1247 1337 lepra:
1292 1269 1711 1341 immunditiam,
1734 1274 1892 1345 juxta

299 1346 481 1419 legem
507 1348 786 1405 Sacerdoti
818 1352 1138 1422 pendamus,
1156 1366 1317 1427 atque
1344 1361 1409 1415 ad
1435 1360 1553 1431 ejus
1572 1365 1886 1435 arbitrium,

297 1444 543 1515 qualiter
570 1453 625 1501 et
652 1454 855 1516 quanto
884 1455 1130 1521 tempore
1149 1451 1394 1522 jusserit,
1423 1457 1701 1526 puriﬁcari
1733 1476 1889 1519 cure-

298 1550 427 1590 mus
456 1533 615 1607 (Leve
648 1535 793 1608 xm).
832 1537 972 1597 Hine
1014 1550 1070 1595 et
1097 1542 1266 1599 David
1303 1545 1381 1603 ait
1409 1564 1421 1599 :
1452 1546 1642 1603 Revela
1661 1534 1888 1613 Domino

294 1625 442 1681 riam
484 1634 654 1691 tuam,
680 1636 728 1680 et
753 1644 908 1698 spera
924 1629 983 1683 in
1004 1646 1066 1685 eo
1096 1629 1215 1703 (Ps.
1241 1634 1451 1705 xxxvi).
1488 1636 1677 1692 Velum
1716 1639 1889 1709 (ιιιοά-

293 1714 429 1773 dam
454 1724 540 1771 est
562 1716 802 1773 densitas
841 1728 1209 1790 peccatorum,
1237 1725 1379 1780 unde
1407 1726 1515 1792 via,
1558 1728 1614 1783 id
1645 1736 1733 1785 est
1776 1730 1883 1784 vita

292 1813 492 1861 nostra
522 1806 825 1875 tenebrosa,
857 1811 1091 1868 amictus
1113 1814 1541 1873 circumdatione
1564 1819 1758 1874 vestita
1778 1828 1880 1881 est.

290 1895 456 1953 Hanc
496 1899 818 1967 revelamus,
870 1905 1087 1983 quando
1131 1906 1328 1963 delicta
1378 1918 1565 1965 nostra
1596 1914 1883 1970 tenebrosa

287 1991 704 2060 promptissime
741 1994 1082 2051 confitemur.
1114 1997 1249 2057 item
1278 2000 1397 2071 ipse
1419 2002 1588 2057 David
1613 2002 1883 2074 :Conﬁte-

286 2081 431 2136 mini
460 2080 682 2138 Domino
727 2087 978 2155 quoniam
1018 2088 1204 2156 bonus,
1243 2093 1494 2161 quoniam
1533 2096 1589 2148 in
1629 2096 1881 2151 saeculum

283 2173 656 2229 misericordia
681 2176 797 2247 ejus
859 2175 976 2250 (Ps.
1010 2180 1119 2253 ev).
1159 2181 1567 2242 Confessionem
1602 2186 1780 2251 istam,
1815 2187 1883 2244 ad

285 2262 624 2318 medicinam
654 2262 1009 2334 plenitudinis
1036 2269 1412 2339 applicandam
1453 2274 1724 2345 designat.
1771 2274 1881 2332 Sed

283 2360 349 2407 et
377 2350 481 2408 hoc
507 2368 721 2426 quoque
747 2356 815 2410 ad
844 2359 1173 2425 prteconium
1195 2362 1410 2417 Domini
1448 2365 1725 2434 pertinere
1768 2381 1878 2422 non

279 2444 516 2502 dubium
544 2454 645 2511 est,
676 2451 893 2518 quando
931 2451 1109 2522 major
1150 2464 1235 2511 est
1262 2456 1433 2528 gloria
1457 2459 1697 2528 pietatis,
1743 2475 1879 2517 con-

280 2535 470 2598 ﬁtenti
502 2553 750 2613 parcere,
781 2558 946 2613 quam
993 2545 1195 2603 viventi
1243 2549 1361 2605 sine
1402 2549 1701 2607 offensione
1739 2568 1881 2623 prae-

276 2633 463 2682 stare.
494 2627 562 2691 Et
600 2644 668 2686 ne
695 2631 896 2701 aliquis
923 2632 991 2688 de
1015 2635 1295 2705 culparum
1322 2654 1544 2695 suarum
1573 2644 1877 2698 numerosi-

279 2718 499 2779 tatibus
539 2728 857 2789 terreretur,
890 2724 1039 2781 addit
1067 2727 1314 2797 quoniam
1350 2728 1534 2785 bonus.
1565 2729 1697 2797 Quis
1729 2733 1874 2788 enim

276 2810 501 2865 dubitet
547 2812 615 2866 ad
657 2827 780 2867 eum
835 2829 1136 2881 recurrere,
1173 2831 1336 2887 quem
1385 2820 1488 2876 sibi
1531 2822 1683 2877 audit
1716 2836 1877 2894 posse

274 2900 573 2957 celerrime
619 2904 928 2965 subvenire,
953 2904 1197 2972 Addidit,
1240 2910 1490 2979 quoniam
1516 2910 1571 2965 in
1618 2911 1873 2971 suculam

273 2992 645 3048 misericordia
687 2995 825 3065 ejus.
875 2996 1074 3055 Audito
1104 2998 1248 3053 bono
1281 2999 1530 3067 Domino,
1574 3017 1643 3057 ne
1688 3004 1872 3060 schn-

274 3098 447 3137 mana
483 3084 805 3157 negligentia
831 3102 861 3142 a
894 3088 1136 3145 studiosa
1176 3097 1232 3151 et
1270 3091 1454 3147 sedula
1479 3091 1871 3163 supplicatione
1898 3116 1942 3179 ρ

271 3175 663 3244 suspenderet,
688 3177 913 3233 remedii
947 3194 1170 3255 causam
1211 3180 1365 3247 dicit,
1390 3190 1450 3237 ut
1480 3183 1549 3237 ad
1575 3183 1872 3240 confessio-

272 3280 404 3324 nem
433 3267 668 3323 celerem
711 3268 927 3325 Domini
955 3272 1151 3329 debeat
1175 3288 1400 3329 munere
1429 3273 1709 3333 festinare.
1734 3276 1871 3332 Con-
1948 3320 1955 3325 .

272 3354 539 3413 liteamur
583 3371 736 3430 ergo,
782 3358 999 3427 fratres,
1027 3362 1259 3420 Domino
1285 3372 1495 3430 nostro,
1525 3366 1654 3436 quia
1696 3368 1870 3435 bonus

270 3458 692 3520 est,etpeccata
714 3452 958 3507 dimittit.
984 3452 1189 3526 (στερη
1216 3455 1411 3511 Horat.
1444 3457 1483 3512 Ι.
1511 3475 1649 3524 xm,
1671 3476 1719 3514 c.
1750 3460 1864 3532 15,)

270 3538 614 3603 Humilitatis
659 3543 970 3606 testimonia
1024 3554 1171 3611 sunt,
1214 3554 1270 3601 et
1314 3547 1658 3617 iniquitatem
1708 3566 1865 3609 suam

269 3646 552 3703 quemque
579 3647 925 3705 cognoscere,
959 3643 1017 3691 et
1044 3636 1316 3708 cognitam
1345 3652 1479 3693 voce
1506 3638 1866 3699 confessionis

268 3721 512 3791 aperire.
564 3721 831 3778 Usitatnm
881 3725 1104 3780 humani
1173 3728 1390 3798 generis
1431 3727 1625 3783 vitium
1656 3738 1759 3797 est,
1808 3738 1865 3787 et

268 3808 509 3865 labendo
552 3820 832 3881 peccatum
884 3815 1245 3882 committere,
1276 3825 1335 3872 et
1356 3819 1709 3875 commissum
1753 3838 1862 3878 non

261 3903 584 3963 conﬁtendo
634 3907 884 3978 prodere,
923 3908 1020 3965 sed
1051 3910 1299 3981 negando
1350 3910 1664 3980 defendere,
1696 3922 1862 3986 atque

261 3994 582 4050 convictum
628 3994 964 4061 defendendo
1017 3998 1399 4071 multiplicare.
1460 3999 1662 4065 indicia
1718 4015 1862 4057 vera:

261 4083 634 4141 confessionis
657 4096 804 4153 sunt,
825 4089 872 4143 si
896 4090 1269 4161 unusquisque
1291 4106 1415 4147 cum
1434 4106 1494 4151 se
1519 4101 1860 4163 peccatorem

261 4176 430 4242 dicit,
476 4176 530 4231 id
559 4177 626 4233 de
661 4193 722 4234 se
748 4180 951 4236 dicenti
979 4182 1142 4245 etiam
1173 4182 1328 4237 alteri
1358 4198 1469 4239 non
1515 4186 1858 4251 contradicit.

260 4265 547 4336 Scriptum
574 4277 660 4325 est
691 4287 704 4324 :
740 4269 927 4327 Justus
975 4272 1030 4326 in
1066 4273 1327 4346 principio
1361 4285 1639 4330 accusator
1674 4287 1751 4330 est
1778 4278 1862 4339 sui

259 4356 456 4430 (Prov.
501 4362 681 4432 xvin).
726 4361 1034 4420 Curandum
1086 4380 1432 4437 summopere
1478 4375 1583 4433 est,
1611 4375 1672 4423 ut
1717 4367 1857 4425 mala

256 4463 390 4520 quae
446 4445 674 4504 fecimus
701 4458 758 4504 et
783 4461 975 4521 sponte
1023 4451 1313 4520 fateamur,
1348 4461 1406 4508 et
1450 4453 1566 4509 haec
1614 4453 1738 4509 aliis
1765 4470 1855 4509 ar-
1882 4462 1935 4522 1)

254 4538 583 4609 guentibus,
631 4555 740 4597 non
784 4556 1064 4612 negemus.
1121 4541 1400 4613 Superbia:
1428 4546 1628 4616 quippe
1660 4546 1852 4601 vitium

254 4641 369 4700 est,
398 4641 461 4687 ut
499 4635 643 4702 quod
689 4650 748 4691 se
768 4637 1009 4707 quisque
1048 4635 1206 4693 fateri
1238 4639 1396 4713 quasi
1417 4654 1513 4695 sua
1538 4648 1750 4710 sponte,
1776 4640 1857 4705 di—

252 4736 490 4800 gnatur,
518 4729 622 4793 hoc
651 4730 757 4786 sibi
786 4731 894 4786 diei
923 4732 991 4787 ab
1015 4732 1137 4787 aliis
1172 4732 1513 4803 dedignctur.

844 4822 1070 4884 CAPUT
1114 4823 1290 4880 XVll.‘

784 4892 863 4951 De
909 4895 1307 4964 compunctione

332 4981 499 5056 (Isid.
512 5023 531 5048 ,
547 4986 586 5038 ι.
603 4999 643 5038 tt
672 4984 845 5050 Sent.,
866 5001 914 5038 c.
938 4984 1052 5054 12.)
1076 4985 1432 5056 Compunctio
1450 4989 1632 5047 Cordis
1652 4997 1736 5047 est
1758 4990 1859 5044 ltu-

252 5068 474 5131 militas
512 5075 712 5130 mentis
755 5090 878 5131 cum
900 5075 1181 5148 lacrymis,
1216 5079 1470 5136 exoriens
1506 5081 1573 5136 de
1607 5080 1860 5137 recorda-

254 5167 416 5221 tione
462 5166 697 5237 peccati,
740 5176 798 5223 et
848 5169 1044 5226 timore
1076 5169 1292 5240 judicii.
1337 5172 1430 5228 illa
1464 5183 1551 5230 est
1579 5175 1859 5231 conversis

252 5256 565 5329 perfectior
589 5260 1019 5329 compunctionis
1055 5260 1294 5331 affectio,
1347 5280 1468 5335 qua:
1514 5280 1704 5322 onmes
1732 5282 1764 5320 a
1800 5280 1859 5322 se

252 5347 573 5405 carnalium
603 5348 995 5407 desideriorum
1014 5351 1241 5410 aii’ectus
1262 5355 1497 5426 repellit,
1517 5364 1572 5411 et
1594 5357 1854 5414 intentio-

250 5453 395 5499 nem
428 5454 585 5494 suam
635 5449 748 5495 toto
775 5443 975 5501 mentis
1013 5444 1194 5501 studio
1231 5446 1288 5503 in
1316 5446 1411 5501 Dei
1440 5448 1853 5517 centemplatio-

250 5550 390 5589 nem
419 5532 627 5605 deﬁgit.
662 5535 943 5591 Geminam
970 5544 1187 5592 constat
1203 5551 1326 5592 esse
1353 5539 1849 5606 compunctionem,

242 5642 369 5697 qua
399 5636 625 5697 propter
653 5628 822 5683 Deum
847 5630 1027 5684 anima
1052 5631 1313 5701 cujusque
1341 5633 1499 5691 eiecti
1526 5632 1775 5696 atllcitur,
1799 5632 1852 5686 id

252 5728 374 5787 cst,
401 5719 486 5774 vel
517 5720 642 5775 dum
693 5735 917 5797 operum
956 5736 1177 5778 suorum
1229 5721 1368 5779 mala
1411 5720 1740 5789 considerat,
1767 5721 1849 5779 vel

1998 596 2199 654 salubri
2221 604 2623 674 compungitur,
2647 606 2750 661 hoc
2764 600 2865 674 est,
2893 613 3153 668 memoria
3175 618 3574 685 praeteritorum

1997 685 2318 757 facinorum,
2368 694 2672 750 recordatio
2711 695 3014 754 futurarum
3048 718 3352 773 pinnarum,
3398 710 3575 767 consi-

1995 779 2203 837 deratio
2226 786 2679 857 peregrinationis
2704 804 2816 845 sua:
2854 790 2907 845 in
2931 792 3093 863 hujus
3119 795 3243 851 vitae
3266 796 3574 871 longinqui-

1997 875 2123 937 tate,
2154 871 2481 930 desiderium
2527 893 2773 949 supernae
2816 885 3027 954 patria},
3059 897 3327 958 quatenus
3353 894 3422 949 ad
3448 910 3569 950 eam

1995 965 2314 1032 quantocius
2341 966 2515 1023 valeat
2559 973 2865 1041 pervenire.
2890 974 3024 1031 Cum
3050 981 3281 1051 quisque
3321 995 3572 1053 peccato-

1993 1067 2113 1107 rum
2143 1054 2402 1111 memoria
2430 1063 2810 1134 compungitur
2835 1064 2900 1123 ad
2942 1068 3200 1137 lamenta,
3226 1081 3352 1129 tunc
3388 1076 3480 1131 Dei
3506 1092 3567 1133 se

1990 1143 2251 1200 vivificari
2292 1148 2431 1202 sciat
2467 1155 2776 1223 praesentia,
2832 1159 3047 1227 quando
3088 1176 3154 1216 ex
3201 1178 3266 1219 eo
3313 1167 3456 1234 quod
3508 1184 3570 1225 se

1990 1233 2238 1289 amisisse
2282 1238 2491 1304 recolit,
2539 1241 2764 1299 interius
2808 1248 3083 1325 erubescit
3120 1233 3345 1325 suoque
3360 1254 3568 1324 judicio

1987 1323 2300 1393 pmnitcndo
2360 1324 2476 1393 jam
2528 1331 2701 1400 punit.
2771 1333 2906 1390 Nam
2968 1344 3098 1395 tunc
3152 1323 3565 1415 Petru’srﬂev‘it,

1987 1418 2203 1508 quando
2246 1419 2301 1474 in
2329 1435 2449 1476 eum
2487 1423 2738 1481 Christus
2766 1431 3002 1499 respexit
3034 1432 3182 1504 (Luc.
3220 1438 3378 1508 xxu).
3409 1439 3566 1496 Unde

1987 1514 2041 1561 et
2067 1505 2310 1564 Psalmus
2338 1528 2352 1564 :
2388 1511 2656 1583 Respexit,
2679 1515 2875 1585 inquit,
2898 1528 2946 1573 et
2969 1533 3226 1580 comitata
3250 1505 3347 1591 est,
3369 1537 3419 1581 et
3442 1546 3564 1584 con-

1986 1601 2195 1655 tremuit
2247 1609 2390 1655 terra
2428 1603 2600 1675 (Psal.
2624 1608 2827 1680 Lxxvt).
2868 1609 2945 1665 De
2998 1612 3102 1667 hac
3137 1619 3568 1687 compunctionis

1984 1692 2185 1749 virtute
2204 1693 2372 1753 David
2407 1697 2521 1753 ait:
2549 1694 2792 1753 Fuerunt
2841 1700 2970 1755 mihi
3016 1701 3264 1775 lucryma:
3301 1723 3430 1762 mea:
3465 1727 3564 1780 pa-

1988 1801 2077 1841 rtes
2120 1785 2207 1841 die
2247 1802 2310 1846 ac
2360 1797 2508 1843 nocte
2574 1787 2748 1861 (Psal.
2802 1791 2937 1863 xu).
2984 1792 3127 1864 (Huc
3180 1813 3343 1867 usque
3402 1797 3564 1872 Isid.)

1982 1872 2154 1933 Luctu
2204 1890 2302 1930 suo
2336 1877 2516 1930 anima
2562 1879 2828 1947 pascitur,
2856 1896 2980 1937 cum
3018 1883 3087 1938 ad
3116 1900 3347 1957 superna
3369 1889 3563 1957 gaudia

1982 1961 2158 2021 ﬂendo
2187 1965 2515 2030 sublevatur,
2545 1977 2600 2021 et
2629 1968 2773 2023 intus
2792 1971 3010 2039 quidem
3051 1971 3252 2027 doloris
3272 1974 3355 2028 sui
3388 1976 3559 2046 gemi-

1985 2063 2096 2113 tum
2146 2054 2339 2111 tolerat
2369 2072 2381 2109 :
2410 2057 2506 2113 sed
2559 2073 2625 2114 eo
2668 2057 2979 2116 refectionis
3019 2061 3275 2132 pabulum
3308 2066 3561 2135 percipit,

1981 2159 2089 2215 quo
2137 2145 2263 2201 hinc
2303 2147 2389 2203 vis
2437 2148 2641 2204 amoris
2691 2164 2790 2220 per
2833 2149 3100 2224 lacrymas
3127 2162 3360 2207 emanat.
3392 2154 3561 2210 Electi

1979 2237 2403 2308 uniuscujusque
2427 2253 2582 2294 mens
2606 2240 2762 2311 ponit
2789 2249 2914 2296 ante
2955 2242 3142 2299 oculos
3168 2242 3313 2299 illinc
3344 2245 3562 2301 distric-

1981 2328 2182 2384 tionem
2201 2327 2446 2398 justitim,
2486 2330 2613 2388 hinc
2656 2332 2909 2392 meritum
2936 2333 3125 2404 culpae.
3154 2334 3429 2407 Conspicit
3453 2352 3563 2408 quo

1978 2419 2244 2489 supplicio
2267 2419 2427 2491 digna
2456 2421 2549 2487 sit,
2586 2421 2632 2476 si
2663 2423 2937 2492 parcentis
2963 2424 3137 2498 pietas
3160 2425 3320 2492 desit,
3345 2428 3435 2496 qui
3461 2443 3560 2498 per

1974 2508 2211 2566 lamenta
2236 2512 2521 2582 praesentia
2552 2513 2620 2567 ab
2665 2519 2866 2568 mterna
2892 2529 3083 2571 eruere
3130 2530 3291 2589 paena
3336 2532 3562 2573 consue-

1975 2603 2074 2657 vit.
2112 2602 2468 2673 Omnipotens
2493 2604 2635 2659 Deus
2677 2615 2885 2661 mentes
2916 2607 3213 2662 carnalium
3243 2608 3383 2679 (qua:
3410 2610 3561 2679 prius

1976 2691 2029 2745 in
2059 2691 2214 2759 hujus
2237 2693 2420 2746 mundi
2444 2692 2694 2749 [luctibus
2719 2695 3076 2767 vagabantur)
3098 2711 3197 2766 per
3232 2697 3557 2775 sancti_Spl-

1975 2782 2113 2836 ritus
2155 2782 2445 2837 adventum
2490 2782 2545 2836 in
2601 2796 2837 2838 mmrore
2883 2785 3216 2855 paenitentiae
3253 2784 3463 2856 aﬂligit’,
3500 2793 3559 2840 ut

1974 2873 2207 2928 contrita
2247 2872 2501 2944 superbia
2547 2872 2834 2929 salubriter
2880 2875 2936 2929 in
2984 2874 3291 2931 humilitate
3313 2874 3554 2943 iaceant,

1973 2977 2109 3033 quas
2158 2963 2309 3033 prius
2364 2964 2419 3017 in
2468 2963 2573 3019 hoc
2618 2964 2760 3018 mari
2807 2965 3008 3029 szeculi,
3040 2965 3148 3020 alta
3193 2967 3450 3022 vanitatis
3501 2977 3560 3023 et

1972 3054 2350 3125 prosperitatis
2378 3055 2651 3132 sumenda
2676 3054 2941 3110 sublevat.
2970 3054 3149 3128 (Grcg.
3171 3055 3310 3112 Mor.
3335 3056 3555 3131 (qum,

1974 3162 2023 3200 c.
2059 3145 2176 3219 2i.)
2225 3146 2469 3215 Quatuor
2502 3154 2629 3202 sunt
2678 3146 2991 3216 qualitates,
3037 3148 3232 3218 quibus
3277 3148 3410 3218 justi
3450 3149 3555 3203 viri

1971 3237 2152 3292 anima
2208 3238 2263 3293 in
2302 3238 2717 3310 compunctione
2765 3237 3116 3293 vehementer
3165 3238 3415 3294 adicitur.
3448 3239 3556 3294 Aut

1970 3341 2098 3382 cum
2130 3327 2395 3382 malorum
2420 3342 2640 3383 suorum
2670 3327 3056 3393 reminiscitur,
3085 3328 3438 3384 considerans
3459 3329 3552 3385 ubi

1970 3421 2070 3476 fuit
2101 3439 2113 3474 :
2146 3419 2586 3491 autjudiciorum
2610 3418 2705 3473 Dei
2733 3419 3056 3474 sententiam
3084 3428 3353 3485 metuens,
3378 3427 3435 3475 et
3461 3434 3554 3476 se-

1967 3529 2092 3569 cum
2135 3525 2383 3583 qumrens
2432 3511 2635 3582 cogitat
2683 3510 2773 3564 ubi
2801 3510 2907 3564 erit
2932 3527 2946 3562 :
2971 3517 3066 3563 aut
3112 3525 3235 3563 cum
3263 3509 3555 3575 matavita;

1966 3602 2248 3681 pnusentis
2279 3600 2509 3656 solerter
2536 3597 2839 3662 attendens,
2868 3612 3106 3653 mearens
3126 3598 3434 3653 considerat
3458 3600 3553 3671 ubi

1965 3704 2051 3751 est
2103 3711 2116 3747 :
2166 3702 2259 3749 aut
2287 3708 2411 3748 cum
2456 3690 2597 3746 bona
2629 3705 2876 3762 superna:
2902 3690 3094 3770 patria:
3128 3691 3544 3766 contemplatur,

1964 3803 2085 3865 qua:
2113 3786 2237 3858 quia
2279 3789 2509 3841 necdum
2553 3784 2890 3855 adipiscitur,
2923 3784 3114 3856 lugens
3156 3785 3421 3855 conspicit
3456 3784 3551 3854 ubi

1965 3894 2072 3935 non
2101 3885 2204 3935 est.
2261 3877 2400 3936 Hinc
2428 3876 2715 3938 Psalmista
2741 3875 2818 3930 ait
2846 3891 2861 3931 :
2893 3872 3087 3929 Polum
3129 3874 3272 3935 dedit
3319 3874 3466 3929 nobis
3495 3874 3553 3940 in

1965 3969 2214 4040 lacrymis
2243 3971 2300 4024 in
2319 3984 2564 4031 mensura
2590 3964 2765 4038 (Psal.
2797 3964 3007 4037 Lsxtx).
3036 3965 3433 4020 Providendum
3466 3972 3552 4034 est

1965 4061 2031 4115 iis
2056 4060 2147 4130 qui
2182 4067 2404 4130 peccata
2446 4072 2671 4120 suorum
2718 4070 2942 4126 operum
2973 4048 3287 4124 deplorant;
3321 4062 3383 4108 ut
3416 4069 3548 4110 cou-

1964 4157 2234 4206 summata
2273 4147 2414 4203 mala
2466 4145 2708 4218 perfecto
2759 4144 2970 4206 diluant
3010 4143 3272 4209 lamento,
3316 4158 3388 4198 ne
3429 4143 3551 4213 plus

1964 4241 2336 4312 astringantur
2381 4238 2435 4292 in
2464 4237 2648 4292 debito
2691 4233 2989 4308 perpetrati
3033 4234 3230 4303 operis,
3261 4240 3316 4287 et
3368 4233 3553 4303 minus

1962 4331 2176 4387 salvant
2222 4330 2277 4383 in
2321 4326 2535 4382 ﬂetibus
2587 4322 2996 4381 satisfactionis.
3051 4322 3323 4400 Scriptum
3348 4321 3553 4392 quippe

1963 4431 2088 4475 est:
2123 4417 2318 4474 Polum
2354 4418 2496 4472 dedit
2527 4416 2676 4471 nobis
2716 4415 2772 4469 in
2807 4410 3055 4484 lacrymis
3084 4411 3138 4466 in
3167 4428 3434 4471 mensura.
3468 4411 3545 4480 Ut

1962 4512 2214 4567 videlicet
2264 4507 2686 4578 uniuscujusque
2742 4518 2895 4559 mens
2948 4509 3158 4558 tantum
3212 4501 3549 4575 pernitendo,

1962 4598 2393 4677 compunctionis
2442 4612 2553 4653 suae
2595 4596 2747 4652 bibat
2801 4594 3092 4664 Iacrymas,
3131 4599 3397 4663 quantum
3425 4606 3486 4647 se
3514 4608 3549 4663 λ

1963 4696 2076 4752 Deo
2112 4693 2359 4750 meminit
2387 4689 2595 4744 aruisse
2622 4702 2720 4758 per
2742 4686 2950 4758 culpas.

2376 4785 2380 4788 ‘
2528 4798 2754 4856 CAPUT
2794 4795 2977 4863 xvm,

2301 4893 2379 4950 De
2404 4909 2495 4965 spe
2521 4901 2570 4947 et
2601 4890 2882 4960 formidine
2908 4886 3209 4943 electorum.

2030 4990 2355 5059 Plornmque
2383 4998 2538 5042 mens
2563 4983 2699 5055 justi
2731 4982 2845 5052 jam
2872 4981 3092 5051 quidem
3118 4980 3261 5050 quod
3290 4993 3547 5059 perverse

1958 5095 2019 5137 se
2047 5080 2226 5151 egisse
2253 5075 2532 5141 meminit,
2564 5073 2843 5144 deplorat,
2876 5081 2931 5125 et
2953 5071 3068 5142 jam
3094 5085 3261 5143 prava
3291 5080 3410 5140 acta
3436 5087 3546 5135 non

1958 5172 2133 5230 solum
2163 5168 2394 5233 deserit,
2438 5164 2532 5221 sed
2578 5160 2938 5225 amarissimis
2969 5162 3133 5216 etiam
3163 5160 3413 5215 lamentis
3440 5175 3545 5230 pne

1958 5262 2060 5317 nit.
2104 5259 2210 5316 Sed
2250 5267 2431 5312 tamen
2464 5256 2593 5311 dum
2622 5267 2809 5319 eorum
2844 5267 2965 5322 quae
3003 5251 3114 5324 egit
3158 5251 3567 5315 reminisciturr

1956 5352 2109 5424 gravi
2142 5348 2332 5420 iudicii
2366 5361 2568 5425 pavore
2609 5352 2861 5407 terretur.
2906 5343 3123 5399 Electus
3163 5342 3390 5412 quisque
3427 5338 3541 5406 jam

1958 5459 2019 5501 se
2044 5441 2281 5515 perfecte
2306 5439 2601 5505 convertit,
2633 5437 2728 5493 sed
2752 5438 2930 5492 adhuc
2959 5452 3017 5491 se
3040 5434 3277 5506 perfecte
3302 5433 3353 5485 in
3382 5446 3538 5485 εοουτ

1958 5537 2121 5599 ritate
2153 5548 2262 5589 non
2288 5532 2469 5604 erigit,
2500 5532 2628 5602 quia
2661 5531 2788 5586 dum
2816 5538 3015 5603 quanta
3046 5527 3117 5582 sit
3149 5521 3413 5579 districtio
3441 5533 3536 5575 ex:

1961 5637 2118 5684 trenu
2158 5625 2423 5679 examinis
2461 5634 2680 5694 pensat,
2729 5625 2869 5678 inter
2909 5635 3058 5699 spem
3101 5626 3157 5672 et
3197 5613 3538 5680 formidinem

1958 5718 2220 5781 sollicitus
2256 5715 2393 5787 trepi
2415 5715 2489 5770 lat
2522 5733 2533 5767 :
2568 5714 2690 5784 quia
2721 5711 2885 5782 jndex
2914 5709 3092 5778 justus
3134 5706 3371 5770 veniens,
3407 5702 3537 5776 quid
