  <div class='ocr_page' id='page_1' title='image "/cluster/home/n/w/nwhite01/storage/ocr_20150623/102/hvd.32044052820032/314.png"; bbox 0 0 3960 6206; ppageno 0'>
   <div class='ocr_carea' id='block_1_1' title="bbox 200 330 308 388">
    <p class='ocr_par' dir='ltr' id='par_1_1' title="bbox 200 330 308 388">
     <span class='ocr_line' id='line_1_1' title="bbox 200 330 308 388; baseline -0.019 0"><span class='ocrx_word' id='word_1_1' title='bbox 200 330 308 388; x_wconf 75' lang='grc'><strong>617</strong></span> 
     </span>
    </p>
   </div>
   <div class='ocr_carea' id='block_1_2' title="bbox 1419 301 2270 373">
    <p class='ocr_par' dir='ltr' id='par_1_2' title="bbox 1419 301 2270 373">
     <span class='ocr_line' id='line_1_2' title="bbox 1419 301 2270 373; baseline -0.011 0"><span class='ocrx_word' id='word_1_2' title='bbox 1419 314 1725 373; x_wconf 78' lang='lat' dir='ltr'><strong>DIADEMA</strong></span> <span class='ocrx_word' id='word_1_3' title='bbox 1750 301 2270 369; x_wconf 64' lang='lat' dir='ltr'><strong>&#39;MONACHORUM.</strong></span> 
     </span>
    </p>
   </div>
   <div class='ocr_carea' id='block_1_3' title="bbox 3372 301 3477 360">
    <p class='ocr_par' dir='ltr' id='par_1_3' title="bbox 3372 301 3477 360">
     <span class='ocr_line' id='line_1_3' title="bbox 3372 301 3477 360; baseline 0.038 -4"><span class='ocrx_word' id='word_1_4' title='bbox 3372 301 3477 360; x_wconf 81' lang='lat' dir='ltr'><strong>6l8</strong></span> 
     </span>
    </p>
   </div>
   <div class='ocr_carea' id='block_1_4' title="bbox 200 416 3482 513">
    <p class='ocr_par' dir='ltr' id='par_1_4' title="bbox 200 416 3482 513">
     <span class='ocr_line' id='line_1_4' title="bbox 200 416 3482 513; baseline -0.008 -13"><span class='ocrx_word' id='word_1_5' title='bbox 200 443 332 509; x_wconf 69' lang='lat' dir='ltr'><strong>tudt,</strong></span> <span class='ocrx_word' id='word_1_6' title='bbox 350 440 546 512; x_wconf 85' lang='lat' dir='ltr'><strong>inquit,</strong></span> <span class='ocrx_word' id='word_1_7' title='bbox 558 437 980 513; x_wconf 76' lang='lat' dir='ltr'><strong>postmevenire,</strong></span> <span class='ocrx_word' id='word_1_8' title='bbox 997 437 1209 508; x_wconf 81' lang='lat' dir='ltr'><strong>abneget</strong></span> <span class='ocrx_word' id='word_1_9' title='bbox 1224 430 1787 505; x_wconf 74' lang='lat' dir='ltr'><strong>semetipsum(Matth.</strong></span> <span class='ocrx_word' id='word_1_10' title='bbox 1820 432 1866 491; x_wconf 77' lang='grc' dir='ltr'>Α</span> <span class='ocrx_word' id='word_1_11' title='bbox 1893 427 2064 497; x_wconf 86' lang='lat' dir='ltr'><strong>ccptis</strong></span> <span class='ocrx_word' id='word_1_12' title='bbox 2094 424 2307 481; x_wconf 81' lang='lat' dir='ltr'><strong>Domini</strong></span> <span class='ocrx_word' id='word_1_13' title='bbox 2342 423 2555 494; x_wconf 85' lang='lat' dir='ltr'><strong>paruit,</strong></span> <span class='ocrx_word' id='word_1_14' title='bbox 2597 437 2719 475; x_wconf 88' lang='lat' dir='ltr'><strong>cum</strong></span> <span class='ocrx_word' id='word_1_15' title='bbox 2755 419 2843 475; x_wconf 89' lang='lat' dir='ltr'><strong>illo</strong></span> <span class='ocrx_word' id='word_1_16' title='bbox 2876 416 3215 489; x_wconf 76' lang='lat' dir='ltr'><strong>postmodum</strong></span> <span class='ocrx_word' id='word_1_17' title='bbox 3242 417 3309 473; x_wconf 89' lang='lat' dir='ltr'><strong>ad</strong></span> <span class='ocrx_word' id='word_1_18' title='bbox 3334 418 3482 513; x_wconf 73' lang='lat' dir='ltr'><strong>judi-</strong></span> 
     </span>
    </p>
   </div>
   <div class='ocr_carea' id='block_1_5' title="bbox 202 533 1203 657">
    <p class='ocr_par' dir='ltr' id='par_1_5' title="bbox 202 533 1203 657">
     <span class='ocr_line' id='line_1_5' title="bbox 202 533 1203 657; baseline -0.007 1"><span class='ocrx_word' id='word_1_19' title='bbox 202 533 343 611; x_wconf 64' lang='lat' dir='ltr'><strong>m)‘</strong></span> <span class='ocrx_word' id='word_1_20' title='bbox 410 558 413 561; x_wconf 47' lang='grc'><em>’</em></span> <span class='ocrx_word' id='word_1_21' title='bbox 794 597 1023 657; x_wconf 78' lang='lat' dir='ltr'><strong>CAPUT</strong></span> <span class='ocrx_word' id='word_1_22' title='bbox 1061 597 1203 653; x_wconf 69' lang='lat' dir='ltr'><strong>xm.</strong></span> 
     </span>
    </p>
   </div>
   <div class='ocr_carea' id='block_1_6' title="bbox 492 685 1505 763">
    <p class='ocr_par' dir='ltr' id='par_1_6' title="bbox 492 685 1505 763">
     <span class='ocr_line' id='line_1_6' title="bbox 492 685 1505 763; baseline -0.007 -16"><span class='ocrx_word' id='word_1_23' title='bbox 492 691 571 747; x_wconf 89' lang='lat' dir='ltr'><strong>De</strong></span> <span class='ocrx_word' id='word_1_24' title='bbox 602 692 669 746; x_wconf 86' lang='lat' dir='ltr'><strong>iis</strong></span> <span class='ocrx_word' id='word_1_25' title='bbox 698 691 788 763; x_wconf 86' lang='lat' dir='ltr'><strong>qui</strong></span> <span class='ocrx_word' id='word_1_26' title='bbox 814 691 1045 762; x_wconf 76' lang='lat' dir='ltr'><strong>quietam</strong></span> <span class='ocrx_word' id='word_1_27' title='bbox 1074 687 1299 759; x_wconf 85' lang='lat' dir='ltr'><strong>diligunt</strong></span> <span class='ocrx_word' id='word_1_28' title='bbox 1326 685 1505 742; x_wconf 82' lang='lat' dir='ltr'><strong>vitam.</strong></span> 
     </span>
    </p>
   </div>
   <div class='ocr_carea' id='block_1_7' title="bbox 276 791 1797 875">
    <p class='ocr_par' dir='ltr' id='par_1_7' title="bbox 276 791 1797 875">
     <span class='ocr_line' id='line_1_7' title="bbox 276 791 1797 875; baseline -0.007 -18"><span class='ocrx_word' id='word_1_29' title='bbox 276 801 487 875; x_wconf 63' lang='grc' dir='ltr'><strong>(στερη</strong></span> <span class='ocrx_word' id='word_1_30' title='bbox 518 800 659 856; x_wconf 67' lang='lat' dir='ltr'><strong>lor.</strong></span> <span class='ocrx_word' id='word_1_31' title='bbox 699 799 740 854; x_wconf 88' lang='grc' dir='ltr'><strong>ι.</strong></span> <span class='ocrx_word' id='word_1_32' title='bbox 770 815 848 865; x_wconf 78' lang='grc' dir='ltr'><strong>ιν,</strong></span> <span class='ocrx_word' id='word_1_33' title='bbox 889 815 938 853; x_wconf 87' lang='lat' dir='ltr'><strong>c.</strong></span> <span class='ocrx_word' id='word_1_34' title='bbox 981 797 1097 871; x_wconf 68' lang='grc'><strong>54).</strong></span> <span class='ocrx_word' id='word_1_35' title='bbox 1144 796 1331 853; x_wconf 78' lang='lat' dir='ltr'><strong>Sancti</strong></span> <span class='ocrx_word' id='word_1_36' title='bbox 1363 795 1468 852; x_wconf 90' lang='lat' dir='ltr'><strong>viri</strong></span> <span class='ocrx_word' id='word_1_37' title='bbox 1499 794 1627 866; x_wconf 85' lang='lat' dir='ltr'><strong>quia</strong></span> <span class='ocrx_word' id='word_1_38' title='bbox 1663 791 1797 848; x_wconf 91' lang='lat' dir='ltr'><strong>nihil</strong></span> 
     </span>
    </p>
   </div>
   <div class='ocr_carea' id='block_1_8' title="bbox 202 884 1800 966">
    <p class='ocr_par' dir='ltr' id='par_1_8' title="bbox 202 884 1800 966">
     <span class='ocr_line' id='line_1_8' title="bbox 202 884 1800 966; baseline -0.006 -17"><span class='ocrx_word' id='word_1_39' title='bbox 202 894 371 966; x_wconf 85' lang='lat' dir='ltr'><strong>hujus</strong></span> <span class='ocrx_word' id='word_1_40' title='bbox 399 891 588 947; x_wconf 86' lang='lat' dir='ltr'><strong>mundi</strong></span> <span class='ocrx_word' id='word_1_41' title='bbox 623 897 916 962; x_wconf 87' lang='lat' dir='ltr'><strong>appetunt,</strong></span> <span class='ocrx_word' id='word_1_42' title='bbox 951 888 1114 945; x_wconf 80' lang='lat' dir='ltr'><strong>nu‘rlis</strong></span> <span class='ocrx_word' id='word_1_43' title='bbox 1137 886 1325 959; x_wconf 84' lang='lat' dir='ltr'><strong>procul</strong></span> <span class='ocrx_word' id='word_1_44' title='bbox 1358 886 1524 943; x_wconf 85' lang='lat' dir='ltr'><strong>dubio</strong></span> <span class='ocrx_word' id='word_1_45' title='bbox 1546 885 1601 941; x_wconf 91' lang='lat' dir='ltr'><strong>in</strong></span> <span class='ocrx_word' id='word_1_46' title='bbox 1636 884 1800 940; x_wconf 89' lang='lat' dir='ltr'><strong>corde</strong></span> 
     </span>
    </p>
   </div>
   <div class='ocr_carea' id='block_1_9' title="bbox 206 974 1800 1053">
    <p class='ocr_par' dir='ltr' id='par_1_9' title="bbox 206 974 1800 1053">
     <span class='ocr_line' id='line_1_9' title="bbox 206 974 1800 1053; baseline -0.006 -15"><span class='ocrx_word' id='word_1_47' title='bbox 206 983 534 1040; x_wconf 86' lang='lat' dir='ltr'><strong>tumultibus</strong></span> <span class='ocrx_word' id='word_1_48' title='bbox 575 989 916 1053; x_wconf 87' lang='lat' dir='ltr'><strong>premuntur.</strong></span> <span class='ocrx_word' id='word_1_49' title='bbox 967 977 1171 1036; x_wconf 84' lang='lat' dir='ltr'><strong>Omnes</strong></span> <span class='ocrx_word' id='word_1_50' title='bbox 1196 977 1420 1049; x_wconf 87' lang='lat' dir='ltr'><strong>quippe</strong></span> <span class='ocrx_word' id='word_1_51' title='bbox 1465 974 1800 1030; x_wconf 78' lang='lat' dir='ltr'><strong>inordinatos</strong></span> 
     </span>
    </p>
   </div>
   <div class='ocr_carea' id='block_1_10' title="bbox 205 1068 1800 1131">
    <p class='ocr_par' dir='ltr' id='par_1_10' title="bbox 205 1068 1800 1131">
     <span class='ocr_line' id='line_1_10' title="bbox 205 1068 1800 1131; baseline -0.008 1"><span class='ocrx_word' id='word_1_52' title='bbox 205 1074 608 1131; x_wconf 88' lang='lat' dir='ltr'><strong>desideriorum</strong></span> <span class='ocrx_word' id='word_1_53' title='bbox 655 1080 838 1127; x_wconf 85' lang='lat' dir='ltr'><strong>motus</strong></span> <span class='ocrx_word' id='word_1_54' title='bbox 880 1085 914 1125; x_wconf 89' lang='lat' dir='ltr'><strong>a</strong></span> <span class='ocrx_word' id='word_1_55' title='bbox 953 1068 1117 1128; x_wconf 85' lang='lat' dir='ltr'><strong>cubili</strong></span> <span class='ocrx_word' id='word_1_56' title='bbox 1162 1068 1344 1124; x_wconf 83' lang='lat' dir='ltr'><strong>cordis</strong></span> <span class='ocrx_word' id='word_1_57' title='bbox 1380 1081 1545 1125; x_wconf 89' lang='lat' dir='ltr'><strong>manu</strong></span> <span class='ocrx_word' id='word_1_58' title='bbox 1597 1072 1800 1121; x_wconf 71' lang='lat' dir='ltr'><strong>sancttc</strong></span> 
     </span>
    </p>
   </div>
   <div class='ocr_carea' id='block_1_11' title="bbox 207 1155 1837 1238">
    <p class='ocr_par' dir='ltr' id='par_1_11' title="bbox 207 1155 1837 1238">
     <span class='ocr_line' id='line_1_11' title="bbox 207 1155 1837 1238; baseline -0.009 -14"><span class='ocrx_word' id='word_1_59' title='bbox 207 1166 645 1225; x_wconf 69' lang='lat' dir='ltr'><strong>conversationis</strong></span> <span class='ocrx_word' id='word_1_60' title='bbox 656 1163 907 1238; x_wconf 84' lang='lat' dir='ltr'><strong>cjiciunt,</strong></span> <span class='ocrx_word' id='word_1_61' title='bbox 922 1171 978 1220; x_wconf 87' lang='lat' dir='ltr'><strong>et</strong></span> <span class='ocrx_word' id='word_1_62' title='bbox 1007 1163 1103 1233; x_wconf 87' lang='lat' dir='ltr'><strong>qui</strong></span> <span class='ocrx_word' id='word_1_63' title='bbox 1127 1159 1443 1217; x_wconf 79' lang='lat' dir='ltr'><strong>transitoria</strong></span> <span class='ocrx_word' id='word_1_64' title='bbox 1472 1164 1668 1214; x_wconf 88' lang='lat' dir='ltr'><strong>cuncta</strong></span> <span class='ocrx_word' id='word_1_65' title='bbox 1703 1155 1800 1211; x_wconf 83' lang='lat' dir='ltr'><strong>de-</strong></span> <span class='ocrx_word' id='word_1_66' title='bbox 1830 1196 1837 1203; x_wconf 85' lang='lat'><strong>.</strong></span> 
     </span>
    </p>
   </div>
   <div class='ocr_carea' id='block_1_12' title="bbox 208 1246 1804 1332">
    <p class='ocr_par' dir='ltr' id='par_1_12' title="bbox 208 1246 1804 1332">
     <span class='ocr_line' id='line_1_12' title="bbox 208 1246 1804 1332; baseline -0.009 -16"><span class='ocrx_word' id='word_1_67' title='bbox 208 1258 472 1332; x_wconf 82' lang='lat' dir='ltr'><strong>spiciunt,</strong></span> <span class='ocrx_word' id='word_1_68' title='bbox 509 1272 576 1312; x_wconf 90' lang='lat' dir='ltr'><strong>ex</strong></span> <span class='ocrx_word' id='word_1_69' title='bbox 620 1255 690 1311; x_wconf 87' lang='lat' dir='ltr'><strong>iis</strong></span> <span class='ocrx_word' id='word_1_70' title='bbox 728 1260 1015 1309; x_wconf 87' lang='lat' dir='ltr'><strong>nascentes</strong></span> <span class='ocrx_word' id='word_1_71' title='bbox 1055 1251 1444 1323; x_wconf 74' lang='lat' dir='ltr'><strong>cogitationum</strong></span> <span class='ocrx_word' id='word_1_72' title='bbox 1484 1246 1804 1304; x_wconf 79' lang='lat' dir='ltr'><strong>insolentias</strong></span> 
     </span>
    </p>
   </div>
   <div class='ocr_carea' id='block_1_13' title="bbox 210 1336 1805 1420">
    <p class='ocr_par' dir='ltr' id='par_1_13' title="bbox 210 1336 1805 1420">
     <span class='ocr_line' id='line_1_13' title="bbox 210 1336 1805 1420; baseline -0.008 -15"><span class='ocrx_word' id='word_1_73' title='bbox 210 1336 323 1406; x_wconf 74' lang='lat' dir='ltr'><strong>non</strong></span> <span class='ocrx_word' id='word_1_74' title='bbox 355 1344 654 1420; x_wconf 77' lang='lat' dir='ltr'><strong>patiuntur.</strong></span> <span class='ocrx_word' id='word_1_75' title='bbox 696 1344 880 1401; x_wconf 85' lang='lat' dir='ltr'><strong>Solam</strong></span> <span class='ocrx_word' id='word_1_76' title='bbox 905 1357 1139 1413; x_wconf 83' lang='lat' dir='ltr'><strong>namque</strong></span> <span class='ocrx_word' id='word_1_77' title='bbox 1163 1350 1421 1397; x_wconf 60' lang='lat' dir='ltr'><strong>sternam</strong></span> <span class='ocrx_word' id='word_1_78' title='bbox 1450 1339 1681 1413; x_wconf 88' lang='lat' dir='ltr'><strong>patriam</strong></span> <span class='ocrx_word' id='word_1_79' title='bbox 1710 1353 1805 1409; x_wconf 83' lang='lat' dir='ltr'><strong>ap-</strong></span> 
     </span>
    </p>
   </div>
   <div class='ocr_carea' id='block_1_14' title="bbox 210 1433 1805 1515">
    <p class='ocr_par' dir='ltr' id='par_1_14' title="bbox 210 1433 1805 1515">
     <span class='ocr_line' id='line_1_14' title="bbox 210 1433 1805 1515; baseline -0.007 -18"><span class='ocrx_word' id='word_1_80' title='bbox 210 1448 445 1515; x_wconf 87' lang='lat' dir='ltr'><strong>petunt,</strong></span> <span class='ocrx_word' id='word_1_81' title='bbox 475 1448 531 1494; x_wconf 89' lang='lat' dir='ltr'><strong>et</strong></span> <span class='ocrx_word' id='word_1_82' title='bbox 568 1438 694 1508; x_wconf 87' lang='lat' dir='ltr'><strong>quia</strong></span> <span class='ocrx_word' id='word_1_83' title='bbox 727 1436 874 1491; x_wconf 89' lang='lat' dir='ltr'><strong>nulla</strong></span> <span class='ocrx_word' id='word_1_84' title='bbox 910 1434 1071 1505; x_wconf 83' lang='lat' dir='ltr'><strong>hujus</strong></span> <span class='ocrx_word' id='word_1_85' title='bbox 1101 1434 1285 1490; x_wconf 89' lang='lat' dir='ltr'><strong>mundi</strong></span> <span class='ocrx_word' id='word_1_86' title='bbox 1317 1433 1576 1505; x_wconf 87' lang='lat' dir='ltr'><strong>diligunt,</strong></span> <span class='ocrx_word' id='word_1_87' title='bbox 1606 1445 1805 1503; x_wconf 76' lang='lat' dir='ltr'><strong>magna</strong></span> 
     </span>
    </p>
   </div>
   <div class='ocr_carea' id='block_1_15' title="bbox 215 1523 1805 1599">
    <p class='ocr_par' dir='ltr' id='par_1_15' title="bbox 215 1523 1805 1599">
     <span class='ocr_line' id='line_1_15' title="bbox 215 1523 1805 1599; baseline -0.006 -10"><span class='ocrx_word' id='word_1_88' title='bbox 215 1533 420 1589; x_wconf 84' lang='lat' dir='ltr'><strong>mentis</strong></span> <span class='ocrx_word' id='word_1_89' title='bbox 469 1528 859 1599; x_wconf 84' lang='lat' dir='ltr'><strong>tranquillitate</strong></span> <span class='ocrx_word' id='word_1_90' title='bbox 909 1526 1284 1598; x_wconf 87' lang='lat' dir='ltr'><strong>perfruuntur.</strong></span> <span class='ocrx_word' id='word_1_91' title='bbox 1345 1524 1536 1596; x_wconf 75' lang='lat' dir='ltr'><strong>Magna</strong></span> <span class='ocrx_word' id='word_1_92' title='bbox 1586 1523 1805 1593; x_wconf 83' lang='lat' dir='ltr'><strong>requies</strong></span> 
     </span>
    </p>
   </div>
   <div class='ocr_carea' id='block_1_16' title="bbox 214 1612 1806 1684">
    <p class='ocr_par' dir='ltr' id='par_1_16' title="bbox 214 1612 1806 1684">
     <span class='ocr_line' id='line_1_16' title="bbox 214 1612 1806 1684; baseline -0.005 -9"><span class='ocrx_word' id='word_1_93' title='bbox 214 1620 420 1676; x_wconf 87' lang='lat' dir='ltr'><strong>mentis</strong></span> <span class='ocrx_word' id='word_1_94' title='bbox 452 1627 571 1684; x_wconf 89' lang='lat' dir='ltr'><strong>est,</strong></span> <span class='ocrx_word' id='word_1_95' title='bbox 605 1633 637 1673; x_wconf 92' lang='lat' dir='ltr'><strong>a</strong></span> <span class='ocrx_word' id='word_1_96' title='bbox 673 1625 886 1673; x_wconf 86' lang='lat' dir='ltr'><strong>secreto</strong></span> <span class='ocrx_word' id='word_1_97' title='bbox 919 1616 1100 1672; x_wconf 85' lang='lat' dir='ltr'><strong>cordis</strong></span> <span class='ocrx_word' id='word_1_98' title='bbox 1134 1624 1472 1670; x_wconf 83' lang='lat' dir='ltr'><strong>terrenarum</strong></span> <span class='ocrx_word' id='word_1_99' title='bbox 1509 1612 1806 1670; x_wconf 87' lang='lat' dir='ltr'><strong>desiderio—</strong></span> 
     </span>
    </p>
   </div>
   <div class='ocr_carea' id='block_1_17' title="bbox 213 1704 1807 1777">
    <p class='ocr_par' dir='ltr' id='par_1_17' title="bbox 213 1704 1807 1777">
     <span class='ocr_line' id='line_1_17' title="bbox 213 1704 1807 1777; baseline -0.004 -12"><span class='ocrx_word' id='word_1_100' title='bbox 213 1725 343 1765; x_wconf 84' lang='lat' dir='ltr'><strong>rum</strong></span> <span class='ocrx_word' id='word_1_101' title='bbox 381 1707 641 1764; x_wconf 81' lang='lat' dir='ltr'><strong>tumultus</strong></span> <span class='ocrx_word' id='word_1_102' title='bbox 673 1705 964 1777; x_wconf 75' lang='lat' dir='ltr'><strong>expellere,</strong></span> <span class='ocrx_word' id='word_1_103' title='bbox 1004 1713 1056 1762; x_wconf 89' lang='lat' dir='ltr'><strong>et</strong></span> <span class='ocrx_word' id='word_1_104' title='bbox 1090 1721 1219 1760; x_wconf 88' lang='lat' dir='ltr'><strong>una.</strong></span> <span class='ocrx_word' id='word_1_105' title='bbox 1246 1704 1545 1760; x_wconf 82' lang='lat' dir='ltr'><strong>intentione</strong></span> <span class='ocrx_word' id='word_1_106' title='bbox 1587 1712 1807 1759; x_wconf 68' lang='lat' dir='ltr'><strong>actenus</strong></span> 
     </span>
    </p>
   </div>
   <div class='ocr_carea' id='block_1_18' title="bbox 1898 508 3483 588">
    <p class='ocr_par' dir='ltr' id='par_1_18' title="bbox 1898 508 3483 588">
     <span class='ocr_line' id='line_1_18' title="bbox 1898 508 3483 588; baseline -0.007 -15"><span class='ocrx_word' id='word_1_107' title='bbox 1898 519 2100 573; x_wconf 88' lang='lat' dir='ltr'><strong>candos</strong></span> <span class='ocrx_word' id='word_1_108' title='bbox 2158 516 2384 588; x_wconf 88' lang='lat' dir='ltr'><strong>populos</strong></span> <span class='ocrx_word' id='word_1_109' title='bbox 2425 514 2590 585; x_wconf 81' lang='lat' dir='ltr'><strong>jndcx</strong></span> <span class='ocrx_word' id='word_1_110' title='bbox 2637 512 2836 578; x_wconf 91' lang='lat' dir='ltr'><strong>veniet,</strong></span> <span class='ocrx_word' id='word_1_111' title='bbox 2885 512 3029 567; x_wconf 87' lang='lat' dir='ltr'><strong>sicut</strong></span> <span class='ocrx_word' id='word_1_112' title='bbox 3068 517 3265 565; x_wconf 91' lang='lat' dir='ltr'><strong>cuncta</strong></span> <span class='ocrx_word' id='word_1_113' title='bbox 3320 508 3483 563; x_wconf 54' lang='lat' dir='ltr'><strong>relin&#39;</strong></span> 
     </span>
    </p>
   </div>
   <div class='ocr_carea' id='block_1_19' title="bbox 1898 598 3486 679">
    <p class='ocr_par' dir='ltr' id='par_1_19' title="bbox 1898 598 3486 679">
     <span class='ocr_line' id='line_1_19' title="bbox 1898 598 3486 679; baseline -0.006 -16"><span class='ocrx_word' id='word_1_114' title='bbox 1898 607 2189 679; x_wconf 89' lang='lat' dir='ltr'><strong>quentibus</strong></span> <span class='ocrx_word' id='word_1_115' title='bbox 2231 603 2676 677; x_wconf 75' lang='lat' dir='ltr'><strong>praedicatoribus</strong></span> <span class='ocrx_word' id='word_1_116' title='bbox 2718 601 2919 658; x_wconf 88' lang='lat' dir='ltr'><strong>dicitur</strong></span> <span class='ocrx_word' id='word_1_117' title='bbox 2951 618 2964 656; x_wconf 94' lang='lat'>:</span> <span class='ocrx_word' id='word_1_118' title='bbox 3007 598 3262 655; x_wconf 86' lang='lat' dir='ltr'><strong>Sedebitis</strong></span> <span class='ocrx_word' id='word_1_119' title='bbox 3306 608 3355 654; x_wconf 87' lang='lat' dir='ltr'><strong>et</strong></span> <span class='ocrx_word' id='word_1_120' title='bbox 3398 616 3486 655; x_wconf 79' lang='lat' dir='ltr'><strong>vos</strong></span> 
     </span>
    </p>
   </div>
   <div class='ocr_carea' id='block_1_20' title="bbox 1898 689 3489 771">
    <p class='ocr_par' dir='ltr' id='par_1_20' title="bbox 1898 689 3489 771">
     <span class='ocr_line' id='line_1_20' title="bbox 1898 689 3489 771; baseline -0.006 -18"><span class='ocrx_word' id='word_1_121' title='bbox 1898 715 2055 771; x_wconf 83' lang='lat' dir='ltr'><strong>super</strong></span> <span class='ocrx_word' id='word_1_122' title='bbox 2090 696 2366 751; x_wconf 77' lang='lat' dir='ltr'><strong>duodecim</strong></span> <span class='ocrx_word' id='word_1_123' title='bbox 2408 696 2641 759; x_wconf 83' lang='lat' dir='ltr'><strong>thronos,</strong></span> <span class='ocrx_word' id='word_1_124' title='bbox 2676 693 2980 764; x_wconf 86' lang='lat' dir='ltr'><strong>judicantes</strong></span> <span class='ocrx_word' id='word_1_125' title='bbox 3009 691 3285 746; x_wconf 87' lang='lat' dir='ltr'><strong>duodecim</strong></span> <span class='ocrx_word' id='word_1_126' title='bbox 3319 689 3489 745; x_wconf 80' lang='lat' dir='ltr'><strong>tribus</strong></span> 
     </span>
    </p>
   </div>
   <div class='ocr_carea' id='block_1_21' title="bbox 1900 782 3490 857">
    <p class='ocr_par' dir='ltr' id='par_1_21' title="bbox 1900 782 3490 857">
     <span class='ocr_line' id='line_1_21' title="bbox 1900 782 3490 857; baseline -0.004 -14"><span class='ocrx_word' id='word_1_127' title='bbox 1900 787 2095 843; x_wconf 86' lang='lat' dir='ltr'><strong>Israel.</strong></span> <span class='ocrx_word' id='word_1_128' title='bbox 2125 786 2354 842; x_wconf 72' lang='lat' dir='ltr'><strong>[lectum</strong></span> <span class='ocrx_word' id='word_1_129' title='bbox 2377 786 2576 857; x_wconf 83' lang='lat' dir='ltr'><strong>quippe</strong></span> <span class='ocrx_word' id='word_1_130' title='bbox 2602 793 2705 850; x_wconf 90' lang='lat' dir='ltr'><strong>est,</strong></span> <span class='ocrx_word' id='word_1_131' title='bbox 2728 792 2788 839; x_wconf 82' lang='lat' dir='ltr'><strong>ut</strong></span> <span class='ocrx_word' id='word_1_132' title='bbox 2813 799 2937 839; x_wconf 90' lang='lat' dir='ltr'><strong>cum</strong></span> <span class='ocrx_word' id='word_1_133' title='bbox 2962 784 3074 839; x_wconf 88' lang='lat' dir='ltr'><strong>Deo</strong></span> <span class='ocrx_word' id='word_1_134' title='bbox 3102 783 3169 838; x_wconf 92' lang='lat' dir='ltr'><strong>de</strong></span> <span class='ocrx_word' id='word_1_135' title='bbox 3194 782 3405 854; x_wconf 90' lang='lat' dir='ltr'><strong>populis</strong></span> <span class='ocrx_word' id='word_1_136' title='bbox 3434 782 3490 837; x_wconf 91' lang='lat' dir='ltr'><strong>in</strong></span> 
     </span>
    </p>
   </div>
   <div class='ocr_carea' id='block_1_22' title="bbox 1894 873 3487 950">
    <p class='ocr_par' dir='ltr' id='par_1_22' title="bbox 1894 873 3487 950">
     <span class='ocr_line' id='line_1_22' title="bbox 1894 873 3487 950; baseline -0.005 -15"><span class='ocrx_word' id='word_1_137' title='bbox 1894 879 2103 950; x_wconf 90' lang='lat' dir='ltr'><strong>judicio</strong></span> <span class='ocrx_word' id='word_1_138' title='bbox 2125 879 2419 948; x_wconf 86' lang='lat' dir='ltr'><strong>disputent,</strong></span> <span class='ocrx_word' id='word_1_139' title='bbox 2444 877 2538 948; x_wconf 86' lang='lat' dir='ltr'><strong>qui</strong></span> <span class='ocrx_word' id='word_1_140' title='bbox 2560 877 2630 932; x_wconf 90' lang='lat' dir='ltr'><strong>ad</strong></span> <span class='ocrx_word' id='word_1_141' title='bbox 2650 877 2813 932; x_wconf 86' lang='lat' dir='ltr'><strong>verba</strong></span> <span class='ocrx_word' id='word_1_142' title='bbox 2845 873 2941 932; x_wconf 86' lang='lat' dir='ltr'><strong>Dei</strong></span> <span class='ocrx_word' id='word_1_143' title='bbox 2966 889 3207 945; x_wconf 74' lang='lat' dir='ltr'><strong>przesens</strong></span> <span class='ocrx_word' id='word_1_144' title='bbox 3229 873 3487 930; x_wconf 79' lang='lat' dir='ltr'><strong>saeculum</strong></span> 
     </span>
    </p>
   </div>
   <div class='ocr_carea' id='block_1_23' title="bbox 1898 964 3488 1041">
    <p class='ocr_par' dir='ltr' id='par_1_23' title="bbox 1898 964 3488 1041">
     <span class='ocr_line' id='line_1_23' title="bbox 1898 964 3488 1041; baseline -0.003 -16"><span class='ocrx_word' id='word_1_145' title='bbox 1898 968 2137 1041; x_wconf 78' lang='lat' dir='ltr'><strong>perfecte</strong></span> <span class='ocrx_word' id='word_1_146' title='bbox 2170 967 2568 1037; x_wconf 89' lang='lat' dir='ltr'><strong>derelinquunt.</strong></span> <span class='ocrx_word' id='word_1_147' title='bbox 2613 966 2683 1022; x_wconf 86' lang='lat' dir='ltr'><strong>Et</strong></span> <span class='ocrx_word' id='word_1_148' title='bbox 2719 965 2795 1032; x_wconf 88' lang='lat' dir='ltr'><strong>illi</strong></span> <span class='ocrx_word' id='word_1_149' title='bbox 2835 981 2957 1021; x_wconf 91' lang='lat' dir='ltr'><strong>cum</strong></span> <span class='ocrx_word' id='word_1_150' title='bbox 2994 964 3105 1020; x_wconf 87' lang='lat' dir='ltr'><strong>Deo</strong></span> <span class='ocrx_word' id='word_1_151' title='bbox 3143 965 3488 1037; x_wconf 85' lang='lat' dir='ltr'><strong>postmodum</strong></span> 
     </span>
    </p>
   </div>
   <div class='ocr_carea' id='block_1_24' title="bbox 1895 1054 3488 1133">
    <p class='ocr_par' dir='ltr' id='par_1_24' title="bbox 1895 1054 3488 1133">
     <span class='ocr_line' id='line_1_24' title="bbox 1895 1054 3488 1133; baseline -0.003 -18"><span class='ocrx_word' id='word_1_152' title='bbox 1895 1061 2109 1133; x_wconf 88' lang='lat' dir='ltr'><strong>judices</strong></span> <span class='ocrx_word' id='word_1_153' title='bbox 2145 1058 2400 1123; x_wconf 89' lang='lat' dir='ltr'><strong>veniant,</strong></span> <span class='ocrx_word' id='word_1_154' title='bbox 2444 1056 2536 1127; x_wconf 89' lang='lat' dir='ltr'><strong>qui</strong></span> <span class='ocrx_word' id='word_1_155' title='bbox 2567 1057 2616 1112; x_wconf 90' lang='lat' dir='ltr'><strong>ei</strong></span> <span class='ocrx_word' id='word_1_156' title='bbox 2645 1056 2809 1112; x_wconf 91' lang='lat' dir='ltr'><strong>modo</strong></span> <span class='ocrx_word' id='word_1_157' title='bbox 2836 1055 2890 1111; x_wconf 91' lang='lat' dir='ltr'><strong>in</strong></span> <span class='ocrx_word' id='word_1_158' title='bbox 2919 1054 3223 1110; x_wconf 88' lang='lat' dir='ltr'><strong>voluntaria</strong></span> <span class='ocrx_word' id='word_1_159' title='bbox 3251 1070 3488 1126; x_wconf 79' lang='lat' dir='ltr'><strong>pauper-</strong></span> 
     </span>
    </p>
   </div>
   <div class='ocr_carea' id='block_1_25' title="bbox 1903 1146 3491 1220">
    <p class='ocr_par' dir='ltr' id='par_1_25' title="bbox 1903 1146 3491 1220">
     <span class='ocr_line' id='line_1_25' title="bbox 1903 1146 3491 1220; baseline -0.004 -14"><span class='ocrx_word' id='word_1_160' title='bbox 1903 1158 2035 1218; x_wconf 88' lang='lat' dir='ltr'><strong>tate,</strong></span> <span class='ocrx_word' id='word_1_161' title='bbox 2058 1150 2144 1206; x_wconf 90' lang='lat' dir='ltr'><strong>vel</strong></span> <span class='ocrx_word' id='word_1_162' title='bbox 2167 1150 2221 1204; x_wconf 91' lang='lat' dir='ltr'><strong>in</strong></span> <span class='ocrx_word' id='word_1_163' title='bbox 2243 1164 2375 1220; x_wconf 84' lang='lat' dir='ltr'><strong>pace</strong></span> <span class='ocrx_word' id='word_1_164' title='bbox 2394 1147 2691 1204; x_wconf 81' lang='lat' dir='ltr'><strong>familiares</strong></span> <span class='ocrx_word' id='word_1_165' title='bbox 2712 1147 3055 1203; x_wconf 81' lang='lat' dir='ltr'><strong>exstiterunt.</strong></span> <span class='ocrx_word' id='word_1_166' title='bbox 3082 1146 3354 1219; x_wconf 88' lang='lat' dir='ltr'><strong>Scriptum</strong></span> <span class='ocrx_word' id='word_1_167' title='bbox 3374 1155 3491 1203; x_wconf 88' lang='lat' dir='ltr'><strong>est:</strong></span> 
     </span>
    </p>
   </div>
   <div class='ocr_carea' id='block_1_26' title="bbox 1902 1239 3494 1309">
    <p class='ocr_par' dir='ltr' id='par_1_26' title="bbox 1902 1239 3494 1309">
     <span class='ocr_line' id='line_1_26' title="bbox 1902 1239 3494 1309; baseline -0.002 -13"><span class='ocrx_word' id='word_1_168' title='bbox 1902 1241 2186 1297; x_wconf 79' lang='lat' dir='ltr'><strong>Advocavit</strong></span> <span class='ocrx_word' id='word_1_169' title='bbox 2213 1239 2367 1296; x_wconf 73' lang='lat' dir='ltr'><strong>cados</strong></span> <span class='ocrx_word' id='word_1_170' title='bbox 2394 1256 2627 1306; x_wconf 77' lang='lat' dir='ltr'><strong>sursum,</strong></span> <span class='ocrx_word' id='word_1_171' title='bbox 2656 1249 2705 1294; x_wconf 86' lang='lat' dir='ltr'><strong>et</strong></span> <span class='ocrx_word' id='word_1_172' title='bbox 2732 1248 2947 1305; x_wconf 83' lang='lat' dir='ltr'><strong>terram,</strong></span> <span class='ocrx_word' id='word_1_173' title='bbox 2975 1249 3032 1293; x_wconf 90' lang='lat' dir='ltr'><strong>ut</strong></span> <span class='ocrx_word' id='word_1_174' title='bbox 3056 1239 3369 1294; x_wconf 80' lang='lat' dir='ltr'><strong>discerneret</strong></span> <span class='ocrx_word' id='word_1_175' title='bbox 3400 1255 3494 1309; x_wconf 82' lang='lat' dir='ltr'><strong>po-</strong></span> 
     </span>
    </p>
   </div>
   <div class='ocr_carea' id='block_1_27' title="bbox 1901 1326 3492 1404">
    <p class='ocr_par' dir='ltr' id='par_1_27' title="bbox 1901 1326 3492 1404">
     <span class='ocr_line' id='line_1_27' title="bbox 1901 1326 3492 1404; baseline -0.003 -17"><span class='ocrx_word' id='word_1_176' title='bbox 1901 1330 2086 1403; x_wconf 78' lang='lat' dir='ltr'><strong>pulum</strong></span> <span class='ocrx_word' id='word_1_177' title='bbox 2114 1347 2270 1387; x_wconf 80' lang='lat' dir='ltr'><strong>suum</strong></span> <span class='ocrx_word' id='word_1_178' title='bbox 2301 1329 2477 1404; x_wconf 83' lang='lat' dir='ltr'><strong>(Psal.</strong></span> <span class='ocrx_word' id='word_1_179' title='bbox 2507 1326 2676 1402; x_wconf 69' lang='grc' dir='ltr'><strong>χιιι).</strong></span> <span class='ocrx_word' id='word_1_180' title='bbox 2709 1326 2914 1403; x_wconf 83' lang='lat' dir='ltr'><strong>(Greg.,</strong></span> <span class='ocrx_word' id='word_1_181' title='bbox 2948 1328 3086 1384; x_wconf 74' lang='lat' dir='ltr'><strong>Mor.</strong></span> <span class='ocrx_word' id='word_1_182' title='bbox 3117 1328 3154 1382; x_wconf 82' lang='grc' dir='ltr'><strong>ι.</strong></span> <span class='ocrx_word' id='word_1_183' title='bbox 3189 1345 3279 1395; x_wconf 89' lang='lat' dir='ltr'><strong>xv,</strong></span> <span class='ocrx_word' id='word_1_184' title='bbox 3303 1347 3351 1383; x_wconf 92' lang='lat' dir='ltr'><strong>c.</strong></span> <span class='ocrx_word' id='word_1_185' title='bbox 3377 1329 3492 1400; x_wconf 69' lang='lat'><strong>15.)</strong></span> 
     </span>
    </p>
   </div>
   <div class='ocr_carea' id='block_1_28' title="bbox 1904 1417 3495 1491">
    <p class='ocr_par' dir='ltr' id='par_1_28' title="bbox 1904 1417 3495 1491">
     <span class='ocr_line' id='line_1_28' title="bbox 1904 1417 3495 1491; baseline -0.002 -15"><span class='ocrx_word' id='word_1_186' title='bbox 1904 1419 2084 1477; x_wconf 74' lang='lat' dir='ltr'><strong>Ctelos</strong></span> <span class='ocrx_word' id='word_1_187' title='bbox 2106 1420 2304 1491; x_wconf 88' lang='lat' dir='ltr'><strong>quippe</strong></span> <span class='ocrx_word' id='word_1_188' title='bbox 2328 1435 2541 1476; x_wconf 89' lang='lat' dir='ltr'><strong>sursum</strong></span> <span class='ocrx_word' id='word_1_189' title='bbox 2570 1419 2819 1484; x_wconf 80' lang='lat' dir='ltr'><strong>advocat,</strong></span> <span class='ocrx_word' id='word_1_190' title='bbox 2848 1434 2971 1473; x_wconf 89' lang='lat' dir='ltr'><strong>cum</strong></span> <span class='ocrx_word' id='word_1_191' title='bbox 3002 1417 3037 1472; x_wconf 91' lang='lat' dir='ltr'><strong>ii</strong></span> <span class='ocrx_word' id='word_1_192' title='bbox 3067 1418 3159 1488; x_wconf 91' lang='lat' dir='ltr'><strong>qui</strong></span> <span class='ocrx_word' id='word_1_193' title='bbox 3187 1435 3286 1474; x_wconf 89' lang='lat' dir='ltr'><strong>sua</strong></span> <span class='ocrx_word' id='word_1_194' title='bbox 3311 1420 3495 1473; x_wconf 89' lang='lat' dir='ltr'><strong>omnia</strong></span> 
     </span>
    </p>
   </div>
   <div class='ocr_carea' id='block_1_29' title="bbox 1905 1505 3496 1581">
    <p class='ocr_par' dir='ltr' id='par_1_29' title="bbox 1905 1505 3496 1581">
     <span class='ocr_line' id='line_1_29' title="bbox 1905 1505 3496 1581; baseline -0.004 -16"><span class='ocrx_word' id='word_1_195' title='bbox 1905 1508 2301 1581; x_wconf 82' lang='lat' dir='ltr'><strong>relinquentes,</strong></span> <span class='ocrx_word' id='word_1_196' title='bbox 2346 1507 2813 1563; x_wconf 76' lang='lat' dir='ltr'><strong>conversationem</strong></span> <span class='ocrx_word' id='word_1_197' title='bbox 2860 1505 3097 1561; x_wconf 63' lang='lat' dir='ltr'><strong>caelestis</strong></span> <span class='ocrx_word' id='word_1_198' title='bbox 3137 1505 3262 1560; x_wconf 79' lang='lat' dir='ltr'><strong>vita:</strong></span> <span class='ocrx_word' id='word_1_199' title='bbox 3307 1515 3496 1560; x_wconf 85' lang='lat' dir='ltr'><strong>tenue-</strong></span> 
     </span>
    </p>
   </div>
   <div class='ocr_carea' id='block_1_30' title="bbox 1906 1594 3499 1668">
    <p class='ocr_par' dir='ltr' id='par_1_30' title="bbox 1906 1594 3499 1668">
     <span class='ocr_line' id='line_1_30' title="bbox 1906 1594 3499 1668; baseline -0.004 -11"><span class='ocrx_word' id='word_1_200' title='bbox 1906 1608 2054 1666; x_wconf 86' lang='lat' dir='ltr'><strong>runt,</strong></span> <span class='ocrx_word' id='word_1_201' title='bbox 2088 1599 2157 1657; x_wconf 89' lang='lat' dir='ltr'><strong>ad</strong></span> <span class='ocrx_word' id='word_1_202' title='bbox 2181 1598 2584 1654; x_wconf 89' lang='lat' dir='ltr'><strong>consedendum</strong></span> <span class='ocrx_word' id='word_1_203' title='bbox 2612 1598 2666 1651; x_wconf 91' lang='lat' dir='ltr'><strong>in</strong></span> <span class='ocrx_word' id='word_1_204' title='bbox 2685 1594 2890 1668; x_wconf 88' lang='lat' dir='ltr'><strong>judicio</strong></span> <span class='ocrx_word' id='word_1_205' title='bbox 2914 1602 3306 1662; x_wconf 84' lang='lat' dir='ltr'><strong>convocantur,</strong></span> <span class='ocrx_word' id='word_1_206' title='bbox 3333 1604 3499 1665; x_wconf 86' lang='lat' dir='ltr'><strong>atque</strong></span> 
     </span>
    </p>
   </div>
   <div class='ocr_carea' id='block_1_31' title="bbox 1907 1688 3498 1765">
    <p class='ocr_par' dir='ltr' id='par_1_31' title="bbox 1907 1688 3498 1765">
     <span class='ocr_line' id='line_1_31' title="bbox 1907 1688 3498 1765; baseline -0.004 -15"><span class='ocrx_word' id='word_1_207' title='bbox 1907 1708 2031 1750; x_wconf 89' lang='lat' dir='ltr'><strong>cum</strong></span> <span class='ocrx_word' id='word_1_208' title='bbox 2047 1708 2113 1749; x_wconf 89' lang='lat' dir='ltr'><strong>eo</strong></span> <span class='ocrx_word' id='word_1_209' title='bbox 2131 1692 2343 1765; x_wconf 90' lang='lat' dir='ltr'><strong>judiccs</strong></span> <span class='ocrx_word' id='word_1_210' title='bbox 2366 1690 2608 1746; x_wconf 88' lang='lat' dir='ltr'><strong>veniunt.</strong></span> <span class='ocrx_word' id='word_1_211' title='bbox 2634 1689 2805 1743; x_wconf 86' lang='lat' dir='ltr'><strong>Terra</strong></span> <span class='ocrx_word' id='word_1_212' title='bbox 2825 1688 2989 1743; x_wconf 86' lang='lat' dir='ltr'><strong>etiam</strong></span> <span class='ocrx_word' id='word_1_213' title='bbox 3016 1703 3233 1744; x_wconf 88' lang='lat' dir='ltr'><strong>sursum</strong></span> <span class='ocrx_word' id='word_1_214' title='bbox 3248 1696 3498 1755; x_wconf 80' lang='lat' dir='ltr'><strong>vocatur,</strong></span> 
     </span>
    </p>
   </div>
   <div class='ocr_carea' id='block_1_32' title="bbox 212 1779 3502 1874">
    <p class='ocr_par' dir='ltr' id='par_1_32' title="bbox 212 1779 3502 1874">
     <span class='ocr_line' id='line_1_32' title="bbox 212 1779 3502 1874; baseline -0.002 -30"><span class='ocrx_word' id='word_1_215' title='bbox 212 1802 412 1874; x_wconf 63' lang='grc' dir='ltr'><strong>νεηνίαι</strong></span> <span class='ocrx_word' id='word_1_216' title='bbox 453 1801 509 1856; x_wconf 73' lang='lat' dir='ltr'><strong>in</strong></span> <span class='ocrx_word' id='word_1_217' title='bbox 551 1814 796 1856; x_wconf 63' lang='lat' dir='ltr'><strong>amorem</strong></span> <span class='ocrx_word' id='word_1_218' title='bbox 833 1798 1039 1854; x_wconf 59' lang='lat' dir='ltr'><strong>intima;</strong></span> <span class='ocrx_word' id='word_1_219' title='bbox 1078 1797 1277 1869; x_wconf 62' lang='lat' dir='ltr'><strong>quietis</strong></span> <span class='ocrx_word' id='word_1_220' title='bbox 1318 1796 1597 1854; x_wconf 68' lang='lat' dir='ltr'><strong>anhelare,</strong></span> <span class='ocrx_word' id='word_1_221' title='bbox 1628 1795 1677 1852; x_wconf 77' lang='grc' dir='ltr'>Α</span> <span class='ocrx_word' id='word_1_222' title='bbox 1720 1804 1806 1852; x_wconf 80' lang='grc' dir='ltr'><strong>ιιι-</strong></span> <span class='ocrx_word' id='word_1_223' title='bbox 1833 1800 1883 1862; x_wconf 79' lang='lat' dir='ltr'><strong>B</strong></span> <span class='ocrx_word' id='word_1_224' title='bbox 1909 1800 2034 1841; x_wconf 91' lang='lat' dir='ltr'><strong>cum</strong></span> <span class='ocrx_word' id='word_1_225' title='bbox 2074 1784 2110 1840; x_wconf 90' lang='lat' dir='ltr'><strong>ii</strong></span> <span class='ocrx_word' id='word_1_226' title='bbox 2153 1783 2248 1855; x_wconf 89' lang='lat' dir='ltr'><strong>qui</strong></span> <span class='ocrx_word' id='word_1_227' title='bbox 2279 1781 2511 1874; x_wconf 76' lang='lat' dir='ltr'><strong>terrenis</strong></span> <span class='ocrx_word' id='word_1_228' title='bbox 2551 1780 2764 1836; x_wconf 90' lang='lat' dir='ltr'><strong>actibus</strong></span> <span class='ocrx_word' id='word_1_229' title='bbox 2792 1779 3011 1874; x_wconf 73' lang='lat' dir='ltr'><strong>obligati</strong></span> <span class='ocrx_word' id='word_1_230' title='bbox 3045 1779 3296 1874; x_wconf 58' lang='lat' dir='ltr'><strong>fuerant,</strong></span> <span class='ocrx_word' id='word_1_231' title='bbox 3322 1780 3377 1835; x_wconf 94' lang='lat' dir='ltr'><strong>in</strong></span> <span class='ocrx_word' id='word_1_232' title='bbox 3418 1780 3502 1837; x_wconf 84' lang='lat' dir='ltr'><strong>eis</strong></span> 
     </span>
    </p>
   </div>
   <div class='ocr_carea' id='block_1_33' title="bbox 214 1888 1803 1963">
    <p class='ocr_par' dir='ltr' id='par_1_33' title="bbox 214 1888 1803 1963">
     <span class='ocr_line' id='line_1_33' title="bbox 214 1888 1803 1963; baseline -0.004 -13"><span class='ocrx_word' id='word_1_233' title='bbox 214 1895 392 1950; x_wconf 81' lang='lat' dir='ltr'><strong>multa</strong></span> <span class='ocrx_word' id='word_1_234' title='bbox 415 1908 596 1950; x_wconf 89' lang='lat' dir='ltr'><strong>rerum</strong></span> <span class='ocrx_word' id='word_1_235' title='bbox 619 1890 997 1963; x_wconf 86' lang='lat' dir='ltr'><strong>temporalium</strong></span> <span class='ocrx_word' id='word_1_236' title='bbox 1018 1889 1187 1946; x_wconf 82' lang='lat' dir='ltr'><strong>David</strong></span> <span class='ocrx_word' id='word_1_237' title='bbox 1211 1903 1485 1945; x_wconf 83' lang='lat' dir='ltr'><strong>secessum</strong></span> <span class='ocrx_word' id='word_1_238' title='bbox 1504 1888 1803 1958; x_wconf 66' lang='lat' dir='ltr'><strong>quaarebat,</strong></span> 
     </span>
    </p>
   </div>
   <div class='ocr_carea' id='block_1_34' title="bbox 212 1976 1806 2050">
    <p class='ocr_par' dir='ltr' id='par_1_34' title="bbox 212 1976 1806 2050">
     <span class='ocr_line' id='line_1_34' title="bbox 212 1976 1806 2050; baseline -0.004 -12"><span class='ocrx_word' id='word_1_239' title='bbox 212 1997 344 2039; x_wconf 90' lang='lat' dir='ltr'><strong>cum</strong></span> <span class='ocrx_word' id='word_1_240' title='bbox 375 1981 578 2037; x_wconf 85' lang='lat' dir='ltr'><strong>diceret</strong></span> <span class='ocrx_word' id='word_1_241' title='bbox 602 1994 619 2034; x_wconf 90' lang='lat'><strong>:</strong></span> <span class='ocrx_word' id='word_1_242' title='bbox 648 1976 821 2035; x_wconf 85' lang='lat' dir='ltr'><strong>Unam</strong></span> <span class='ocrx_word' id='word_1_243' title='bbox 840 1979 982 2050; x_wconf 78' lang='lat' dir='ltr'><strong>‘petii</strong></span> <span class='ocrx_word' id='word_1_244' title='bbox 1018 1994 1051 2032; x_wconf 90' lang='lat' dir='ltr'><strong>a</strong></span> <span class='ocrx_word' id='word_1_245' title='bbox 1080 1976 1328 2042; x_wconf 80' lang='lat' dir='ltr'><strong>Domino,</strong></span> <span class='ocrx_word' id='word_1_246' title='bbox 1356 1977 1494 2031; x_wconf 88' lang='lat' dir='ltr'><strong>hanc</strong></span> <span class='ocrx_word' id='word_1_247' title='bbox 1523 1978 1806 2049; x_wconf 85' lang='lat' dir='ltr'><strong>requiram,</strong></span> 
     </span>
    </p>
   </div>
   <div class='ocr_carea' id='block_1_35' title="bbox 215 2064 1806 2140">
    <p class='ocr_par' dir='ltr' id='par_1_35' title="bbox 215 2064 1806 2140">
     <span class='ocr_line' id='line_1_35' title="bbox 215 2064 1806 2140; baseline -0.003 -14"><span class='ocrx_word' id='word_1_248' title='bbox 215 2082 277 2127; x_wconf 80' lang='lat' dir='ltr'><strong>ut</strong></span> <span class='ocrx_word' id='word_1_249' title='bbox 314 2070 600 2125; x_wconf 85' lang='lat' dir='ltr'><strong>inhabitem</strong></span> <span class='ocrx_word' id='word_1_250' title='bbox 628 2069 683 2123; x_wconf 86' lang='lat' dir='ltr'><strong>in</strong></span> <span class='ocrx_word' id='word_1_251' title='bbox 709 2067 1104 2139; x_wconf 76' lang='lat' dir='ltr'><strong>domoDomini</strong></span> <span class='ocrx_word' id='word_1_252' title='bbox 1130 2064 1305 2138; x_wconf 85' lang='lat' dir='ltr'><strong>(Psal.</strong></span> <span class='ocrx_word' id='word_1_253' title='bbox 1332 2066 1504 2140; x_wconf 79' lang='lat' dir='ltr'><strong>xxvi).</strong></span> <span class='ocrx_word' id='word_1_254' title='bbox 1535 2066 1605 2123; x_wconf 85' lang='lat' dir='ltr'><strong>Et</strong></span> <span class='ocrx_word' id='word_1_255' title='bbox 1631 2066 1762 2122; x_wconf 90' lang='lat' dir='ltr'><strong>illud</strong></span> <span class='ocrx_word' id='word_1_256' title='bbox 1786 2085 1806 2122; x_wconf 72' lang='grc' dir='ltr'>ε</span> 
     </span>
    </p>
   </div>
   <div class='ocr_carea' id='block_1_36' title="bbox 217 2156 1806 2230">
    <p class='ocr_par' dir='ltr' id='par_1_36' title="bbox 217 2156 1806 2230">
     <span class='ocr_line' id='line_1_36' title="bbox 217 2156 1806 2230; baseline -0.001 -15"><span class='ocrx_word' id='word_1_257' title='bbox 217 2160 361 2215; x_wconf 78' lang='lat' dir='ltr'><strong>Ecce</strong></span> <span class='ocrx_word' id='word_1_258' title='bbox 395 2158 633 2230; x_wconf 78' lang='lat' dir='ltr'><strong>elongari</strong></span> <span class='ocrx_word' id='word_1_259' title='bbox 670 2158 899 2229; x_wconf 78' lang='lat' dir='ltr'><strong>fugiens,</strong></span> <span class='ocrx_word' id='word_1_260' title='bbox 928 2166 978 2213; x_wconf 89' lang='lat' dir='ltr'><strong>et</strong></span> <span class='ocrx_word' id='word_1_261' title='bbox 1013 2159 1187 2213; x_wconf 86' lang='lat' dir='ltr'><strong>mansi</strong></span> <span class='ocrx_word' id='word_1_262' title='bbox 1226 2158 1281 2212; x_wconf 84' lang='lat' dir='ltr'><strong>in</strong></span> <span class='ocrx_word' id='word_1_263' title='bbox 1319 2157 1605 2214; x_wconf 81' lang='lat' dir='ltr'><strong>solitudine</strong></span> <span class='ocrx_word' id='word_1_264' title='bbox 1633 2156 1806 2230; x_wconf 87' lang='lat' dir='ltr'><strong>(Psal.</strong></span> 
     </span>
    </p>
   </div>
   <div class='ocr_carea' id='block_1_37' title="bbox 216 2249 1811 2324">
    <p class='ocr_par' dir='ltr' id='par_1_37' title="bbox 216 2249 1811 2324">
     <span class='ocr_line' id='line_1_37' title="bbox 216 2249 1811 2324; baseline -0.003 -15"><span class='ocrx_word' id='word_1_265' title='bbox 216 2251 357 2324; x_wconf 80' lang='lat' dir='ltr'><strong>uv).</strong></span> <span class='ocrx_word' id='word_1_266' title='bbox 379 2251 617 2323; x_wconf 86' lang='lat' dir='ltr'><strong>Fugiens</strong></span> <span class='ocrx_word' id='word_1_267' title='bbox 643 2250 876 2321; x_wconf 88' lang='lat' dir='ltr'><strong>elongat,</strong></span> <span class='ocrx_word' id='word_1_268' title='bbox 905 2249 1050 2321; x_wconf 88' lang='lat' dir='ltr'><strong>quia</strong></span> <span class='ocrx_word' id='word_1_269' title='bbox 1074 2251 1232 2307; x_wconf 88' lang='lat' dir='ltr'><strong>turba</strong></span> <span class='ocrx_word' id='word_1_270' title='bbox 1256 2249 1650 2306; x_wconf 81' lang='lat' dir='ltr'><strong>desideriorum</strong></span> <span class='ocrx_word' id='word_1_271' title='bbox 1672 2257 1811 2307; x_wconf 88' lang='lat' dir='ltr'><strong>tem-</strong></span> 
     </span>
    </p>
   </div>
   <div class='ocr_carea' id='block_1_38' title="bbox 214 2342 1807 2418">
    <p class='ocr_par' dir='ltr' id='par_1_38' title="bbox 214 2342 1807 2418">
     <span class='ocr_line' id='line_1_38' title="bbox 214 2342 1807 2418; baseline -0.001 -17"><span class='ocrx_word' id='word_1_272' title='bbox 214 2346 491 2418; x_wconf 85' lang='lat' dir='ltr'><strong>poralium</strong></span> <span class='ocrx_word' id='word_1_273' title='bbox 542 2344 596 2400; x_wconf 91' lang='lat' dir='ltr'><strong>in</strong></span> <span class='ocrx_word' id='word_1_274' title='bbox 644 2343 754 2400; x_wconf 84' lang='lat' dir='ltr'><strong>alta</strong></span> <span class='ocrx_word' id='word_1_275' title='bbox 798 2342 894 2399; x_wconf 89' lang='lat' dir='ltr'><strong>Dei</strong></span> <span class='ocrx_word' id='word_1_276' title='bbox 932 2343 1395 2415; x_wconf 87' lang='lat' dir='ltr'><strong>contemplatione</strong></span> <span class='ocrx_word' id='word_1_277' title='bbox 1426 2358 1487 2400; x_wconf 89' lang='lat' dir='ltr'><strong>se</strong></span> <span class='ocrx_word' id='word_1_278' title='bbox 1529 2343 1807 2411; x_wconf 85' lang='lat' dir='ltr'><strong>sublevat;</strong></span> 
     </span>
    </p>
   </div>
   <div class='ocr_carea' id='block_1_39' title="bbox 217 2433 1812 2505">
    <p class='ocr_par' dir='ltr' id='par_1_39' title="bbox 217 2433 1812 2505">
     <span class='ocr_line' id='line_1_39' title="bbox 217 2433 1812 2505; baseline -0.004 -9"><span class='ocrx_word' id='word_1_279' title='bbox 217 2447 410 2496; x_wconf 87' lang='lat' dir='ltr'><strong>manet</strong></span> <span class='ocrx_word' id='word_1_280' title='bbox 434 2451 565 2493; x_wconf 88' lang='lat' dir='ltr'><strong>vero</strong></span> <span class='ocrx_word' id='word_1_281' title='bbox 593 2437 649 2491; x_wconf 90' lang='lat' dir='ltr'><strong>in</strong></span> <span class='ocrx_word' id='word_1_282' title='bbox 677 2434 988 2501; x_wconf 87' lang='lat' dir='ltr'><strong>solitudine,</strong></span> <span class='ocrx_word' id='word_1_283' title='bbox 1022 2435 1114 2505; x_wconf 90' lang='lat' dir='ltr'><strong>qui</strong></span> <span class='ocrx_word' id='word_1_284' title='bbox 1154 2442 1470 2505; x_wconf 79' lang='lat' dir='ltr'><strong>perseverat</strong></span> <span class='ocrx_word' id='word_1_285' title='bbox 1509 2433 1565 2489; x_wconf 91' lang='lat' dir='ltr'><strong>in</strong></span> <span class='ocrx_word' id='word_1_286' title='bbox 1602 2442 1812 2491; x_wconf 88' lang='lat' dir='ltr'><strong>remota</strong></span> 
     </span>
    </p>
   </div>
   <div class='ocr_carea' id='block_1_40' title="bbox 217 2524 1815 2594">
    <p class='ocr_par' dir='ltr' id='par_1_40' title="bbox 217 2524 1815 2594">
     <span class='ocr_line' id='line_1_40' title="bbox 217 2524 1815 2594; baseline -0.003 -9"><span class='ocrx_word' id='word_1_287' title='bbox 217 2528 426 2585; x_wconf 87' lang='lat' dir='ltr'><strong>mentis</strong></span> <span class='ocrx_word' id='word_1_288' title='bbox 465 2525 786 2582; x_wconf 81' lang='lat' dir='ltr'><strong>intentione.</strong></span> <span class='ocrx_word' id='word_1_289' title='bbox 818 2524 968 2580; x_wconf 88' lang='lat' dir='ltr'><strong>Dixit</strong></span> <span class='ocrx_word' id='word_1_290' title='bbox 990 2526 1162 2582; x_wconf 85' lang='lat' dir='ltr'><strong>abbas</strong></span> <span class='ocrx_word' id='word_1_291' title='bbox 1183 2524 1455 2581; x_wconf 79' lang='lat' dir='ltr'><strong>Antonius</strong></span> <span class='ocrx_word' id='word_1_292' title='bbox 1483 2543 1497 2580; x_wconf 92' lang='lat'><strong>:</strong></span> <span class='ocrx_word' id='word_1_293' title='bbox 1528 2524 1632 2594; x_wconf 84' lang='lat' dir='ltr'><strong>Qui</strong></span> <span class='ocrx_word' id='word_1_294' title='bbox 1658 2525 1815 2581; x_wconf 86' lang='lat' dir='ltr'><strong>sedet</strong></span> 
     </span>
    </p>
   </div>
   <div class='ocr_carea' id='block_1_41' title="bbox 218 2615 1814 2689">
    <p class='ocr_par' dir='ltr' id='par_1_41' title="bbox 218 2615 1814 2689">
     <span class='ocr_line' id='line_1_41' title="bbox 218 2615 1814 2689; baseline -0.001 -14"><span class='ocrx_word' id='word_1_295' title='bbox 218 2618 281 2675; x_wconf 85' lang='lat' dir='ltr'><strong>in</strong></span> <span class='ocrx_word' id='word_1_296' title='bbox 318 2616 609 2673; x_wconf 85' lang='lat' dir='ltr'><strong>solitudine</strong></span> <span class='ocrx_word' id='word_1_297' title='bbox 645 2624 702 2671; x_wconf 92' lang='lat' dir='ltr'><strong>et</strong></span> <span class='ocrx_word' id='word_1_298' title='bbox 735 2615 996 2686; x_wconf 90' lang='lat' dir='ltr'><strong>quiescit,</strong></span> <span class='ocrx_word' id='word_1_299' title='bbox 1030 2631 1062 2670; x_wconf 91' lang='lat' dir='ltr'><strong>a</strong></span> <span class='ocrx_word' id='word_1_300' title='bbox 1090 2616 1266 2672; x_wconf 89' lang='lat' dir='ltr'><strong>tribus</strong></span> <span class='ocrx_word' id='word_1_301' title='bbox 1298 2616 1456 2673; x_wconf 88' lang='lat' dir='ltr'><strong>bellis</strong></span> <span class='ocrx_word' id='word_1_302' title='bbox 1480 2617 1729 2689; x_wconf 89' lang='lat' dir='ltr'><strong>eripitur,</strong></span> <span class='ocrx_word' id='word_1_303' title='bbox 1759 2616 1814 2673; x_wconf 91' lang='lat' dir='ltr'><strong>id</strong></span> 
     </span>
    </p>
   </div>
   <div class='ocr_carea' id='block_1_42' title="bbox 216 2691 1815 2781">
    <p class='ocr_par' dir='ltr' id='par_1_42' title="bbox 216 2691 1815 2781">
     <span class='ocr_line' id='line_1_42' title="bbox 216 2691 1815 2781; baseline -0.001 -16"><span class='ocrx_word' id='word_1_304' title='bbox 216 2717 342 2776; x_wconf 81' lang='lat' dir='ltr'><strong>est,</strong></span> <span class='ocrx_word' id='word_1_305' title='bbox 385 2710 632 2775; x_wconf 87' lang='lat' dir='ltr'><strong>auditus,</strong></span> <span class='ocrx_word' id='word_1_306' title='bbox 679 2708 965 2765; x_wconf 90' lang='lat' dir='ltr'><strong>locutionis</strong></span> <span class='ocrx_word' id='word_1_307' title='bbox 1003 2716 1059 2765; x_wconf 87' lang='lat' dir='ltr'><strong>et</strong></span> <span class='ocrx_word' id='word_1_308' title='bbox 1095 2709 1266 2765; x_wconf 90' lang='lat' dir='ltr'><strong>visus.</strong></span> <span class='ocrx_word' id='word_1_309' title='bbox 1305 2708 1464 2781; x_wconf 86' lang='lat' dir='ltr'><strong>(Sim.</strong></span> <span class='ocrx_word' id='word_1_310' title='bbox 1487 2691 1730 2779; x_wconf 55' lang='lat' dir='ltr'><strong>&#39;Metaplr.</strong></span> <span class='ocrx_word' id='word_1_311' title='bbox 1757 2708 1815 2763; x_wconf 88' lang='lat' dir='ltr'><strong>in</strong></span> 
     </span>
    </p>
   </div>
   <div class='ocr_carea' id='block_1_43' title="bbox 232 2798 1814 2871">
    <p class='ocr_par' dir='ltr' id='par_1_43' title="bbox 232 2798 1814 2871">
     <span class='ocr_line' id='line_1_43' title="bbox 232 2798 1814 2871; baseline 0.001 -18"><span class='ocrx_word' id='word_1_312' title='bbox 232 2799 359 2855; x_wconf 77' lang='lat' dir='ltr'><strong>Vita</strong></span> <span class='ocrx_word' id='word_1_313' title='bbox 382 2798 594 2871; x_wconf 76' lang='lat' dir='ltr'><strong>Arsen.)</strong></span> <span class='ocrx_word' id='word_1_314' title='bbox 637 2800 822 2857; x_wconf 87' lang='lat' dir='ltr'><strong>Abbas</strong></span> <span class='ocrx_word' id='word_1_315' title='bbox 838 2800 1107 2857; x_wconf 77' lang='lat' dir='ltr'><strong>Arsenius</strong></span> <span class='ocrx_word' id='word_1_316' title='bbox 1126 2800 1304 2855; x_wconf 86' lang='lat' dir='ltr'><strong>oravit</strong></span> <span class='ocrx_word' id='word_1_317' title='bbox 1327 2800 1515 2856; x_wconf 89' lang='lat' dir='ltr'><strong>dicens</strong></span> <span class='ocrx_word' id='word_1_318' title='bbox 1533 2817 1547 2853; x_wconf 88' lang='lat'>:</span> <span class='ocrx_word' id='word_1_319' title='bbox 1562 2799 1814 2865; x_wconf 87' lang='lat' dir='ltr'><strong>Domine,</strong></span> 
     </span>
    </p>
   </div>
   <div class='ocr_carea' id='block_1_44' title="bbox 219 2890 1813 2966">
    <p class='ocr_par' dir='ltr' id='par_1_44' title="bbox 219 2890 1813 2966">
     <span class='ocr_line' id='line_1_44' title="bbox 219 2890 1813 2966; baseline -0.001 -19"><span class='ocrx_word' id='word_1_320' title='bbox 219 2894 402 2966; x_wconf 91' lang='lat' dir='ltr'><strong>dirige</strong></span> <span class='ocrx_word' id='word_1_321' title='bbox 438 2909 525 2949; x_wconf 85' lang='lat' dir='ltr'><strong>me</strong></span> <span class='ocrx_word' id='word_1_322' title='bbox 550 2894 620 2949; x_wconf 89' lang='lat' dir='ltr'><strong>ad</strong></span> <span class='ocrx_word' id='word_1_323' title='bbox 653 2894 922 2957; x_wconf 86' lang='lat' dir='ltr'><strong>salutem;</strong></span> <span class='ocrx_word' id='word_1_324' title='bbox 963 2901 1020 2949; x_wconf 74' lang='lat' dir='ltr'><strong>et</strong></span> <span class='ocrx_word' id='word_1_325' title='bbox 1049 2892 1196 2949; x_wconf 81' lang='lat' dir='ltr'><strong>venit</strong></span> <span class='ocrx_word' id='word_1_326' title='bbox 1218 2892 1271 2948; x_wconf 91' lang='lat' dir='ltr'><strong>ei</strong></span> <span class='ocrx_word' id='word_1_327' title='bbox 1306 2905 1413 2948; x_wconf 80' lang='lat' dir='ltr'><strong>vox</strong></span> <span class='ocrx_word' id='word_1_328' title='bbox 1448 2891 1634 2948; x_wconf 89' lang='lat' dir='ltr'><strong>dicens</strong></span> <span class='ocrx_word' id='word_1_329' title='bbox 1664 2908 1679 2945; x_wconf 89' lang='lat'><strong>:</strong></span> <span class='ocrx_word' id='word_1_330' title='bbox 1706 2890 1813 2946; x_wconf 81' lang='lat' dir='ltr'><strong>Ar-</strong></span> 
     </span>
    </p>
   </div>
   <div class='ocr_carea' id='block_1_45' title="bbox 220 2981 1816 3057">
    <p class='ocr_par' dir='ltr' id='par_1_45' title="bbox 220 2981 1816 3057">
     <span class='ocr_line' id='line_1_45' title="bbox 220 2981 1816 3057; baseline -0.001 -18"><span class='ocrx_word' id='word_1_331' title='bbox 220 2985 370 3049; x_wconf 85' lang='lat' dir='ltr'><strong>seni,</strong></span> <span class='ocrx_word' id='word_1_332' title='bbox 396 2984 519 3057; x_wconf 84' lang='lat' dir='ltr'><strong>fuge</strong></span> <span class='ocrx_word' id='word_1_333' title='bbox 544 2985 814 3051; x_wconf 87' lang='lat' dir='ltr'><strong>homines,</strong></span> <span class='ocrx_word' id='word_1_334' title='bbox 848 2994 988 3051; x_wconf 86' lang='lat' dir='ltr'><strong>tace,</strong></span> <span class='ocrx_word' id='word_1_335' title='bbox 1011 2984 1253 3055; x_wconf 85' lang='lat' dir='ltr'><strong>quiesce,</strong></span> <span class='ocrx_word' id='word_1_336' title='bbox 1279 2992 1339 3038; x_wconf 90' lang='lat' dir='ltr'><strong>et</strong></span> <span class='ocrx_word' id='word_1_337' title='bbox 1358 2981 1539 3039; x_wconf 87' lang='lat' dir='ltr'><strong>salvus</strong></span> <span class='ocrx_word' id='word_1_338' title='bbox 1559 2981 1691 3037; x_wconf 87' lang='lat' dir='ltr'><strong>eris.</strong></span> <span class='ocrx_word' id='word_1_339' title='bbox 1718 2981 1816 3038; x_wconf 68' lang='lat' dir='ltr'><strong>Dio</strong></span> 
     </span>
    </p>
   </div>
   <div class='ocr_carea' id='block_1_46' title="bbox 224 3072 1818 3148">
    <p class='ocr_par' dir='ltr' id='par_1_46' title="bbox 224 3072 1818 3148">
     <span class='ocr_line' id='line_1_46' title="bbox 224 3072 1818 3148; baseline -0.001 -17"><span class='ocrx_word' id='word_1_340' title='bbox 224 3076 310 3131; x_wconf 73' lang='lat' dir='ltr'><strong>xit</strong></span> <span class='ocrx_word' id='word_1_341' title='bbox 332 3075 506 3131; x_wconf 87' lang='lat' dir='ltr'><strong>abbas</strong></span> <span class='ocrx_word' id='word_1_342' title='bbox 527 3074 737 3148; x_wconf 81' lang='lat' dir='ltr'><strong>Moyses</strong></span> <span class='ocrx_word' id='word_1_343' title='bbox 754 3094 768 3130; x_wconf 90' lang='lat'><strong>:</strong></span> <span class='ocrx_word' id='word_1_344' title='bbox 785 3075 960 3131; x_wconf 81' lang='lat' dir='ltr'><strong>Homo</strong></span> <span class='ocrx_word' id='word_1_345' title='bbox 984 3075 1198 3147; x_wconf 90' lang='lat' dir='ltr'><strong>fugiens</strong></span> <span class='ocrx_word' id='word_1_346' title='bbox 1220 3073 1491 3140; x_wconf 86' lang='lat' dir='ltr'><strong>homines,</strong></span> <span class='ocrx_word' id='word_1_347' title='bbox 1515 3072 1710 3130; x_wconf 86' lang='lat' dir='ltr'><strong>similis</strong></span> <span class='ocrx_word' id='word_1_348' title='bbox 1730 3083 1818 3130; x_wconf 88' lang='lat' dir='ltr'><strong>est</strong></span> 
     </span>
    </p>
   </div>
   <div class='ocr_carea' id='block_1_47' title="bbox 223 3150 1889 3240">
    <p class='ocr_par' dir='ltr' id='par_1_47' title="bbox 223 3150 1889 3240">
     <span class='ocr_line' id='line_1_47' title="bbox 223 3150 1889 3240; baseline -0.002 -16"><span class='ocrx_word' id='word_1_349' title='bbox 223 3184 348 3224; x_wconf 78' lang='lat' dir='ltr'><strong>uva:</strong></span> <span class='ocrx_word' id='word_1_350' title='bbox 382 3175 649 3225; x_wconf 59' lang='lat' dir='ltr'><strong>maturae:</strong></span> <span class='ocrx_word' id='word_1_351' title='bbox 687 3167 783 3240; x_wconf 90' lang='lat' dir='ltr'><strong>qui</strong></span> <span class='ocrx_word' id='word_1_352' title='bbox 819 3177 1002 3224; x_wconf 88' lang='lat' dir='ltr'><strong>autem</strong></span> <span class='ocrx_word' id='word_1_353' title='bbox 1035 3181 1163 3223; x_wconf 90' lang='lat' dir='ltr'><strong>cum</strong></span> <span class='ocrx_word' id='word_1_354' title='bbox 1188 3165 1499 3222; x_wconf 84' lang='lat' dir='ltr'><strong>hominibus</strong></span> <span class='ocrx_word' id='word_1_355' title='bbox 1525 3180 1818 3229; x_wconf 85' lang='lat' dir='ltr'><strong>conversa-</strong></span> <span class='ocrx_word' id='word_1_356' title='bbox 1842 3150 1889 3213; x_wconf 85' lang='lat' dir='ltr'><strong>C</strong></span> 
     </span>
    </p>
   </div>
   <div class='ocr_carea' id='block_1_48' title="bbox 225 3255 1821 3328">
    <p class='ocr_par' dir='ltr' id='par_1_48' title="bbox 225 3255 1821 3328">
     <span class='ocr_line' id='line_1_48' title="bbox 225 3255 1821 3328; baseline -0.003 -11"><span class='ocrx_word' id='word_1_357' title='bbox 225 3269 342 3326; x_wconf 84' lang='lat' dir='ltr'><strong>tur,</strong></span> <span class='ocrx_word' id='word_1_358' title='bbox 371 3259 515 3315; x_wconf 90' lang='lat' dir='ltr'><strong>sicut</strong></span> <span class='ocrx_word' id='word_1_359' title='bbox 541 3274 645 3315; x_wconf 91' lang='lat' dir='ltr'><strong>uva</strong></span> <span class='ocrx_word' id='word_1_360' title='bbox 680 3258 876 3316; x_wconf 89' lang='lat' dir='ltr'><strong>acerba</strong></span> <span class='ocrx_word' id='word_1_361' title='bbox 898 3259 1023 3317; x_wconf 89' lang='lat' dir='ltr'><strong>erit.</strong></span> <span class='ocrx_word' id='word_1_362' title='bbox 1057 3258 1200 3314; x_wconf 91' lang='lat' dir='ltr'><strong>Dixit</strong></span> <span class='ocrx_word' id='word_1_363' title='bbox 1226 3258 1393 3314; x_wconf 81' lang='lat' dir='ltr'><strong>abbas</strong></span> <span class='ocrx_word' id='word_1_364' title='bbox 1420 3255 1573 3314; x_wconf 81' lang='lat' dir='ltr'><strong>Nilus</strong></span> <span class='ocrx_word' id='word_1_365' title='bbox 1599 3275 1614 3313; x_wconf 87' lang='lat'><strong>:</strong></span> <span class='ocrx_word' id='word_1_366' title='bbox 1646 3257 1821 3328; x_wconf 88' lang='lat' dir='ltr'><strong>Impe-</strong></span> 
     </span>
    </p>
   </div>
   <div class='ocr_carea' id='block_1_49' title="bbox 227 3348 1821 3421">
    <p class='ocr_par' dir='ltr' id='par_1_49' title="bbox 227 3348 1821 3421">
     <span class='ocr_line' id='line_1_49' title="bbox 227 3348 1821 3421; baseline -0.003 -13"><span class='ocrx_word' id='word_1_367' title='bbox 227 3350 517 3408; x_wconf 88' lang='lat' dir='ltr'><strong>netrabilis</strong></span> <span class='ocrx_word' id='word_1_368' title='bbox 552 3357 741 3406; x_wconf 84' lang='lat' dir='ltr'><strong>manet</strong></span> <span class='ocrx_word' id='word_1_369' title='bbox 767 3365 801 3405; x_wconf 88' lang='lat' dir='ltr'><strong>a</strong></span> <span class='ocrx_word' id='word_1_370' title='bbox 836 3348 1050 3421; x_wconf 74' lang='lat' dir='ltr'><strong>sagittis</strong></span> <span class='ocrx_word' id='word_1_371' title='bbox 1086 3349 1323 3415; x_wconf 88' lang='lat' dir='ltr'><strong>inimici,</strong></span> <span class='ocrx_word' id='word_1_372' title='bbox 1363 3348 1456 3419; x_wconf 91' lang='lat' dir='ltr'><strong>qui</strong></span> <span class='ocrx_word' id='word_1_373' title='bbox 1492 3356 1641 3405; x_wconf 86' lang='lat' dir='ltr'><strong>amat</strong></span> <span class='ocrx_word' id='word_1_374' title='bbox 1666 3348 1821 3420; x_wconf 84' lang='lat' dir='ltr'><strong>quie-</strong></span> 
     </span>
    </p>
   </div>
   <div class='ocr_carea' id='block_1_50' title="bbox 227 3439 1820 3516">
    <p class='ocr_par' dir='ltr' id='par_1_50' title="bbox 227 3439 1820 3516">
     <span class='ocr_line' id='line_1_50' title="bbox 227 3439 1820 3516; baseline -0.004 -13"><span class='ocrx_word' id='word_1_375' title='bbox 227 3452 375 3511; x_wconf 80' lang='lat' dir='ltr'><strong>tem;</strong></span> <span class='ocrx_word' id='word_1_376' title='bbox 402 3444 498 3516; x_wconf 89' lang='lat' dir='ltr'><strong>qui</strong></span> <span class='ocrx_word' id='word_1_377' title='bbox 524 3451 709 3501; x_wconf 89' lang='lat' dir='ltr'><strong>autem</strong></span> <span class='ocrx_word' id='word_1_378' title='bbox 736 3442 999 3500; x_wconf 88' lang='lat' dir='ltr'><strong>miscetur</strong></span> <span class='ocrx_word' id='word_1_379' title='bbox 1026 3439 1392 3509; x_wconf 89' lang='lat' dir='ltr'><strong>multitudini,</strong></span> <span class='ocrx_word' id='word_1_380' title='bbox 1422 3442 1615 3499; x_wconf 87' lang='lat' dir='ltr'><strong>crebra</strong></span> <span class='ocrx_word' id='word_1_381' title='bbox 1644 3440 1820 3499; x_wconf 81' lang='lat' dir='ltr'><strong>susci—</strong></span> 
     </span>
    </p>
   </div>
   <div class='ocr_carea' id='block_1_51' title="bbox 225 3533 611 3610">
    <p class='ocr_par' dir='ltr' id='par_1_51' title="bbox 225 3533 611 3610">
     <span class='ocr_line' id='line_1_51' title="bbox 225 3533 611 3610; baseline -0.01 -17"><span class='ocrx_word' id='word_1_382' title='bbox 225 3533 345 3610; x_wconf 88' lang='lat' dir='ltr'><strong>piet</strong></span> <span class='ocrx_word' id='word_1_383' title='bbox 365 3534 611 3592; x_wconf 86' lang='lat' dir='ltr'><strong>vulnera.</strong></span> 
     </span>
    </p>
   </div>
   <div class='ocr_carea' id='block_1_52' title="bbox 814 3603 1248 3662">
    <p class='ocr_par' dir='ltr' id='par_1_52' title="bbox 814 3603 1248 3662">
     <span class='ocr_line' id='line_1_52' title="bbox 814 3603 1248 3662; baseline 0 -1"><span class='ocrx_word' id='word_1_384' title='bbox 814 3603 1044 3662; x_wconf 84' lang='lat' dir='ltr'><strong>CAPUT</strong></span> <span class='ocrx_word' id='word_1_385' title='bbox 1081 3604 1248 3661; x_wconf 72' lang='lat' dir='ltr'><strong>XXII.</strong></span> 
     </span>
    </p>
   </div>
   <div class='ocr_carea' id='block_1_53' title="bbox 556 3680 1499 3768">
    <p class='ocr_par' dir='ltr' id='par_1_53' title="bbox 556 3680 1499 3768">
     <span class='ocr_line' id='line_1_53' title="bbox 556 3680 1499 3768; baseline 0 -16"><span class='ocrx_word' id='word_1_386' title='bbox 556 3694 637 3752; x_wconf 86' lang='lat' dir='ltr'><strong>De</strong></span> <span class='ocrx_word' id='word_1_387' title='bbox 662 3693 839 3751; x_wconf 83' lang='lat' dir='ltr'><strong>electis</strong></span> <span class='ocrx_word' id='word_1_388' title='bbox 866 3697 1042 3752; x_wconf 84' lang='lat' dir='ltr'><strong>omnia</strong></span> <span class='ocrx_word' id='word_1_389' title='bbox 1073 3680 1499 3768; x_wconf 81' lang='lat' dir='ltr'><strong>relinquentibtts.</strong></span> 
     </span>
    </p>
   </div>
   <div class='ocr_carea' id='block_1_54' title="bbox 300 3805 1824 3882">
    <p class='ocr_par' dir='ltr' id='par_1_54' title="bbox 300 3805 1824 3882">
     <span class='ocr_line' id='line_1_54' title="bbox 300 3805 1824 3882; baseline -0.001 -18"><span class='ocrx_word' id='word_1_390' title='bbox 300 3808 487 3882; x_wconf 85' lang='lat' dir='ltr'><strong>(Greg.</strong></span> <span class='ocrx_word' id='word_1_391' title='bbox 516 3807 659 3863; x_wconf 75' lang='lat' dir='ltr'><strong>Mor.</strong></span> <span class='ocrx_word' id='word_1_392' title='bbox 691 3806 731 3861; x_wconf 84' lang='grc' dir='ltr'><strong>ι.</strong></span> <span class='ocrx_word' id='word_1_393' title='bbox 760 3823 838 3875; x_wconf 73' lang='grc' dir='ltr'><strong>ιι,</strong></span> <span class='ocrx_word' id='word_1_394' title='bbox 866 3825 915 3864; x_wconf 87' lang='lat' dir='ltr'><strong>c.</strong></span> <span class='ocrx_word' id='word_1_395' title='bbox 1103 3805 1163 3867; x_wconf 85' lang='lat' dir='ltr'><strong>In</strong></span> <span class='ocrx_word' id='word_1_396' title='bbox 1199 3806 1306 3864; x_wconf 82' lang='lat' dir='ltr'><strong>line</strong></span> <span class='ocrx_word' id='word_1_397' title='bbox 1342 3806 1525 3864; x_wconf 61' lang='lat' dir='ltr'><strong>surculi</strong></span> <span class='ocrx_word' id='word_1_398' title='bbox 1561 3821 1685 3863; x_wconf 90' lang='lat' dir='ltr'><strong>cum</strong></span> <span class='ocrx_word' id='word_1_399' title='bbox 1710 3807 1824 3862; x_wconf 88' lang='lat' dir='ltr'><strong>Deo</strong></span> 
     </span>
    </p>
   </div>
   <div class='ocr_carea' id='block_1_55' title="bbox 226 3897 1825 3975">
    <p class='ocr_par' dir='ltr' id='par_1_55' title="bbox 226 3897 1825 3975">
     <span class='ocr_line' id='line_1_55' title="bbox 226 3897 1825 3975; baseline -0.002 -17"><span class='ocrx_word' id='word_1_400' title='bbox 226 3903 445 3975; x_wconf 79' lang='lat' dir='ltr'><strong>iudices</strong></span> <span class='ocrx_word' id='word_1_401' title='bbox 472 3902 714 3968; x_wconf 77' lang='lat' dir='ltr'><strong>venient,</strong></span> <span class='ocrx_word' id='word_1_402' title='bbox 740 3900 834 3971; x_wconf 91' lang='lat' dir='ltr'><strong>qui</strong></span> <span class='ocrx_word' id='word_1_403' title='bbox 873 3915 1019 3956; x_wconf 89' lang='lat' dir='ltr'><strong>nunc</strong></span> <span class='ocrx_word' id='word_1_404' title='bbox 1056 3914 1158 3971; x_wconf 90' lang='lat' dir='ltr'><strong>pro</strong></span> <span class='ocrx_word' id='word_1_405' title='bbox 1192 3900 1306 3956; x_wconf 82' lang='lat' dir='ltr'><strong>Deo</strong></span> <span class='ocrx_word' id='word_1_406' title='bbox 1341 3897 1543 3970; x_wconf 85' lang='lat' dir='ltr'><strong>injuste</strong></span> <span class='ocrx_word' id='word_1_407' title='bbox 1572 3897 1825 3968; x_wconf 86' lang='lat' dir='ltr'><strong>judican-</strong></span> 
     </span>
    </p>
   </div>
   <div class='ocr_carea' id='block_1_56' title="bbox 232 3990 1826 4063">
    <p class='ocr_par' dir='ltr' id='par_1_56' title="bbox 232 3990 1826 4063">
     <span class='ocr_line' id='line_1_56' title="bbox 232 3990 1826 4063; baseline -0.001 -17"><span class='ocrx_word' id='word_1_408' title='bbox 232 4003 345 4049; x_wconf 89' lang='lat' dir='ltr'><strong>tur.</strong></span> <span class='ocrx_word' id='word_1_409' title='bbox 384 3991 543 4047; x_wconf 86' lang='lat' dir='ltr'><strong>Tune</strong></span> <span class='ocrx_word' id='word_1_410' title='bbox 564 4004 751 4047; x_wconf 88' lang='lat' dir='ltr'><strong>eorum</strong></span> <span class='ocrx_word' id='word_1_411' title='bbox 777 3990 869 4046; x_wconf 88' lang='lat' dir='ltr'><strong>lux</strong></span> <span class='ocrx_word' id='word_1_412' title='bbox 894 3999 1046 4047; x_wconf 89' lang='lat' dir='ltr'><strong>tanto</strong></span> <span class='ocrx_word' id='word_1_413' title='bbox 1071 3991 1232 4048; x_wconf 88' lang='lat' dir='ltr'><strong>latius</strong></span> <span class='ocrx_word' id='word_1_414' title='bbox 1252 3991 1479 4057; x_wconf 85' lang='lat' dir='ltr'><strong>emicat,</strong></span> <span class='ocrx_word' id='word_1_415' title='bbox 1503 3999 1705 4063; x_wconf 87' lang='lat' dir='ltr'><strong>quanto</strong></span> <span class='ocrx_word' id='word_1_416' title='bbox 1730 4004 1826 4046; x_wconf 88' lang='lat' dir='ltr'><strong>eos</strong></span> 
     </span>
    </p>
   </div>
   <div class='ocr_carea' id='block_1_57' title="bbox 232 4083 1827 4155">
    <p class='ocr_par' dir='ltr' id='par_1_57' title="bbox 232 4083 1827 4155">
     <span class='ocr_line' id='line_1_57' title="bbox 232 4083 1827 4155; baseline 0 -16"><span class='ocrx_word' id='word_1_417' title='bbox 232 4099 382 4140; x_wconf 89' lang='lat' dir='ltr'><strong>nunc</strong></span> <span class='ocrx_word' id='word_1_418' title='bbox 421 4098 617 4140; x_wconf 87' lang='lat' dir='ltr'><strong>manus</strong></span> <span class='ocrx_word' id='word_1_419' title='bbox 656 4083 1098 4155; x_wconf 83' lang='lat' dir='ltr'><strong>persequentium</strong></span> <span class='ocrx_word' id='word_1_420' title='bbox 1140 4083 1330 4140; x_wconf 87' lang='lat' dir='ltr'><strong>durius</strong></span> <span class='ocrx_word' id='word_1_421' title='bbox 1369 4091 1641 4154; x_wconf 75' lang='lat' dir='ltr'><strong>angustat.</strong></span> <span class='ocrx_word' id='word_1_422' title='bbox 1675 4083 1827 4141; x_wconf 88' lang='lat' dir='ltr'><strong>Tunc</strong></span> 
     </span>
    </p>
   </div>
   <div class='ocr_carea' id='block_1_58' title="bbox 236 4172 1827 4249">
    <p class='ocr_par' dir='ltr' id='par_1_58' title="bbox 236 4172 1827 4249">
     <span class='ocr_line' id='line_1_58' title="bbox 236 4172 1827 4249; baseline -0.003 -17"><span class='ocrx_word' id='word_1_423' title='bbox 236 4177 597 4248; x_wconf 84' lang='lat' dir='ltr'><strong>rcproborum</strong></span> <span class='ocrx_word' id='word_1_424' title='bbox 637 4175 808 4232; x_wconf 91' lang='lat' dir='ltr'><strong>oculis</strong></span> <span class='ocrx_word' id='word_1_425' title='bbox 848 4184 1124 4249; x_wconf 84' lang='lat' dir='ltr'><strong>patescet,</strong></span> <span class='ocrx_word' id='word_1_426' title='bbox 1163 4172 1308 4243; x_wconf 90' lang='lat' dir='ltr'><strong>quod</strong></span> <span class='ocrx_word' id='word_1_427' title='bbox 1336 4173 1543 4230; x_wconf 73' lang='lat' dir='ltr'><strong>cmicsti</strong></span> <span class='ocrx_word' id='word_1_428' title='bbox 1569 4173 1827 4244; x_wconf 90' lang='lat' dir='ltr'><strong>potestati</strong></span> 
     </span>
    </p>
   </div>
   <div class='ocr_carea' id='block_1_59' title="bbox 234 4265 1824 4338">
    <p class='ocr_par' dir='ltr' id='par_1_59' title="bbox 234 4265 1824 4338">
     <span class='ocr_line' id='line_1_59' title="bbox 234 4265 1824 4338; baseline -0.004 -15"><span class='ocrx_word' id='word_1_429' title='bbox 234 4268 459 4323; x_wconf 82' lang='lat' dir='ltr'><strong>subnixi</strong></span> <span class='ocrx_word' id='word_1_430' title='bbox 487 4275 635 4332; x_wconf 87' lang='lat' dir='ltr'><strong>sunt,</strong></span> <span class='ocrx_word' id='word_1_431' title='bbox 661 4267 755 4338; x_wconf 88' lang='lat' dir='ltr'><strong>qui</strong></span> <span class='ocrx_word' id='word_1_432' title='bbox 787 4276 1000 4323; x_wconf 88' lang='lat' dir='ltr'><strong>terrena</strong></span> <span class='ocrx_word' id='word_1_433' title='bbox 1031 4266 1212 4323; x_wconf 83' lang='lat' dir='ltr'><strong>omnia</strong></span> <span class='ocrx_word' id='word_1_434' title='bbox 1248 4273 1441 4336; x_wconf 85' lang='lat' dir='ltr'><strong>sponte</strong></span> <span class='ocrx_word' id='word_1_435' title='bbox 1468 4265 1824 4337; x_wconf 87' lang='lat' dir='ltr'><strong>reliquerunt.</strong></span> 
     </span>
    </p>
   </div>
   <div class='ocr_carea' id='block_1_60' title="bbox 235 4359 1832 4435">
    <p class='ocr_par' dir='ltr' id='par_1_60' title="bbox 235 4359 1832 4435">
     <span class='ocr_line' id='line_1_60' title="bbox 235 4359 1832 4435; baseline -0.004 -16"><span class='ocrx_word' id='word_1_436' title='bbox 235 4363 378 4431; x_wconf 83' lang='lat' dir='ltr'><strong>Quia</strong></span> <span class='ocrx_word' id='word_1_437' title='bbox 414 4362 662 4435; x_wconf 87' lang='lat' dir='ltr'><strong>quisquis</strong></span> <span class='ocrx_word' id='word_1_438' title='bbox 697 4361 919 4417; x_wconf 83' lang='lat' dir='ltr'><strong>stimulo</strong></span> <span class='ocrx_word' id='word_1_439' title='bbox 952 4360 1123 4415; x_wconf 86' lang='lat' dir='ltr'><strong>divini</strong></span> <span class='ocrx_word' id='word_1_440' title='bbox 1167 4360 1370 4417; x_wconf 86' lang='lat' dir='ltr'><strong>amoris</strong></span> <span class='ocrx_word' id='word_1_441' title='bbox 1405 4359 1703 4423; x_wconf 84' lang='lat' dir='ltr'><strong>excitatus,</strong></span> <span class='ocrx_word' id='word_1_442' title='bbox 1741 4359 1832 4414; x_wconf 88' lang='lat' dir='ltr'><strong>hic</strong></span> 
     </span>
    </p>
   </div>
   <div class='ocr_carea' id='block_1_61' title="bbox 232 4450 1833 4527">
    <p class='ocr_par' dir='ltr' id='par_1_61' title="bbox 232 4450 1833 4527">
     <span class='ocr_line' id='line_1_61' title="bbox 232 4450 1833 4527; baseline -0.004 -15"><span class='ocrx_word' id='word_1_443' title='bbox 232 4470 493 4527; x_wconf 85' lang='lat' dir='ltr'><strong>possessa</strong></span> <span class='ocrx_word' id='word_1_444' title='bbox 518 4454 818 4525; x_wconf 87' lang='lat' dir='ltr'><strong>reliquerit,</strong></span> <span class='ocrx_word' id='word_1_445' title='bbox 845 4453 952 4509; x_wconf 91' lang='lat' dir='ltr'><strong>illic</strong></span> <span class='ocrx_word' id='word_1_446' title='bbox 974 4452 1162 4525; x_wconf 86' lang='lat' dir='ltr'><strong>procul</strong></span> <span class='ocrx_word' id='word_1_447' title='bbox 1181 4452 1345 4508; x_wconf 89' lang='lat' dir='ltr'><strong>dubio</strong></span> <span class='ocrx_word' id='word_1_448' title='bbox 1368 4451 1580 4507; x_wconf 85' lang='lat' dir='ltr'><strong>culmen</strong></span> <span class='ocrx_word' id='word_1_449' title='bbox 1598 4450 1833 4522; x_wconf 87' lang='lat' dir='ltr'><strong>judicia-</strong></span> 
     </span>
    </p>
   </div>
   <div class='ocr_carea' id='block_1_62' title="bbox 232 4542 1871 4619">
    <p class='ocr_par' dir='ltr' id='par_1_62' title="bbox 232 4542 1871 4619">
     <span class='ocr_line' id='line_1_62' title="bbox 232 4542 1871 4619; baseline -0.003 -17"><span class='ocrx_word' id='word_1_450' title='bbox 232 4548 338 4604; x_wconf 69' lang='grc' dir='ltr'><strong>τῖε</strong></span> <span class='ocrx_word' id='word_1_451' title='bbox 375 4547 665 4619; x_wconf 85' lang='lat' dir='ltr'><strong>potestatis</strong></span> <span class='ocrx_word' id='word_1_452' title='bbox 703 4545 1001 4611; x_wconf 87' lang='lat' dir='ltr'><strong>obtinebit,</strong></span> <span class='ocrx_word' id='word_1_453' title='bbox 1043 4554 1108 4599; x_wconf 91' lang='lat' dir='ltr'><strong>ut</strong></span> <span class='ocrx_word' id='word_1_454' title='bbox 1143 4543 1306 4600; x_wconf 86' lang='lat' dir='ltr'><strong>simul</strong></span> <span class='ocrx_word' id='word_1_455' title='bbox 1344 4551 1472 4599; x_wconf 91' lang='lat' dir='ltr'><strong>tunc</strong></span> <span class='ocrx_word' id='word_1_456' title='bbox 1504 4542 1672 4613; x_wconf 88' lang='lat' dir='ltr'><strong>judex</strong></span> <span class='ocrx_word' id='word_1_457' title='bbox 1704 4542 1871 4599; x_wconf 67' lang='lat' dir='ltr'><strong>curnt</strong></span> 
     </span>
    </p>
   </div>
   <div class='ocr_carea' id='block_1_63' title="bbox 224 4634 1830 4711">
    <p class='ocr_par' dir='ltr' id='par_1_63' title="bbox 224 4634 1830 4711">
     <span class='ocr_line' id='line_1_63' title="bbox 224 4634 1830 4711; baseline -0.004 -15"><span class='ocrx_word' id='word_1_458' title='bbox 224 4642 422 4710; x_wconf 86' lang='lat' dir='ltr'><strong>judice</strong></span> <span class='ocrx_word' id='word_1_459' title='bbox 458 4641 671 4707; x_wconf 84' lang='lat' dir='ltr'><strong>veniat,</strong></span> <span class='ocrx_word' id='word_1_460' title='bbox 713 4640 807 4711; x_wconf 90' lang='lat' dir='ltr'><strong>qui</strong></span> <span class='ocrx_word' id='word_1_461' title='bbox 849 4648 997 4696; x_wconf 80' lang='lat' dir='ltr'><strong>nunc</strong></span> <span class='ocrx_word' id='word_1_462' title='bbox 1024 4637 1456 4695; x_wconf 87' lang='lat' dir='ltr'><strong>consideratione</strong></span> <span class='ocrx_word' id='word_1_463' title='bbox 1480 4634 1671 4705; x_wconf 87' lang='lat' dir='ltr'><strong>judicii</strong></span> <span class='ocrx_word' id='word_1_464' title='bbox 1710 4649 1830 4691; x_wconf 88' lang='lat' dir='ltr'><strong>sese</strong></span> 
     </span>
    </p>
   </div>
   <div class='ocr_carea' id='block_1_64' title="bbox 234 4726 1828 4803">
    <p class='ocr_par' dir='ltr' id='par_1_64' title="bbox 234 4726 1828 4803">
     <span class='ocr_line' id='line_1_64' title="bbox 234 4726 1828 4803; baseline -0.003 -17"><span class='ocrx_word' id='word_1_465' title='bbox 234 4741 543 4803; x_wconf 81' lang='lat' dir='ltr'><strong>spontanea</strong></span> <span class='ocrx_word' id='word_1_466' title='bbox 570 4732 847 4787; x_wconf 84' lang='lat' dir='ltr'><strong>voluntate</strong></span> <span class='ocrx_word' id='word_1_467' title='bbox 884 4730 1132 4801; x_wconf 72' lang='lat' dir='ltr'><strong>castigat.</strong></span> <span class='ocrx_word' id='word_1_468' title='bbox 1172 4729 1504 4799; x_wconf 82' lang='lat' dir='ltr'><strong>Redemptor</strong></span> <span class='ocrx_word' id='word_1_469' title='bbox 1528 4735 1715 4783; x_wconf 82' lang='lat' dir='ltr'><strong>noster</strong></span> <span class='ocrx_word' id='word_1_470' title='bbox 1735 4726 1828 4796; x_wconf 87' lang='lat' dir='ltr'><strong>ju-</strong></span> 
     </span>
    </p>
   </div>
   <div class='ocr_carea' id='block_1_65' title="bbox 234 4818 1829 4889">
    <p class='ocr_par' dir='ltr' id='par_1_65' title="bbox 234 4818 1829 4889">
     <span class='ocr_line' id='line_1_65' title="bbox 234 4818 1829 4889; baseline -0.004 -11"><span class='ocrx_word' id='word_1_471' title='bbox 234 4822 369 4878; x_wconf 83' lang='lat' dir='ltr'><strong>dicii</strong></span> <span class='ocrx_word' id='word_1_472' title='bbox 404 4822 728 4878; x_wconf 84' lang='lat' dir='ltr'><strong>sententiam</strong></span> <span class='ocrx_word' id='word_1_473' title='bbox 752 4836 878 4876; x_wconf 88' lang='lat' dir='ltr'><strong>cum</strong></span> <span class='ocrx_word' id='word_1_474' title='bbox 919 4819 1121 4877; x_wconf 89' lang='lat' dir='ltr'><strong>sanctis</strong></span> <span class='ocrx_word' id='word_1_475' title='bbox 1159 4818 1414 4875; x_wconf 74' lang='lat' dir='ltr'><strong>Ecclesia:</strong></span> <span class='ocrx_word' id='word_1_476' title='bbox 1454 4818 1829 4889; x_wconf 68' lang='lat' dir='ltr'><strong>praedicatori-</strong></span> 
     </span>
    </p>
   </div>
   <div class='ocr_carea' id='block_1_66' title="bbox 233 4907 1830 4984">
    <p class='ocr_par' dir='ltr' id='par_1_66' title="bbox 233 4907 1830 4984">
     <span class='ocr_line' id='line_1_66' title="bbox 233 4907 1830 4984; baseline -0.004 -16"><span class='ocrx_word' id='word_1_477' title='bbox 233 4914 349 4969; x_wconf 79' lang='lat' dir='ltr'><strong>bus</strong></span> <span class='ocrx_word' id='word_1_478' title='bbox 368 4911 651 4979; x_wconf 82' lang='lat' dir='ltr'><strong>decernit,</strong></span> <span class='ocrx_word' id='word_1_479' title='bbox 680 4913 821 4969; x_wconf 88' lang='lat' dir='ltr'><strong>sicut</strong></span> <span class='ocrx_word' id='word_1_480' title='bbox 848 4912 965 4984; x_wconf 87' lang='lat' dir='ltr'><strong>ipse</strong></span> <span class='ocrx_word' id='word_1_481' title='bbox 989 4912 1044 4967; x_wconf 93' lang='lat' dir='ltr'><strong>in</strong></span> <span class='ocrx_word' id='word_1_482' title='bbox 1072 4909 1364 4981; x_wconf 82' lang='lat' dir='ltr'><strong>Evangelia</strong></span> <span class='ocrx_word' id='word_1_483' title='bbox 1392 4909 1523 4965; x_wconf 87' lang='lat' dir='ltr'><strong>dicit</strong></span> <span class='ocrx_word' id='word_1_484' title='bbox 1547 4926 1560 4963; x_wconf 90' lang='lat'><strong>:</strong></span> <span class='ocrx_word' id='word_1_485' title='bbox 1600 4907 1705 4965; x_wconf 85' lang='lat' dir='ltr'><strong>Vos</strong></span> <span class='ocrx_word' id='word_1_486' title='bbox 1738 4909 1830 4980; x_wconf 84' lang='lat' dir='ltr'><strong>qui</strong></span> 
     </span>
    </p>
   </div>
   <div class='ocr_carea' id='block_1_67' title="bbox 237 5000 1837 5074">
    <p class='ocr_par' dir='ltr' id='par_1_67' title="bbox 237 5000 1837 5074">
     <span class='ocr_line' id='line_1_67' title="bbox 237 5000 1837 5074; baseline -0.002 -17"><span class='ocrx_word' id='word_1_487' title='bbox 237 5003 530 5074; x_wconf 70' lang='lat' dir='ltr'><strong>reliquistis</strong></span> <span class='ocrx_word' id='word_1_488' title='bbox 564 5003 760 5067; x_wconf 85' lang='lat' dir='ltr'><strong>omnia,</strong></span> <span class='ocrx_word' id='word_1_489' title='bbox 795 5012 843 5057; x_wconf 86' lang='lat' dir='ltr'><strong>et</strong></span> <span class='ocrx_word' id='word_1_490' title='bbox 878 5003 1042 5057; x_wconf 80' lang='lat' dir='ltr'><strong>seculi</strong></span> <span class='ocrx_word' id='word_1_491' title='bbox 1074 5002 1199 5057; x_wconf 83' lang='lat' dir='ltr'><strong>estis</strong></span> <span class='ocrx_word' id='word_1_492' title='bbox 1227 5015 1332 5066; x_wconf 82' lang='lat' dir='ltr'><strong>me,</strong></span> <span class='ocrx_word' id='word_1_493' title='bbox 1360 5001 1418 5053; x_wconf 89' lang='lat' dir='ltr'><strong>in</strong></span> <span class='ocrx_word' id='word_1_494' title='bbox 1446 5000 1837 5070; x_wconf 80' lang='lat' dir='ltr'><strong>regeneratione</strong></span> 
     </span>
    </p>
   </div>
   <div class='ocr_carea' id='block_1_68' title="bbox 235 5089 1838 5160">
    <p class='ocr_par' dir='ltr' id='par_1_68' title="bbox 235 5089 1838 5160">
     <span class='ocr_line' id='line_1_68' title="bbox 235 5089 1838 5160; baseline -0.001 -14"><span class='ocrx_word' id='word_1_495' title='bbox 235 5109 366 5146; x_wconf 77' lang='lat' dir='ltr'><strong>cum</strong></span> <span class='ocrx_word' id='word_1_496' title='bbox 392 5092 582 5146; x_wconf 85' lang='lat' dir='ltr'><strong>sederit</strong></span> <span class='ocrx_word' id='word_1_497' title='bbox 604 5090 782 5146; x_wconf 72' lang='lat' dir='ltr'><strong>Filius</strong></span> <span class='ocrx_word' id='word_1_498' title='bbox 807 5091 1033 5146; x_wconf 80' lang='lat' dir='ltr'><strong>hominis</strong></span> <span class='ocrx_word' id='word_1_499' title='bbox 1056 5091 1111 5145; x_wconf 88' lang='lat' dir='ltr'><strong>in</strong></span> <span class='ocrx_word' id='word_1_500' title='bbox 1135 5090 1257 5145; x_wconf 85' lang='lat' dir='ltr'><strong>sede</strong></span> <span class='ocrx_word' id='word_1_501' title='bbox 1277 5089 1571 5160; x_wconf 63' lang='lat' dir='ltr'><strong>maiestatis</strong></span> <span class='ocrx_word' id='word_1_502' title='bbox 1593 5105 1726 5155; x_wconf 70' lang='lat' dir='ltr'><strong>sum,</strong></span> <span class='ocrx_word' id='word_1_503' title='bbox 1755 5105 1838 5145; x_wconf 83' lang='lat' dir='ltr'><strong>se—</strong></span> 
     </span>
    </p>
   </div>
   <div class='ocr_carea' id='block_1_69' title="bbox 149 5180 1839 5252">
    <p class='ocr_par' dir='ltr' id='par_1_69' title="bbox 149 5180 1839 5252">
     <span class='ocr_line' id='line_1_69' title="bbox 149 5180 1839 5252; baseline 0.001 -18"><span class='ocrx_word' id='word_1_504' title='bbox 149 5189 160 5197; x_wconf 88' lang='lat'><strong><em>&#39;</em></strong></span> <span class='ocrx_word' id='word_1_505' title='bbox 234 5181 435 5235; x_wconf 77' lang='lat' dir='ltr'><strong>debitis</strong></span> <span class='ocrx_word' id='word_1_506' title='bbox 456 5191 505 5234; x_wconf 83' lang='lat' dir='ltr'><strong>et</strong></span> <span class='ocrx_word' id='word_1_507' title='bbox 531 5197 623 5235; x_wconf 77' lang='lat' dir='ltr'><strong>vos</strong></span> <span class='ocrx_word' id='word_1_508' title='bbox 652 5197 809 5252; x_wconf 77' lang='lat' dir='ltr'><strong>super</strong></span> <span class='ocrx_word' id='word_1_509' title='bbox 827 5181 1102 5237; x_wconf 78' lang='lat' dir='ltr'><strong>duodecim</strong></span> <span class='ocrx_word' id='word_1_510' title='bbox 1127 5181 1294 5247; x_wconf 84' lang='lat' dir='ltr'><strong>sedes,</strong></span> <span class='ocrx_word' id='word_1_511' title='bbox 1312 5180 1614 5252; x_wconf 83' lang='lat' dir='ltr'><strong>judicantes</strong></span> <span class='ocrx_word' id='word_1_512' title='bbox 1639 5180 1839 5235; x_wconf 84' lang='lat' dir='ltr'><strong>duode-</strong></span> 
     </span>
    </p>
   </div>
   <div class='ocr_carea' id='block_1_70' title="bbox 238 5268 1839 5343">
    <p class='ocr_par' dir='ltr' id='par_1_70' title="bbox 238 5268 1839 5343">
     <span class='ocr_line' id='line_1_70' title="bbox 238 5268 1839 5343; baseline 0.001 -20"><span class='ocrx_word' id='word_1_513' title='bbox 238 5270 351 5323; x_wconf 81' lang='lat' dir='ltr'><strong>cim</strong></span> <span class='ocrx_word' id='word_1_514' title='bbox 377 5270 547 5325; x_wconf 79' lang='lat' dir='ltr'><strong>tribus</strong></span> <span class='ocrx_word' id='word_1_515' title='bbox 572 5268 742 5325; x_wconf 79' lang='lat' dir='ltr'><strong>Israel</strong></span> <span class='ocrx_word' id='word_1_516' title='bbox 764 5269 976 5342; x_wconf 72' lang='lat' dir='ltr'><strong>(Matth.</strong></span> <span class='ocrx_word' id='word_1_517' title='bbox 1001 5270 1139 5343; x_wconf 71' lang='grc' dir='ltr'><strong>ιιι).</strong></span> <span class='ocrx_word' id='word_1_518' title='bbox 1169 5269 1371 5328; x_wconf 89' lang='lat' dir='ltr'><strong>Omnes</strong></span> <span class='ocrx_word' id='word_1_519' title='bbox 1393 5270 1486 5342; x_wconf 88' lang='lat' dir='ltr'><strong>qui</strong></span> <span class='ocrx_word' id='word_1_520' title='bbox 1516 5270 1571 5325; x_wconf 92' lang='lat' dir='ltr'><strong>in</strong></span> <span class='ocrx_word' id='word_1_521' title='bbox 1596 5270 1839 5326; x_wconf 86' lang='lat' dir='ltr'><strong>Ecclesia</strong></span> 
     </span>
    </p>
   </div>
   <div class='ocr_carea' id='block_1_71' title="bbox 237 5359 1837 5431">
    <p class='ocr_par' dir='ltr' id='par_1_71' title="bbox 237 5359 1837 5431">
     <span class='ocr_line' id='line_1_71' title="bbox 237 5359 1837 5431; baseline 0.001 -16"><span class='ocrx_word' id='word_1_522' title='bbox 237 5360 412 5415; x_wconf 82' lang='lat' dir='ltr'><strong>modo</strong></span> <span class='ocrx_word' id='word_1_523' title='bbox 450 5359 680 5430; x_wconf 89' lang='lat' dir='ltr'><strong>perfecti</strong></span> <span class='ocrx_word' id='word_1_524' title='bbox 724 5368 878 5423; x_wconf 88' lang='lat' dir='ltr'><strong>sunt,</strong></span> <span class='ocrx_word' id='word_1_525' title='bbox 921 5361 1273 5431; x_wconf 85' lang='lat' dir='ltr'><strong>perfectionis</strong></span> <span class='ocrx_word' id='word_1_526' title='bbox 1310 5377 1423 5417; x_wconf 71' lang='lat' dir='ltr'><strong>suae</strong></span> <span class='ocrx_word' id='word_1_527' title='bbox 1461 5361 1837 5418; x_wconf 86' lang='lat' dir='ltr'><strong>rectitudinem</strong></span> 
     </span>
    </p>
   </div>
   <div class='ocr_carea' id='block_1_72' title="bbox 237 5451 1839 5525">
    <p class='ocr_par' dir='ltr' id='par_1_72' title="bbox 237 5451 1839 5525">
     <span class='ocr_line' id='line_1_72' title="bbox 237 5451 1839 5525; baseline 0.004 -22"><span class='ocrx_word' id='word_1_528' title='bbox 237 5467 350 5518; x_wconf 85' lang='lat' dir='ltr'><strong>per</strong></span> <span class='ocrx_word' id='word_1_529' title='bbox 378 5451 732 5522; x_wconf 81' lang='lat' dir='ltr'><strong>Evangelium</strong></span> <span class='ocrx_word' id='word_1_530' title='bbox 761 5453 1084 5509; x_wconf 85' lang='lat' dir='ltr'><strong>didicerunt.</strong></span> <span class='ocrx_word' id='word_1_531' title='bbox 1122 5454 1467 5524; x_wconf 80' lang='lat' dir='ltr'><strong>Redemptori</strong></span> <span class='ocrx_word' id='word_1_532' title='bbox 1496 5468 1626 5525; x_wconf 86' lang='lat' dir='ltr'><strong>ergo</strong></span> <span class='ocrx_word' id='word_1_533' title='bbox 1650 5462 1839 5510; x_wconf 90' lang='lat' dir='ltr'><strong>nostro</strong></span> 
     </span>
    </p>
   </div>
   <div class='ocr_carea' id='block_1_73' title="bbox 241 5541 1840 5613">
    <p class='ocr_par' dir='ltr' id='par_1_73' title="bbox 241 5541 1840 5613">
     <span class='ocr_line' id='line_1_73' title="bbox 241 5541 1840 5613; baseline 0.003 -19"><span class='ocrx_word' id='word_1_534' title='bbox 241 5542 412 5607; x_wconf 69' lang='lat' dir='ltr'><strong>inniti,</strong></span> <span class='ocrx_word' id='word_1_535' title='bbox 450 5541 679 5611; x_wconf 80' lang='lat' dir='ltr'><strong>ejusque</strong></span> <span class='ocrx_word' id='word_1_536' title='bbox 718 5542 985 5613; x_wconf 76' lang='lat' dir='ltr'><strong>majestati</strong></span> <span class='ocrx_word' id='word_1_537' title='bbox 1025 5543 1318 5613; x_wconf 85' lang='lat' dir='ltr'><strong>conjuncti,</strong></span> <span class='ocrx_word' id='word_1_538' title='bbox 1358 5556 1482 5598; x_wconf 88' lang='lat' dir='ltr'><strong>cum</strong></span> <span class='ocrx_word' id='word_1_539' title='bbox 1527 5556 1593 5598; x_wconf 89' lang='lat' dir='ltr'><strong>eo</strong></span> <span class='ocrx_word' id='word_1_540' title='bbox 1627 5541 1840 5611; x_wconf 77' lang='lat' dir='ltr'><strong>iudices</strong></span> 
     </span>
    </p>
   </div>
   <div class='ocr_carea' id='block_1_74' title="bbox 240 5631 1839 5707">
    <p class='ocr_par' dir='ltr' id='par_1_74' title="bbox 240 5631 1839 5707">
     <span class='ocr_line' id='line_1_74' title="bbox 240 5631 1839 5707; baseline 0.003 -22"><span class='ocrx_word' id='word_1_541' title='bbox 240 5631 603 5698; x_wconf 74' lang='lat' dir='ltr'><strong>videbuntur,</strong></span> <span class='ocrx_word' id='word_1_542' title='bbox 631 5633 725 5702; x_wconf 88' lang='lat' dir='ltr'><strong>qui</strong></span> <span class='ocrx_word' id='word_1_543' title='bbox 753 5635 913 5690; x_wconf 91' lang='lat' dir='ltr'><strong>modo</strong></span> <span class='ocrx_word' id='word_1_544' title='bbox 945 5635 1184 5706; x_wconf 84' lang='lat' dir='ltr'><strong>perfecta</strong></span> <span class='ocrx_word' id='word_1_545' title='bbox 1216 5649 1379 5705; x_wconf 86' lang='lat' dir='ltr'><strong>opera</strong></span> <span class='ocrx_word' id='word_1_546' title='bbox 1413 5634 1568 5704; x_wconf 84' lang='lat' dir='ltr'><strong>juxta</strong></span> <span class='ocrx_word' id='word_1_547' title='bbox 1596 5635 1839 5707; x_wconf 73' lang='lat' dir='ltr'><strong>Evange~</strong></span> 
     </span>
    </p>
   </div>
   <div class='ocr_carea' id='block_1_75' title="bbox 241 5722 1841 5799">
    <p class='ocr_par' dir='ltr' id='par_1_75' title="bbox 241 5722 1841 5799">
     <span class='ocr_line' id='line_1_75' title="bbox 241 5722 1841 5799; baseline 0.004 -22"><span class='ocrx_word' id='word_1_548' title='bbox 241 5722 362 5778; x_wconf 80' lang='lat' dir='ltr'><strong>lica</strong></span> <span class='ocrx_word' id='word_1_549' title='bbox 400 5732 673 5796; x_wconf 65' lang='lat' dir='ltr'><strong>praecepta</strong></span> <span class='ocrx_word' id='word_1_550' title='bbox 707 5727 877 5781; x_wconf 89' lang='lat' dir='ltr'><strong>secuti</strong></span> <span class='ocrx_word' id='word_1_551' title='bbox 915 5735 1062 5783; x_wconf 89' lang='lat' dir='ltr'><strong>sunt.</strong></span> <span class='ocrx_word' id='word_1_552' title='bbox 1099 5728 1202 5798; x_wconf 84' lang='lat' dir='ltr'><strong>Qui</strong></span> <span class='ocrx_word' id='word_1_553' title='bbox 1242 5731 1295 5785; x_wconf 92' lang='lat' dir='ltr'><strong>in</strong></span> <span class='ocrx_word' id='word_1_554' title='bbox 1340 5730 1443 5787; x_wconf 89' lang='lat' dir='ltr'><strong>hoc</strong></span> <span class='ocrx_word' id='word_1_555' title='bbox 1471 5729 1668 5786; x_wconf 77' lang='lat' dir='ltr'><strong>steculo</strong></span> <span class='ocrx_word' id='word_1_556' title='bbox 1702 5743 1841 5799; x_wconf 80' lang='lat' dir='ltr'><strong>pra:-</strong></span> 
     </span>
    </p>
   </div>
   <div class='ocr_carea' id='block_1_76' title="bbox 580 5814 1035 5882">
    <p class='ocr_par' dir='ltr' id='par_1_76' title="bbox 580 5814 1035 5882">
     <span class='ocr_line' id='line_1_76' title="bbox 580 5814 1035 5882; baseline 0.013 -6"><span class='ocrx_word' id='word_1_557' title='bbox 580 5814 860 5880; x_wconf 65' lang='lat' dir='ltr'><strong>Psrnoc.</strong></span> <span class='ocrx_word' id='word_1_558' title='bbox 905 5817 1035 5882; x_wconf 86' lang='lat' dir='ltr'><strong>Cll.</strong></span> 
     </span>
    </p>
   </div>
   <div class='ocr_carea' id='block_1_77' title="bbox 1910 1869 3541 1945">
    <p class='ocr_par' dir='ltr' id='par_1_77' title="bbox 1910 1869 3541 1945">
     <span class='ocr_line' id='line_1_77' title="bbox 1910 1869 3541 1945; baseline -0.004 -13"><span class='ocrx_word' id='word_1_559' title='bbox 1910 1884 2093 1932; x_wconf 86' lang='lat' dir='ltr'><strong>tamen</strong></span> <span class='ocrx_word' id='word_1_560' title='bbox 2117 1874 2239 1945; x_wconf 89' lang='lat' dir='ltr'><strong>plus</strong></span> <span class='ocrx_word' id='word_1_561' title='bbox 2260 1872 2504 1929; x_wconf 59' lang='lat' dir='ltr'><strong>coelestia</strong></span> <span class='ocrx_word' id='word_1_562' title='bbox 2527 1886 2691 1942; x_wconf 88' lang='lat' dir='ltr'><strong>quam</strong></span> <span class='ocrx_word' id='word_1_563' title='bbox 2714 1877 2932 1926; x_wconf 88' lang='lat' dir='ltr'><strong>terrena</strong></span> <span class='ocrx_word' id='word_1_564' title='bbox 2955 1869 3107 1925; x_wconf 91' lang='lat' dir='ltr'><strong>lucra</strong></span> <span class='ocrx_word' id='word_1_565' title='bbox 3132 1869 3496 1941; x_wconf 69' lang='lat' dir='ltr'><strong>quaesierunt:</strong></span> <span class='ocrx_word' id='word_1_566' title='bbox 3537 1898 3541 1902; x_wconf 54' lang='grc'>&gt;</span> 
     </span>
    </p>
   </div>
   <div class='ocr_carea' id='block_1_78' title="bbox 1909 1961 3498 2045">
    <p class='ocr_par' dir='ltr' id='par_1_78' title="bbox 1909 1961 3498 2045">
     <span class='ocr_line' id='line_1_78' title="bbox 1909 1961 3498 2045; baseline -0.003 -23"><span class='ocrx_word' id='word_1_567' title='bbox 1909 1968 2104 2039; x_wconf 85' lang='lat' dir='ltr'><strong>quibus</strong></span> <span class='ocrx_word' id='word_1_568' title='bbox 2135 1966 2189 2022; x_wconf 91' lang='lat' dir='ltr'><strong>in</strong></span> <span class='ocrx_word' id='word_1_569' title='bbox 2212 1966 2319 2022; x_wconf 83' lang='lat' dir='ltr'><strong>line</strong></span> <span class='ocrx_word' id='word_1_570' title='bbox 2346 1964 2547 2022; x_wconf 91' lang='lat' dir='ltr'><strong>dicitur</strong></span> <span class='ocrx_word' id='word_1_571' title='bbox 2565 1981 2577 2019; x_wconf 90' lang='lat'>:</span> <span class='ocrx_word' id='word_1_572' title='bbox 2596 1963 2799 2034; x_wconf 82' lang='lat' dir='ltr'><strong>Hospes</strong></span> <span class='ocrx_word' id='word_1_573' title='bbox 2827 1979 2995 2045; x_wconf 84' lang='lat' dir='ltr'><strong>eram,</strong></span> <span class='ocrx_word' id='word_1_574' title='bbox 3018 1971 3066 2018; x_wconf 90' lang='lat' dir='ltr'><strong>et</strong></span> <span class='ocrx_word' id='word_1_575' title='bbox 3088 1961 3369 2034; x_wconf 85' lang='lat' dir='ltr'><strong>collegistis</strong></span> <span class='ocrx_word' id='word_1_576' title='bbox 3392 1980 3498 2033; x_wconf 87' lang='lat' dir='ltr'><strong>me,</strong></span> 
     </span>
    </p>
   </div>
   <div class='ocr_carea' id='block_1_79' title="bbox 1910 2053 3501 2130">
    <p class='ocr_par' dir='ltr' id='par_1_79' title="bbox 1910 2053 3501 2130">
     <span class='ocr_line' id='line_1_79' title="bbox 1910 2053 3501 2130; baseline -0.003 -15"><span class='ocrx_word' id='word_1_577' title='bbox 1910 2059 2083 2115; x_wconf 81' lang='lat' dir='ltr'><strong>nudus</strong></span> <span class='ocrx_word' id='word_1_578' title='bbox 2109 2068 2158 2113; x_wconf 87' lang='lat' dir='ltr'><strong>et</strong></span> <span class='ocrx_word' id='word_1_579' title='bbox 2188 2058 2463 2130; x_wconf 82' lang='lat' dir='ltr'><strong>operuistis</strong></span> <span class='ocrx_word' id='word_1_580' title='bbox 2483 2073 2566 2112; x_wconf 85' lang='lat' dir='ltr'><strong>me</strong></span> <span class='ocrx_word' id='word_1_581' title='bbox 2593 2056 2810 2129; x_wconf 81' lang='lat' dir='ltr'><strong>(Matth.</strong></span> <span class='ocrx_word' id='word_1_582' title='bbox 2826 2053 3157 2126; x_wconf 85' lang='lat' dir='ltr'><strong>xxv).Electi</strong></span> <span class='ocrx_word' id='word_1_583' title='bbox 3185 2056 3288 2112; x_wconf 91' lang='lat' dir='ltr'><strong>viri</strong></span> <span class='ocrx_word' id='word_1_584' title='bbox 3316 2056 3501 2122; x_wconf 87' lang='lat' dir='ltr'><strong>omnia</strong></span> 
     </span>
    </p>
   </div>
   <div class='ocr_carea' id='block_1_80' title="bbox 1909 2146 3503 2220">
    <p class='ocr_par' dir='ltr' id='par_1_80' title="bbox 1909 2146 3503 2220">
     <span class='ocr_line' id='line_1_80' title="bbox 1909 2146 3503 2220; baseline -0.001 -16"><span class='ocrx_word' id='word_1_585' title='bbox 1909 2148 2299 2220; x_wconf 89' lang='lat' dir='ltr'><strong>relinquentes,</strong></span> <span class='ocrx_word' id='word_1_586' title='bbox 2346 2161 2455 2203; x_wconf 89' lang='lat' dir='ltr'><strong>non</strong></span> <span class='ocrx_word' id='word_1_587' title='bbox 2477 2147 2793 2219; x_wconf 89' lang='lat' dir='ltr'><strong>judicantur</strong></span> <span class='ocrx_word' id='word_1_588' title='bbox 2820 2154 2877 2202; x_wconf 92' lang='lat' dir='ltr'><strong>et</strong></span> <span class='ocrx_word' id='word_1_589' title='bbox 2904 2154 3152 2218; x_wconf 88' lang='lat' dir='ltr'><strong>regnant,</strong></span> <span class='ocrx_word' id='word_1_590' title='bbox 3196 2146 3290 2216; x_wconf 90' lang='lat' dir='ltr'><strong>qui</strong></span> <span class='ocrx_word' id='word_1_591' title='bbox 3333 2146 3503 2202; x_wconf 90' lang='lat' dir='ltr'><strong>etiam</strong></span> 
     </span>
    </p>
   </div>
   <div class='ocr_carea' id='block_1_81' title="bbox 1910 2236 3497 2313">
    <p class='ocr_par' dir='ltr' id='par_1_81' title="bbox 1910 2236 3497 2313">
     <span class='ocr_line' id='line_1_81' title="bbox 1910 2236 3497 2313; baseline -0.003 -17"><span class='ocrx_word' id='word_1_592' title='bbox 1910 2248 2179 2313; x_wconf 75' lang='lat' dir='ltr'><strong>prtecepta</strong></span> <span class='ocrx_word' id='word_1_593' title='bbox 2222 2238 2360 2310; x_wconf 88' lang='lat' dir='ltr'><strong>legis</strong></span> <span class='ocrx_word' id='word_1_594' title='bbox 2417 2236 2770 2310; x_wconf 88' lang='lat' dir='ltr'><strong>perfectionis</strong></span> <span class='ocrx_word' id='word_1_595' title='bbox 2823 2237 3022 2293; x_wconf 88' lang='lat' dir='ltr'><strong>virtute</strong></span> <span class='ocrx_word' id='word_1_596' title='bbox 3073 2237 3497 2313; x_wconf 89' lang='lat' dir='ltr'><strong>transcendunt,</strong></span> 
     </span>
    </p>
   </div>
   <div class='ocr_carea' id='block_1_82' title="bbox 1910 2312 3503 2404">
    <p class='ocr_par' dir='ltr' id='par_1_82' title="bbox 1910 2312 3503 2404">
     <span class='ocr_line' id='line_1_82' title="bbox 1910 2312 3503 2404; baseline -0.003 -15"><span class='ocrx_word' id='word_1_597' title='bbox 1910 2312 2038 2404; x_wconf 79' lang='lat' dir='ltr'><strong>quia</strong></span> <span class='ocrx_word' id='word_1_598' title='bbox 2065 2346 2405 2404; x_wconf 88' lang='lat' dir='ltr'><strong>nequaquam</strong></span> <span class='ocrx_word' id='word_1_599' title='bbox 2431 2331 2536 2386; x_wconf 90' lang='lat' dir='ltr'><strong>hoc</strong></span> <span class='ocrx_word' id='word_1_600' title='bbox 2563 2329 2737 2386; x_wconf 89' lang='lat' dir='ltr'><strong>solum</strong></span> <span class='ocrx_word' id='word_1_601' title='bbox 2781 2329 2926 2401; x_wconf 91' lang='lat' dir='ltr'><strong>quod</strong></span> <span class='ocrx_word' id='word_1_602' title='bbox 2950 2330 3166 2387; x_wconf 85' lang='lat' dir='ltr'><strong>cunctis</strong></span> <span class='ocrx_word' id='word_1_603' title='bbox 3206 2312 3389 2384; x_wconf 77' lang='lat' dir='ltr'><strong>divina</strong></span> <span class='ocrx_word' id='word_1_604' title='bbox 3411 2328 3503 2385; x_wconf 86' lang='lat' dir='ltr'><strong>lex</strong></span> 
     </span>
    </p>
   </div>
   <div class='ocr_carea' id='block_1_83' title="bbox 1911 2421 3508 2495">
    <p class='ocr_par' dir='ltr' id='par_1_83' title="bbox 1911 2421 3508 2495">
     <span class='ocr_line' id='line_1_83' title="bbox 1911 2421 3508 2495; baseline -0.004 -14"><span class='ocrx_word' id='word_1_605' title='bbox 1911 2424 2168 2495; x_wconf 64' lang='lat' dir='ltr'><strong>praecepit</strong></span> <span class='ocrx_word' id='word_1_606' title='bbox 2209 2421 2435 2494; x_wconf 87' lang='lat' dir='ltr'><strong>implere</strong></span> <span class='ocrx_word' id='word_1_607' title='bbox 2488 2422 2731 2479; x_wconf 89' lang='lat' dir='ltr'><strong>contenti</strong></span> <span class='ocrx_word' id='word_1_608' title='bbox 2776 2433 2935 2488; x_wconf 90' lang='lat' dir='ltr'><strong>sunt,</strong></span> <span class='ocrx_word' id='word_1_609' title='bbox 2993 2422 3087 2479; x_wconf 88' lang='lat' dir='ltr'><strong>sed</strong></span> <span class='ocrx_word' id='word_1_610' title='bbox 3124 2423 3508 2495; x_wconf 76' lang='lat' dir='ltr'><strong>prmstantiore</strong></span> 
     </span>
    </p>
   </div>
   <div class='ocr_carea' id='block_1_84' title="bbox 1913 2513 3505 2592">
    <p class='ocr_par' dir='ltr' id='par_1_84' title="bbox 1913 2513 3505 2592">
     <span class='ocr_line' id='line_1_84' title="bbox 1913 2513 3505 2592; baseline -0.001 -20"><span class='ocrx_word' id='word_1_611' title='bbox 1913 2516 2184 2572; x_wconf 85' lang='lat' dir='ltr'><strong>desiderio</strong></span> <span class='ocrx_word' id='word_1_612' title='bbox 2230 2514 2354 2586; x_wconf 88' lang='lat' dir='ltr'><strong>plus</strong></span> <span class='ocrx_word' id='word_1_613' title='bbox 2395 2521 2658 2592; x_wconf 85' lang='lat' dir='ltr'><strong>appetunt</strong></span> <span class='ocrx_word' id='word_1_614' title='bbox 2709 2515 2968 2571; x_wconf 90' lang='lat' dir='ltr'><strong>exhibere</strong></span> <span class='ocrx_word' id='word_1_615' title='bbox 3007 2529 3171 2587; x_wconf 89' lang='lat' dir='ltr'><strong>quam</strong></span> <span class='ocrx_word' id='word_1_616' title='bbox 3214 2513 3505 2588; x_wconf 65' lang='lat' dir='ltr'><strong>praeceptis</strong></span> 
     </span>
    </p>
   </div>
   <div class='ocr_carea' id='block_1_85' title="bbox 1914 2604 2845 2677">
    <p class='ocr_par' dir='ltr' id='par_1_85' title="bbox 1914 2604 2845 2677">
     <span class='ocr_line' id='line_1_85' title="bbox 1914 2604 2845 2677; baseline -0.001 -16"><span class='ocrx_word' id='word_1_617' title='bbox 1914 2605 2259 2677; x_wconf 75' lang='lat' dir='ltr'><strong>generalibus</strong></span> <span class='ocrx_word' id='word_1_618' title='bbox 2300 2604 2489 2665; x_wconf 84' lang='lat' dir='ltr'><strong>audire</strong></span> <span class='ocrx_word' id='word_1_619' title='bbox 2533 2612 2845 2675; x_wconf 89' lang='lat' dir='ltr'><strong>potuerunt.</strong></span> 
     </span>
    </p>
   </div>
   <div class='ocr_carea' id='block_1_86' title="bbox 2484 2706 2937 2764">
    <p class='ocr_par' dir='ltr' id='par_1_86' title="bbox 2484 2706 2937 2764">
     <span class='ocr_line' id='line_1_86' title="bbox 2484 2706 2937 2764; baseline 0 -1"><span class='ocrx_word' id='word_1_620' title='bbox 2484 2706 2711 2764; x_wconf 86' lang='lat' dir='ltr'><strong>CAPUT</strong></span> <span class='ocrx_word' id='word_1_621' title='bbox 2749 2707 2937 2763; x_wconf 76' lang='lat' dir='ltr'><strong>XXIII.</strong></span> 
     </span>
    </p>
   </div>
   <div class='ocr_carea' id='block_1_87' title="bbox 2245 2795 3331 2866">
    <p class='ocr_par' dir='ltr' id='par_1_87' title="bbox 2245 2795 3331 2866">
     <span class='ocr_line' id='line_1_87' title="bbox 2245 2795 3331 2866; baseline 0.003 -16"><span class='ocrx_word' id='word_1_622' title='bbox 2245 2795 2324 2851; x_wconf 88' lang='lat' dir='ltr'><strong>De</strong></span> <span class='ocrx_word' id='word_1_623' title='bbox 2351 2795 2753 2866; x_wconf 80' lang='lat' dir='ltr'><strong>mortiﬁcatione</strong></span> <span class='ocrx_word' id='word_1_624' title='bbox 2779 2797 3178 2853; x_wconf 76' lang='lat' dir='ltr'><strong>monachorum.</strong></span> <span class='ocrx_word' id='word_1_625' title='bbox 3326 2862 3331 2866; x_wconf 23' lang='grc' dir='ltr'>δ</span> 
     </span>
    </p>
   </div>
   <div class='ocr_carea' id='block_1_88' title="bbox 1988 2887 3507 2963">
    <p class='ocr_par' dir='ltr' id='par_1_88' title="bbox 1988 2887 3507 2963">
     <span class='ocr_line' id='line_1_88' title="bbox 1988 2887 3507 2963; baseline 0 -16"><span class='ocrx_word' id='word_1_626' title='bbox 1988 2888 2186 2947; x_wconf 80' lang='lat' dir='ltr'><strong>Paulus</strong></span> <span class='ocrx_word' id='word_1_627' title='bbox 2208 2887 2489 2958; x_wconf 86' lang='lat' dir='ltr'><strong>apostolus</strong></span> <span class='ocrx_word' id='word_1_628' title='bbox 2512 2887 2630 2943; x_wconf 61' lang='grc' dir='ltr'><strong>δῖε-ς</strong></span> <span class='ocrx_word' id='word_1_629' title='bbox 2664 2887 2979 2961; x_wconf 72' lang='lat' dir='ltr'><strong>Existimate</strong></span> <span class='ocrx_word' id='word_1_630' title='bbox 3011 2904 3097 2944; x_wconf 83' lang='lat' dir='ltr'><strong>ros</strong></span> <span class='ocrx_word' id='word_1_631' title='bbox 3124 2898 3357 2946; x_wconf 82' lang='lat' dir='ltr'><strong>mortuos</strong></span> <span class='ocrx_word' id='word_1_632' title='bbox 3382 2895 3507 2963; x_wconf 82' lang='lat' dir='ltr'><strong>qui-</strong></span> 
     </span>
    </p>
   </div>
   <div class='ocr_carea' id='block_1_89' title="bbox 1917 2983 3510 3063">
    <p class='ocr_par' dir='ltr' id='par_1_89' title="bbox 1917 2983 3510 3063">
     <span class='ocr_line' id='line_1_89' title="bbox 1917 2983 3510 3063; baseline 0.003 -23"><span class='ocrx_word' id='word_1_633' title='bbox 1917 2984 2036 3040; x_wconf 87' lang='lat' dir='ltr'><strong>dem</strong></span> <span class='ocrx_word' id='word_1_634' title='bbox 2068 3000 2180 3040; x_wconf 85' lang='lat' dir='ltr'><strong>esse</strong></span> <span class='ocrx_word' id='word_1_635' title='bbox 2219 2992 2454 3055; x_wconf 85' lang='lat' dir='ltr'><strong>peccato,</strong></span> <span class='ocrx_word' id='word_1_636' title='bbox 2494 2983 2720 3039; x_wconf 74' lang='lat' dir='ltr'><strong>viventes</strong></span> <span class='ocrx_word' id='word_1_637' title='bbox 2748 2993 2922 3039; x_wconf 85' lang='lat' dir='ltr'><strong>autem</strong></span> <span class='ocrx_word' id='word_1_638' title='bbox 2959 2984 3073 3041; x_wconf 86' lang='lat' dir='ltr'><strong>Deo</strong></span> <span class='ocrx_word' id='word_1_639' title='bbox 3111 2983 3289 3058; x_wconf 85' lang='lat' dir='ltr'><strong>(Rom.</strong></span> <span class='ocrx_word' id='word_1_640' title='bbox 3315 2988 3416 3063; x_wconf 88' lang='lat' dir='ltr'><strong>vt).</strong></span> <span class='ocrx_word' id='word_1_641' title='bbox 3447 2989 3510 3045; x_wconf 87' lang='lat' dir='ltr'><strong>lu</strong></span> 
     </span>
    </p>
   </div>
   <div class='ocr_carea' id='block_1_90' title="bbox 1919 3074 3511 3151">
    <p class='ocr_par' dir='ltr' id='par_1_90' title="bbox 1919 3074 3511 3151">
     <span class='ocr_line' id='line_1_90' title="bbox 1919 3074 3511 3151; baseline 0.004 -20"><span class='ocrx_word' id='word_1_642' title='bbox 1919 3083 2137 3132; x_wconf 87' lang='lat' dir='ltr'><strong>mortuo</strong></span> <span class='ocrx_word' id='word_1_643' title='bbox 2164 3074 2311 3132; x_wconf 88' lang='lat' dir='ltr'><strong>enim</strong></span> <span class='ocrx_word' id='word_1_644' title='bbox 2338 3090 2448 3131; x_wconf 89' lang='lat' dir='ltr'><strong>non</strong></span> <span class='ocrx_word' id='word_1_645' title='bbox 2476 3083 2671 3147; x_wconf 85' lang='lat' dir='ltr'><strong>regnat</strong></span> <span class='ocrx_word' id='word_1_646' title='bbox 2693 3082 2978 3147; x_wconf 89' lang='lat' dir='ltr'><strong>peccatum</strong></span> <span class='ocrx_word' id='word_1_647' title='bbox 2994 3117 3010 3143; x_wconf 92' lang='lat'><strong>,</strong></span> <span class='ocrx_word' id='word_1_648' title='bbox 3036 3092 3213 3149; x_wconf 90' lang='lat' dir='ltr'><strong>neque</strong></span> <span class='ocrx_word' id='word_1_649' title='bbox 3241 3080 3511 3151; x_wconf 80' lang='lat' dir='ltr'><strong>cupiditas</strong></span> 
     </span>
    </p>
   </div>
   <div class='ocr_carea' id='block_1_91' title="bbox 1917 3167 3511 3239">
    <p class='ocr_par' dir='ltr' id='par_1_91' title="bbox 1917 3167 3511 3239">
     <span class='ocr_line' id='line_1_91' title="bbox 1917 3167 3511 3239; baseline 0.004 -16"><span class='ocrx_word' id='word_1_650' title='bbox 1917 3167 2054 3224; x_wconf 87' lang='lat' dir='ltr'><strong>vivit</strong></span> <span class='ocrx_word' id='word_1_651' title='bbox 2074 3167 2284 3239; x_wconf 83' lang='lat' dir='ltr'><strong>peccati</strong></span> <span class='ocrx_word' id='word_1_652' title='bbox 2310 3184 2325 3222; x_wconf 90' lang='lat'><strong>:</strong></span> <span class='ocrx_word' id='word_1_653' title='bbox 2354 3167 2721 3239; x_wconf 79' lang='lat' dir='ltr'><strong>exstinguitur</strong></span> <span class='ocrx_word' id='word_1_654' title='bbox 2740 3167 2886 3223; x_wconf 88' lang='lat' dir='ltr'><strong>enim</strong></span> <span class='ocrx_word' id='word_1_655' title='bbox 2917 3170 3174 3227; x_wconf 88' lang='lat' dir='ltr'><strong>continuo</strong></span> <span class='ocrx_word' id='word_1_656' title='bbox 3202 3174 3257 3228; x_wconf 88' lang='lat' dir='ltr'><strong>in</strong></span> <span class='ocrx_word' id='word_1_657' title='bbox 3283 3188 3353 3229; x_wconf 91' lang='lat' dir='ltr'><strong>eo</strong></span> <span class='ocrx_word' id='word_1_658' title='bbox 3380 3188 3511 3230; x_wconf 90' lang='lat' dir='ltr'><strong>con-</strong></span> 
     </span>
    </p>
   </div>
   <div class='ocr_carea' id='block_1_92' title="bbox 1920 3259 3514 3332">
    <p class='ocr_par' dir='ltr' id='par_1_92' title="bbox 1920 3259 3514 3332">
     <span class='ocr_line' id='line_1_92' title="bbox 1920 3259 3514 3332; baseline 0.003 -15"><span class='ocrx_word' id='word_1_659' title='bbox 1920 3259 2252 3332; x_wconf 84' lang='lat' dir='ltr'><strong>cupiscentia</strong></span> <span class='ocrx_word' id='word_1_660' title='bbox 2281 3260 2485 3325; x_wconf 87' lang='lat' dir='ltr'><strong>carnis,</strong></span> <span class='ocrx_word' id='word_1_661' title='bbox 2518 3259 2857 3330; x_wconf 90' lang='lat' dir='ltr'><strong>conquiescit</strong></span> <span class='ocrx_word' id='word_1_662' title='bbox 2883 3259 3058 3330; x_wconf 89' lang='lat' dir='ltr'><strong>furor,</strong></span> <span class='ocrx_word' id='word_1_663' title='bbox 3083 3274 3264 3320; x_wconf 83' lang='lat' dir='ltr'><strong>cessat</strong></span> <span class='ocrx_word' id='word_1_664' title='bbox 3291 3264 3397 3331; x_wconf 85' lang='lat' dir='ltr'><strong>ira,</strong></span> <span class='ocrx_word' id='word_1_665' title='bbox 3428 3264 3514 3322; x_wconf 90' lang='lat' dir='ltr'><strong>fu-</strong></span> 
     </span>
    </p>
   </div>
   <div class='ocr_carea' id='block_1_93' title="bbox 1919 3350 3514 3424">
    <p class='ocr_par' dir='ltr' id='par_1_93' title="bbox 1919 3350 3514 3424">
     <span class='ocr_line' id='line_1_93' title="bbox 1919 3350 3514 3424; baseline 0.005 -18"><span class='ocrx_word' id='word_1_666' title='bbox 1919 3359 2082 3423; x_wconf 89' lang='lat' dir='ltr'><strong>gatur</strong></span> <span class='ocrx_word' id='word_1_667' title='bbox 2107 3350 2314 3417; x_wconf 90' lang='lat' dir='ltr'><strong>odium,</strong></span> <span class='ocrx_word' id='word_1_668' title='bbox 2351 3359 2409 3407; x_wconf 92' lang='lat' dir='ltr'><strong>et</strong></span> <span class='ocrx_word' id='word_1_669' title='bbox 2429 3351 2611 3406; x_wconf 89' lang='lat' dir='ltr'><strong>omnia</strong></span> <span class='ocrx_word' id='word_1_670' title='bbox 2652 3350 2815 3406; x_wconf 88' lang='lat' dir='ltr'><strong>simul</strong></span> <span class='ocrx_word' id='word_1_671' title='bbox 2839 3352 3234 3424; x_wconf 89' lang='lat' dir='ltr'><strong>conquiescunt</strong></span> <span class='ocrx_word' id='word_1_672' title='bbox 3260 3355 3410 3412; x_wconf 88' lang='lat' dir='ltr'><strong>vitia.</strong></span> <span class='ocrx_word' id='word_1_673' title='bbox 3445 3357 3514 3415; x_wconf 83' lang='lat' dir='ltr'><strong>Et</strong></span> 
     </span>
    </p>
   </div>
   <div class='ocr_carea' id='block_1_94' title="bbox 1919 3440 3515 3517">
    <p class='ocr_par' dir='ltr' id='par_1_94' title="bbox 1919 3440 3515 3517">
     <span class='ocr_line' id='line_1_94' title="bbox 1919 3440 3515 3517; baseline 0.004 -21"><span class='ocrx_word' id='word_1_674' title='bbox 1919 3441 2025 3496; x_wconf 92' lang='lat' dir='ltr'><strong>hoc</strong></span> <span class='ocrx_word' id='word_1_675' title='bbox 2067 3448 2153 3497; x_wconf 87' lang='lat' dir='ltr'><strong>est</strong></span> <span class='ocrx_word' id='word_1_676' title='bbox 2193 3440 2333 3495; x_wconf 90' lang='lat' dir='ltr'><strong>mori</strong></span> <span class='ocrx_word' id='word_1_677' title='bbox 2377 3448 2624 3511; x_wconf 88' lang='lat' dir='ltr'><strong>peccato,</strong></span> <span class='ocrx_word' id='word_1_678' title='bbox 2656 3449 2713 3496; x_wconf 90' lang='lat' dir='ltr'><strong>et</strong></span> <span class='ocrx_word' id='word_1_679' title='bbox 2739 3441 2923 3497; x_wconf 84' lang='lat' dir='ltr'><strong>vivere</strong></span> <span class='ocrx_word' id='word_1_680' title='bbox 2949 3441 3189 3499; x_wconf 87' lang='lat' dir='ltr'><strong>Christo.</strong></span> <span class='ocrx_word' id='word_1_681' title='bbox 3232 3444 3366 3501; x_wconf 80' lang='lat' dir='ltr'><strong>Item</strong></span> <span class='ocrx_word' id='word_1_682' title='bbox 3398 3446 3515 3517; x_wconf 90' lang='lat' dir='ltr'><strong>ipse</strong></span> 
     </span>
    </p>
   </div>
   <div class='ocr_carea' id='block_1_95' title="bbox 1918 3529 3513 3603">
    <p class='ocr_par' dir='ltr' id='par_1_95' title="bbox 1918 3529 3513 3603">
     <span class='ocr_line' id='line_1_95' title="bbox 1918 3529 3513 3603; baseline 0.003 -16"><span class='ocrx_word' id='word_1_683' title='bbox 1918 3530 2211 3603; x_wconf 84' lang='lat' dir='ltr'><strong>Apostolus</strong></span> <span class='ocrx_word' id='word_1_684' title='bbox 2248 3530 2327 3586; x_wconf 88' lang='lat' dir='ltr'><strong>ait</strong></span> <span class='ocrx_word' id='word_1_685' title='bbox 2354 3548 2367 3584; x_wconf 89' lang='lat'><strong>:</strong></span> <span class='ocrx_word' id='word_1_686' title='bbox 2402 3529 2602 3586; x_wconf 68' lang='grc' dir='ltr'><strong>κου’ιαὶ</strong></span> <span class='ocrx_word' id='word_1_687' title='bbox 2638 3529 2777 3600; x_wconf 83' lang='lat' dir='ltr'><strong>enim</strong></span> <span class='ocrx_word' id='word_1_688' title='bbox 2807 3531 2951 3599; x_wconf 84' lang='lat' dir='ltr'><strong>estis,</strong></span> <span class='ocrx_word' id='word_1_689' title='bbox 2978 3541 3028 3588; x_wconf 85' lang='lat' dir='ltr'><strong>et</strong></span> <span class='ocrx_word' id='word_1_690' title='bbox 3050 3533 3170 3587; x_wconf 72' lang='lat' dir='ltr'><strong>vita</strong></span> <span class='ocrx_word' id='word_1_691' title='bbox 3195 3542 3366 3589; x_wconf 80' lang='lat' dir='ltr'><strong>vestra</strong></span> <span class='ocrx_word' id='word_1_692' title='bbox 3390 3535 3513 3591; x_wconf 79' lang='lat' dir='ltr'><strong>abs—</strong></span> 
     </span>
    </p>
   </div>
   <div class='ocr_carea' id='block_1_96' title="bbox 1920 3618 3516 3695">
    <p class='ocr_par' dir='ltr' id='par_1_96' title="bbox 1920 3618 3516 3695">
     <span class='ocr_line' id='line_1_96' title="bbox 1920 3618 3516 3695; baseline 0.003 -18"><span class='ocrx_word' id='word_1_693' title='bbox 1920 3621 2132 3677; x_wconf 82' lang='lat' dir='ltr'><strong>condita</strong></span> <span class='ocrx_word' id='word_1_694' title='bbox 2162 3629 2239 3675; x_wconf 82' lang='lat' dir='ltr'><strong>est</strong></span> <span class='ocrx_word' id='word_1_695' title='bbox 2279 3635 2402 3677; x_wconf 84' lang='lat' dir='ltr'><strong>cum</strong></span> <span class='ocrx_word' id='word_1_696' title='bbox 2423 3619 2634 3675; x_wconf 76' lang='lat' dir='ltr'><strong>Christo</strong></span> <span class='ocrx_word' id='word_1_697' title='bbox 2675 3619 2731 3674; x_wconf 87' lang='lat' dir='ltr'><strong>in</strong></span> <span class='ocrx_word' id='word_1_698' title='bbox 2753 3618 2864 3675; x_wconf 86' lang='lat' dir='ltr'><strong>Deo</strong></span> <span class='ocrx_word' id='word_1_699' title='bbox 2905 3618 3104 3692; x_wconf 86' lang='lat' dir='ltr'><strong>(Calas.</strong></span> <span class='ocrx_word' id='word_1_700' title='bbox 3135 3620 3241 3695; x_wconf 84' lang='lat' dir='ltr'><strong>ut).</strong></span> <span class='ocrx_word' id='word_1_701' title='bbox 3282 3621 3516 3695; x_wconf 80' lang='lat' dir='ltr'><strong>Propter</strong></span> 
     </span>
    </p>
   </div>
   <div class='ocr_carea' id='block_1_97' title="bbox 1922 3708 3512 3785">
    <p class='ocr_par' dir='ltr' id='par_1_97' title="bbox 1922 3708 3512 3785">
     <span class='ocr_line' id='line_1_97' title="bbox 1922 3708 3512 3785; baseline 0.004 -18"><span class='ocrx_word' id='word_1_702' title='bbox 1922 3726 2024 3767; x_wconf 90' lang='lat' dir='ltr'><strong>nos</strong></span> <span class='ocrx_word' id='word_1_703' title='bbox 2050 3711 2302 3767; x_wconf 86' lang='lat' dir='ltr'><strong>Christus</strong></span> <span class='ocrx_word' id='word_1_704' title='bbox 2324 3708 2635 3777; x_wconf 80' lang='lat' dir='ltr'><strong>cruciﬁxus,</strong></span> <span class='ocrx_word' id='word_1_705' title='bbox 2661 3716 2716 3766; x_wconf 88' lang='lat' dir='ltr'><strong>et</strong></span> <span class='ocrx_word' id='word_1_706' title='bbox 2743 3718 3014 3779; x_wconf 89' lang='lat' dir='ltr'><strong>mortuus,</strong></span> <span class='ocrx_word' id='word_1_707' title='bbox 3039 3722 3096 3769; x_wconf 89' lang='lat' dir='ltr'><strong>et</strong></span> <span class='ocrx_word' id='word_1_708' title='bbox 3124 3713 3366 3785; x_wconf 80' lang='lat' dir='ltr'><strong>sepulms</strong></span> <span class='ocrx_word' id='word_1_709' title='bbox 3384 3724 3472 3773; x_wconf 87' lang='lat' dir='ltr'><strong>est</strong></span> <span class='ocrx_word' id='word_1_710' title='bbox 3494 3734 3512 3773; x_wconf 86' lang='lat'><strong>:</strong></span> 
     </span>
    </p>
   </div>
   <div class='ocr_carea' id='block_1_98' title="bbox 1921 3800 3519 3881">
    <p class='ocr_par' dir='ltr' id='par_1_98' title="bbox 1921 3800 3519 3881">
     <span class='ocr_line' id='line_1_98' title="bbox 1921 3800 3519 3881; baseline 0.003 -22"><span class='ocrx_word' id='word_1_711' title='bbox 1921 3811 1980 3859; x_wconf 90' lang='lat' dir='ltr'><strong>et</strong></span> <span class='ocrx_word' id='word_1_712' title='bbox 2007 3818 2107 3859; x_wconf 89' lang='lat' dir='ltr'><strong>nos</strong></span> <span class='ocrx_word' id='word_1_713' title='bbox 2134 3802 2203 3859; x_wconf 85' lang='lat' dir='ltr'><strong>ad</strong></span> <span class='ocrx_word' id='word_1_714' title='bbox 2224 3800 2344 3872; x_wconf 87' lang='lat' dir='ltr'><strong>ejus</strong></span> <span class='ocrx_word' id='word_1_715' title='bbox 2380 3801 2792 3859; x_wconf 88' lang='lat' dir='ltr'><strong>similitudinem</strong></span> <span class='ocrx_word' id='word_1_716' title='bbox 2822 3803 3133 3862; x_wconf 86' lang='lat' dir='ltr'><strong>voluntates</strong></span> <span class='ocrx_word' id='word_1_717' title='bbox 3161 3813 3219 3863; x_wconf 84' lang='lat' dir='ltr'><strong>et</strong></span> <span class='ocrx_word' id='word_1_718' title='bbox 3254 3808 3519 3881; x_wconf 82' lang='lat' dir='ltr'><strong>cupidita-</strong></span> 
     </span>
    </p>
   </div>
   <div class='ocr_carea' id='block_1_99' title="bbox 1924 3894 3518 3967">
    <p class='ocr_par' dir='ltr' id='par_1_99' title="bbox 1924 3894 3518 3967">
     <span class='ocr_line' id='line_1_99' title="bbox 1924 3894 3518 3967; baseline 0.004 -14"><span class='ocrx_word' id='word_1_719' title='bbox 1924 3904 2008 3953; x_wconf 84' lang='lat' dir='ltr'><strong>tes</strong></span> <span class='ocrx_word' id='word_1_720' title='bbox 2053 3904 2273 3953; x_wconf 88' lang='lat' dir='ltr'><strong>nostras</strong></span> <span class='ocrx_word' id='word_1_721' title='bbox 2316 3894 2718 3967; x_wconf 84' lang='lat' dir='ltr'><strong>crucifigamus.</strong></span> <span class='ocrx_word' id='word_1_722' title='bbox 2766 3895 3018 3954; x_wconf 89' lang='lat' dir='ltr'><strong>Christus</strong></span> <span class='ocrx_word' id='word_1_723' title='bbox 3062 3906 3245 3956; x_wconf 87' lang='lat' dir='ltr'><strong>autem</strong></span> <span class='ocrx_word' id='word_1_724' title='bbox 3296 3916 3402 3958; x_wconf 89' lang='lat' dir='ltr'><strong>non</strong></span> <span class='ocrx_word' id='word_1_725' title='bbox 3444 3916 3518 3959; x_wconf 82' lang='lat' dir='ltr'><strong>ex</strong></span> 
     </span>
    </p>
   </div>
   <div class='ocr_carea' id='block_1_100' title="bbox 1924 3988 3518 4060">
    <p class='ocr_par' dir='ltr' id='par_1_100' title="bbox 1924 3988 3518 4060">
     <span class='ocr_line' id='line_1_100' title="bbox 1924 3988 3518 4060; baseline 0.003 -15"><span class='ocrx_word' id='word_1_726' title='bbox 1924 3996 2100 4060; x_wconf 87' lang='lat' dir='ltr'><strong>parte,</strong></span> <span class='ocrx_word' id='word_1_727' title='bbox 2124 3988 2218 4044; x_wconf 90' lang='lat' dir='ltr'><strong>sed</strong></span> <span class='ocrx_word' id='word_1_728' title='bbox 2245 3988 2456 4059; x_wconf 81' lang='lat' dir='ltr'><strong>integer</strong></span> <span class='ocrx_word' id='word_1_729' title='bbox 2479 3994 2564 4043; x_wconf 91' lang='lat' dir='ltr'><strong>est</strong></span> <span class='ocrx_word' id='word_1_730' title='bbox 2590 3988 2885 4045; x_wconf 76' lang='lat' dir='ltr'><strong>cruciﬁxus</strong></span> <span class='ocrx_word' id='word_1_731' title='bbox 2911 3998 3155 4060; x_wconf 81' lang='lat' dir='ltr'><strong>peccato,</strong></span> <span class='ocrx_word' id='word_1_732' title='bbox 3183 4000 3243 4047; x_wconf 92' lang='lat' dir='ltr'><strong>ut</strong></span> <span class='ocrx_word' id='word_1_733' title='bbox 3268 3992 3518 4051; x_wconf 85' lang='lat' dir='ltr'><strong>vivamus</strong></span> 
     </span>
    </p>
   </div>
   <div class='ocr_carea' id='block_1_101' title="bbox 1927 4078 3519 4155">
    <p class='ocr_par' dir='ltr' id='par_1_101' title="bbox 1927 4078 3519 4155">
     <span class='ocr_line' id='line_1_101' title="bbox 1927 4078 3519 4155; baseline 0.005 -21"><span class='ocrx_word' id='word_1_734' title='bbox 1927 4078 2061 4135; x_wconf 90' lang='lat' dir='ltr'><strong>Deo.</strong></span> <span class='ocrx_word' id='word_1_735' title='bbox 2090 4079 2185 4135; x_wconf 87' lang='lat' dir='ltr'><strong>llle</strong></span> <span class='ocrx_word' id='word_1_736' title='bbox 2204 4089 2385 4136; x_wconf 90' lang='lat' dir='ltr'><strong>autem</strong></span> <span class='ocrx_word' id='word_1_737' title='bbox 2418 4079 2553 4134; x_wconf 89' lang='lat' dir='ltr'><strong>vivit</strong></span> <span class='ocrx_word' id='word_1_738' title='bbox 2580 4081 2711 4146; x_wconf 91' lang='lat' dir='ltr'><strong>Deo,</strong></span> <span class='ocrx_word' id='word_1_739' title='bbox 2736 4081 2830 4152; x_wconf 90' lang='lat' dir='ltr'><strong>qui</strong></span> <span class='ocrx_word' id='word_1_740' title='bbox 2857 4079 3060 4137; x_wconf 89' lang='lat' dir='ltr'><strong>Christi</strong></span> <span class='ocrx_word' id='word_1_741' title='bbox 3087 4083 3310 4155; x_wconf 86' lang='lat' dir='ltr'><strong>vestigia</strong></span> <span class='ocrx_word' id='word_1_742' title='bbox 3337 4085 3519 4142; x_wconf 87' lang='lat' dir='ltr'><strong>humi-</strong></span> 
     </span>
    </p>
   </div>
   <div class='ocr_carea' id='block_1_102' title="bbox 1928 4168 3519 4240">
    <p class='ocr_par' dir='ltr' id='par_1_102' title="bbox 1928 4168 3519 4240">
     <span class='ocr_line' id='line_1_102' title="bbox 1928 4168 3519 4240; baseline 0.006 -17"><span class='ocrx_word' id='word_1_743' title='bbox 1928 4168 2103 4236; x_wconf 88' lang='lat' dir='ltr'><strong>litate,</strong></span> <span class='ocrx_word' id='word_1_744' title='bbox 2134 4169 2562 4226; x_wconf 82' lang='lat' dir='ltr'><strong>sanctificatione</strong></span> <span class='ocrx_word' id='word_1_745' title='bbox 2589 4178 2646 4226; x_wconf 90' lang='lat' dir='ltr'><strong>et</strong></span> <span class='ocrx_word' id='word_1_746' title='bbox 2680 4171 2881 4240; x_wconf 87' lang='lat' dir='ltr'><strong>pietate</strong></span> <span class='ocrx_word' id='word_1_747' title='bbox 2917 4180 3178 4228; x_wconf 87' lang='lat' dir='ltr'><strong>sectatur.</strong></span> <span class='ocrx_word' id='word_1_748' title='bbox 3223 4173 3519 4233; x_wconf 75' lang='lat' dir='ltr'><strong>Mortiﬁca-</strong></span> 
     </span>
    </p>
   </div>
   <div class='ocr_carea' id='block_1_103' title="bbox 1929 4261 3517 4335">
    <p class='ocr_par' dir='ltr' id='par_1_103' title="bbox 1929 4261 3517 4335">
     <span class='ocr_line' id='line_1_103' title="bbox 1929 4261 3517 4335; baseline 0.006 -19"><span class='ocrx_word' id='word_1_749' title='bbox 1929 4270 2022 4316; x_wconf 85' lang='lat' dir='ltr'><strong>tur</strong></span> <span class='ocrx_word' id='word_1_750' title='bbox 2046 4261 2363 4327; x_wconf 85' lang='lat' dir='ltr'><strong>monachus,</strong></span> <span class='ocrx_word' id='word_1_751' title='bbox 2388 4262 2603 4332; x_wconf 86' lang='lat' dir='ltr'><strong>quando</strong></span> <span class='ocrx_word' id='word_1_752' title='bbox 2623 4276 2821 4333; x_wconf 86' lang='lat' dir='ltr'><strong>corpus</strong></span> <span class='ocrx_word' id='word_1_753' title='bbox 2848 4278 3006 4318; x_wconf 88' lang='lat' dir='ltr'><strong>suum</strong></span> <span class='ocrx_word' id='word_1_754' title='bbox 3029 4261 3361 4335; x_wconf 89' lang='lat' dir='ltr'><strong>jejuniorum</strong></span> <span class='ocrx_word' id='word_1_755' title='bbox 3379 4282 3517 4325; x_wconf 86' lang='lat' dir='ltr'><strong>con-</strong></span> 
     </span>
    </p>
   </div>
   <div class='ocr_carea' id='block_1_104' title="bbox 1930 4351 3517 4423">
    <p class='ocr_par' dir='ltr' id='par_1_104' title="bbox 1930 4351 3517 4423">
     <span class='ocr_line' id='line_1_104' title="bbox 1930 4351 3517 4423; baseline 0.006 -17"><span class='ocrx_word' id='word_1_756' title='bbox 1930 4351 2237 4407; x_wconf 87' lang='lat' dir='ltr'><strong>tinuatione</strong></span> <span class='ocrx_word' id='word_1_757' title='bbox 2268 4351 2530 4423; x_wconf 79' lang='lat' dir='ltr'><strong>castigat,</strong></span> <span class='ocrx_word' id='word_1_758' title='bbox 2564 4352 2782 4423; x_wconf 88' lang='lat' dir='ltr'><strong>quando</strong></span> <span class='ocrx_word' id='word_1_759' title='bbox 2811 4353 3357 4413; x_wconf 80' lang='lat' dir='ltr'><strong>intra-necessarium</strong></span> <span class='ocrx_word' id='word_1_760' title='bbox 3395 4374 3517 4417; x_wconf 78' lang='lat' dir='ltr'><strong>mo-</strong></span> 
     </span>
    </p>
   </div>
   <div class='ocr_carea' id='block_1_105' title="bbox 1932 4447 3515 4519">
    <p class='ocr_par' dir='ltr' id='par_1_105' title="bbox 1932 4447 3515 4519">
     <span class='ocr_line' id='line_1_105' title="bbox 1932 4447 3515 4519; baseline 0.003 -14"><span class='ocrx_word' id='word_1_761' title='bbox 1932 4449 2063 4505; x_wconf 88' lang='lat' dir='ltr'><strong>dum</strong></span> <span class='ocrx_word' id='word_1_762' title='bbox 2102 4461 2259 4503; x_wconf 89' lang='lat' dir='ltr'><strong>suum</strong></span> <span class='ocrx_word' id='word_1_763' title='bbox 2303 4453 2570 4517; x_wconf 89' lang='lat' dir='ltr'><strong>temperat</strong></span> <span class='ocrx_word' id='word_1_764' title='bbox 2597 4447 2916 4518; x_wconf 86' lang='lat' dir='ltr'><strong>appetitum,</strong></span> <span class='ocrx_word' id='word_1_765' title='bbox 2957 4449 3175 4519; x_wconf 89' lang='lat' dir='ltr'><strong>quando</strong></span> <span class='ocrx_word' id='word_1_766' title='bbox 3205 4466 3312 4508; x_wconf 92' lang='lat' dir='ltr'><strong>non</strong></span> <span class='ocrx_word' id='word_1_767' title='bbox 3341 4453 3515 4510; x_wconf 91' lang='lat' dir='ltr'><strong>solum</strong></span> 
     </span>
    </p>
   </div>
   <div class='ocr_carea' id='block_1_106' title="bbox 1934 4539 3524 4619">
    <p class='ocr_par' dir='ltr' id='par_1_106' title="bbox 1934 4539 3524 4619">
     <span class='ocr_line' id='line_1_106' title="bbox 1934 4539 3524 4619; baseline 0.005 -22"><span class='ocrx_word' id='word_1_768' title='bbox 1934 4558 1965 4597; x_wconf 91' lang='lat' dir='ltr'><strong>a</strong></span> <span class='ocrx_word' id='word_1_769' title='bbox 1992 4539 2398 4597; x_wconf 88' lang='lat' dir='ltr'><strong>delicatioribus</strong></span> <span class='ocrx_word' id='word_1_770' title='bbox 2425 4539 2583 4612; x_wconf 75' lang='lat' dir='ltr'><strong>cibis,</strong></span> <span class='ocrx_word' id='word_1_771' title='bbox 2628 4541 2725 4597; x_wconf 88' lang='lat' dir='ltr'><strong>sed</strong></span> <span class='ocrx_word' id='word_1_772' title='bbox 2753 4541 2918 4597; x_wconf 90' lang='lat' dir='ltr'><strong>etiam</strong></span> <span class='ocrx_word' id='word_1_773' title='bbox 2947 4557 2980 4598; x_wconf 89' lang='lat' dir='ltr'><strong>a</strong></span> <span class='ocrx_word' id='word_1_774' title='bbox 3004 4542 3286 4601; x_wconf 86' lang='lat' dir='ltr'><strong>vilioribus</strong></span> <span class='ocrx_word' id='word_1_775' title='bbox 3315 4555 3524 4619; x_wconf 87' lang='lat' dir='ltr'><strong>tempe-</strong></span> 
     </span>
    </p>
   </div>
   <div class='ocr_carea' id='block_1_107' title="bbox 1938 4629 3596 4708">
    <p class='ocr_par' dir='ltr' id='par_1_107' title="bbox 1938 4629 3596 4708">
     <span class='ocr_line' id='line_1_107' title="bbox 1938 4629 3596 4708; baseline 0.004 -21"><span class='ocrx_word' id='word_1_776' title='bbox 1938 4645 2087 4697; x_wconf 88' lang='lat' dir='ltr'><strong>rans,</strong></span> <span class='ocrx_word' id='word_1_777' title='bbox 2115 4647 2174 4688; x_wconf 89' lang='lat' dir='ltr'><strong>se</strong></span> <span class='ocrx_word' id='word_1_778' title='bbox 2199 4629 2501 4701; x_wconf 87' lang='lat' dir='ltr'><strong>suspendit,</strong></span> <span class='ocrx_word' id='word_1_779' title='bbox 2534 4632 2750 4701; x_wconf 88' lang='lat' dir='ltr'><strong>quando</strong></span> <span class='ocrx_word' id='word_1_780' title='bbox 2773 4632 2906 4687; x_wconf 92' lang='lat' dir='ltr'><strong>nihil</strong></span> <span class='ocrx_word' id='word_1_781' title='bbox 2932 4634 3086 4689; x_wconf 89' lang='lat' dir='ltr'><strong>carni</strong></span> <span class='ocrx_word' id='word_1_782' title='bbox 3114 4650 3228 4691; x_wconf 72' lang='lat' dir='ltr'><strong>sua:</strong></span> <span class='ocrx_word' id='word_1_783' title='bbox 3254 4651 3355 4708; x_wconf 91' lang='lat' dir='ltr'><strong>pro</strong></span> <span class='ocrx_word' id='word_1_784' title='bbox 3378 4639 3522 4696; x_wconf 89' lang='lat' dir='ltr'><strong>desi-</strong></span> <span class='ocrx_word' id='word_1_785' title='bbox 3589 4687 3596 4694; x_wconf 93' lang='lat'><strong>.</strong></span> 
     </span>
    </p>
   </div>
   <div class='ocr_carea' id='block_1_108' title="bbox 1934 4725 3525 4802">
    <p class='ocr_par' dir='ltr' id='par_1_108' title="bbox 1934 4725 3525 4802">
     <span class='ocr_line' id='line_1_108' title="bbox 1934 4725 3525 4802; baseline 0.006 -21"><span class='ocrx_word' id='word_1_786' title='bbox 1934 4726 2107 4791; x_wconf 73' lang='lat' dir='ltr'><strong>dario,</strong></span> <span class='ocrx_word' id='word_1_787' title='bbox 2134 4726 2229 4782; x_wconf 85' lang='lat' dir='ltr'><strong>sed</strong></span> <span class='ocrx_word' id='word_1_788' title='bbox 2258 4740 2357 4796; x_wconf 88' lang='lat' dir='ltr'><strong>pro</strong></span> <span class='ocrx_word' id='word_1_789' title='bbox 2403 4725 2773 4784; x_wconf 76' lang='lat' dir='ltr'><strong>sustentanda:</strong></span> <span class='ocrx_word' id='word_1_790' title='bbox 2796 4726 2925 4783; x_wconf 67' lang='lat' dir='ltr'><strong>vitse</strong></span> <span class='ocrx_word' id='word_1_791' title='bbox 2949 4728 3274 4786; x_wconf 85' lang='lat' dir='ltr'><strong>necessitate</strong></span> <span class='ocrx_word' id='word_1_792' title='bbox 3297 4733 3525 4802; x_wconf 82' lang='lat' dir='ltr'><strong>permit-</strong></span> 
     </span>
    </p>
   </div>
   <div class='ocr_carea' id='block_1_109' title="bbox 1934 4813 3521 4891">
    <p class='ocr_par' dir='ltr' id='par_1_109' title="bbox 1934 4813 3521 4891">
     <span class='ocr_line' id='line_1_109' title="bbox 1934 4813 3521 4891; baseline 0.005 -17"><span class='ocrx_word' id='word_1_793' title='bbox 1934 4818 2000 4875; x_wconf 91' lang='lat' dir='ltr'><strong>tit</strong></span> <span class='ocrx_word' id='word_1_794' title='bbox 2029 4813 2233 4891; x_wconf 80' lang='lat' dir='ltr'><strong>(Greg.,</strong></span> <span class='ocrx_word' id='word_1_795' title='bbox 2264 4816 2405 4874; x_wconf 74' lang='lat' dir='ltr'><strong>Mor.</strong></span> <span class='ocrx_word' id='word_1_796' title='bbox 2435 4818 2475 4871; x_wconf 92' lang='lat' dir='ltr'><strong>l.</strong></span> <span class='ocrx_word' id='word_1_797' title='bbox 2498 4835 2559 4883; x_wconf 41' lang='lat' dir='ltr'><strong>&#39;v,</strong></span> <span class='ocrx_word' id='word_1_798' title='bbox 2591 4835 2639 4873; x_wconf 89' lang='lat' dir='ltr'><strong>c.</strong></span> <span class='ocrx_word' id='word_1_799' title='bbox 2667 4817 2745 4891; x_wconf 78' lang='grc'><strong>5).</strong></span> <span class='ocrx_word' id='word_1_800' title='bbox 2770 4818 2905 4875; x_wconf 89' lang='lat' dir='ltr'><strong>Cum</strong></span> <span class='ocrx_word' id='word_1_801' title='bbox 2933 4820 3242 4889; x_wconf 88' lang='lat' dir='ltr'><strong>spirituales</strong></span> <span class='ocrx_word' id='word_1_802' title='bbox 3267 4826 3521 4882; x_wconf 88' lang='lat' dir='ltr'><strong>monachi</strong></span> 
     </span>
    </p>
   </div>
   <div class='ocr_carea' id='block_1_110' title="bbox 1933 4908 3526 4987">
    <p class='ocr_par' dir='ltr' id='par_1_110' title="bbox 1933 4908 3526 4987">
     <span class='ocr_line' id='line_1_110' title="bbox 1933 4908 3526 4987; baseline 0.005 -24"><span class='ocrx_word' id='word_1_803' title='bbox 1933 4908 2093 4979; x_wconf 85' lang='lat' dir='ltr'><strong>plene</strong></span> <span class='ocrx_word' id='word_1_804' title='bbox 2116 4908 2594 4963; x_wconf 80' lang='lat' dir='ltr'><strong>mortificationem</strong></span> <span class='ocrx_word' id='word_1_805' title='bbox 2628 4923 2781 4964; x_wconf 87' lang='lat' dir='ltr'><strong>suam</strong></span> <span class='ocrx_word' id='word_1_806' title='bbox 2807 4916 3087 4978; x_wconf 88' lang='lat' dir='ltr'><strong>appetunt,</strong></span> <span class='ocrx_word' id='word_1_807' title='bbox 3118 4921 3323 4982; x_wconf 89' lang='lat' dir='ltr'><strong>quanto</strong></span> <span class='ocrx_word' id='word_1_808' title='bbox 3349 4916 3526 4987; x_wconf 80' lang='lat' dir='ltr'><strong>magis</strong></span> 
     </span>
    </p>
   </div>
   <div class='ocr_carea' id='block_1_111' title="bbox 1940 4999 3527 5066">
    <p class='ocr_par' dir='ltr' id='par_1_111' title="bbox 1940 4999 3527 5066">
     <span class='ocr_line' id='line_1_111' title="bbox 1940 4999 3527 5066; baseline 0.004 -11"><span class='ocrx_word' id='word_1_809' title='bbox 1940 5000 2079 5055; x_wconf 80' lang='lat' dir='ltr'><strong>ﬁunt</strong></span> <span class='ocrx_word' id='word_1_810' title='bbox 2100 5000 2391 5056; x_wconf 85' lang='lat' dir='ltr'><strong>viciniores</strong></span> <span class='ocrx_word' id='word_1_811' title='bbox 2413 5000 2481 5056; x_wconf 90' lang='lat' dir='ltr'><strong>ad</strong></span> <span class='ocrx_word' id='word_1_812' title='bbox 2506 4999 2692 5066; x_wconf 78' lang='lat' dir='ltr'><strong>linem,</strong></span> <span class='ocrx_word' id='word_1_813' title='bbox 2720 5007 2872 5054; x_wconf 87' lang='lat' dir='ltr'><strong>tanto</strong></span> <span class='ocrx_word' id='word_1_814' title='bbox 2894 5014 2953 5055; x_wconf 89' lang='lat' dir='ltr'><strong>se</strong></span> <span class='ocrx_word' id='word_1_815' title='bbox 2973 5001 3230 5058; x_wconf 85' lang='lat' dir='ltr'><strong>exhibent</strong></span> <span class='ocrx_word' id='word_1_816' title='bbox 3253 5005 3527 5063; x_wconf 85' lang='lat' dir='ltr'><strong>ardentio-</strong></span> 
     </span>
    </p>
   </div>
   <div class='ocr_carea' id='block_1_112' title="bbox 1938 5088 3527 5161">
    <p class='ocr_par' dir='ltr' id='par_1_112' title="bbox 1938 5088 3527 5161">
     <span class='ocr_line' id='line_1_112' title="bbox 1938 5088 3527 5161; baseline -0.003 -16"><span class='ocrx_word' id='word_1_817' title='bbox 1938 5105 2028 5145; x_wconf 89' lang='lat' dir='ltr'><strong>res</strong></span> <span class='ocrx_word' id='word_1_818' title='bbox 2057 5090 2113 5145; x_wconf 92' lang='lat' dir='ltr'><strong>in</strong></span> <span class='ocrx_word' id='word_1_819' title='bbox 2141 5104 2324 5160; x_wconf 81' lang='lat' dir='ltr'><strong>Opere.</strong></span> <span class='ocrx_word' id='word_1_820' title='bbox 2350 5088 2672 5145; x_wconf 88' lang='lat' dir='ltr'><strong>Laborando</strong></span> <span class='ocrx_word' id='word_1_821' title='bbox 2695 5103 2824 5161; x_wconf 87' lang='lat' dir='ltr'><strong>ergo</strong></span> <span class='ocrx_word' id='word_1_822' title='bbox 2850 5105 2958 5146; x_wconf 91' lang='lat' dir='ltr'><strong>non</strong></span> <span class='ocrx_word' id='word_1_823' title='bbox 2988 5091 3264 5161; x_wconf 85' lang='lat' dir='ltr'><strong>deﬁciunt,</strong></span> <span class='ocrx_word' id='word_1_824' title='bbox 3290 5097 3387 5152; x_wconf 85' lang='lat' dir='ltr'><strong>sed</strong></span> <span class='ocrx_word' id='word_1_825' title='bbox 3408 5113 3527 5154; x_wconf 73' lang='lat' dir='ltr'><strong>ma-</strong></span> 
     </span>
    </p>
   </div>
   <div class='ocr_carea' id='block_1_113' title="bbox 1938 5180 3523 5260">
    <p class='ocr_par' dir='ltr' id='par_1_113' title="bbox 1938 5180 3523 5260">
     <span class='ocr_line' id='line_1_113' title="bbox 1938 5180 3523 5260; baseline 0.005 -23"><span class='ocrx_word' id='word_1_826' title='bbox 1938 5183 2024 5255; x_wconf 82' lang='lat' dir='ltr'><strong>gis</strong></span> <span class='ocrx_word' id='word_1_827' title='bbox 2045 5183 2332 5239; x_wconf 87' lang='lat' dir='ltr'><strong>adversum</strong></span> <span class='ocrx_word' id='word_1_828' title='bbox 2355 5180 2569 5238; x_wconf 85' lang='lat' dir='ltr'><strong>labores</strong></span> <span class='ocrx_word' id='word_1_829' title='bbox 2592 5189 2869 5249; x_wconf 85' lang='lat' dir='ltr'><strong>crescunt,</strong></span> <span class='ocrx_word' id='word_1_830' title='bbox 2897 5183 2991 5254; x_wconf 90' lang='lat' dir='ltr'><strong>qui</strong></span> <span class='ocrx_word' id='word_1_831' title='bbox 3014 5199 3140 5241; x_wconf 89' lang='lat' dir='ltr'><strong>cum</strong></span> <span class='ocrx_word' id='word_1_832' title='bbox 3163 5184 3273 5255; x_wconf 85' lang='lat' dir='ltr'><strong>jam</strong></span> <span class='ocrx_word' id='word_1_833' title='bbox 3303 5191 3523 5260; x_wconf 64' lang='lat' dir='ltr'><strong>praemia</strong></span> 
     </span>
    </p>
   </div>
   <div class='ocr_carea' id='block_1_114' title="bbox 1938 5269 3524 5345">
    <p class='ocr_par' dir='ltr' id='par_1_114' title="bbox 1938 5269 3524 5345">
     <span class='ocr_line' id='line_1_114' title="bbox 1938 5269 3524 5345; baseline 0.006 -19"><span class='ocrx_word' id='word_1_834' title='bbox 1938 5270 2327 5342; x_wconf 86' lang='lat' dir='ltr'><strong>propinquiora</strong></span> <span class='ocrx_word' id='word_1_835' title='bbox 2359 5269 2741 5336; x_wconf 88' lang='lat' dir='ltr'><strong>considerant,</strong></span> <span class='ocrx_word' id='word_1_836' title='bbox 2777 5285 2844 5328; x_wconf 89' lang='lat' dir='ltr'><strong>eo</strong></span> <span class='ocrx_word' id='word_1_837' title='bbox 2872 5273 2929 5329; x_wconf 91' lang='lat' dir='ltr'><strong>in</strong></span> <span class='ocrx_word' id='word_1_838' title='bbox 2961 5289 3125 5345; x_wconf 88' lang='lat' dir='ltr'><strong>opere</strong></span> <span class='ocrx_word' id='word_1_839' title='bbox 3153 5276 3524 5335; x_wconf 86' lang='lat' dir='ltr'><strong>delectabilius</strong></span> 
     </span>
    </p>
   </div>
   <div class='ocr_carea' id='block_1_115' title="bbox 1941 5359 3522 5439">
    <p class='ocr_par' dir='ltr' id='par_1_115' title="bbox 1941 5359 3522 5439">
     <span class='ocr_line' id='line_1_115' title="bbox 1941 5359 3522 5439; baseline 0.004 -22"><span class='ocrx_word' id='word_1_840' title='bbox 1941 5362 2228 5418; x_wconf 89' lang='lat' dir='ltr'><strong>exsudant.</strong></span> <span class='ocrx_word' id='word_1_841' title='bbox 2266 5359 2480 5419; x_wconf 82' lang='lat' dir='ltr'><strong>Omnes</strong></span> <span class='ocrx_word' id='word_1_842' title='bbox 2524 5362 2776 5418; x_wconf 88' lang='lat' dir='ltr'><strong>monachi</strong></span> <span class='ocrx_word' id='word_1_843' title='bbox 2824 5365 3081 5423; x_wconf 79' lang='lat' dir='ltr'><strong>stcculum</strong></span> <span class='ocrx_word' id='word_1_844' title='bbox 3128 5369 3522 5439; x_wconf 85' lang='lat' dir='ltr'><strong>relinquentes,</strong></span> 
     </span>
    </p>
   </div>
   <div class='ocr_carea' id='block_1_116' title="bbox 1944 5452 3524 5528">
    <p class='ocr_par' dir='ltr' id='par_1_116' title="bbox 1944 5452 3524 5528">
     <span class='ocr_line' id='line_1_116' title="bbox 1944 5452 3524 5528; baseline 0.005 -21"><span class='ocrx_word' id='word_1_845' title='bbox 1944 5454 2137 5524; x_wconf 90' lang='lat' dir='ltr'><strong>punire</strong></span> <span class='ocrx_word' id='word_1_846' title='bbox 2168 5452 2344 5509; x_wconf 73' lang='lat' dir='ltr'><strong>flendo</strong></span> <span class='ocrx_word' id='word_1_847' title='bbox 2381 5468 2490 5508; x_wconf 90' lang='lat' dir='ltr'><strong>non</strong></span> <span class='ocrx_word' id='word_1_848' title='bbox 2525 5454 2778 5510; x_wconf 86' lang='lat' dir='ltr'><strong>desinunt</strong></span> <span class='ocrx_word' id='word_1_849' title='bbox 2810 5470 2933 5527; x_wconf 69' lang='lat' dir='ltr'><strong>quae</strong></span> <span class='ocrx_word' id='word_1_850' title='bbox 2959 5457 3318 5528; x_wconf 86' lang='lat' dir='ltr'><strong>deliquerunt.</strong></span> <span class='ocrx_word' id='word_1_851' title='bbox 3358 5458 3524 5515; x_wconf 86' lang='lat' dir='ltr'><strong>Gravi</strong></span> 
     </span>
    </p>
   </div>
   <div class='ocr_carea' id='block_1_117' title="bbox 1946 5541 3522 5618">
    <p class='ocr_par' dir='ltr' id='par_1_117' title="bbox 1946 5541 3522 5618">
     <span class='ocr_line' id='line_1_117' title="bbox 1946 5541 3522 5618; baseline 0.003 -19"><span class='ocrx_word' id='word_1_852' title='bbox 1946 5559 2005 5599; x_wconf 88' lang='lat' dir='ltr'><strong>se</strong></span> <span class='ocrx_word' id='word_1_853' title='bbox 2033 5557 2267 5599; x_wconf 63' lang='lat' dir='ltr'><strong>maerore</strong></span> <span class='ocrx_word' id='word_1_854' title='bbox 2295 5541 2556 5612; x_wconf 77' lang='lat' dir='ltr'><strong>afﬂigunt,</strong></span> <span class='ocrx_word' id='word_1_855' title='bbox 2583 5544 2711 5614; x_wconf 89' lang='lat' dir='ltr'><strong>quia</strong></span> <span class='ocrx_word' id='word_1_856' title='bbox 2742 5543 2900 5618; x_wconf 83' lang='lat' dir='ltr'><strong>longe</strong></span> <span class='ocrx_word' id='word_1_857' title='bbox 2923 5547 3028 5602; x_wconf 86' lang='lat' dir='ltr'><strong>huc</strong></span> <span class='ocrx_word' id='word_1_858' title='bbox 3049 5562 3079 5601; x_wconf 90' lang='lat' dir='ltr'><strong>a</strong></span> <span class='ocrx_word' id='word_1_859' title='bbox 3109 5546 3248 5603; x_wconf 85' lang='lat' dir='ltr'><strong>facie</strong></span> <span class='ocrx_word' id='word_1_860' title='bbox 3275 5549 3522 5605; x_wconf 82' lang='lat' dir='ltr'><strong>condito-</strong></span> 
     </span>
    </p>
   </div>
   <div class='ocr_carea' id='block_1_118' title="bbox 1946 5633 3525 5709">
    <p class='ocr_par' dir='ltr' id='par_1_118' title="bbox 1946 5633 3525 5709">
     <span class='ocr_line' id='line_1_118' title="bbox 1946 5633 3525 5709; baseline 0.006 -20"><span class='ocrx_word' id='word_1_861' title='bbox 1946 5634 2022 5690; x_wconf 85' lang='lat' dir='ltr'><strong>ris</strong></span> <span class='ocrx_word' id='word_1_862' title='bbox 2064 5633 2313 5704; x_wconf 81' lang='lat' dir='ltr'><strong>projecti,</strong></span> <span class='ocrx_word' id='word_1_863' title='bbox 2357 5634 2535 5690; x_wconf 89' lang='lat' dir='ltr'><strong>adhuc</strong></span> <span class='ocrx_word' id='word_1_864' title='bbox 2579 5635 2636 5690; x_wconf 83' lang='lat' dir='ltr'><strong>in</strong></span> <span class='ocrx_word' id='word_1_865' title='bbox 2673 5643 2889 5691; x_wconf 66' lang='lat' dir='ltr'><strong>aeternae</strong></span> <span class='ocrx_word' id='word_1_866' title='bbox 2930 5637 3121 5706; x_wconf 72' lang='lat' dir='ltr'><strong>patria:</strong></span> <span class='ocrx_word' id='word_1_867' title='bbox 3162 5639 3373 5709; x_wconf 88' lang='lat' dir='ltr'><strong>gaudiis</strong></span> <span class='ocrx_word' id='word_1_868' title='bbox 3417 5654 3525 5701; x_wconf 89' lang='lat' dir='ltr'><strong>non</strong></span> 
     </span>
    </p>
   </div>
   <div class='ocr_carea' id='block_1_119' title="bbox 1946 5724 3523 5805">
    <p class='ocr_par' dir='ltr' id='par_1_119' title="bbox 1946 5724 3523 5805">
     <span class='ocr_line' id='line_1_119' title="bbox 1946 5724 3523 5805; baseline 0.007 -23"><span class='ocrx_word' id='word_1_869' title='bbox 1946 5734 2089 5784; x_wconf 88' lang='lat' dir='ltr'><strong>sunt.</strong></span> <span class='ocrx_word' id='word_1_870' title='bbox 2113 5724 2509 5799; x_wconf 82' lang='lat' dir='ltr'><strong>Nonnunquam</strong></span> <span class='ocrx_word' id='word_1_871' title='bbox 2536 5726 2781 5784; x_wconf 88' lang='lat' dir='ltr'><strong>monachi</strong></span> <span class='ocrx_word' id='word_1_872' title='bbox 2804 5727 3007 5783; x_wconf 88' lang='lat' dir='ltr'><strong>idcirco</strong></span> <span class='ocrx_word' id='word_1_873' title='bbox 3025 5729 3093 5784; x_wconf 91' lang='lat' dir='ltr'><strong>ad</strong></span> <span class='ocrx_word' id='word_1_874' title='bbox 3112 5733 3523 5805; x_wconf 84' lang='lat' dir='ltr'><strong>contemplanda</strong></span> 
     </span>
    </p>
   </div>
  </div>
