3960 6198
246 418 340 481 621

1458 410 1761 473 DIADEMA
1796 409 2299 470 MONACHORUM.

3405 414 3509 486 βἓὲ

242 531 575 591 exteriorum
606 542 790 585 rerum
816 525 1003 597 sopitis
1026 523 1545 596 perturbationibus,
1575 523 1723 579 intra
1742 525 1817 580 si-
1850 537 1895 597 Α
1924 526 2062 583 Sunt
2090 526 2331 582 nonnulli
2367 526 2458 597 qui
2487 532 2607 596 post
2640 541 2896 598 perversa
2926 527 3115 583 itinera
3143 536 3361 585 sanctas
3386 531 3504 585 vias

243 639 373 683 num
409 638 470 678 se
510 619 685 675 intimi
735 617 941 673 amoris
980 616 1296 671 abscondat.
1326 615 1633 684 Aliquando
1673 630 1828 671 mens

239 715 370 783 iusti
392 712 459 768 ad
490 710 780 781 quamdam
804 706 1120 765 inusitatam
1142 705 1480 771 dulcedinem
1507 706 1705 775 interni
1732 720 1828 785 sa:

237 805 390 875 poris
410 800 753 864 admittitur;
779 804 835 854 et
861 796 1060 868 raptim
1081 796 1264 867 aliquo
1292 796 1453 852 modo
1475 796 1689 864 ardenti
1715 797 1826 867 spi-

236 896 346 958 ritu
380 892 558 947 afllata
584 896 895 955 renovatur,
918 894 1176 958 tantoque
1196 886 1366 958 magis
1402 886 1574 943 inhiat
1621 896 1825 959 quanto

237 984 418 1057 magis
440 980 688 1053 mundam
718 991 774 1037 et
802 980 1071 1050 degustat,
1099 987 1261 1049 atque
1289 978 1392 1035 hoc
1412 977 1552 1034 intra
1581 994 1640 1035 se
1664 995 1825 1051 appe-

236 1078 330 1143 tit,
357 1077 501 1146 qnod
528 1073 631 1129 sibi
659 1071 871 1133 dulcius
892 1071 1094 1127 habere
1118 1071 1445 1128 intrinsecus
1469 1072 1654 1128 sentit.
1679 1072 1826 1128 Dixit

235 1169 410 1224 abbas
449 1169 739 1223 Theonas:
773 1164 911 1233 Quia
960 1163 1252 1236 impeditur
1298 1179 1454 1221 mens
1497 1172 1719 1231 nostra,
1770 1173 1825 1219 et

236 1267 530 1314 revocatur
573 1273 605 1312 a
653 1257 1107 1327 contemplatione
1136 1254 1268 1321 Dei,
1307 1264 1592 1327 propterea
1624 1258 1822 1328 captivi

234 1348 490 1403 ducimur
528 1347 580 1400 in
608 1345 920 1401 carnalibus
952 1346 1315 1415 passionihus.
1351 1344 1499 1405 Dixit
1523 1345 1689 1402 abbas
1716 1347 1822 1401 Ar-

234 1439 424 1494 senius
449 1437 662 1497 cuidam
690 1435 847 1490 fratri
881 1452 893 1490 :
927 1435 1479 1508 Quantacunquetibi
1508 1436 1684 1495 virtus
1716 1448 1818 1507 est,

232 1516 439 1589 cenare
464 1535 525 1580 ut
554 1527 781 1581 interius
808 1541 944 1596 npus
969 1536 1122 1589 tuum
1145 1527 1440 1583 secundum
1471 1528 1640 1584 Deum
1666 1531 1737 1585 sit
1765 1538 1822 1584 et

233 1615 425 1671 vincat
464 1615 752 1670 exterioris
796 1616 1028 1671 hominis
1065 1617 1361 1687 passiones.
1395 1617 1618 1673 Dicebat
1655 1619 1822 1676 abbas

230 1700 472 1762 Joannes
502 1724 515 1759 :
540 1705 674 1772 Quia
721 1705 927 1761 fecerat
969 1707 1258 1778 aliquando
1298 1708 1528 1779 plectam
1573 1710 1642 1767 ad
1687 1713 1821 1767 duas

230 1806 486 1870 sportas,
526 1806 582 1853 et
613 1798 865 1867 expendit
897 1814 1017 1853 eam
1046 1800 1102 1853 in
1128 1816 1288 1854 unam
1320 1811 1592 1871 sportam,
1630 1810 1686 1858 et
1710 1819 1819 1859 non

1930 618 2124 672 sectari
2152 626 2427 688 appetunt,
2470 617 2565 673 sed
2593 617 2907 689 priusquam
2947 620 2999 675 in
3027 620 3107 675 eis
3125 661 3140 685 ,
3162 628 3223 675 ut
3251 621 3505 691 diximus,

1929 705 2195 763 desideria
2242 707 2381 773 bona
2412 707 2757 772 roborentur,
2789 708 3037 778 quaedam
3078 707 3199 783 illos
3231 710 3514 777 praesentis

1927 798 2108 854 saeculi
2135 799 2467 870 prosperitas
2497 798 2713 869 accipit,
2740 814 2861 870 qua:
2889 814 2982 855 eos
3017 800 3178 859 rebus
3224 801 3511 856 exteriori-

1927 890 2029 951 bus
2053 890 2325 961 implicat,
2356 899 2413 946 et
2439 906 2629 947 eorum
2655 900 2917 954 mentem,
2949 890 3075 947 dum
3103 904 3133 945 a
3163 891 3347 947 calore
3384 891 3512 945 inti--

1927 980 2001 1035 mi
2028 980 2240 1035 ardoris
2263 981 2527 1045 retrahit,
2560 980 2713 1051 quasi
2741 996 2807 1035 ex
2849 980 3051 1051 frigore
3088 983 3414 1054 exstinguit,
3455 990 3513 1050 et

1927 1073 2187 1144 quidquid
2227 1074 2283 1128 in
2312 1072 2392 1129 eis
2421 1074 2485 1129 de
2506 1088 2630 1128 sero
2660 1071 2873 1128 fervore
2913 1088 3174 1144 apparere
3202 1064 3506 1143 videbatur,

1927 1163 2203 1220 interficit.
2238 1162 2298 1219 Si
2322 1166 2453 1236 quid
2481 1165 2606 1223 boni
2643 1162 2872 1221 fortasse
2914 1165 3160 1223 infirmus
3188 1162 3253 1220 ac
3296 1167 3508 1238 tepidus

1926 1258 2224 1312 monachus
2253 1271 2414 1326 agere
2449 1257 2693 1327 cceperit,
2737 1259 3051 1327 priusquam
3090 1258 3147 1312 in
3176 1271 3240 1312 eo
3267 1272 3366 1328 per
3390 1257 3507 1312 lon-

1926 1347 2219 1418 gitudincm
2253 1351 2511 1421 temporis
2553 1351 2915 1417 convalescat,
2953 1351 3022 1406 ad
3064 1350 3335 1406 exteriora
3374 1351 3507 1415 dila-

1926 1438 2092 1505 bitur,
2121 1448 2178 1495 et
2202 1453 2459 1503 perverse
2501 1441 2703 1503 deserit
2729 1456 2850 1515 qua:
2879 1448 3024 1495 recte
3055 1440 3339 1494 inchoasse
3364 1439 3507 1495 vidc-

1924 1529 2104 1587 batur.
2154 1529 2212 1585 In
2253 1531 2484 1585 terrenis
2545 1530 2741 1601 quippe
2788 1530 2998 1584 actibus
3050 1529 3206 1583 valde
3263 1529 3507 1601 frigescit

1927 1621 2172 1688 animus,
2202 1622 2247 1678 si
2276 1623 2506 1677 necdum
2539 1622 2700 1676 fuerit
2723 1636 2821 1691 per
2845 1621 3033 1676 intima
3061 1622 3197 1676 dona
3225 1621 3501 1689 solidatas,
3555 1627 3564 1640 '

1927 1708 2221 1765 Sciendum
2245 1726 2587 1784 summopere
2616 1722 2699 1766 est
2729 1710 2856 1781 quia
2883 1710 3202 1781 plerumque
3228 1711 3508 1769 monachis

1926 1800 2029 1859 hoc
2066 1800 2287 1867 evenire
2324 1801 2605 1867 consuevit
2644 1791 2757 1877 (qui
2801 1800 2971 1855 Deum
2995 1787 3130 1871 puro
3172 1816 3235 1855 ac
3273 1800 3505 1870 simplici

230 1892 522 1950 intellexit.
564 1891 695 1952 Erat
740 1891 886 1946 enim
924 1905 1080 1951 mens
1113 1890 1230 1959 ejus
1275 1901 1536 1962 occupata
1584 1896 1643 1949 in
1686 1911 1817 1951 con-
1847 1891 1895 1951 B
1922 1891 2103 1954 studio
2130 1906 2238 1960 non
2265 1891 2585 1964 Sequuntur)
2616 1892 2760 1962 quod
2790 1892 2845 1953 in
2875 1891 3015 1946 libro
3043 1893 3189 1947 beati
3231 1890 3332 1947 Σοὶ)
3372 1895 3506 1948 scri-~

230 1983 587 2055 temptatione
618 1982 735 2036 Dei.
778 1982 927 2041 Dixit
964 1983 1132 2038 abbas
1163 1981 1424 2053 Serapion
1457 2002 1470 2038 :
1501 1984 1636 2052 Quia
1674 1986 1817 2053 sicut

230 2075 438 2136 milites
478 2072 821 2145 imperatoris
851 2071 995 2141 (eum
1020 2081 1145 2128 ante
1182 2073 1356 2144 ipsum
1377 2062 1541 2147 stant)
1575 2092 1680 2131 non
1713 2092 1812 2137 au-

227 2166 364 2221 dent
402 2165 466 2219 ad
497 2166 775 2220 dexteram
812 2171 905 2218 aut
942 2164 1214 2220 sinistram
1246 2167 1555 2237 respicere:
1591 2167 1664 2223 ita
1699 2183 1816 2223 mo—

228 2260 447 2315 nachus
480 2259 526 2314 si
551 2265 660 2315 stat
690 2258 744 2313 in
775 2265 1066 2327 conspectu
1091 2257 1327 2325 Domini,
1359 2267 1416 2313 et
1448 2259 1686 2316 intentus
1729 2271 1813 2317 est

226 2351 383 2413 omni
413 2350 544 2405 hora
579 2349 632 2404 in
665 2349 857 2404 timore
881 2347 1030 2420 ejus,
1058 2348 1194 2403 nihil
1231 2358 1312 2405 est
1334 2350 1399 2405 de
1427 2366 1534 2421 quo
1562 2352 1813 2409 adversa-

228 2442 348 2497 rius
366 2456 493 2497 eum
524 2449 729 2495 terrere
750 2441 939 2510 possit.
964 2439 1109 2494 Dixit
1131 2439 1296 2495 abbas
1321 2440 1641 2512 Hypericius
1668 2462 1681 2498 :
1706 2444 1811 2499 Co-

224 2532 424 2603 gitatio
455 2541 544 2586 tua
574 2545 787 2600 semper
819 2529 892 2585 sit
923 2530 978 2584 in
1010 2544 1175 2601 regno
1201 2528 1465 2585 caelorum
1485 2570 1498 2596 ,
1530 2539 1587 2587 et
1613 2533 1722 2588 cito
1758 2533 1811 2587 in

225 2622 603 2677 haereditatem
647 2620 880 2690 accipies
923 2618 1072 2674 illud.
1121 2619 1373 2688 Dixitque
1419 2621 1660 2676 iterum:
1694 2623 1810 2678 Vita

226 2714 485 2771 monachi
506 2712 657 2783 juxta
697 2711 1052 2767 imitationem
1092 2709 1401 2781 angelorum
1432 2711 1558 2779 fiat,
1590 2714 1812 2769 combu-

227 2824 363 2864 rens
393 2815 552 2877 atque
578 2818 901 2861 consumens
923 2810 1165 2875 peccata.
1203 2802 1348 2858 Dixit
1369 2803 1535 2859 abbas
1566 2804 1757 2861 Matois
1793 2824 1807 2859 :

226 2901 448 2968 Quanto
472 2897 643 2969 magis
670 2912 729 2952 se
752 2897 1094 2967 approximat
1134 2896 1297 2952 homo
1323 2896 1391 2951 ad
1429 2896 1622 2964 Deum,
1658 2889 1824 2963 tanto

226 2991 466 3062 amplius
493 3006 552 3046 se
582 2998 923 3061 pcecatorem
952 2990 1120 3046 videt.
1164 2989 1331 3054 lsaias
1367 2989 1510 3045 enim
1549 2991 1810 3061 propheta

224 3086 424 3143 videns
451 3087 760 3153 Dominum,
792 3087 1050 3142 miserum
1084 3101 1142 3152 se
1163 3094 1217 3141 et
1239 3086 1573 3143 immundum
1597 3086 1809 3151 dicebat

228 3178 372 3261 (15a.
399 3178 495 3249 vi).
521 3178 664 3233 Dixit
689 3179 909 3250 quidam
931 3194 1093 3235 senex
1126 3197 1138 3232 :
1170 3177 1324 3234 Sicut
1349 3194 1506 3235 nemo
1531 3181 1694 3236 audet
1716 3180 1809 3237 Ιωσ

1919 1992 2073 2059 ptum
2099 1990 2183 2038 est
2233 2001 2246 2037 :
2279 1982 2627 2054 Congregatio
2656 1984 2940 2054 hypocrita:
2983 1985 3176 2039 sterilis
3214 1984 3355 2056 (Job.
3388 1987 3501 2057 xv).

1922 2070 2125 2144 (Greg.,
2154 2150 2157 2153 _
2183 2072 2321 2126 Mor.
2369 2072 2407 2127 Ι.
2452 2090 2552 2137 xu,
2594 2091 2640 2127 c.
2680 2059 2797 2145 27.)
2824 2072 3012 2144 Οωριει
3050 2066 3193 2129 enim
3219 2074 3361 2131 bona
3392 2093 3499 2132 non

1919 2167 2249 2232 amitterent,
2271 2166 2315 2222 si
2332 2166 2625 2238 hypocrita:
2638 2182 2744 2221 non
2761 2165 3008 2222 fuissent.
3025 2166 3365 2238 Congregant
3378 2182 3505 2230 vero

1917 2265 1973 2311 et
2027 2258 2322 2328 hypocrita:
2377 2258 2517 2314 bona
2560 2271 2760 2329 Opera,
2808 2259 2904 2314 sed
2947 2273 3135 2314 eorum
3176 2259 3375 2329 sterilis
3421 2268 3507 2331 esi

1919 2349 2035 2419 ipsa
2063 2350 2410 2420 congregatio
2437 2366 2452 2403 :
2484 2349 2610 2418 quia
2633 2364 2733 2418 per
2758 2350 2862 2406 hoc
2887 2336 3234 2421 quod‘agunt,
3257 2338 3502 2417 fructum

1919 2439 2159 2519 recipere
2200 2440 2253 2495 in
2287 2450 2490 2496 aeterna
2529 2441 2884 2497 retributione
2926 2457 3033 2497 non
3083 2450 3362 2514 appetunt.
3404 2443 3505 2500 Fee

1919 2530 2079 2585 eundi
2129 2546 2195 2586 ac
2238 2531 2440 2586 virides
2482 2531 2535 2586 in
2584 2532 2697 2588 suis
2741 2532 2996 2603 operibus
3040 2533 3293 2599 humanis
3334 2535 3505 2604 oculis

1917 2608 2188 2686 videntur,
2224 2621 2319 2676 sed
2363 2622 2416 2675 in
2444 2630 2732 2693 conspectu
2766 2623 2964 2689 occulti
2994 2622 3196 2695 judieis
3227 2622 3503 2693 infecundi

1917 2720 1973 2766 et
2000 2711 2138 2766 aridi
2179 2720 2459 2783 apparent.
2492 2713 2679 2770 Pravre
2707 2715 3094 2782 monachorum
3128 2726 3337 2786 mentes
3362 2725 3504 2773 tem—

1915 2801 2180 2873 poralium
2223 2819 2408 2860 rerum
2454 2804 2714 2869 tumultus
2754 2804 2895 2860 intra
2942 2806 3260 2881 semetipsos
3288 2823 3506 2867 versare

1915 2908 2025 2952 non
2051 2902 2295 2963 cessant,
2331 2894 2496 2951 etiam
2532 2911 2656 2951 cum
2676 2902 2889 2959 vacant.
2912 2894 2971 2955 In
3004 2897 3334 2968 cogitatione
3358 2899 3502 2954 enim

1916 2994 2136 3045 servant
2161 2986 2372 3057 depicta
2401 3003 2521 3059 quae.
2556 2996 2738 3043 amant
2762 3028 2778 3054 ,
2808 2996 2864 3043 et
2894 2989 3142 3059 quamvis
3179 2989 3312 3044 nihil
3348 2997 3504 3047 ωηεν-

1916 3076 2030 3131 rius
2071 3074 2304 3143 faciant,
2340 3079 2480 3149 apud
2531 3079 2852 3148 semctipsos
2897 3086 3080 3133 tamen
3128 3078 3229 3144 sub
3267 3080 3506 3153 pondere

1916 3165 2302 3236 inquietudinis
2348 3167 2518 3238 quieti
2555 3167 2821 3223 laborant.
2867 3165 3073 3236 Quibus
3109 3168 3155 3224 si
3190 3169 3504 3241 earumdem

227 3242 365 3328 dere
402 3242 523 3326 eum
542 3312 557 3337 ,
584 3270 674 3341 qui
706 3242 865 3340 juxta
897 3247 1288 3341 imperatorem
1316 3279 1422 3339 est,
1458 3271 1537 3327 ita
1579 3270 1809 3328 satanas
1834 3242 1881 3306 C
1912 3270 2094 3327 rerum
2139 3256 2537 3317 administratio
2564 3261 2891 3331 pratbeatur,
2913 3262 3234 3333 semetipsos
3262 3260 3505 3325 funditus

229 3378 343 3416 non
378 3361 576 3432 poterit
613 3361 767 3422 nobis
809 3361 1009 3432 aliquid
1040 3377 1253 3427 nocere,
1302 3362 1349 3417 si
1393 3365 1575 3419 anima
1620 3374 1810 3420 nostra

229 3451 513 3513 inhaeserit
539 3440 697 3519 Deo.

787 3542 1015 3601 CAPUT
1052 3542 1241 3600 XXVI.

410 3632 489 3685 De
524 3632 740 3686 remissa
768 3635 1159 3695 conversatione
1196 3637 1596 3695 monachorum.

309 3719 501 3791 (Isid,
537 3719 576 3774 Ι.
614 3736 653 3780 ιι
682 3717 853 3788 Sent.,
881 3739 929 3776 ε.
963 3720 1076 3794 10.)
1106 3720 1297 3777 Multos
1329 3723 1555 3779 remissa
1589 3737 1812 3781 conver-

229 3809 375 3865 satio
404 3808 459 3863 in
499 3809 757 3885 pristinos
793 3826 1011 3867 errores
1040 3810 1285 3877 reducit,
1314 3826 1380 3866 ac
1418 3811 1632 3868 vivendi
1675 3823 1813 3869 tem-

228 3890 369 3972 pore
392 3902 634 3958 resolvit.
659 3902 893 3974 Tepidus
919 3904 973 3959 in
1003 3905 1416 3971 conversatione
1448 3903 1620 3960 otiosa
1644 3904 1809 3961 verba

225 4004 287 4051 et
335 4010 505 4050 vanas
547 3995 900 4066 cogitationes
961 3997 1153 4051 noxias
1205 4009 1324 4051 esse
1373 4010 1481 4063 non
1524 3996 1809 4067 conspicit.

226 4091 387 4161 Quod
414 4090 459 4146 si
487 4106 517 4145 a
548 4099 765 4161 torpore
799 4091 995 4146 mentis
1020 4089 1387 4161 evigilaverit,
1417 4104 1479 4144 ea
1519 4104 1639 4165 qua:
1671 4089 1810 4146 levia

223 4181 601 4245 existimabat,
631 4180 915 4236 confestim
941 4181 1092 4251 quasi
1124 4180 1393 4237 horrenda
1415 4188 1577 4250 atque
1601 4180 1808 4237 atrocia

224 4274 584 4347 pertimescit.
626 4273 815 4338 Omnis
843 4288 934 4329 ars
965 4272 1148 4337 saeculi
1174 4270 1336 4350 hujus
1377 4281 1627 4328 strenuos
1662 4288 1810 4349 ama-

226 4374 381 4419 tores
414 4365 610 4430 habet,
649 4375 704 4419 et
732 4365 799 4419 ad
832 4362 1234 4434 exsequendum
1266 4363 1715 4435 promptissimos.
1744 4365 1811 4420 Et

226 4456 339 4510 hoc
357 4456 580 4526 proinde
607 4456 667 4509 fit
685 4496 700 4520 ,
729 4455 856 4526 quia
884 4462 1206 4525 praesentem
1233 4456 1398 4511 habet
1420 4455 1600 4527 operis
1625 4456 1706 4510 sui
1731 4471 1813 4513 re-

226 4547 683 4603 munerationem.
723 4545 849 4619 Ars
874 4561 1005 4601 vero
1047 4545 1212 4611 divini
1266 4546 1469 4601 amoris
1522 4546 1839 4619 plerosque.

1914 3347 2187 3403 deserunt.
2247 3349 2407 3406 Curis
2464 3350 2610 3406 enim
2655 3352 3004 3409 szeeularibus
3059 3353 3298 3425 intenti,
3350 3362 3505 3427 tanto

1913 3439 2339 3496 insensibiliores
2384 3443 2529 3498 intus
2571 3440 2834 3507 efﬁcimur
2867 3485 2882 3511 ,
2941 3454 3146 3528 quanto
3175 3447 3242 3502 ad
3274 3461 3338 3513 ea
3384 3462 3504 3517 qua:

1913 3528 2046 3592 foris
2080 3540 2204 3586 sunt
2228 3531 2583 3589 studiosiores
2610 3532 2875 3589 videmur.
2905 3532 3137 3607 (Gregr.,
3172 3536 3313 3604 Itoni.
3350 3536 3417 3590 17
3444 3538 3500 3605 in

1913 3619 2144 3693 Evang.)
2176 3621 2289 3677 Usu
2314 3630 2369 3684 et
2395 3639 2527 3679 cura
2549 3623 2752 3680 terreni
2775 3623 3029 3691 desiderii
3053 3624 3361 3682 obdurescit
3389 3627 3504 3683 ani-

1912 3726 2056 3778 mus,
2086 3720 2139 3768 et
2167 3698 2297 3777 dum
2330 3713 2450 3788 ipso
2480 3730 2577 3770 suo
2608 3729 2710 3770 usu
2745 3715 2916 3770 durus
2945 3713 3176 3781 efﬁcitur
3202 3732 3303 3787 per
3332 3718 3501 3773 actio?

1911 3803 2038 3859 nem
2059 3805 2239 3860 saeculi
2256 3846 2271 3874 ,
2303 3807 2372 3863 ad
2397 3821 2460 3874 ea
2486 3807 2717 3878 emoiliri
2741 3821 2851 3862 non
2887 3806 3054 3874 valet,
3086 3822 3207 3877 quae
3227 3809 3503 3879 pertinent

1912 3893 1980 3963 ad
2006 3895 2330 3967 eharitatem
2357 3898 2473 3965 Dei.
2503 3896 2703 3971 Sancta
2728 3898 2970 3967 Ecclesia
3008 3899 3074 3954 de
3096 3902 3259 3954 memi
3280 3901 3355 3955 ris
3389 3901 3503 3971 suis

1912 3984 2313 4043 infirmantibus
2333 3990 2464 4044 dicit
2486 4004 2502 4043 :
2529 3987 2829 4045 Posuerunt
2852 4006 2933 4044 me
2948 3990 3214 4057 custodem
3235 3991 3289 4043 in
3312 3992 3498 4063 vineis,

1912 4072 2115 4130 vineam
2156 4093 2325 4131 meam
2360 4095 2465 4133 non
2513 4079 2768 4134 custodiri
2794 4076 2974 4152 (Cant.
2998 4078 3059 4152 l).
3100 4077 3266 4134 Vinea
3303 4081 3503 4151 quippe

1911 4173 2117 4237 nostra,
2155 4168 2398 4224 actiones
2438 4175 2584 4235 sunt,
2629 4182 2766 4240 quas
2809 4181 2909 4222 usu
2956 4167 3258 4236 quotidiani
3300 4167 3500 4226 laboris

1911 4258 2231 4314 exeolimus.
2280 4256 2390 4315 Sed
2425 4259 2678 4325 custodes
2726 4259 2782 4314 in
2812 4244 2985 4324 vineis
3009 4258 3204 4335 positi,
3254 4267 3498 4329 nostram

1911 4336 2126 4410 vineam
2171 4351 2395 4421 minime
2440 4351 2774 4421 custodimus
2813 4367 2826 4403 :
2874 4349 2998 4420 quia
3047 4365 3171 4404 cum
3222 4351 3501 4409 extraneis

1912 4446 2217 4505 actionibus
2248 4442 2623 4512 implicantur,
2650 4441 3009 4499 ministerium
3039 4441 3268 4496 actionis
3299 4451 3498 4497 nostra:

1912 4538 2253 4611 negligimus.
2270 4534 2425 4589 Dixit
2447 4531 2617 4588 abbas
2639 4531 2827 4604 Sysois
2856 4549 2870 4585 :
2897 4532 3027 4588 Esto
3051 4532 3495 4602 contemptibilis,

225 4638 398 4703 habet
424 4646 716 4693 sectatores
742 4617 1042 4708 languidos,
1079 4635 1306 4707 tepidos,
1342 4617 1559 4705 pigritia
1588 4644 1643 4691 et
1672 4617 1811 4691 iner-
1834 4617 1888 4675 D
1913 4642 1969 4687 et
1998 4631 2302 4686 voluntates
2342 4635 2463 4682 tuas
2509 4632 2631 4695 post
2674 4632 2886 4696 tergum
2918 4632 3067 4678 tuum
3112 4622 3332 4699 projice.
3368 4624 3497 4682 Esto

228 4729 312 4783 tia
348 4727 673 4798 congelatos.
706 4726 812 4782 Sed
846 4728 951 4781 hoc
976 4726 1220 4796 proinde,
1254 4727 1397 4795 quod
1428 4725 1581 4782 labor
1617 4741 1808 4781 eorum

226 4835 340 4874 non
367 4833 464 4889 pro
486 4818 761 4888 praesenti,
792 4816 885 4872 sed
918 4831 1016 4886 pro
1042 4814 1221 4887 futura
1250 4818 1688 4885 remuneratione
1709 4816 1790 4871 dif
1793 4846 1813 4858 -

228 4911 426 4964 fertur.
468 4896 695 4979 ldeoquc
726 4909 850 4963 dum
875 4922 1062 4962 eorum
1100 4907 1340 4962 laborem
1365 4907 1630 4962 mercedis
1650 4906 1810 4961 retri-

225 5000 387 5059 butio
429 5014 534 5054 non
584 4999 766 5054 statim
821 4996 1187 5066 consequitur,
1234 5011 1329 5066 spe
1371 5011 1507 5066 penc
1549 4995 1811 5052 dissoluta

226 5092 606 5162 languescunt.
640 5090 791 5146 Unde
816 5098 873 5144 et
908 5104 1101 5160 magna
1133 5087 1238 5142 illis
1264 5086 1430 5159 gloria
1456 5095 1809 5157 praeparatur,

226 5183 328 5253 qui
358 5181 509 5235 bona:
535 5179 960 5235 conversationis
1002 5189 1057 5234 et
1082 5178 1206 5234 vita:
1230 5176 1494 5251 principia
1524 5184 1813 5248 augmento

230 5270 479 5341 solidiori
525 5276 925 5333 consummant,
959 5258 1131 5336 atque
1179 5283 1246 5322 eo
1285 5265 1353 5320 ad
1401 5265 1811 5335 promerendam

234 5360 649 5428 retributionem
695 5358 956 5421 clariores
995 5364 1384 5437 pra'parantur,
1446 5369 1552 5426 quo
1603 5353 1814 5423 firmius

231 5452 357 5508 duri
408 5452 619 5506 itineris
664 5450 879 5505 labores
922 5458 979 5504 et
1028 5449 1285 5503 inchoant
1317 5455 1372 5501 ct
1409 5452 1808 5501 consummant.

232 5542 450 5615 (στερη
494 5542 634 5597 Mor.
669 5541 706 5596 Ι.
740 5559 841 5604 xu,
885 5559 931 5595 c.
959 5539 1073 5613 26.)
1117 5541 1343 5608 Quidam
1372 5540 1548 5608 primo
1585 5553 1815 5593 conver-

232 5636 405 5692 sionis
446 5635 625 5689 calore
665 5634 731 5688 ad
779 5634 1008 5688 virtutes
1037 5647 1094 5687 se
1141 5630 1428 5701 accingunt
1468 5647 1481 5683 :
1522 5629 1814 5683 accedente

232 5741 366 5781 vero
396 5740 711 5797 progressu,
743 5724 869 5779 dum
901 5722 1253 5778 immoderate
1282 5719 1510 5773 terrenis
1540 5720 1700 5773 rebus
1726 5718 1811 5772 in-

235 5822 532 5884 cumbunt,
591 5819 810 5888 pulvere
870 5815 1039 5870 infimi
1110 5814 1376 5885 appetitus
1429 5814 1810 5867 obscurantur.

1911 4725 2051 4779 liber
2079 4730 2130 4777 et
2163 4733 2386 4778 securus
2416 4734 2447 4772 a
2478 4716 2829 4773 sazeularibus
2857 4717 3003 4772 curis
3023 4757 3038 4783 ,
3076 4723 3132 4771 et
3161 4717 3383 4771 habebis
3413 4734 3497 4772 rc-

1912 4816 2116 4887 quiem.
2142 4813 2463 4880 Dixitsenex
2490 4828 2502 4863 :
2529 4809 2651 4864 Vita
2672 4808 2922 4877 monachi
2948 4808 3065 4862 haec
3086 4817 3169 4863 est
3191 4826 3202 4861 :
3227 4808 3493 4879 operatio,

1912 4906 2238 4972 obedientia,
2270 4903 2550 4958 meditatio
2569 4944 2583 4971 ,
2613 4910 2674 4956 ut
2703 4915 2806 4955 non
2829 4898 3055 4969 judicet,
3088 4914 3195 4953 non
3224 4900 3494 4974 detrahat,

1914 4982 2022 5054 non
2066 5002 2385 5060 murmuret,
2434 5008 2612 5063 neque
2661 4991 2873 5045 curiose
2910 4998 3052 5061 agat,
3092 5002 3265 5059 neque
3311 4990 3498 5045 audire

1917 5090 2092 5145 aliena
2117 5086 2363 5142 delectet.
2395 5083 2666 5153 Scriptum
2692 5090 2775 5135 est
2795 5080 2940 5134 enim
2968 5098 2980 5133 :
3013 5079 3117 5148 Qui
3146 5079 3363 5149 diligitis
3393 5077 3500 5141 Do,

1916 5182 2136 5244 minam,
2164 5178 2303 5232 adite
2324 5175 2523 5243 malum
2547 5172 2718 5244 (Psal.
2754 5170 2922 5231 κενή.

2462 5263 2691 5335 CAPUT
2737 5260 2946 5331 xxvu.

2487 5353 2564 5406 De
2584 5352 2918 5418 abstinentia.

1988 5451 2099 5505 [loc
2124 5456 2207 5504 est
2227 5445 2525 5516 perfectum
2547 5451 2602 5498 et
2628 5440 2950 5496 rationabile
2969 5437 3254 5509 jejunium.
3278 5434 3496 5505 quando

1920 5546 2106 5594 noster
2133 5539 2291 5591 homo
2313 5533 2551 5590 exterior
2570 5531 2801 5603 jejunat,
2835 5531 3063 5586 interior
3089 5534 3228 5581 orat.
3258 5523 3498 5592 Facilius

1918 5644 2017 5699 per
2050 5625 2309 5698 jejunium
2357 5622 2533 5679 oratio
2584 5628 2834 5691 penetrat
2881 5615 3096 5671 ctelum.
3157 5613 3308 5667 Tune
3351 5611 3495 5679 enim

1922 5721 2085 5776 homo
2108 5714 2369 5787 spiritalis
2395 5713 2638 5776 effectus,
2664 5709 2871 5779 angelis
2896 5702 3255 5773 coniungitur,
3281 5704 3499 5775 Deoque

1922 5809 2142 5879 liberius
2172 5806 2471 5894 copulatur.
2503 5803 2608 5858 Per
2637 5798 2899 5868 jejunium
2936 5794 3100 5850 etiam
3129 5795 3340 5867 occulta
3380 5811 3489 5884 my,
