3960 6206
394 361 498 420 693

1671 353 2025 411 SMARAGDI
2061 352 2098 407 Α
2109 353 2234 408 BDA
2245 353 2356 410 TIS

3565 359 3672 418 (iii

385 477 675 534 steriorum
715 469 1016 528 caelestium
1063 468 1374 524 revelantur
1397 509 1411 533 ,
1462 465 1737 536 divinique
1794 481 1979 520 sacra-
2009 470 2055 530 Α
2086 482 2184 518 nus
2213 465 2466 520 eunuchis
2491 479 2508 517 :
2537 465 2682 521 Dabo
2709 467 2780 520 eis
2810 468 2862 521 in
2886 466 3039 520 domo
3063 484 3177 521 mea
3200 478 3247 522 et
3277 469 3329 522 in
3354 471 3518 524 muris
3545 473 3672 525 meis

385 568 554 623 menti
575 579 770 620 arcana
795 561 1122 632 panduntur.
1155 558 1247 615 Sic
1276 571 1508 629 namque
1535 556 1746 622 Daniel,
1779 555 1975 626 angelo

387 657 692 719 revelante,
724 651 1106 722 mysteriorum
1129 659 1474 705 sacramenta
1509 662 1840 720 cognoscere
1873 662 1980 701 me-

387 751 518 805 ruit.
552 747 678 805 Haec
707 744 852 798 enim
880 742 1052 797 virtus
1077 751 1134 796 et
1158 741 1473 810 angelorum
1509 738 1978 794 manifestationes

384 847 440 894 et
458 850 646 894 eorum
676 833 1114 889 annuntiationes
1135 831 1395 887 ostendit.
1429 828 1658 898 Jejunia,
1689 827 1850 882 fortia
1873 827 1980 882 tela

384 935 513 984 sunt
553 927 812 982 adversus
849 931 1186 980 tentamenta
1215 923 1624 980 dasmoniorum.
1672 918 1793 974 Cito
1834 919 1978 973 enim

383 1035 482 1089 per
510 1017 897 1073 abstinentiam
922 1015 1301 1072 devincuntur.
1343 1012 1498 1070 Unde
1525 1012 1690 1067 etiam
1718 1010 1979 1064 Dominus

387 1108 638 1164 Salvator
657 1115 862 1173 noster,
891 1120 1078 1162 eorum
1107 1105 1361 1160 incursus
1386 1101 1608 1173 jejuniis
1639 1110 1694 1156 et
1719 1098 1980 1155 orationi-

384 1201 486 1257 bus
520 1207 818 1270 praemonet
857 1212 1115 1270 superare
1153 1198 1341 1253 dicens
1371 1211 1388 1251 :
1426 1194 1541 1250 lloc
1583 1211 1748 1266 genus
1783 1193 1981 1247 dtrmo-

386 1292 595 1344 niorum
623 1307 728 1344 non
762 1289 998 1360 ejicitur,
1033 1287 1139 1342 nisi
1164 1303 1258 1359 per
1294 1287 1588 1341 orationem
1623 1295 1672 1339 et
1706 1283 1979 1354 jejunium

387 1380 1028 1451 (Matth.xvtt).lmmundi
1068 1381 1213 1436 enim
1241 1379 1466 1449 spiritus
1493 1377 1619 1433 illuc
1653 1393 1777 1432 sese
1807 1375 1980 1447 magis

387 1468 656 1537 injiciunt,
680 1470 772 1525 ubi
788 1470 908 1539 plus
930 1471 1116 1524 vident
1140 1484 1280 1524 esca:
1306 1464 1361 1523 et
1387 1477 1565 1539 potus.
1595 1466 1786 1523 Sancti
1811 1481 1981 1535 quan-

387 1559 483 1614 diu
505 1559 559 1613 in
583 1559 744 1627 hujus
764 1559 948 1614 saeculi
973 1559 1082 1613 vita
1105 1559 1430 1624 inhabitant,
1460 1558 1729 1613 desiderio
1754 1554 1976 1626 superni

389 1648 532 1704 roris
545 1663 741 1718 corpus
753 1664 911 1704 suum
926 1647 1136 1702 aridum
1161 1655 1400 1719 portant.
1418 1648 1569 1704 Unde
1582 1657 1636 1703 et
1650 1647 1702 1702 in
1726 1646 1941 1701 Psalmo
1958 1662 1971 1700 :

392 1736 571 1792 Sitivit
607 1739 663 1791 in
693 1747 742 1792 te
775 1738 952 1791 anima
979 1753 1117 1804 mea,
1152 1754 1310 1808 quam
1333 1737 1694 1808 multipliciter
1731 1736 1825 1790 tibi
1852 1753 1975 1790 caro

2084 555 2280 620 locum,
2320 566 2370 610 et
2413 573 2600 611 nomen
2647 557 2831 612 melius
2873 576 2905 612 a
2942 559 3069 628 ﬁliis
3103 569 3152 613 et
3181 559 3435 629 filiabus,
3481 579 3673 618 nomen

2080 646 2451 716 sempiternum
2469 647 2605 701 dabo
2628 648 2721 710 eis,
2746 648 2885 718 quod
2909 664 3012 702 non
3032 649 3218 720 peribit
3242 649 3294 722 (1
3299 669 3378 705 sa.
3404 653 3538 723 Lvt).
3564 651 3678 709 Nec

2082 739 2303 794 dubium
2339 741 2480 811 quod
2509 741 2600 811 qui
2639 740 2775 796 casti
2807 748 3161 810 perseverant
3197 749 3253 817 et
3277 741 3536 813 virgines,
3577 757 3678 799 an-

2080 831 2213 901 gelis
2235 831 2328 887 Dei
2353 832 2660 888 eﬂiciantur
2679 831 2936 903 mquales.
2961 831 3201 887 Amanda
3225 842 3310 888 est
3332 834 3670 903 pulchritudo

2080 921 2385 987 castitatis,
2415 920 2568 990 cujus
2601 922 2886 994 degustata
2915 921 3231 988 delectatio,
3273 922 3484 978 dulcior
3521 925 3676 982 inve»

2080 1011 2227 1067 nitur
2263 1028 2426 1082 quam
2469 1013 2670 1068 carnis.
2703 1012 2939 1069 Castitas
2981 1014 3124 1068 enim
3151 1013 3360 1070 fructus
3387 1017 3674 1074 suavitatis

2078 1111 2185 1168 est,
2213 1103 2557 1173 pulchritudo
2573 1103 2828 1159 inviolata
2850 1113 3188 1160 sanctorum.
3217 1105 3452 1163 Castitas
3464 1111 3668 1166 securi.

2081 1204 2164 1250 tas
2189 1203 2271 1250 est
2304 1195 2521 1260 mentis,
2557 1203 2612 1250 et
2638 1195 2842 1250 sanitas
2865 1196 3132 1266 corporis.
3161 1196 3305 1252 Nihil
3329 1200 3554 1267 prodest
3585 1201 3672 1255 ino-

2080 1289 2357 1358 corruptio
2381 1289 2586 1354 carnis,
2630 1289 2721 1344 ubi
2767 1305 2870 1343 non
2901 1297 2988 1344 est
3018 1289 3301 1362 integritas
3341 1292 3560 1358 mentis,
3591 1294 3660 1348 ni-

2081 1379 2266 1451 hilque
2311 1379 2452 1434 valet
2492 1379 2749 1434 mundum
2786 1395 2907 1435 esse
2950 1396 3176 1452 corpore
3220 1381 3270 1436 ei
3314 1382 3406 1452 qui
3438 1383 3664 1454 pollutus

2084 1478 2169 1525 est
2195 1479 2392 1525 mente.
2418 1470 2563 1524 Dixit
2591 1486 2777 1536 senex,
2807 1471 2933 1542 quia
2960 1472 3223 1527 securitas
3249 1480 3302 1527 et
3328 1475 3659 1530 taciturnitat

2077 1573 2132 1619 et
2169 1563 2381 1620 occulta
2423 1563 2726 1630 meditatio,
2764 1564 2988 1634 pariunt
3026 1565 3374 1633 castitatem;
3421 1568 3675 1637 gloriatio

2077 1657 2363 1724 monachi,
2406 1658 2735 1714 abstinentia
2760 1675 3008 1716 escarum
3043 1670 3100 1715 et
3126 1677 3156 1715 a
3192 1661 3532 1734 multiloquio
3561 1665 3674 1720 Iin-

2077 1761 2216 1816 guze.
2258 1748 2404 1803 Dixit
2438 1749 2606 1803 abbas
2633 1748 2888 1805 Puztnen:
2925 1749 3079 1807 Sicut
3113 1753 3384 1822 spatarius
3414 1753 3677 1825 principis

387 1845 503 1884 mea
535 1827 706 1900 (Pw!-
731 1829 884 1900 thl)-
912 1828 1052 1884 Caro
1079 1831 1224 1886 enim
1251 1840 1381 1886 tunc
1396 1831 1564 1886 Deum
1590 1831 1723 1896 Sitit.
1754 1827 1968 1900 quando
1995 1835 2044 1895 B
2069 1837 2278 1892 assistit
2323 1837 2373 1892 ei
2420 1839 2677 1893 continuo
2737 1854 2952 1910 semper
3009 1849 3233 1910 paratus
3253 1882 3267 1907 ,
3328 1841 3403 1896 ita
3459 1851 3679 1913 Oportet

387 1933 486 1990 per
513 1917 776 1986 jejunium
808 1918 1042 1974 abstinet
1078 1929 1133 1985 et
1166 1921 1384 1976 arescit.
1422 1920 1763 1976 Abstinentia
1802 1927 1856 1975 et
1896 1919 1976 1974 vi-

387 2009 568 2064 vilicat
613 2017 668 2064 et
708 2010 913 2064 occidit
943 2025 957 2065 :
987 2011 1222 2066 vivificat
1255 2011 1512 2076 animam,
1561 2026 1760 2081 corpus
1792 2019 1972 2065 necat.

389 2097 601 2168 Jejunia
634 2116 755 2156 cum
794 2101 950 2157 bonis
987 2104 1242 2172 operibus
1279 2103 1390 2158 Deo
1433 2103 1782 2173 acceptabilia
1829 2113 1973 2159 sunt.

389 2189 491 2256 Qui
529 2200 711 2245 autem
745 2206 776 2244 a
806 2192 940 2246 cibis
977 2193 1249 2249 abstinent
1277 2203 1333 2250 et
1361 2209 1525 2264 prave
1552 2204 1749 2266 agunt,
1778 2195 1980 2249 darmo-

389 2296 488 2334 nes
517 2281 828 2346 imitantur,
859 2284 1056 2352 quibus
1079 2299 1204 2340 esca
1230 2300 1338 2339 non
1368 2293 1473 2350 est,
1497 2295 1550 2340 et
1575 2286 1814 2355 nequitia
1837 2302 1978 2341 sem-

389 2387 488 2441 per
513 2382 614 2428 cst.
641 2373 730 2428 llle
754 2384 935 2430 autem
959 2377 1097 2432 bene
1120 2378 1353 2433 abstinet
1379 2394 1408 2431 a
1433 2378 1569 2433 cibis
1586 2379 1675 2448 qui
1704 2393 1733 2432 a
1761 2377 1979 2433 maliti-.e

391 2462 624 2527 actibus,
655 2471 710 2518 et
751 2479 779 2518 a
810 2465 993 2520 mundi
1018 2466 1226 2538 jejunat
1253 2466 1656 2522 ambitionibus.
1691 2466 1980 2538 Spernitur

389 2551 656 2622 jejunium
691 2555 834 2624 quod
859 2556 912 2610 in
938 2571 1166 2628 vespero
1193 2558 1491 2628 rcpletione
1517 2559 1764 2614 ciborum
1796 2558 1978 2614 relici-

396 2655 506 2699 tur.
533 2643 720 2716 Neque
751 2647 894 2702 enim
921 2651 1218 2720 reputanda
1248 2659 1331 2706 est
1359 2645 1708 2718 abstinentia,
1747 2652 1837 2708 tibi
1863 2651 2005 2726 fue-.

392 2735 466 2789 rit
508 2735 713 2791 ventris
751 2737 1011 2794 saturitas
1048 2739 1354 2795 subsecuta.
1401 2740 1689 2812 Spernitur
1710 2740 1980 2812 jejunium

391 2823 538 2892 quod
570 2823 623 2878 in
659 2839 887 2896 vespero
926 2826 1132 2883 deliciis
1171 2839 1571 2901 compensatur.
1621 2830 1754 2887 Cum
1797 2840 1981 2886 nostra

395 2929 622 2986 corpora
645 2931 743 2986 per
764 2919 1145 2976 abstinentiam
1176 2922 1478 2992 domamus,
1503 2926 1631 2995 quid
1645 2926 1790 2981 aliud
1817 2942 1981 2998 quam

395 3007 635 3063 carnalia
675 3010 942 3066 sacrificia
983 3014 1336 3086 omnipotenti
1372 3017 1598 3074 Domino
1627 3019 1983 3075 exhibemus?

400 3096 554 3152 Sicut
592 3113 690 3169 per
726 3099 953 3156 Paulum
998 3103 1198 3160 dicitur
1240 3123 1255 3159 :
1303 3103 1374 3160 Ut
1420 3107 1705 3161 exhibeatis
1761 3125 1983 3179 corpora

2075 1931 2313 1986 animam
2365 1947 2584 2001 semper
2639 1947 2760 1988 esse
2804 1942 3050 2004 paratam
3104 1935 3366 1990 adversus
3419 1937 3677 2007 spiritum

2078 2022 2482 2079 fornicationis.
2520 2026 2744 2082 Dicebat
2791 2027 2958 2084 abbas
2996 2028 3263 2086 Antonius
3303 2049 3316 2084 :
3357 2030 3510 2087 Scire
3541 2048 3680 2087 con-

2078 2113 2230 2170 venit
2251 2116 2395 2185 quod
2422 2124 2547 2172 sunt
2572 2128 2685 2173 tres
2710 2120 3018 2188 corporales
3041 2129 3217 2178 motus
3249 2139 3262 2177 :
3299 2140 3435 2178 unus
3455 2125 3683 2194 quidem

2078 2208 2376 2275 naturalis,
2405 2209 2540 2264 alter
2569 2219 2752 2266 autem
2786 2227 2852 2267 ex
2879 2211 3210 2282 plenitudine
3243 2214 3490 2270 ciborum
3510 2256 3527 2282 ,
3567 2224 3682 2271 ter-

2079 2301 2189 2356 tius
2219 2315 2348 2357 vero
2376 2316 2444 2357 ex
2469 2302 2862 2358 dmmoniorum
2889 2303 3316 2375 impugnatione.
3345 2304 3453 2361 Sed
3484 2318 3682 2363 contra

2079 2392 2178 2447 hos
2204 2408 2392 2448 omnes
2417 2393 2618 2448 bonum
2645 2403 2729 2450 est
2763 2395 3040 2451 custodire
3072 2397 3215 2467 quod
3241 2398 3505 2468 scriptum
3535 2409 3621 2454 est
3659 2418 3676 2454 :

2082 2482 2238 2538 Omni
2269 2485 2507 2540 custodia
2538 2502 2686 2541 serva
2711 2503 2802 2541 cor
2829 2498 2978 2542 ticum
3019 2486 3204 2560 (Prov.
3239 2491 3340 2562 tv).

2631 2577 2859 2634 CAPUT
2912 2579 3107 2634 XXIX.

2367 2667 2442 2723 De
2479 2667 2760 2723 tolerantia
2797 2669 2988 2724 divina:
3026 2671 3385 2742 correptionis.

2153 2757 2338 2829 (Isid.,
2371 2757 2462 2812 lib.
2494 2773 2556 2814 nl
2599 2757 2774 2824 Sent.,
2806 2775 2923 2829 cap.
2969 2758 3049 2832 4.)
3090 2758 3425 2817 Murmurare
3472 2761 3525 2816 in
3572 2762 3676 2816 fla-

2081 2849 2235 2918 gellis
2283 2848 2378 2904 Dei
2427 2858 2678 2920 peccator
2705 2849 2868 2905 homo
2908 2865 3015 2904 non
3052 2851 3234 2916 debet,
3275 2853 3402 2922 quia
3439 2853 3681 2909 maxime

2079 2955 2178 3010 per
2226 2941 2330 2996 hoc
2369 2940 2512 3010 quod
2549 2939 2862 3011 corripitur,
2903 2941 3244 2996 emendatur.
3290 2941 3678 3014 Unusquisque

2081 3040 2262 3088 autem
2292 3041 2420 3088 tunc
2445 3032 2617 3087 levius
2653 3041 2830 3103 portat
2855 3033 2997 3102 quod
3023 3033 3246 3104 patitur,
3272 3034 3316 3088 si
3343 3049 3439 3089 sua
3463 3035 3683 3090 discus-

2083 3123 2216 3178 serit
2244 3123 2402 3186 mala,
2437 3138 2537 3194 pro
2561 3123 2760 3194 quibus
2805 3123 2881 3178 illi
2925 3123 3157 3180 infertur
3187 3125 3471 3180 retributio
3500 3124 3680 3195 justa.

394 3198 565 3243 vestra
609 3191 833 3244 hostiam
881 3194 1130 3248 viventem
1186 3193 1359 3266 (Rom.
1394 3196 1517 3269 xu).
1553 3195 1812 3267 Egregius
1846 3195 1982 3266 psal-

2090 3213 2274 3268 Discat
2317 3191 2820 3270 non—murmurare
2867 3213 2960 3285 qui
3006 3213 3147 3270 mala
3191 3215 3415 3286 patitur,
3461 3191 3684 3272 etiamsi

399 3281 559 3336 mista
600 3281 769 3337 David
801 3283 999 3338 nullam
1040 3299 1160 3340 esse
1199 3286 1580 3342 abstinentiam
1621 3287 1741 3344 sine
1769 3303 1993 3344 concor-

400 3371 486 3425 dia
549 3372 838 3443 designans
866 3414 882 3439 ,
947 3374 1024 3428 ait
1075 3393 1088 3428 :
1123 3374 1358 3430 Laudate
1395 3394 1512 3431 eum
1559 3377 1614 3432 in
1658 3387 1905 3449 tympano
1942 3387 1993 3432 et

393 3465 552 3518 choro
591 3463 763 3536 (Psal.
801 3465 909 3537 CL).
941 3465 998 3520 In
1040 3475 1294 3538 tympano
1324 3469 1525 3525 etenim
1555 3469 1762 3525 corium
1788 3470 1990 3526 siccum

399 3565 640 3625 resonat,
687 3559 741 3613 in
773 3559 941 3615 choro
975 3568 1154 3616 autem
1182 3576 1342 3617 voces
1379 3563 1722 3618 concorditer
1749 3571 1988 3618 cantant.

395 3647 537 3716 Quid
581 3650 726 3704 enim
764 3665 863 3721 per
903 3659 1238 3722 tympanum,
1275 3652 1378 3708 nisi
1414 3653 1762 3720 abstinentia,
1788 3661 1844 3708 et
1862 3653 1991 3722 quid

392 3754 493 3810 per
533 3740 784 3805 chorum,
833 3740 937 3795 nisi
987 3743 1272 3797 charitatis
1313 3742 1603 3798 concordia
1633 3741 1992 3813 designatur?

393 3826 600 3899 (ηπ-εει,
629 3827 779 3882 Past.
815 3827 973 3882 Cum:
1008 3847 1060 3900 p.
1091 3846 1174 3895 nt,
1203 3831 1347 3885 adm.
1394 3832 1507 3903 ἐῶ.)
1547 3832 1650 3899 Qui
1697 3832 1881 3904 itaque
1908 3834 1988 3890 sic

393 3919 779 3974 abstinentiam
825 3926 995 3985 tenet,
1043 3928 1102 3974 ut
1136 3923 1482 3977 concordiam
1522 3922 1758 3989 deserat,
1807 3922 1992 3978 laudat

393 4011 610 4081 quidem
639 4011 690 4065 in
723 4019 1014 4082 tympano,
1051 4013 1147 4068 sed
1169 4028 1274 4068 non
1321 4013 1504 4070 laudat
1539 4014 1594 4069 in
1622 4015 1808 4070 choro.
1842 4014 1988 4070 Dixit

394 4103 616 4172 quidam
647 4117 810 4158 senex
845 4122 857 4157 :
889 4102 1182 4175 Propterea
1225 4115 1446 4176 amputo
1485 4121 1516 4160 a
1559 4120 1644 4161 me
1673 4104 1988 4162 delectatio-

399 4211 497 4251 nes
518 4194 766 4251 carnales
785 4236 800 4262 ,
839 4204 899 4251 ut
925 4196 1090 4252 etiam
1114 4197 1405 4252 iracundia:
1431 4197 1748 4254 occasiones
1771 4198 1988 4253 abscin-

394 4291 540 4342 dam.
585 4285 712 4342 Scio
750 4288 895 4342 enim
927 4303 1048 4343 eam
1074 4302 1287 4359 semper
1318 4289 1580 4344 adversus
1613 4303 1702 4344 me
1742 4302 1985 4360 pugnare

392 4396 494 4450 pro
545 4380 1010 4447 delectationibus,
1053 4388 1108 4435 et
1135 4380 1463 4435 conturbare
1501 4390 1736 4436 mentem
1783 4396 1982 4446 meam,

394 4479 448 4524 et
479 4471 807 4527 intellectum
844 4485 1026 4526 meum
1055 4470 1343 4541 expellere.
1374 4470 1521 4525 Dixit
1555 4471 1724 4527 abbas
1747 4469 1984 4526 Joannes

2093 3307 2308 3380 ignorat
2333 3323 2433 3362 cur
2477 3307 2620 3362 mala
2650 3307 2884 3378 patitur;
2917 3316 2972 3362 et
3011 3322 3110 3378 per
3142 3309 3247 3363 hoc
3283 3306 3428 3377 juste
3456 3323 3517 3363 se
3563 3309 3686 3379 pati

2091 3398 2408 3462 arbitretur,
2437 3413 2536 3466 pro
2569 3410 2635 3452 eo
2672 3397 2815 3468 quod
2844 3398 2912 3452 ab
2938 3397 3029 3452 illo
3059 3397 3336 3468 judicatur
3362 3397 3512 3466 cujus
3540 3415 3686 3455 nun-

2091 3502 2256 3559 quam
2295 3488 2492 3559 injusta
2531 3486 2734 3557 judicia
2779 3497 2925 3544 sunt.
2963 3488 3064 3556 Qui
3108 3487 3315 3560 ﬂagella
3348 3490 3599 3556 sustinet,
3622 3500 3690 3545 et

2089 3587 2276 3636 contra
2311 3579 2478 3634 Deum
2507 3587 2834 3645 murmurat,
2873 3579 3142 3651 justitiam
3178 3578 3473 3648 iudicantis
3515 3597 3688 3636 accu-

2089 3677 2192 3724 sat.
2232 3667 2334 3738 Qui
2364 3683 2494 3724 vero
2523 3683 2582 3724 se
2619 3671 2896 3740 cognoscit
2929 3684 2960 3725 a
2991 3668 3140 3738 justo
3171 3669 3356 3740 judice
3385 3672 3492 3743 pati
3530 3674 3686 3743 quod

2090 3759 2341 3825 sustinet,
2389 3758 2604 3814 etiamsi
2641 3774 2741 3829 pro
2789 3775 2896 3832 quo
2929 3761 3132 3832 patitur
3179 3762 3410 3832 ignorat,
3437 3777 3532 3832 per
3571 3764 3684 3820 hoc

2084 3849 2196 3920 jam
2230 3849 2566 3921 justiﬁcatur
2594 3851 2738 3921 quod
2762 3859 2818 3906 et
2845 3851 3081 3922 seipsum
3115 3861 3338 3908 accusat
3378 3861 3434 3908 ct
3463 3853 3556 3908 Dei
3581 3854 3685 3926 ju-

2089 3943 2292 3997 stitiam
2336 3942 2538 3996 laudat.
2591 3940 2768 4014 (Greg.
2809 3943 2865 3998 in
2911 3959 2958 3997 c.
3008 3959 3062 3998 Iv
3093 3943 3212 4009 Job,
3259 3944 3349 3999 lib.
3378 3961 3433 4011 v,
3479 3961 3526 3999 c.
3571 3946 3680 4012 26;

2105 4030 2264 4098 Isid.,
2292 4030 2382 4085 lib.
2421 4047 2481 4086 In
2512 4029 2687 4097 Sent.,
2721 4049 2837 4104 cap.
2882 4032 2951 4099 αις
2996 4031 3240 4106 Gregor.,
3270 4033 3361 4088 lib.
3409 4051 3502 4100 vn,
3558 4052 3605 4090 ε.
3646 4037 3686 4092 5

2089 4120 2309 4192 Μοναι.)
2335 4121 2417 4176 Ad
2447 4136 2696 4192 magnam
2728 4121 3018 4177 utilitatem
3062 4123 3247 4178 divino
3275 4123 3480 4194 judicio
3523 4141 3683 4181 mens

2081 4211 2215 4282 justi
2244 4213 2476 4268 diversis
2516 4213 2830 4283 passionum
2860 4214 3251 4270 tentationibus
3295 4215 3551 4286 agitatur,
3579 4231 3682 4286 pro

2086 4303 2285 4374 quibus
2315 4303 2361 4358 si
2392 4305 2503 4360 Deo
2532 4303 2734 4372 gratias
2755 4303 2946 4376 egerit,
2969 4319 3188 4375 suaeque
3211 4305 3382 4376 culpae
3409 4308 3557 4376 quod
3596 4317 3680 4361 ta-

2086 4395 2230 4450 libus
2257 4394 2453 4464 dignus
2487 4393 2578 4460 sit,
2613 4394 2984 4465 imputaverit,
3012 4394 3116 4450 hoc
3143 4395 3286 4464 quod
3314 4410 3382 4450 ex
3417 4397 3679 4466 passione

2087 4487 2281 4545 tolerat
2307 4488 2356 4544 ei
2386 4502 2486 4559 pro
2530 4487 2822 4544 virtutibus
2867 4489 3230 4559 reputabitur,
3275 4489 3404 4558 quia
3454 4497 3512 4542 et
3543 4489 3679 4544 divi-

393 4561 601 4632 pusillae
622 4569 863 4618 statum.
889 4559 1025 4628 Quia
1048 4562 1092 4617 si
1117 4538 1350 4616 voluerit
1371 4578 1466 4617 rex
1489 4561 1684 4634 aliquis
1705 4562 1980 4618 civitatem
2008 4538 2062 4598 Β
2228 4538 2486 4652 ζιεηοξρίι
2514 4577 2803 4647 justitiam,
2849 4587 2905 4635 ει
2932 4538 3106 4634 rsuam
3151 4538 3363 4649 ουίρξηι
3403 4579 3672 4650 intelligit

397 4655 740 4710 inimicorum
768 4647 992 4721 tenere,
1032 4655 1184 4725 prius
1212 4670 1408 4724 aquam
1439 4662 1584 4709 tenet
1613 4663 1669 4710 et
1697 4669 1850 4710 escas
1887 4669 1981 4709 eo-

398 4760 552 4810 rum,
585 4753 639 4800 et
662 4743 741 4800 sic
771 4742 976 4798 inimici
1008 4743 1098 4798 siti
1128 4752 1185 4798 et
1212 4742 1353 4798 fame
1383 4742 1753 4812 periclitantes
1772 4783 1787 4808 ,
1817 4741 1986 4814 subji-

398 4835 618 4890 ciuntur
637 4835 708 4890 ei.
740 4834 798 4890 Si
842 4835 894 4889 in
917 4831 1126 4904 jejunio
1163 4841 1220 4889 et
1255 4832 1399 4889 fame
1427 4841 1777 4889 conversetur
1801 4833 1983 4900 homo,

400 4925 605 4981 inimici
624 4925 741 4996 ejus
759 4926 850 4996 qui
870 4926 1162 4981 sollicitant
1181 4924 1444 4989 animum,
1457 4924 1605 4994 prius
1619 4923 1982 4979 infirmantur.

948 5042 1177 5100 CAPUT
1228 5039 1463 5096 XXVIII.

965 5133 1044 5188 De
1095 5134 1436 5188 continuatio.

472 5222 513 5275 Α
559 5221 670 5274 Deo
707 5223 868 5274 datur
915 5225 1256 5290 continentia,
1288 5225 1378 5278 sed
1416 5225 1573 5294 petite
1621 5235 1669 5279 et
1719 5225 1986 5296 accipietis

403 5312 556 5383 (Sep.
573 5328 693 5376 vtn,
719 5310 910 5365 Matth.
929 5329 1022 5379 vn,
1057 5315 1184 5370 Luc.
1205 5317 1302 5385 xi).
1329 5315 1480 5394 Tunc
1502 5329 1683 5374 autem
1709 5319 1982 5385 tribuitur,

403 5401 618 5473 quando
644 5401 712 5456 ad
733 5401 903 5455 Deum
931 5405 1134 5474 gemitu
1165 5407 1379 5461 interno
1400 5405 1662 5478 pulsatur.
1695 5407 1981 5464 Geminum

401 5501 488 5549 est
519 5494 720 5550 bonum
754 5482 1072 5565 virginitas,
1111 5496 1239 5565 quia
1268 5507 1324 5552 et
1350 5498 1404 5553 iu
1432 5499 1534 5554 hoc
1562 5499 1761 5554 mundo
1785 5499 1984 5554 sollici-

403 5583 643 5637 tudinem
677 5583 859 5638 seculi
891 5583 1113 5649 amittit,
1141 5592 1196 5638 et
1231 5585 1287 5640 in
1315 5583 1496 5640 futuro
1527 5595 1787 5642 mternum
1818 5589 1981 5642 castie

408 5672 534 5724 tatis
575 5675 854 5741 praemium
892 5675 1138 5746 percipit.
1181 5675 1431 5744 Virgines
1466 5675 1731 5731 feliciores
1772 5692 1891 5732 esse
1929 5678 1982 5731 in

409 5759 516 5812 vita
544 5771 741 5816 aeterna
765 5763 929 5818 Isaias
960 5773 1209 5830 testatur,
1241 5765 1331 5836 qui
1359 5765 1438 5820 ait
1466 5783 1477 5818 :
1506 5764 1633 5818 [hec
1655 5765 1780 5818 dicit
1809 5765 1984 5820 Denti-

2085 4669 2364 4727 Justorum
2389 4686 2542 4727 mens
2570 4686 2674 4728 non
2728 4671 2902 4726 solum
2949 4671 3232 4742 perpendit
3267 4671 3413 4740 quod
3457 4671 3672 4738 tolerat,

2089 4761 2183 4817 sed
2206 4761 2321 4832 jam
2348 4770 2509 4832 pavet
2536 4761 2680 4832 quod
2709 4769 2899 4818 restat.
2933 4761 3087 4817 Videt
3126 4760 3305 4831 qualia
3336 4761 3390 4814 in
3427 4761 3528 4815 hac
3565 4761 3670 4814 vita

2088 4852 2310 4923 patitur,
2342 4851 2535 4906 metuit
2560 4865 2626 4905 ne
2653 4859 2776 4922 post
2800 4851 2914 4908 hate
2941 4851 3188 4924 graviora
3215 4851 3471 4921 patiatur.
3507 4849 3673 4920 Luget

2090 4943 2214 5012 quia
2256 4942 2310 4996 in
2341 4940 2502 5010 hujus
2547 4943 2807 4998 czecitatis
2845 4941 3095 4998 exs‘lium
3146 4959 3176 4996 a
3213 4942 3453 5014 paradisi
3477 4943 3670 5013 gaudio

2088 5035 2322 5091 cecidit:
2357 5037 2509 5092 timet
2535 5052 2602 5092 ne
2629 5046 2684 5092 et
2709 5052 2831 5092 cum
2867 5037 3116 5092 exsilium
3153 5039 3493 5108 relinquitur,
3525 5053 3673 5093 mors

2088 5135 2291 5182 aeterna
2319 5127 2697 5196 subsequatur.
2734 5126 2855 5180 1am
2878 5143 3007 5198 ergo
3033 5129 3353 5182 sententiam
3397 5129 3584 5183 tolerat
3611 5129 3669 5182 in

2088 5232 2271 5286 ptena,
2308 5217 2402 5272 sed
2438 5217 2615 5272 minas
2652 5218 2828 5274 adhuc
2855 5220 3045 5274 αξιοινηί
3080 5219 3280 5290 judicis
3309 5219 3557 5275 formidat
3595 5234 3669 5275 ex

2087 5309 2264 5380 culpa.
2281 5307 2447 5364 Recte
2466 5323 2594 5379 ergo
2615 5326 2712 5380 per
2726 5310 3063 5365 Psalmistam
3080 5311 3305 5366 dicitur:
3325 5311 3390 5365 In
3413 5329 3490 5365 me
3503 5323 3675 5364 trans-

2084 5399 2257 5454 ierunt
2304 5401 2399 5454 ine
2443 5411 2549 5454 tute
2576 5441 2590 5464 ,
2630 5412 2677 5454 ct
2714 5411 2938 5456 terrores
2983 5403 3060 5456 tui
3111 5401 3540 5456 conturbarcrunt
3580 5416 3671 5454 me

2089 5489 2261 5562 (Psal.
2294 5492 2557 5563 Lxxxvn).
2591 5491 2794 5546 Inierni
2825 5491 3239 5562 quippejudicis
3264 5501 3541 5562 postquam
3566 5489 3669 5544 ira

2087 5592 2491 5651 pertranseunt,
2529 5584 2692 5637 etiam
2738 5593 2973 5638 terrores
3009 5583 3356 5648 conturbant,
3398 5583 3516 5653 quia
3545 5579 3664 5648 jam

2087 5671 2230 5726 aliud
2279 5673 2346 5727 de
2396 5673 2740 5728 damnatione
2787 5675 3046 5744 patimur,
3099 5681 3154 5727 et
3202 5671 3380 5726 adhuc
3432 5671 3565 5725 aliud
3590 5667 3670 5722 de

2091 5773 2293 5820 aeterna
2324 5765 2530 5820 ultione
2563 5765 2934 5822 formidamus.
2962 5762 3104 5836 (IIuc
3141 5781 3304 5834 usque
3339 5762 3516 5837 Greg.)
3539 5755 3675 5818 Glo-
