3960 6198
316 304 426 368 6’5

1529 300 1837 359 ιιιΑιιειιΑ
1876 262 2382 362 admouenda.

3485 311 3594 370 626

313 418 476 475 riatio
524 425 708 472 autem
755 416 1007 471 monachi
1054 415 1313 486 patientia
1364 415 1418 470 in
1465 414 1903 471 tribulationibus
1930 412 2114 480 AAut
2140 412 2264 483 quis
2305 428 2453 468 sana:
2499 412 2867 486 intelligentia:
2896 413 2963 470 de
2996 415 3346 485 percussione
3389 434 3487 475 sua
3508 422 3594 476 lm-

264 540 273 545 -
308 510 471 580 eius,
519 513 580 563 et
622 505 1005 575 longanimitas
1064 521 1189 560 cum
1240 505 1527 560 charitate.
1579 504 1766 560 Sancti
1804 504 1908 559 viri

307 606 518 670 quanto
573 597 749 667 magis
800 611 862 652 se
912 595 1158 651 exterius
1211 594 1558 666 despiciendo
1611 591 1906 663 dejiciunt,

309 700 465 745 tanto
493 688 730 759 amplius
758 686 987 743 interius
1016 686 1411 743 revelatiouum
1454 684 1908 756 contemplatione

307 787 628 850 pascuntur.
651 776 801 845 Quos
830 777 977 833 enim
1002 776 1244 833 exterius
1271 776 1326 832 in
1351 775 1480 832 ﬂetu
1509 775 1754 832 continet
1776 790 1907 831 con-

307 870 468 925 vallis
498 868 841 936 humilitatis,
867 883 963 924 eos
983 868 1212 924 interius
1237 866 1487 924 sublevat
1501 882 1763 925 ascensus
1781 882 1935 923 con-.

307 961 705 1034 lemplalioniS.

887 1050 1118 1106 CAPUT
1156 1050 1327 1107 XXX.

848 1139 927 1194 De
971 1138 1198 1210 ﬂagellis
1248 1138 1368 1193 Dei.

381 1230 565 1301 {fsid.,
603 1230 700 1286 lib.
727 1245 787 1285 ιιι
814 1229 989 1294 Sent.,
1014 1247 1130 1300 cap.
1170 1228 1247 1301 l.)
1272 1227 1532 1285 Ordinata
1559 1236 1647 1283 est
1673 1226 1903 1284 misera-

303 1326 389 1379 tio
418 1323 536 1388 Dei,
567 1336 688 1393 qua:
722 1322 873 1392 prius
911 1321 999 1376 hic
1029 1320 1300 1376 hominem
1345 1334 1445 1390 per
1475 1318 1686 1390 ﬂagella
1712 1335 1745 1374 a
1773 1333 1900 1389 pec-

299 1414 450 1469 catis
486 1412 765 1478 emuudat,
793 1419 851 1467 et
883 1420 1068 1482 postea
1114 1410 1184 1466 ab
1223 1417 1427 1466 aeterno
1459 1408 1726 1480 supplicio
1766 1409 1901 1465 libe-

303 1514 414 1559 rat.
444 1504 660 1560 Electus
685 1503 830 1559 enim
860 1503 950 1556 Dei
979 1502 1254 1557 doloribus
1282 1501 1404 1556 vita:
1429 1500 1591 1572 huius
1619 1501 1894 1567 atteritur,

301 1605 369 1651 ut
394 1594 687 1667 perfectior
732 1592 859 1647 vita:
907 1592 1101 1647 futurae
1140 1591 1363 1661 praemia
1395 1591 1656 1647 lucretur.
1685 1590 1899 1661 Nequa-

2004 515 2194 577 gratus
2219 506 2436 571 existat,
2486 506 2533 562 si
2585 506 2701 578 ipse
2748 506 2881 563 hinc
2901 507 3021 565 sine
3048 507 3258 580 ﬂagello
3299 526 3419 567 non
3435 512 3593 580 exiit,

2006 598 2099 668 qui
2133 598 2240 654 huc
2265 598 2383 654 sine
2405 608 2630 670 peccato
2649 598 2819 654 venit.

2572 689 2802 746 CAPUT
2827 691 3021 748 XXXL

2487 781 2562 837 De
2581 782 2893 851 inﬁrmitate
2918 785 3114 839 carnis.

2075 872 2259 943 (lsid.,
2282 873 2373 927 lib.
2405 889 2465 929 ιιι
2498 872 2673 941 8ειιι.,
2692 890 2812 945 cap.
2836 875 2923 947 3.)
2938 875 3209 942 Quosdam
3239 878 3428 934 videns
3449 878 3590 935 Delus

2003 965 2146 1022 nolle
2171 969 2393 1039 proprio
2422 976 2548 1025 voto
2586 969 2809 1040 corrigi,
2851 971 3241 1026 adversitatum
3286 974 3458 1042 tangit
3493 974 3592 1029 sti-

2003 1059 2198 1127 mulis;
2237 1060 2503 1132 quosdam
2551 1061 2716 1117 etiam
2760 1062 3052 1131 praesciens
3100 1062 3326 1118 multum
3365 1079 3592 1134 peccare

2001 1168 2162 1228 posse
2202 1153 2256 1208 in
2284 1153 2539 1219 salutem,
2589 1151 2822 1223 ﬂagellat
2855 1168 2950 1208 eos
2980 1153 3224 1224 corporis
3250 1152 3587 1219 inﬁrmitate,

2000 1259 2071 1299 ne
2094 1252 2341 1316 peccent,
2376 1253 2436 1300 ut
2479 1246 2561 1302 eis
2594 1246 2778 1303 utilius
2816 1249 2889 1303 sit
2922 1247 3099 1318 frangi
3132 1248 3481 1318 languoribus
3518 1249 3590 1303 ad

2001 1335 2252 1401 salutem,
2281 1352 2445 1408 quam
2482 1351 2709 1393 manere
2732 1338 3032 1393 incolumes
3057 1338 3127 1393 ad
3160 1338 3584 1393 damnationem.

2000 1425 2105 1494 Qui
2123 1425 2450 1482 valentiores
2476 1434 2603 1481 sunt
2635 1434 2692 1483 et
2717 1427 2856 1493 sani,
2891 1428 3023 1482 utile
3057 1436 3142 1483 est
3171 1427 3280 1482 illis
3319 1426 3585 1482 infirmari

1999 1527 2056 1574 et
2077 1535 2183 1575 non
2204 1535 2454 1589 peccare,
2487 1536 2557 1576 ne
2585 1537 2685 1592 per
2717 1521 2959 1593 vigorem
2987 1522 3177 1577 salutis
3218 1522 3423 1578 illicitis
3463 1539 3583 1578 sor—

1997 1609 2253 1665 didentur
2277 1611 2633 1681 cupiditatum
2670 1619 2727 1666 et
2753 1611 2979 1668 luxuria:
3004 1612 3307 1668 desideriis.
3342 1612 3437 1668 Est
3458 1629 3585 1683 pcr-

299 1703 476 1760 quam
522 1686 666 1741 Deus
710 1683 1046 1763 ilelinqucnti
1080 1682 1301 1753 parcit:
1337 1681 1594 1753 quoniam
1640 1692 1893 1752 peccato-

1999 1699 2205 1756 niciosa
2226 1698 2434 1756 sanitas
2454 1715 2575 1773 quae
2592 1702 2662 1758 ad
2682 1701 3102 1758 inobedieutiam
3124 1703 3396 1758 hominem
3415 1681 3581 1768 ducit,

303 1792 426 1831 rem
450 1783 546 1830 aut
566 1774 775 1844 ﬂagello
797 1773 1082 1843 temporali
1118 1774 1186 1829 ad
1217 1772 1593 1845 purgationem
1620 1772 1768 1839 ferit,
1799 1781 1896 1829 aut
1923 1764 1970 1824 B
1997 1798 2084 1848 es;
2104 1799 2163 1848 ει
2178 1791 2411 1849 salubris
2430 1764 2742 1860 ίιίηηηίωεο
2766 1808 2887 1863 φη
2906 1790 3006 1865 ρει.
3026 1794 3263 1850 divinam
3288 1764 3582 1865 corrc-mo;

297 1868 509 1938 iudicio
540 1879 745 1924 aeterno
787 1868 1116 1939 puniendum
1147 1866 1423 1937 relinquit,
1455 1874 1551 1922 aut
1586 1866 1702 1936 ipse
1745 1867 1800 1922 in
1835 1881 1897 1923 se

300 1962 473 2016 homo
513 1958 827 2031 paenitendo
861 1958 1018 2029 punit
1049 1957 1191 2029 quod
1228 1957 1368 2014 male
1404 1957 1652 2023 admisit;
1683 1972 1749 2013 ac
1771 1972 1899 2028 pro-

297 2049 434 2106 inde
459 2058 545 2105 est
563 2048 710 2120 quod
738 2048 881 2104 Deus
916 2047 1250 2119 delinquenti
1272 2063 1378 2104 non
1405 2048 1603 2119 parcit.
1629 2046 1770 2104 Justi
1798 2062 1897 2119 per

298 2141 624 2211 temporalia
673 2140 885 2211 ﬂagella
938 2140 1010 2196 ad
1064 2150 1271 2197 aeterna
1335 2140 1629 2212 proﬁciunt
1676 2143 1891 2214 gaudia.

296 2234 539 2303 Ideoque
562 2231 812 2302 etjustus
836 2233 890 2288 in
910 2234 1087 2304 penis
1106 2235 1365 2305 gaudere,
1392 2243 1448 2290 et
1469 2234 1668 2304 impius
1693 2233 1748 2290 in
1769 2249 1896 2305 pro-

296 2326 657 2396 speritatibus
677 2325 868 2380 timere
894 2324 1073 2381 debet.
1100 2324 1284 2396 Neque
1296 2324 1446 2394 justo
1463 2342 1640 2396 neque
1662 2327 1895 2398 reprobo

300 2418 450 2475 Deus
485 2418 916 2474 misericordiam
948 2426 1006 2473 et
1045 2417 1314 2489 justitiam
1349 2418 1636 2474 abstrahit.
1678 2417 1813 2473 Nam
1838 2427 1895 2475 et

244 2532 250 2537 θ
295 2513 478 2569 bonos
502 2512 591 2566 hic
616 2525 715 2583 per
735 2510 1079 2568 alllictionem
1099 2508 1330 2580 iudicat,
1354 2520 1412 2568 et
1444 2511 1553 2567 illic
1580 2521 1893 2569 remunerat

297 2618 405 2673 per
423 2602 863 2667 miserationem;
894 2610 951 2657 et
974 2600 1146 2677 malos
1172 2602 1260 2657 hic
1289 2611 1604 2659 remunerat
1627 2619 1727 2674 per
1748 2611 1891 2659 tem-

299 2695 546 2767 poralem
571 2694 936 2760 clementiam,
966 2702 1022 2751 et
1047 2694 1156 2750 illic
1189 2694 1343 2765 punit
1385 2708 1485 2764 per
1506 2704 1768 2750 aeternam
1801 2696 1889 2766 ju-

298 2789 531 2846 stitiam.
562 2787 620 2843 ιιι
649 2788 751 2844 hac
778 2787 923 2843 enim
952 2787 1058 2842 vita
1090 2787 1234 2841 Deus
1273 2786 1451 2857 parcit
1482 2786 1682 2856 impiis,
1711 2794 1769 2842 et
1808 2798 1889 2841 ta-

297 2897 430 2937 men
457 2895 565 2935 non
598 2877 773 2949 parcit
798 2876 1016 2942 electis;
1068 2876 1122 2931 in
1170 2875 1258 2931 illa
1294 2885 1485 2946 parcet
1525 2874 1735 2942 electis,
1781 2892 1887 2931 non

299 2985 487 3029 tamen
514 2979 701 3044 parcet
730 2969 947 3040 iniquis.
970 2967 1099 3023 Plus
1124 2967 1419 3038 corripitur
1444 2966 1677 3038 ﬂagello,
1704 2968 1831 3038 quia
1854 2983 1888 3023 a

299 3062 419 3118 Deo
438 3060 699 3131 diligitur,
727 3059 773 3115 si
801 3057 1127 3130 peccaverit,
1153 3057 1368 3114 dicente
1394 3057 1558 3112 Amos
1579 3056 1840 3128 propheta
1868 3072 1884 3112 :

300 3151 688 3207 Tantummodo
708 3168 795 3207 vos
814 3150 1028 3222 cognovi
1047 3165 1113 3205 ea:
1131 3149 1369 3204 omnibus
1392 3149 1691 3204 nationibus
1711 3158 1884 3216 terras,

296 3243 499 3298 idcirco
550 3241 768 3298 visitabo
802 3256 960 3313 super
999 3257 1087 3295 vos
1138 3257 1314 3295 omnes
1352 3241 1653 3313 iniquitates
1691 3251 1887 3296 vestras

297 3322 486 3406 (Alnos
516 3332 621 3405 ιιι).
651 3333 792 3388 Nam
830 3349 984 3404 quem
1013 3332 1184 3404 diligit
1224 3332 1477 3388 Dominus
1517 3333 1757 3404 corripit,
1786 3336 1888 3404 ﬂa-

297 3424 458 3497 gellat
485 3434 657 3480 autem
710 3440 914 3480 omnem
940 3424 1111 3493 ﬁlium
1158 3440 1311 3496 quem
1347 3426 1526 3495 recipit
1571 3424 1730 3497 (Heb.
1764 3426 1886 3496 xu).

1996 1895 2123 1938 nem
2142 1889 2380 1938 mentem
2405 1898 2437 1937 a
2462 1882 2661 1939 duritia
2690 1883 2909 1954 frangit.
2954 1885 3101 1940 Dixit
3147 1894 3330 1940 sancta
3362 1886 3582 1956 Synclc-

1996 1976 2128 2041 tica,
2166 1976 2293 2046 quia
2319 1976 2568 2033 diabolus
2605 1977 2952 2032 infirmitates
2991 1977 3250 2046 quasdam
3279 1978 3580 2046 expetendo

1995 2066 2256 2121 adversus
2283 2081 2408 2121 eum
2437 2066 2531 2137 qui
2570 2067 2860 2122 tentandus
2889 2074 2971 2121 cst
2994 2066 3236 2131 adhibet,
3267 2074 3324 2120 ut
3363 2081 3460 2136 per
3483 2082 3579 2121 cas

1993 2154 2365 2224 pusillanimes
2387 2153 2594 2212 faciens
2614 2156 2927 2221 monachos,
2948 2158 3237 2212 conturbet
3257 2157 3574 2212 charitatcm

1992 2260 2202 2311 eorum,
2232 2260 2396 2315 quam
2429 2245 2700 2301 habebant
2724 2247 2792 2300 ad
2823 2245 3012 2301 Deum.
3041 2245 3148 2300 Sed
3172 2246 3420 2315 quamvis
3445 2260 3577 2301 cou-

1992 2338 2205 2395 cidatur
2225 2353 2443 2410 corpus,
2493 2346 2549 2395 et
2588 2338 2831 2394 febribus
2854 2339 3047 2394 validis
3079 2338 3464 2402 inﬂammetur,
3494 2339 3576 2393 in-

1991 2445 2155 2502 super
2187 2431 2404 2487 etiamsi
2448 2430 2803 2488 intolerabilis
2844 2433 2917 2488 sit
2970 2430 3208 2496 afﬂictio,
3257 2430 3304 2486 si
3349 2431 3569 2501 quidem

1990 2531 2243 2593 peccator
2276 2537 2336 2579 es
2359 2523 2452 2593 qui
2486 2524 2601 2579 haec
2627 2526 2886 2589 sustines,
2942 2523 3229 2579 recordare
3261 2521 3430 2578 futuri
3472 2537 3574 2579 sae-

1989 2613 2097 2669 culi
2124 2626 2330 2683 ptenas,
2361 2620 2623 2668 atomum
2661 2613 2839 2685 ignem
2878 2621 2933 2669 et
2972 2614 3252 2685 judicialia
3281 2622 3571 2681 tormenta,

1989 2715 2045 2761 et
2071 2705 2144 2759 ita
2187 2721 2297 2761 non
2341 2704 2561 2762 deiicies
2595 2706 2664 2761 ab
2698 2706 2779 2762 eis
2807 2722 2928 2776 qua:
2965 2707 3020 2761 in
3057 2707 3312 2777 praesenti
3364 2707 3574 2763 eontim

1988 2806 2122 2868 gunt
2148 2816 2161 2850 :
2200 2797 2421 2865 insuper
2444 2803 2501 2850 et
2522 2795 2780 2867 gaudebis
2804 2796 2931 2867 quia
2962 2796 3203 2851 visitavit
3232 2804 3283 2851 te
3319 2796 3483 2861 Deus,
3516 2808 3574 2850 et

1991 2890 2121 2946 illud
2159 2887 2583 2944 famosissimum
2610 2888 2812 2943 dictum
2838 2888 2892 2943 in
2921 2888 3101 2959 lingua
3136 2887 3351 2952 habeto,
3384 2887 3438 2942 id
3466 2893 3571 2951 est,

1989 2977 2266 3050 Castigans
2296 2977 2567 3048 castigavit
2594 2992 2677 3031 nte
2710 2975 2990 3043 Dominus,
3013 2987 3061 3032 et
3088 2977 3244 3031 morti
3274 2993 3376 3031 non
3396 2977 3571 3031 tradi-

1988 3069 2066 3122 dit
2096 3084 2177 3123 me
2207 3066 2381 3139 (Psal.
2420 3066 2609 3139 cxvu).
2644 3065 2703 3122 Si
2733 3066 2940 3122 ferrum
2970 3083 3051 3134 es,
3081 3082 3239 3138 spera
3268 3066 3572 3122 adhibitum

1990 3161 2085 3217 tibi
2108 3161 2311 3233 ignem,
2340 3160 2467 3231 quia
2491 3159 2537 3215 si
2558 3160 2736 3231 justus
2757 3175 2841 3226 es,
2868 3166 2927 3216 et
2969 3160 3085 3217 haec
3111 3162 3338 3233 pateris,
3364 3161 3431 3216 de
3457 3174 3574 3216 ma-

1987 3254 2110 3326 gnis
2154 3251 2223 3308 ad
2260 3250 2468 3323 majora
2515 3251 2872 3330 promoveris.
2926 3250 3132 3307 Aurum
3187 3266 3271 3317 es,
3325 3251 3422 3307 sed
3474 3266 3574 3321 per

1990 3346 2169 3417 ignem
2208 3344 2490 3415 probatior
2517 3344 2649 3399 eris.
2688 3341 2747 3399 Si
2783 3341 3045 3406 febribus,
3073 3342 3121 3398 si
3152 3341 3328 3414 rigore
3352 3341 3577 3414 frigoris

1987 3436 2293 3506 castigaris,
2320 3449 2530 3490 memor
2553 3441 2672 3489 esto
2702 3431 2847 3503 quod
2868 3430 3148 3503 Scriptura
3168 3432 3300 3487 dicit
3326 3450 3340 3486 :
3377 3431 3574 3487 Trans-

296 3514 464 3587 (Isid.
507 3516 662 3588 ibid.)
707 3514 877 3570 Valde
920 3515 1284 3570 necessarium
1320 3524 1403 3571 est
1423 3514 1632 3585 justum
1684 3515 1740 3571 in
1786 3515 1891 3571 hac
1988 3528 2175 3581 ξυξηηιε
2194 3541 2288 3597 ρετ
2324 3526 2495 3597 ignem
2531 3534 2580 3579 ει
2609 3538 2821 3594 aquam,
2856 3533 2906 3578 ει
2946 3523 3099 3577 dmi
3138 3540 3231 3579 ηοε
3274 3524 3329 3578 ίη
3364 3523 3575 3594 νεμέσα.

298 3610 413 3664 Vita
449 3617 508 3663 el
533 3609 678 3664 Villis
722 3609 945 3675 tentari.
985 3615 1043 3665 ει
1086 3608 1360 3664 verberari
1397 3607 1630 3679 “386110,
1672 3615 1733 3663 ιιι
1760 3609 1888 3663 dum
1988 3618 2125 3672 rium
2155 3615 2327 3689 (Psal.
2355 3614 2503 3689 va).
2531 3614 2590 3672 Si
2617 3614 2905 3672 inﬁrmitas
2936 3614 3163 3671 molesta
3203 3615 3359 3671 nobis
3383 3614 3570 3682 fuerit,

298 3700 450 3756 vitiis
484 3699 752 3769 pulsatur,
789 3701 856 3755 de
908 3700 1200 3755 virtutibus
1247 3715 1356 3755 non
1382 3700 1661 3771 superbiat
1699 3713 1716 3754 :
1760 3699 1890 3755 dum
1988 3723 2095 3763 non
2134 3707 2545 3773 contristamur,
2592 3713 2849 3775 tanquam
2884 3706 2976 3777 qui
3022 3720 3124 3777 pro
3161 3706 3475 3762 infirmitate
3514 3718 3572 3764 et

296 3811 433 3852 vero
454 3804 549 3852 aut
572 3795 739 3850 animi
768 3803 863 3851 aut
898 3796 1078 3851 carnis
1111 3794 1298 3850 dolore
1334 3794 1608 3859 atteritur,
1635 3808 1667 3847 a
1702 3793 1889 3849 mundi
1986 3797 2211 3853 vulnere
2237 3797 2483 3869 corporis
2528 3813 2636 3853 non
2676 3812 2962 3868 possumus
3004 3806 3153 3853 stare
3197 3798 3265 3853 ad
3306 3799 3571 3854 orandum

300 3902 490 3943 amore
511 3887 824 3941 retrahitur.
856 3885 1105 3959 (Isidor.,
1130 3884 1244 3940 loco
1278 3884 1484 3957 citato.)
1518 3884 1716 3940 Durius
1741 3885 1889 3958 circa
1987 3896 2083 3943 aut
2106 3886 2443 3959 psallendum
2486 3888 2556 3943 ad
2597 3902 2803 3944 vocem.
2835 3886 2963 3945 llaec
2995 3896 3175 3944 autem
3204 3889 3385 3943 omnia
3416 3888 3571 3944 nobis

301 3994 434 4035 suos
455 3976 658 4034 electos
685 3976 741 4032 in
761 3977 867 4031 hac
891 3976 1004 4031 vita
1025 3976 1170 4032 Deus
1191 3975 1322 4044 agit,
1344 3982 1404 4028 ut
1425 3975 1550 4029 dum
1576 3972 1891 4030 fortioribus
1957 3968 1970 3980 ’
1988 3979 2275 4051 proﬁcient
2319 3980 2388 4035 ad
2432 3980 2759 4036 destruenda
2812 3979 3058 4050 corporis
3109 3980 3395 4041 desideria,
3439 3993 3571 4048 quo-

301 4071 497 4142 ﬂagelli
526 4070 762 4126 stimulis
796 4070 1085 4138 feriuntur,
1137 4068 1282 4125 nullo
1318 4070 1717 4125 oblectamento
1750 4084 1890 4139 praa-
1935 4074 1939 4078 ’
1989 4072 2137 4127 niam
2158 4070 2364 4142 jejunia
2382 4078 2439 4125 et
2465 4070 2679 4126 labores
2704 4078 2926 4140 propter
2966 4078 3148 4139 turpes
3186 4068 3569 4124 delectationes

301 4162 478 4218 sentis
515 4162 640 4217 vita:
682 4158 1039 4227 delectentur,
1080 4161 1175 4218 sed
1209 4160 1484 4218 caelestem
1512 4161 1768 4232 patriam,
1798 4160 1889 4215 ubi
1988 4164 2147 4219 nobis
2167 4162 2461 4218 constituta
2489 4169 2635 4217 sunt.
2677 4160 2735 4216 Si
2762 4161 2927 4233 igitur
2967 4160 3231 4232 aegritudo
3260 4160 3364 4214 ista
3392 4168 3570 4215 retun-

301 4259 455 4307 certa
496 4251 712 4322 requies
755 4259 1118 4322 exspectatur,
1148 4250 1513 4307 indesinenter
1557 4250 1886 4305 desiderent.
1989 4253 2069 4309 dit
2087 4251 2377 4323 superﬂua,
2398 4251 2466 4307 de
2486 4251 2571 4307 his
2590 4251 2946 4307 observandis
2966 4250 3103 4306 ratio
3122 4259 3223 4306 est.
3248 4250 3567 4305 Sicutxeuiln

300 4340 637 4396 Admovendi
667 4349 796 4397 sunt
837 4341 990 4412 aegri,
1022 4350 1081 4395 ut
1108 4357 1175 4398 eo
1217 4355 1278 4397 se
1310 4342 1401 4397 Dei
1445 4340 1584 4395 ﬁlios
1630 4341 1886 4406 sentiant,
1989 4358 2192 4414 magno
2214 4353 2270 4397 et
2300 4342 2433 4397 forti
2458 4341 2816 4397 medicamine
2858 4339 3098 4395 exitialia
3144 4339 3216 4394 ab
3247 4339 3570 4412 aegritudine

301 4448 413 4502 quo
433 4432 552 4487 illos
574 4431 873 4503 discile
891 4431 1098 4505 ﬂagella
1123 4434 1410 4504 castigant.
1454 4431 1567 4486 Nisi
1594 4430 1739 4486 enim
1763 4445 1886 4487 eor-
1911 4481 1962 4505 ἢ
1989 4434 2233 4504 corporis
2260 4433 2390 4487 vitia
2438 4431 2773 4498 reciduntur,
2819 4439 2876 4486 et
2899 4431 3018 4486 ιιπο
3043 4436 3129 4486 est
3150 4445 3345 4501 magna
3370 4430 3566 4495 virtus.

300 4524 475 4593 reptis
494 4523 618 4578 filiis
644 4523 1014 4579 hmredihatem
1042 4523 1172 4577 dare
1199 4522 1524 4592 disponeret,
1551 4520 1768 4577 erudire
1790 4535 1884 4576 eos
1910 4517 1961 4540 ¹¹
1984 4525 2200 4595 quando
2235 4524 2641 4579 inﬁrmitatibus
2685 4522 2969 4579 tolerantia
2996 4517 3258 4588 adhibita,
3285 4531 3341 4579 et
3367 4524 3569 4595 gratia-

299 4628 403 4685 per
427 4613 706 4670 molestias
751 4629 858 4669 non
903 4622 1139 4670 curaret.
1184 4612 1414 4684 Lapides
1456 4613 1751 4668 sanctuarii
1787 4610 1886 4668 Do-
1988 4630 2107 4669 rum
2150 4614 2293 4670 actio
2337 4615 2463 4669 Deo.
2485 4612 2649 4669 fuerit
2681 4614 2868 4670 missa.
2911 4612 2971 4669 Si
3016 4613 3317 4671 amittimus
3358 4615 3566 4683 oculos,

298 4705 436 4761 mini
467 4713 618 4759 extra
664 4705 805 4760 tuusi
846 4713 1105 4771 sunt,'ut
1151 4704 1205 4759 in
1256 4704 1659 4760 constructione
1701 4704 1887 4775 templi
1986 4719 2094 4759 non
2116 4702 2353 4759 feramus
2386 4703 2643 4774 graviter.
2674 4704 3011 4760 Extollentize
3047 4704 3194 4759 enim
3239 4705 3568 4763 instrumen-

300 4795 515 4863 absque
532 4794 712 4850 mallei
741 4795 921 4850 sonitu
950 4804 1281 4866 ponerentur
1302 4793 1422 4866 (III
1454 4793 1582 4865 Reg.
1612 4795 1691 4866 vt)
1719 4812 1733 4849 :
1758 4796 1885 4864 quia
1989 4801 2100 4847 tum
2128 4793 2411 4849 amisimus
2432 4801 2489 4848 et
2514 4793 2860 4851 interioribus
2897 4795 3069 4852 oculis
3107 4795 3333 4867 gloriam
3354 4799 3566 4854 Domini

299 4884 560 4940 videlicet
590 4901 733 4940 nunc
763 4884 896 4941 foris
937 4900 1033 4957 per
1062 4885 1269 4957 ﬂagella
1312 4887 1606 4952 tundimur,
1648 4886 1884 4942 ut-intus
1987 4881 2349 4952 speculamur.
2391 4880 2709 4938 Sunii-facti
2748 4899 2954 4951 sumus,
2985 4901 3090 4941 non
3134 4903 3407 4954 curemus,
3437 4890 3564 4958 quia

301 4973 508 5043 templo
526 4974 623 5030 Dei
643 4974 984 5044 postmodum
1008 4974 1125 5029 sine
1144 4974 1427 5045 disciplina
1454 4982 1510 5030 et
1539 4976 1885 5045 percussione
1983 4973 2228 5028 auditum
2255 4988 2451 5028 vanum
2489 4973 2789 5030 unusunus.
2818 4973 3007 5031 Manus
3042 4984 3243 5032 nostra:
3278 4994 3346 5034 es
3384 4977 3573 5047 aliqua.

301 5063 675 5134 disponamur,
700 5072 969 5136 quatenus
993 5064 1252 5134 quidquid
1296 5065 1351 5119 in
1396 5064 1663 5121 nobis‘est
1689 5080 1881 5136 super-
1982 5064 2235 5133 passione
2250 5061 2546 5120 debilitata:
2572 5073 2718 5130 sunt,
2762 5065 2861 5121 sed
2901 5065 3186 5125 interiores
3222 5078 3441 5140 paratas
3476 5072 3565 5126 ha-

299 5153 490 5223 ﬂuum,
521 5156 684 5213 modo
727 5157 1008 5227 percussio
1038 5165 1265 5223 resecet,
1304 5165 1361 5212 et
1396 5167 1525 5214 tunc
1554 5158 1678 5214 sola
1699 5175 1797 5215 nos
1825 5159 1881 5216 in
1982 5150 2173 5209 bemus
2196 5153 2456 5211 adversus
2480 5153 2685 5210 inimici
2710 5156 3052 5215 mutationes.
3084 5157 3376 5217 infirmitas
3392 5168 3575 5217 totum

298 5244 531 5301 aedilicio
572 5246 862 5302 concordia
897 5246 1180 5303 charitatis
1208 5246 1357 5319 liget.
1386 5247 1722 5304 Admonendi
1756 5258 1885 5305 sunt
1981 5257 2183 5313 corpus
2209 5253 2456 5300 nostrum
2503 5253 2671 5314 tenet,
2717 5247 2812 5303 sed
2847 5247 3091 5308 interiori
3135 5252 3337 5309 homini
3375 5260 3573 5310 nostro-

295 5334 432 5407 egri
460 5342 727 5405 quatenus
761 5337 1037 5407 patientiae
1069 5337 1326 5394 virtutem
1353 5347 1589 5404 servent,
1619 5347 1681 5394 ut
1709 5339 1881 5397 inces-
1982 5340 2190 5397 sanitas
2210 5342 2428 5397 crescit.

298 5430 489 5481 santer
511 5436 713 5494 quanta
738 5426 1066 5499 Redemptor
1090 5436 1276 5484 noster
1299 5430 1368 5485 ab
1390 5430 1456 5485 iis
1494 5445 1632 5500 quos
1658 5444 1883 5489 creave-

294 5520 389 5572 rat
424 5515 646 5585 pertulit
677 5517 819 5571 mala
857 5518 1220 5575 considerent.
1267 5518 1379 5574 Cur
1405 5520 1589 5591 itaque
1626 5537 1877 5593 asperum

295 5606 657 5674 creditur,-ut
685 5625 717 5663 a
753 5607 863 5664 Deo
888 5610 1050 5666 homo
1079 5610 1271 5666 toleret
1306 5611 1512 5682 ﬂagella
1556 5628 1659 5683 pro
1696 5614 1873 5683 malis,

297 5695 346 5752 si
373 5703 526 5753 tanta
569 5698 721 5756 Deus,
738 5700 815 5757 ab
832 5700 1140 5759 hominibus
1164 5701 1383 5773 pertulit
1407 5701 1547 5761 mala
1573 5718 1673 5774 pro
1696 5702 1868 5763 bonis.

2530 5434 2759 5493 CAPUT
2796 5437 3012 5495 XXXII.

2400 5525 2479 5582 De
2497 5527 2831 5585 tribulatione
2846 5530 3133 5599 justorum.

2045 5614 2228 5688 (Isid.,
2271 5615 2362 5671 lib.
2409 5633 2470 5674 ιιι
2508 5619 2679 5685 Sent.,
2725 5636 2772 5673 c.
2816 5618 2932 5690 58.)
2976 5617 3160 5673 Justus
3202 5617 3256 5671 in
3309 5617 3552 5674 adversus

1974 5706 2188 5776 probari
2230 5720 2290 5763 se
2330 5716 2697 5780 recognoscat,
2725 5722 2832 5764 non
2859 5707 3033 5779 deiici.
3063 5705 3175 5763 Viri
3216 5706 3391 5763 sancti
3422 5708 3551 5778 plus
