3960 6206
398 297 501 372 tisi

1687 303 1967 361 SMARAG
1977 305 2042 361 Dl
2079 303 2372 360 ABBATIS

3552 307 3670 365 .618

396 414 696 483 formidant
717 426 977 495 prospera
1026 423 1209 476 mundi
1257 431 1418 490 quam
1457 420 1708 485 adversa,
1732 419 1858 488 quia
1891 418 1986 473 Dei
2013 420 2067 479 Α
2090 418 2186 473 sed
2209 418 2390 486 potius
2409 417 2606 472 erudit.
2637 404 2876 473 Sollicito
2914 415 3088 473 hostis
3115 417 3339 472 inSidias
3377 404 3680 491 intelligere

396 529 590 577 servos
622 531 882 590 prospera
913 514 1099 570 mundi
1126 512 1407 582 dejiciunt,
1437 513 1662 567 adversa
1704 526 1834 567 vero
1859 523 1983 567 eru-

395 611 570 666 diunt.
596 609 828 676 Ideoque
853 605 1029 660 sancti
1069 604 1169 658 viri
1206 602 1510 659 constantia
1537 602 1612 656 ita
1641 610 1861 672 portare
1890 601 1982 657 de-

396 704 489 756 bet
522 702 764 761 adversa,
793 706 852 752 ut
881 696 1055 766 frangi
1091 711 1198 752 non
1243 703 1426 765 queat.
1476 693 1627 748 Tunc
1656 692 1830 763 magis
1857 701 1983 746 sunt

394 777 493 847 Dei
521 790 665 847 oculi
692 804 854 859 super
885 787 1078 858 iustos,
1106 786 1321 857 quando
1358 801 1453 841 eos
1487 768 1651 854 aflligi
1683 783 1752 839 ab
1782 783 1984 853 iniquis

396 881 732 952 protideutia
761 894 996 949 superna
1025 877 1307 948 pern'iittit.
1350 876 1487 931 Nam
1530 884 1658 929 tunc
1678 875 1758 930 eis
1790 876 1984 946 gaudia

396 973 762 1043 dispdnuntur
801 981 1034 1035 aeterna,
1079 969 1295 1039 quando
1334 967 1588 1037 prmsenti
1639 965 1985 1022 tribulatione

398 1065 720 1135 probantur.
764 1062 968 1118 Omnes
1023 1060 1150 1115 vitae
1202 1056 1358 1127 hujus
1406 1056 1784 1114 tribulationes
1830 1056 1987 1126 aquis

400 1150 789 1226 comparantur
820 1151 1289 1222 praetereuntibus.
1316 1150 1612 1221 Propterea
1633 1149 1760 1219 quia
1782 1148 1829 1204 si
1858 1147 1987 1218 quid

399 1247 457 1301 in
486 1246 591 1301 hac
619 1245 726 1300 vita
753 1240 1119 1298 tribulationis
1145 1240 1423 1305 acciderit,
1451 1254 1560 1295 non
1582 1246 1692 1294 stat
1718 1238 1814 1296 sed
1848 1237 1988 1295 cele-

400 1338 539 1394 t-iter
567 1337 783 1393 transit.
816 1332 917 1403 Qui
939 1337 1065 1391 vitae
1093 1332 1289 1391 futurae
1332 1331 1555 1401 praemia
1582 1330 1868 1402 diligenter
1893 1346 1990 1386 ex-

402 1429 638 1503 cogitat,
698 1425 844 1484 maia
886 1427 1069 1482 Omnia
1115 1420 1236 1480 vita!
1281 1422 1565 1493 praesentis
1617 1420 1991 1491 aequanimiter

402 1520 622 1590 portati
658 1518 916 1589 quoniam
947 1531 1015 1572 ex
1045 1514 1190 1573 illius
1218 1512 1501 1570 dulcedine
1542 1511 1703 1582 hujus
1731 1511 1992 1566 amaritu-

2082 507 2291 577 pariter
2332 513 2389 562 et
2436 521 2630 563 cavere
2655 506 2749 562 Dei
2781 521 2998 563 servum
3032 515 3266 576 oportet,
3304 507 3496 578 sicque
3524 509 3681 565 inuo-

2083 599 2260 655 centia
2298 599 2426 654 vita:
2467 599 2705 655 existere
2748 598 3069 670 simplicem,
3112 607 3173 654 ut
3214 607 3395 656 tamen
3432 608 3683 670 oporteat

2084 700 2206 745 cum
2242 690 2589 761 simplicitate
2627 706 2750 747 esse
2793 693 3138 762 prudentem.
3187 691 3291 758 Qui
3335 694 3682 762 prudentiam

2085 779 2417 850 simplicitati
2443 795 2549 837 non
2580 782 2793 847 miscet,
2841 781 2997 851 juxta
3042 781 3383 853 prophetam,
3423 781 3682 841 Columba

2084 881 2159 926 est
2185 871 2421 939 seducta,
2452 889 2556 927 non
2590 872 2785 927 habens
2825 889 2917 927 cor
2947 870 3121 943 (Osca:
3156 872 3277 944 vn).
3302 872 3410 929 Sed
3448 875 3575 947 ideo
3593 891 3686 932 co-

2088 964 2290 1030 lumba,
2331 965 2457 1036 quia
2497 965 2756 1036 simplex;
2790 965 2911 1020 ideo
2952 973 3133 1020 autem
3169 980 3271 1021 cor.
3303 982 3413 1023 non
3453 967 3683 1030 habens.

2088 1055 2213 1125 quia
2237 1055 2422 1126 ignara
2449 1055 2751 1125 prudentiae
2772 1064 2875 1111 est.
2901 1055 2959 1111 In
2984 1055 3157 1111 oculis
3186 1056 3481 1112 electorum
3506 1068 3684 1112 terror

2089 1146 2206 1216 ejus
2226 1145 2349 1201 vilis
2369 1154 2471 1201 est.
2501 1145 2584 1200 Ab
2606 1146 2901 1203 incredulis
2922 1154 2983 1202 ut
3001 1146 3085 1202 leo
3111 1148 3363 1213 timetur;
3397 1164 3429 1201 a
3450 1147 3683 1203 fortibus

2092 1238 2147 1292 in
2177 1236 2285 1293 fide
2305 1245 2367 1292 ut
2388 1236 2592 1292 vermis
2635 1237 3024 1301 contemnitur,
3067 1246 3233 1306 atque
3256 1237 3324 1292 ad
3348 1244 3681 1297 momentum

2091 1327 2329 1385 offensus
2362 1327 2661 1399 repellitur.
2696 1326 2953 1385 Diabolus
2975 1328 3118 1383 enim
3142 1343 3364 1398 serpens
3392 1338 3478 1384 est
3518 1327 3683 1383 lubri-

2093 1434 2210 1484 cus,
2226 1419 2379 1490 cujus
2404 1419 2451 1473 si
2475 1417 2661 1488 capiti,
2675 1417 2730 1473 id
2747 1425 2830 1473 est
2846 1418 3038 1488 primae
3056 1403 3407 1490 suggestioni,
3422 1432 3529 1472 non
3552 1419 3684 1473 resi-

2095 1510 2276 1575 stitur,
2295 1517 2439 1565 totus
2458 1508 2519 1563 in
2546 1508 2759 1563 interna
2781 1507 2964 1564 cordis
2984 1507 3136 1579 (dum
3154 1522 3262 1562 non
3290 1506 3545 1576 sentitur)
3565 1506 3685 1562 illa-

406 1611 588 1665 dinem
630 1616 911 1679 temperat,
960 1614 1017 1662 et
1059 1622 1125 1663 ex
1168 1605 1473 1662 aeternitate
1502 1603 1646 1659 illius
1671 1602 1992 1661 brevitatem
2095 1603 2260 1659 bitur.
2287 1601 2670 1657 Tentatioaum
2699 1600 3088 1657 diabolicarum
3111 1599 3265 1654 initia
3292 1597 3505 1670 fragilia
3534 1608 3683 1662 sunt,

406 1688 826 1769 bujusdespicit
851 1696 1239 1753 transitoriam.
1272 1693 1409 1761 Quia
1435 1708 1566 1749 vero
1601 1693 1695 1763 qui
1721 1692 1777 1748 in
1808 1690 1993 1748 dolore
2024 1768 2057 1771 _
2097 1708 2218 1764 qua:
2244 1693 2290 1749 si
2328 1707 2436 1748 non
2457 1700 2775 1757 caveantur,
2809 1691 2905 1751 sed
2929 1705 3028 1761 per
3056 1704 3217 1771 usum
3248 1692 3307 1744 in
3341 1689 3685 1743 consuetudi-

407 1768 707 1862 graVantur
736 1788 937 1854 carnis,
965 1785 1280 1857 cupiditatis
1301 1792 1360 1842 et
1394 1782 1622 1843 luxuria:
1659 1788 1717 1838 et
1737 1780 1993 1838 vitiorum
2023 1768 2071 1828 B
2099 1801 2225 1842 nem
2256 1792 2556 1850 transeam,
2604 1785 2661 1840 in
2704 1784 3014 1840 novissimis
3034 1768 3251 1838 Ιόηίυει·
3278 1781 3681 1846 convalescunt,

408 1884 730 1938 umerorum
775 1868 917 1936 mala
949 1894 1058 1936 non
1106 1883 1384 1949 appetunt,
1420 1874 1550 1946 plus
1577 1873 1798 1944 prodest
1835 1869 1998 1929 saluti
2100 1877 2175 1929 ita
2203 1883 2263 1929 ut
2288 1882 2384 1928 aut
2424 1889 2702 1943 nunquam
2750 1882 2844 1928 aut
2870 1889 2996 1929 cum
3029 1871 3341 1928 difﬁcultate
3380 1872 3682 1927 vincantur.

408 1971 639 2027 tentatio
665 1969 845 2026 saeculi
872 1984 1036 2039 quam
1063 1967 1417 2040 prosperitas.
1452 1964 1584 2020 Nam
1630 1979 1697 2019 ex
1727 1962 2000 2034 prosperi-

410 2070 523 2117 tate
548 2062 605 2117 in
636 2061 885 2133 deterius
903 2061 1033 2127 itur,
1062 2075 1129 2115 ex
1162 2058 1478 2119 tentationis
1510 2056 1693 2112 dolore
1722 2055 1780 2110 in
1805 2050 2003 2112 melius

407 2151 707 2222 proficitur.
774 2149 1155 2220 Unusquisque
1211 2149 1279 2204 ad
1341 2147 1697 2204 tentationem
1756 2146 1997 2201 animum

407 2246 717 2313 prmparare
758 2240 936 2297 debet.
962 2239 1139 2296 Minus
1174 2239 1321 2296 enim
1368 2239 1495 2295 dum
1524 2244 1793 2307 speratur,
1826 2242 1998 2297 tenta-

409 2330 489 2388 tio
515 2339 737 2403 gravat;
770 2330 904 2385 dure
946 2336 1125 2389 autem
1164 2328 1384 2399 premit,
1433 2327 1476 2384 si
1512 2342 1618 2397 non
1660 2333 1874 2395 sperata
1904 2323 1999 2378 ad-

410 2422 641 2479 venerit.
679 2418 954 2491 Sapientis
1005 2427 1091 2476 est
1143 2426 1334 2474 contra
1373 2417 1553 2473 omnia
1607 2415 1833 2472 adversa
1874 2420 1999 2468 ante

412 2511 703 2578 meditari;
750 2523 850 2567 nec
877 2509 1096 2571 evenire
1126 2523 1286 2566 casus
1313 2507 1493 2571 debet,
1528 2518 1693 2576 quem
1737 2520 1846 2560 non
1872 2518 2000 2559 con-

409 2602 530 2660 silia
556 2589 677 2675 ejus
705 2602 1057 2673 praeveniunt.
1111 2598 1265 2670 (ch
1310 2597 1447 2653 Isid.
1494 2597 1595 2654 loc.
1637 2594 1842 2666 ritate.)
1871 2594 2000 2649 Hazc

411 2708 578 2750 causa
606 2701 690 2749 est
729 2690 873 2762 quod
902 2691 970 2747 ab
1019 2688 1233 2759 iujustis
1257 2686 1393 2756 justi
1441 2686 1696 2742 sinuntur
1735 2681 1999 2751 aﬂiigi,at

410 2783 620 2841 Scilicet
652 2784 782 2839 dum
810 2782 992 2838 futura
1040 2778 1271 2837 audiunt
1293 2779 1435 2835 bona
1466 2786 1588 2848 qua:
1617 2774 1865 2847 cupiunt,
1902 2787 1997 2844 pa-

407 2874 619 2933 tiantur
649 2873 815 2931 etiam
858 2871 1001 2929 mala
1042 2869 1332 2942 praesentia
1376 2880 1497 2939 qua:
1544 2866 1994 2936 perhorrescunt;

409 2973 574 3036 atque
623 2962 693 3021 ad
735 2961 1036 3019 faciliorem
1085 2960 1295 3015 exitum
1348 2957 1477 3013 dum
1521 2968 1674 3010 amor
1708 2959 1994 3023 provocat,

409 3055 685 3112 cruciatus
725 3052 987 3122 impellat.
1018 3049 1188 3106 David
1213 3048 1498 3104 Psalmista
1527 3046 1605 3100 ait
1629 3059 1644 3098 :
1679 3044 1757 3098 Tu
1785 3060 1837 3099 es
1868 3042 1998 3097 mihi

408 3146 667 3216 refugium
698 3160 732 3198 a
756 3158 1003 3215 pressura
1037 3156 1155 3212 qua:
1192 3138 1535 3194 circumdedit
1574 3152 1675 3201 me,
1714 3133 1995 3190 exsultatio
2023 3123 2068 3185 C

408 3239 548 3301 iiiea,
577 3235 773 3289 redime
797 3250 879 3288 me
917 3249 952 3287 a
994 3229 1440 3295 circumdautibus
1482 3243 1562 3281 me
1603 3225 1776 3296 (Psal.
1819 3224 1992 3296 xxxi).

410 3313 550 3381 Ecce
576 3323 734 3395 quasi
767 3323 823 3378 in
853 3332 1013 3378 nocte
1049 3335 1359 3392 prcssuram
1402 3318 1668 3384 nominat,
1714 3325 1770 3371 et
1815 3325 1997 3372 tamen

407 3417 937 3481 liberatoremsuum
970 3415 1112 3471 inter
1143 3412 1422 3483 angustias
1456 3410 1873 3467 exsultationem
1902 3425 1999 3465 vo-

410 3518 520 3567 cat.
557 3507 714 3564 Foris
756 3507 975 3579 quidem
1017 3523 1121 3563 nox
1152 3512 1273 3562 erat
1310 3507 1366 3561 in
1397 3504 1819 3562 circumdatione
1847 3514 1998 3575 pres-

409 3618 569 3670 surte,
600 3604 695 3662 sed
722 3600 869 3661 intus
905 3603 1149 3660 carmina
1173 3602 1501 3665 resonabant
1541 3600 1607 3656 de
1633 3597 1999 3654 consolatione

411 3690 631 3749 laetitiae.
656 3682 874 3748 Electus
894 3692 1122 3762 quisque
1145 3692 1269 3746 dum
1297 3688 1625 3745 circumdari
1653 3703 1710 3744 se
1730 3687 1999 3759 pressaris

411 3792 623 3849 narrat,
652 3792 709 3839 et
737 3791 916 3838 tamen
959 3784 1129 3838 Deum
1160 3781 1261 3838 sibi
1287 3781 1704 3836 exsultationem
1733 3780 1994 3844 nominat,

411 3877 599 3951 procul
642 3876 804 3933 dubio
836 3874 993 3946 quasi
1034 3888 1255 3930 carmen
1300 3873 1358 3929 in
1408 3880 1568 3929 nocte
1601 3879 1803 3937 cantat,
1840 3878 1900 3927 ut
1929 3869 1998 3925 ad

411 3968 790 4039 subsequentis
816 3967 941 4022 vitae
976 3965 1117 4021 diem
1161 3963 1630 4035 felixpervcniat.
1682 3962 1828 4019 Dixit
1874 3963 1999 4033 qui:

410 4064 536 4119 dam
574 4077 790 4118 senex:
844 4059 903 4115 Si
953 4058 1163 4114 venerit
1206 4057 1410 4113 homini
1464 4054 1688 4112 tentatio
1740 4054 2000 4127 (undique

411 4153 555 4209 enim
582 4149 1009 4221 multiplicantur
1037 4144 1432 4219 tribulationes)
1453 4154 1514 4201 ut
1530 4143 1886 4217 pusillanimis
1906 4144 2000 4198 fiat

410 4253 467 4300 et
488 4250 813 4308 murmuret,
853 4248 909 4300 tu
948 4247 1129 4299 tamen
1174 4240 1218 4295 si
1250 4249 1299 4294 te
1323 4238 1672 4309 occupaverit
1713 4237 2000 4293 infirmitas

413 4337 678 4409 corporis,
700 4335 810 4394 noli
830 4331 1190 4405 pusillanimis
1216 4330 1355 4395 fieri,
1389 4343 1561 4398 neque
1585 4327 1806 4384 moleste
1836 4326 2001 4384 susci~

411 4432 548 4500 pias,
579 4429 706 4501 quia
737 4429 865 4503 ipse
906 4426 1168 4483 Dominus
1192 4438 1290 4494 pro
1320 4432 1372 4480 te
1399 4421 1602 4492 cogitat
1626 4421 1690 4476 de
1721 4420 1992 4483 omnibus.

415 4521 666 4593 Nunquid
690 4519 808 4578 sine
830 4520 950 4589 ip'so
976 4516 1148 4573 vivis?
1173 4513 1448 4570 Patienter
1483 4527 1613 4582 ergo
1638 4511 1782 4567 ferre
1811 4512 1993 4577 debes,

412 4619 472 4668 et
493 4625 686 4683 rogare
714 4624 840 4666 eum
867 4615 928 4664 ut
951 4608 1114 4663 donet
1139 4605 1234 4661 tibi
1263 4621 1383 4676 quae
1412 4603 1722 4673 expediunt,
1756 4604 1860 4658 hoc
1889 4612 1993 4669 est,

414 4700 642 4770 utquod
670 4699 917 4754 voluntas
946 4696 1114 4766 ipsius
1156 4703 1240 4749 est
1280 4692 1468 4758 facias.
1515 4701 1567 4748 et
1596 4692 1722 4748 sede
1748 4707 1869 4749 cum
1897 4708 1996 4762 pa-

413 4791 605 4848 tientia
628 4789 963 4847 manducans
979 4786 1128 4858 quod
1149 4785 1317 4841 habes
1345 4785 1398 4839 in
1427 4785 1711 4841 charitatc.

945 4876 1175 4936 CAPUT
1233 4874 1469 4932 XXXIII.

868 4971 958 5027 De
1019 4967 1546 5026 teutationibus.

490 5063 672 5135 (Isid.,
697 5064 787 5121 lib.
815 5072 876 5122 ut
916 5064 1088 5131 Sent.,
1131 5081 1249 5134 cap.
1288 5062 1372 5135 ὅ.)
1418 5061 1602 5119 Multis
1631 5060 2000 5119 calamitatum

419 5149 807 5210 icutatiouibus
833 5169 987 5210 mens
1008 5154 1140 5224 justi
1171 5154 1227 5209 in
1270 5154 1374 5209 hac
1409 5152 1521 5207 vita
1566 5151 1831 5220 pulsatur,
1859 5153 2002 5208 unde

416 5254 474 5302 et
499 5252 652 5316 optat
677 5243 744 5300 ab
776 5244 879 5303 hoc
896 5245 1093 5302 saeculo
1120 5243 1360 5303 funditus
1387 5237 1563 5307 evelli,
1591 5257 1700 5311 quo
1735 5252 1791 5298 et
1812 5257 2003 5299 aerum-

416 5339 503 5394 nis
528 5345 735 5402 careat,
767 5344 822 5392 ct
853 5335 1014 5390 fixam
1044 5334 1153 5390 illic
1200 5332 1549 5393 securitatem
1590 5334 1845 5390 inveniat.
1881 5333 1996 5391 Non

420 5429 653 5501 amplius
678 5435 853 5483 tentat
894 5426 1096 5481 electos
1122 5425 1386 5489 diabolus,
1429 5439 1590 5494 quam
1622 5425 1716 5480 Dei
1751 5425 1997 5483 Voluntas

417 5517 698 5586 permittit.
753 5514 1033 5572 Tentando
1078 5523 1257 5570 autem
1310 5522 1619 5569 sanctorum
1668 5513 1999 5583 profectibus

419 5608 607 5663 servit.
644 5607 758 5663 Etsi
803 5607 1012 5672 nolens,
1040 5604 1257 5660 utilitati
1286 5610 1465 5659 tamen
1493 5612 1806 5660 sanctorum
1833 5607 1999 5662 servit

420 5695 684 5766 diabolus,
715 5700 930 5770 quando
969 5712 1064 5755 eos
1093 5694 1482 5754 tentationibus
1510 5694 1623 5753 suis
1646 5711 1756 5753 non
1778 5696 1991 5769 decipit,

2024 4473 2075 4533 D

2097 1966 2234 2024 Cum
2256 1967 2311 2021 in
2348 1975 2463 2022 tota
2492 1966 2601 2023 vita
2629 1967 2876 2023 diabolus
2919 1966 3267 2038 prtevaricari
3297 1967 3575 2023 hominem
3596 1983 3688 2022 cu-

2096 2057 2230 2126 piat,
2275 2056 2507 2126 amplius
2550 2063 2729 2111 tamen
2758 2056 2982 2112 molitur
3009 2056 3065 2112 in
3098 2056 3207 2112 fine
3239 2057 3511 2128 decipere.
3553 2055 3690 2112 lline

2098 2156 2183 2203 est
2216 2148 2362 2217 quod
2390 2147 2445 2202 in
2487 2147 2754 2218 principio
2795 2155 2982 2203 contra
3025 2146 3416 2217 pretoplastum
3451 2148 3690 2218 serpenti

2097 2247 2181 2294 est
2223 2238 2424 2294 dictum
2479 2234 2633 2311 (Cena
2679 2238 2762 2311 ιιι)
2795 2237 2907 2293 :Et
2951 2249 3011 2293 tu
3062 2238 3397 2294 insidiaberis
3441 2238 3691 2293 calcaneo

2096 2328 2243 2398 ejus;
2262 2328 2391 2398 quia
2412 2329 2668 2384 nimirum
2697 2329 2970 2386 hominem
2993 2344 3155 2399 quem
3180 2329 3425 2385 diabolus
3451 2328 3505 2384 in
3527 2344 3692 2384 cursu

2097 2418 2385 2488 prmterita:
2414 2418 2538 2474 vitae
2561 2434 2667 2475 non
2703 2419 2921 2489 decipit,
2970 2418 3027 2475 in
3066 2419 3389 2477 novissimis
3435 2418 3695 2489 supplan-

2099 2521 2217 2569 tare
2262 2512 2517 2582 disponit.
2548 2512 2782 2569 Proinde
2806 2512 3056 2583 quamvis
3103 2512 3335 2581 quisque
3376 2511 3451 2567 sit
3485 2509 3693 2580 justus,

2096 2617 2374 2672 nunquam
2405 2610 2585 2658 tamen
2620 2610 2792 2658 tutum
2820 2610 2905 2658 est
2926 2610 2981 2658 ut
3004 2603 3076 2661 sit
3104 2602 3159 2659 in
3182 2602 3285 2656 hac
3305 2601 3413 2656 vita
3435 2615 3690 2667 securus,

2097 2694 2192 2749 sed
2226 2707 2440 2763 semper
2481 2693 2702 2749 humilis
2729 2701 2939 2769 caveat,
2996 2707 3317 2762 semperque
3364 2707 3436 2749 ne
3479 2692 3534 2747 in
3585 2691 3694 2746 fine

2098 2791 2221 2838 ruat
2247 2783 2508 2841 sollicitus
2535 2783 2900 2852 pertimescat.
2928 2783 3184 2839 Diabolus
3208 2791 3423 2838 sanctos
3446 2782 3695 2839 homines

2096 2890 2203 2931 non
2252 2875 2484 2931 tenendo
2537 2875 2806 2944 possidet,
2856 2875 2951 2931 sed
3010 2872 3269 2931 tentando
3325 2873 3689 2943 persequitur.

2096 2963 2232 3019 Nam
2258 2965 2383 3034 quia
2409 2979 2514 3019 non
2558 2964 2611 3020 in
2642 2964 2724 3019 cis
2764 2964 3092 3029 intrinsecus
3122 2972 3341 3034 regnat,
3378 2972 3571 3018 contra
3599 2978 3694 3018 eos

2099 3053 2439 3109 extrinsecus
2464 3062 2767 3124 pugnat;et
2788 3055 2880 3124 qui
2902 3053 3130 3108 interius
3150 3053 3334 3117 amisit
3368 3054 3688 3115 dominium.

2099 3143 2341 3200 exterius
2360 3152 2664 3200 commovet
2692 3144 2909 3200 bellum.
2934 3144 3186 3200 Diabolus
3205 3144 3422 3214 quando
3444 3144 3697 3214 decipere

2099 3250 2426 3305 quemquam
2471 3235 2706 3305 quaerit,
2767 3234 2920 3305 prius
2966 3241 3215 3290 naturam
3271 3234 3697 3304 uniuscujusque

2098 3327 2352 3394 intendit,
2384 3334 2439 3382 et
2459 3327 2584 3383 inde
2621 3341 2682 3382 se
2727 3325 2984 3396 applicat,
3017 3325 3160 3380 unde
3202 3333 3387 3396 aptum
3417 3325 3698 3383 hominem

2098 3418 2166 3473 ad
2195 3421 2529 3488 peccandum
2562 3419 2878 3489 inspexerit.
2908 3418 2987 3474 Ex
3013 3433 3076 3474 ea
3101 3427 3255 3487 parte
3292 3418 3543 3474 homines
3582 3419 3696 3473 dia-

2099 3509 2255 3567 bolus
2284 3520 2478 3577 tcntat,
2505 3519 2612 3582 qua
2636 3525 2729 3567 eos
2751 3524 2849 3581 per
2873 3518 3275 3567 excrescentem
3305 3510 3592 3565 humorem
3619 3510 3700 3564 fa-

2098 3601 2204 3658 cile
2227 3596 2474 3659 inclinari
2497 3601 2565 3656 ad
2587 3601 2716 3661 vitia
2738 3600 3025 3670 conspicit,
3049 3608 3109 3654 ut
3130 3599 3425 3656 secundum
3450 3600 3699 3654 humoris

2097 3693 2537 3762 conspersioncm
2551 3693 2807 3750 adhibeat
2820 3700 2875 3747 et
2896 3692 3268 3749 tentationem.
3285 3692 3429 3763 Lege
3446 3690 3695 3757 Balaam,

2098 3782 2191 3855 qui
2224 3784 2280 3838 in
2318 3785 2489 3855 figura
2537 3784 2738 3841 diaboli
2773 3793 2965 3841 contra
3000 3783 3256 3855 populum
3288 3783 3505 3838 Domini
3537 3779 3608 3839 ex
3635 3800 3699 3839 ea

2099 3885 2253 3946 parte
2278 3877 2524 3947 prmcipit
2544 3876 2876 3948 perniciosos
2887 3876 3226 3946 prietendere
3246 3876 3493 3947 laqueos,
3508 3892 3575 3933 ex
3591 3892 3699 3948 qua

2099 3968 2268 4025 sensit
2298 3982 2393 4024 eos
2420 3968 2631 4023 facilius
2671 3983 2793 4024 esse
2824 3967 3074 4037 lapsuros
3125 3965 3318 4039 (Nam.
3360 3965 3535 4038 xxiv).
3560 3966 3699 4023 Nam

2055 4132 2061 4138 Ι
2098 4068 2154 4114 ct
2179 4059 2271 4130 qui
2321 4075 2518 4130 aquam
2562 4059 2759 4115 alicubi
2804 4060 3040 4125 deducit,
3086 4074 3192 4115 non
3244 4075 3365 4116 eam
3405 4076 3505 4131 per
3532 4060 3699 4116 aliam

2098 4163 2306 4224 partem
2348 4153 2537 4221 mittit,
2568 4153 2673 4208 nisi
2702 4152 2793 4207 ubi
2822 4152 3082 4222 impetum
3114 4152 3231 4223 ejus
3253 4144 3504 4225 intendit.
3535 4151 3699 4208 Aliud

2098 4253 2183 4301 est
2218 4246 2424 4301 intrare
2460 4246 2515 4300 in
2563 4254 2802 4305 mentem
2844 4245 3163 4317 cujusquam
3205 4245 3516 4313 diabolum,
3548 4246 3698 4301 aliud

2099 4352 2229 4393 vero
2270 4336 2594 4392 inhabitare.
2637 4336 2773 4392 Nam
2802 4344 2856 4393 et
2885 4338 2941 4392 in
2972 4338 3137 4393 corda
3168 4334 3480 4392 sanctorum
3508 4337 3696 4407 ingrc-

2100 4429 2265 4494 ditur,
2306 4427 2432 4483 dum
2478 4426 2649 4483 malas
2703 4427 3072 4498 suggestiones
3122 4414 3390 4493 insinuat;
3443 4425 3543 4482 sed
3586 4442 3698 4483 non

2100 4519 2311 4575 habitat
2344 4518 2398 4574 in
2420 4517 2522 4584 eis,
2551 4518 2677 4587 quia
2708 4518 2763 4572 in
2791 4533 2949 4573 suum
2976 4533 3174 4587 corpus
3193 4533 3303 4572 non
3330 4532 3426 4573 eos
3456 4517 3697 4573 traducit

2102 4608 2232 4681 [Αι.,
2259 4606 2602 4680 transducit].
2634 4606 2737 4674 Qui
2765 4623 2894 4663 vero
2922 4608 2976 4662 in
2993 4621 3222 4677 corpore
3250 4606 3368 4677 ejus
3394 4616 3525 4661 sunt
3546 4606 3695 4679 ipsos

2099 4700 2388 4768 inhabitat,
2412 4699 2540 4770 quia
2564 4699 2668 4771 ipsi
2687 4706 2816 4755 sunt
2839 4698 3098 4770 templum
3124 4697 3261 4767 ejus.
3287 4696 3405 4753 Etsi
3431 4697 3696 4768 subrepat

2099 4787 2372 4846 mentibus
2398 4788 2696 4847 electorum
2739 4787 3006 4853 diabolus,
3053 4802 3160 4843 non
3198 4796 3381 4843 autem
3409 4787 3463 4842 in
3493 4788 3577 4844 eis
3615 4803 3697 4845 re.

2100 4877 2352 4948 quiescit,
2379 4878 2519 4934 sient
2544 4878 2601 4939 in
2634 4878 2889 4934 cordibus
2916 4879 3290 4947 reproborum,
3335 4894 3463 4934 nam
3510 4877 3696 4934 calore

2104 4968 2229 5025 fidei
2270 4983 2397 5023 mox
2439 4968 2731 5035 excitatur,
2779 4974 2840 5022 ut
2871 4976 3029 5025 exeat
3071 4968 3141 5023 ab
3180 4966 3392 5025 electis.
3438 4966 3693 5023 Nonnulli

2096 5058 2211 5129 jam
2241 5060 2400 5117 avido
2442 5074 2538 5117 ore
2575 5060 2819 5117 diabolus
2852 5060 3228 5127 devoraverat,
3279 5075 3471 5125 rursus
3522 5062 3692 5118 divini

2095 5151 2285 5222 iudicii
2312 5151 2525 5209 occulta
2557 5151 2905 5209 miseratione
2930 5153 3000 5213 ab
3032 5150 3151 5221 ejus
3176 5167 3275 5208 ore
3299 5152 3610 5223 eripiuntur
3638 5164 3697 5210 et

2103 5244 2261 5302 saluti
2306 5244 2684 5301 restituuntur.
2717 5242 2854 5303 Nam
2883 5258 3024 5314 smpe
3050 5242 3248 5299 multos
3275 5258 3412 5313 quos
3438 5244 3695 5313 antiquus

2102 5335 2273 5391 hostis
2301 5334 2527 5390 luxuriae
2552 5334 2810 5404 voragine
2840 5347 3048 5391 mersos
3096 5333 3287 5400 tenuit,
3336 5334 3575 5404 potentia
3612 5332 3695 5387 di-

2104 5428 2227 5482 vina
2253 5442 2351 5498 per
2378 5425 2754 5496 paenitentiam
2782 5424 2852 5480 ab
2888 5421 3006 5492 ejus
3032 5421 3281 5481 faucibus
3304 5424 3490 5479 traxit.
3524 5422 3693 5481 Multa

2095 5518 2276 5589 justus
2314 5516 2541 5572 adversa
2581 5515 2637 5570 in
2670 5514 2851 5569 anima
2892 5513 3097 5583 patitur
3120 5512 3470 5584 instigatione
3492 5512 3695 5568 daemo-

2102 5624 2254 5675 num,
2276 5608 2371 5664 sed
2398 5607 2598 5663 talibus
2618 5604 2969 5661 tentamentis
2997 5604 3176 5675 perire
3199 5603 3325 5660 vitae
3344 5611 3561 5661 acterna:
3584 5618 3693 5659 non

2102 5708 2302 5772 potest,
2336 5700 2462 5777 quia
2505 5698 2627 5770 pius
2674 5697 2934 5754 Dominus
2977 5695 3046 5751 ad
3087 5695 3488 5755 damnationem
3520 5694 3694 5765 culpes
