3960 6206
271 292 374 346 (329

1516 291 1627 346 [ΠΛ
1635 289 1719 345 DE
1727 291 1819 346 MA
1856 291 2234 351 MONACHOR
2247 297 2284 351 U
2295 289 2340 350 Μ
2351 337 2363 349 .

3341 358 3350 364 .
3419 369 3422 372 ,
3445 311 3549 364 650

269 423 374 459 non
414 415 650 476 reputat,
673 406 815 476 quod
845 406 910 461 de
950 423 1058 460 sum
1107 409 1402 478 majestatis
1450 411 1713 476 permissu
1751 426 1850 464 no-
1879 419 1931 478 Α
1961 412 2225 467 mittatur.
2264 413 2368 479 Qui
2417 427 2544 468 vero
2591 414 2705 469 sola
2745 430 2905 485 poena
2945 417 3189 488 supplicii
3225 420 3279 474 in
3324 436 3382 476 se
3420 425 3549 479 vitia

267 501 384 554 lens
419 501 509 568 qui
557 500 760 570 patitur
786 509 986 568 portat.
1021 499 1155 554 Nam
1203 500 1275 554 ibi
1326 516 1613 569 peccamus
1645 501 1734 555 ubi
1763 518 1860 571 per

264 591 618 660 cupiditatem
669 591 750 644 vel
806 591 1136 646 voluntatem
1187 592 1544 646 deliectimus.
1591 591 1689 646 Ubi
1735 607 1862 646 vero

264 683 534 737 violenter
561 683 884 745 addicimur,
937 684 1038 736 etsi
1075 683 1282 736 facinus
1315 692 1407 736 aut
1443 683 1706 751 flagitium
1752 698 1861 737 non

259 786 366 838 cst,
399 774 621 829 miseria
658 781 838 828 tamen
875 790 973 844 pro
1010 773 1213 844 ﬂagitio
1258 783 1315 828 et
1343 773 1584 827 facinore
1610 783 1712 828 est.
1754 771 1860 827 Sed

259 869 352 936 qzii
377 868 544 920 Deum
566 881 664 936 pro
685 865 920 934 irrogata
946 865 1129 918 laudat
1153 865 1394 930 miseria,
1417 865 1708 919 commisso
1737 878 1861 934 pro-

258 962 347 1016 cul
381 960 546 1016 dubio
583 967 735 1014 caret
763 957 1024 1012 facinore.

794 1050 1021 1106 CAPUT
1061 1050 1305 1104 XXXIV.

703 1136 781 1196 De
816 1141 1141 1196 multimodis
1164 1142 1415 1211 peccatis.

325 1235 539 1305 (Greg.,
563 1232 653 1286 lib.
686 1249 760 1298 tv,
789 1249 836 1286 c.
867 1232 1037 1298 26,132
1063 1249 1178 1302 cap.
1213 1247 1271 1286 ιιι
1302 1231 1712 1298 Job.)Quatuor
1744 1247 1857 1288 mo-

255 1329 344 1383 dis
393 1326 753 1384 committitur
793 1334 1075 1396 peccatum
1103 1325 1156 1379 in
1181 1325 1362 1390 corde,
1403 1332 1636 1394 quatuor
1665 1338 1856 1394 perpe-

257 1433 440 1478 tratnr
490 1430 544 1477 et
587 1436 769 1492 opere.
813 1421 1128 1476 Admittitur
1173 1421 1227 1474 in
1275 1420 1462 1486 corde,
1512 1419 1856 1490 suggestione

254 1515 590 1577 dminonum,
625 1512 982 1568 delectatione
1007 1513 1209 1577 carnis,
1242 1503 1598 1567 consensione
1628 1511 1847 1575 mentis,

254 1603 576 1659 defensione
587 1603 854 1656 elationis.
869 1601 1236 1657 Committitur
1246 1616 1429 1669 opere,
1446 1616 1586 1654 nunc
1601 1599 1852 1665 latenter,

257 1713 407 1751 nunc
438 1695 634 1766 palam,
671 1709 813 1748 nunc
840 1693 1247 1757 consuetudine,
1281 1707 1424 1747 nunc
1451 1690 1848 1767 desperatione.

1968 504 2229 572 reprimit,
2279 506 2526 574 quamvis
2567 522 2672 560 non
2716 508 2931 577 expleat
2976 524 3110 577 opus
3155 513 3384 580 peccati,
3423 515 3556 568 vivit

1967 599 2143 646 tanien
2191 593 2244 646 in
2275 610 2340 648 eo
2381 596 2628 651 voluntas
2659 599 2938 667 peccandi,
2971 599 3223 671 doletque
3259 603 3361 656 sibi
3400 604 3556 658 illici-

1967 693 2097 746 tum,
2135 688 2275 756 quod
2305 687 2388 741 lex
2423 689 2708 757 prohibere
2741 691 3092 762 dignoscitur.
3122 693 3213 748 llle
3255 710 3384 766 ergo
3411 711 3555 750 mer-

1964 774 2150 828 cedem
2199 775 2323 830 boni
2367 779 2548 847 operis
2593 780 2841 849 percipit;
2887 781 2980 852 qui
3019 785 3249 838 amando
3282 783 3546 852 justitiam

1963 860 2116 927 facit,
2156 879 2260 919 non
2311 865 2356 920 is
2388 868 2492 950 ‘qui
2533 883 2653 923 eam
2691 870 2806 926 solo
2846 882 2990 926 metu
3036 888 3318 944 pinnarum
3353 877 3550 932 imitus

1962 955 2218 1008 custodit.
2279 956 2451 1012 Omne
2510 970 2790 1028 peccatum
2857 972 3148 1034 antequam
3209 967 3548 1033 admittatur,

1963 1043 2191 1113 amplius
2234 1048 2657 1116 pertimescitur.
2720 1052 2976 1120 Quamvis
3021 1066 3200 1112 autem
3249 1075 3410 1128 grave
3458 1060 3547 1123 sit,

1961 1135 2086 1190 dum
2115 1139 2168 1192 in
2198 1155 2352 1195 usum
2392 1143 2623 1209 venerit,
2663 1143 2779 1200 leve
2809 1148 3172 1216 existimatur,
3209 1159 3263 1204 et
3291 1151 3408 1206 sine
3444 1151 3550 1206 ullo

1961 1239 2106 1284 metu
2136 1231 2513 1286 committitur.
2555 1233 2677 1289 Istis
2722 1235 2997 1292 fomitibus
3041 1241 3195 1308 quasi
3228 1241 3546 1308 quibusdam

1959 1320 2214 1389 gradibus
2235 1321 2492 1378 coalescit
2518 1339 2678 1380 omne
2700 1337 3002 1395 peacatum.
3028 1329 3294 1400 Cogitatio
3316 1347 3548 1401 namque

1956 1423 2122 1488 prava
2158 1410 2568 1469 delectationem
2602 1417 2764 1485 parit,
2794 1419 3083 1474 delectatio
3113 1422 3545 1486 consensionem,

1958 1503 2244 1557 consensio
2265 1504 2559 1570 actionem,
2577 1507 2717 1561 actio
2731 1509 3197 1574 consuetudinem,
3218 1515 3550 1566 consuetudo

1958 1594 2356 1648 necessitatem.
2387 1594 2586 1666 Sicque
2633 1597 2719 1652 his
2759 1599 2990 1655 vinculis
3037 1600 3198 1655 homo
3243 1602 3550 1672 implicatus

1956 1684 2190 1752 quadam
2217 1693 2406 1739 catena
2439 1686 2694 1742 vitiorum
2728 1696 2942 1743 tenetur
2975 1689 3250 1755 astrictus,
3283 1687 3356 1744 ita
3389 1701 3447 1744 ut
3483 1693 3550 1745 ab

254 1789 381 1843 Istis
401 1803 530 1857 ergo
555 1785 810 1858 gradibus
833 1794 887 1840 et
913 1785 1076 1839 corde
1100 1784 1448 1854 delinquitur,
1464 1791 1518 1837 et
1540 1795 1704 1852 opere
1731 1797 1853 1851 per-
1881 1771 1929 1830 B
1955 1791 2019 1830 ea
2045 1776 2201 1831 evelli
2231 1792 2575 1847 nequaquam
2620 1779 2817 1846 valeat,
2863 1781 2966 1836 nisi
3011 1781 3190 1836 divina
3228 1783 3402 1854 gratia
3434 1800 3548 1837 ma—

253 1887 522 1949 petratur.
559 1877 739 1949 (lsid.,
763 1876 852 1930 lib.
881 1893 917 1930 ιι
951 1875 1259 1945 Seut.,cap.
1294 1874 1380 1940 l7,
1414 1872 1842 1942 {8,19,21,23.)

254 1971 459 2024 Tribus
492 1968 664 2024 modis
695 1976 974 2037 peccatum
1002 1967 1226 2036 geritur,
1260 1966 1363 2020 hoc
1388 1973 1494 2030 est,
1522 1963 1847 2033 ignorantia,

255 2061 596 2124 inlirmitate,
629 2059 914 2113 industria.
942 2057 1173 2113 Gravius
1215 2065 1296 2112 est
1343 2054 1658 2110 inﬁrmitate
1683 2069 1852 2125 quam

257 2151 562 2224 ignorantia
587 2150 896 2219 delinquere
922 2169 934 2202 :
967 2148 1186 2220 gravius
1213 2147 1478 2202 industria
1504 2161 1666 2215 quam
1698 2143 1850 2198 infir—

255 2244 444 2298 mitate
477 2256 719 2310 peccare.
765 2239 1030 2294 lndustria
1060 2244 1293 2308 namque
1321 2245 1510 2308 peccat
1545 2236 1636 2306 qui
1663 2234 1846 2290 studio

255 2350 322 2386 ac
349 2331 735 2386 deliberatione
775 2328 970 2384 mentis
1011 2326 1214 2382 malum
1237 2327 1369 2396 agit.
1401 2324 1722 2379 lnﬂrmitate
1751 2338 1848 2376 au-

254 2437 394 2486 tem,
425 2421 514 2491 qui
545 2435 671 2474 casu
701 2419 782 2474 vel
817 2417 1242 2489 prxcipitatione
1286 2414 1572 2482 delinquit.
1607 2411 1847 2481 Nequius

256 2523 440 2568 autem
467 2522 518 2569 et
545 2513 610 2566 de
641 2510 904 2565 industria
936 2517 1182 2578 peccant,
1233 2506 1325 2576 qui
1360 2521 1470 2560 non
1511 2503 1689 2558 solutn
1736 2517 1848 2556 non

257 2607 398 2659 bene
433 2603 633 2665 vivunt,
666 2600 761 2654 sed
787 2599 949 2654 etiam
989 2605 1044 2652 et
1071 2598 1208 2652 bene
1239 2597 1479 2650 viventes
1509 2593 1577 2665 (si
1600 2591 1846 2663 possunt)

255 2712 289 2748 a
337 2694 557 2748 veritate
584 2692 874 2746 divertunt.
923 2689 1060 2742 Sunt
1091 2696 1310 2757 peccata
1346 2685 1484 2740 levia
1507 2701 1628 2754 qua:
1655 2684 1724 2738 ab
1766 2682 1848 2736 in-

256 2787 577 2857 cipientibus
611 2783 922 2854 quotidiana
970 2780 1337 2837 satisfactione
1373 2785 1694 2848 purgantur,
1727 2788 1846 2844 quae

259 2889 441 2931 tamen
470 2892 499 2928 a
523 2873 778 2943 perfectis
811 2871 942 2926 viris
967 2871 1113 2924 velut
1156 2885 1351 2940 magna
1377 2868 1605 2923 crimina
1645 2866 1848 2920 evitan-

259 2980 367 3022 tur.
395 2967 530 3034 Quid
555 2976 734 3020 autem
763 2963 1012 3021 homines
1040 2963 1107 3017 de
1130 2961 1337 3031 magnis
1361 2959 1660 3014 sceleribus
1683 2969 1846 3025 agere

257 3062 476 3126 debent,
499 3058 712 3128 quando
739 3058 903 3112 etiam
946 3054 1169 3127 perfecti
1205 3053 1342 3109 levia
1381 3066 1613 3120 quaeque.
1649 3049 1843 3104 delicta

257 3151 414 3221 quasi
439 3149 753 3221 gravissima
778 3148 996 3219 lugent?
1017 3146 1400 3216 Experimento
1428 3143 1696 3196 minorum
1717 3155 1841 3209 pec-
1871 3118 1914 3179 Ο

258 3253 504 3299 calorum
551 3241 755 3312 majora
795 3239 1059 3295 committi
1101 3254 1206 3292 non
1252 3236 1448 3291 debent
1488 3242 1729 3303 peccata,
1773 3245 1843 3284 ne

262 3337 452 3392 durius
477 3334 742 3389 feriantur
763 3347 861 3402 pro
886 3330 1096 3401 magnis
1116 3327 1429 3390 sceleribus,
1455 3326 1547 3394 qui
1569 3325 1638 3378 de
1664 3323 1846 3392 parvis

258 3426 458 3497 corrigi
489 3440 592 3478 non
618 3429 901 3477 noverunt.
939 3419 1148 3475 Judicio
1172 3428 1353 3473 autem
1396 3417 1576 3473 divino
1623 3415 1678 3469 in
1720 3429 1845 3469 rea-

261 3528 379 3572 tum
407 3515 720 3586 nequiorem
746 3513 1022 3576 labuntur,
1051 3511 1142 3582 qui
1167 3509 1487 3578 distringere
1505 3507 1718 3562 minora
1749 3521 1848 3560 sua

262 3611 406 3666 facta
454 3614 826 3665 contemnunt.
865 3605 1014 3660 Multi
1041 3619 1072 3658 a
1101 3603 1327 3658 crimine
1357 3608 1618 3656 corruunt
1659 3598 1714 3652 in
1740 3596 1848 3652 cri-

263 3718 408 3766 men,
448 3701 538 3772 qui
573 3701 665 3754 Dei
703 3697 1063 3769 cognitionem
1099 3694 1382 3757 habentes,
1435 3691 1684 3746 timorem
1729 3685 1848 3755 ejus

263 3797 560 3867 negligant,
613 3801 668 3848 et
715 3805 874 3863 quem
921 3795 1187 3844 noverunt
1237 3799 1334 3856 per
1380 3783 1698 3846 scientiam,
1749 3792 1847 3849 per
1933 3789 1936 3793 '

261 3888 530 3943 actionem
571 3899 678 3938 non
719 3888 1068 3936 Venerantur.
1109 3876 1338 3946 ideoque
1384 3876 1634 3930 sinuntur
1665 3874 1848 3930 divino

255 3980 459 4048 judicio
480 3975 747 4047 punienda
781 3971 1140 4034 committere,
1171 3978 1225 4023 et
1247 3969 1301 4022 in
1321 3982 1539 4037 pcenam
1559 3968 1847 4022 conunisso

263 4069 488 4123 facinori
543 4066 750 4120 facinus
797 4062 1038 4119 deterius
1092 4061 1311 4115 addere.
1361 4058 1515 4130 Saepe
1563 4069 1845 4128 peceatum

260 4160 484 4214 alterius
509 4156 717 4227 peccati
761 4170 923 4209 caiisa
968 4161 1072 4216 est,
1121 4151 1265 4220 quod
1309 4151 1435 4205 dum
1463 4150 1841 4213 committitur,

261 4249 406 4302 aliud
449 4264 534 4306 ex,
559 4247 670 4315 ipso
711 4245 865 4314 quasi
908 4259 1005 4298 sua
1035 4241 1246 4296 soboles
1281 4241 1458 4294 oritur
1485 4258 1496 4292 :
1529 4241 1669 4293 sicut
1699 4241 1846 4295 nasci

261 4341 401 4395 solet
449 4339 608 4393 libido
655 4353 718 4392 ex
762 4336 926 4390 nitnia
968 4334 1172 4388 ventris
1215 4331 1470 4402 ingluvie.
1511 4331 1678 4384 Ptena
1719 4346 1848 4384 vero

263 4431 468 4502 peccati
525 4437 805 4498 peccatum
863 4426 1187 4504 admittitur,
1237 4424 1451 4494 quando
1498 4439 1596 4493 pro
1651 4425 1922 4522 meritoD

260 4524 522 4593 cujusque
554 4522 757 4590 peccati
798 4521 906 4574 Deo
953 4520 1231 4573 deserente
1270 4518 1324 4572 in
1369 4517 1514 4572 aliud
1562 4527 1839 4588 peccatum

261 4615 504 4669 deterius
526 4613 650 4676 itur,
681 4611 747 4665 de
777 4625 882 4680 quo
907 4608 1136 4678 amplius
1172 4609 1266 4679 qui
1291 4609 1568 4663 admiserit
1593 4610 1808 4664 sordide
1833 4638 1838 4643 ~

263 4715 370 4756 tur.
402 4702 540 4768 Ergo
564 4700 870 4770 przeccdcns
908 4708 1188 4770 peccatum
1226 4714 1389 4753 causa
1435 4708 1520 4754 est
1568 4701 1843 4774 sequentis

258 4793 490 4863 peccati,
519 4807 749 4860 sequens
777 4804 904 4844 vero
931 4797 1208 4858 peccatum
1239 4803 1396 4857 poma
1421 4797 1504 4843 est
1537 4790 1841 4858 pra-ceden-

229 4867 336 4940 itis
360 4885 558 4940 delicti.
604 4883 968 4938 Praecedentia
1016 4883 1195 4951 itaque
1237 4894 1455 4952 peccata
1501 4886 1840 4952 sequentium

260 4986 391 5031 sunt
435 4976 720 5031 criminum
765 4991 953 5040 causa,
1003 4984 1061 5030 ut
1109 4975 1196 5028 illa
1242 4991 1361 5045 quae
1397 4985 1698 5046 sequuntur
1734 4977 1844 5031 sint

262 5067 678 5138 piwccdentium
705 5081 881 5135 ptena.
910 5066 1330 5120 Prmeedentium
1357 5075 1700 5134 peccatorum
1727 5083 1841 5136 po:-

261 5175 330 5213 na
363 5159 479 5228 ipsa
519 5166 738 5213 vocatur
785 5157 1074 5221 induratio,
1113 5154 1336 5210 veniens
1367 5154 1432 5209 de
1475 5155 1651 5208 divina
1681 5155 1841 5223 justi-

261 5253 355 5305 tia.
397 5249 528 5306 llinc
573 5259 654 5305 est
695 5251 835 5319 quod
863 5252 938 5304 ait
968 5249 1224 5319 propheta
1260 5267 1272 5301 :
1308 5247 1584 5302 Ind-uraati
1624 5264 1715 5300 cor
1749 5264 1841 5300 uo-

261 5355 449 5406 strum,
491 5359 552 5395 ne
599 5343 892 5394 timeremus
938 5339 1143 5409 tc(lsa.
1189 5338 1362 5409 Lxut).
1405 5337 1561 5392 Aliud
1605 5346 1688 5391 est
1733 5354 1838 5391 non

261 5447 488 5502 peccare
505 5448 686 5486 amore
713 5431 1013 5486 dilectionis
1032 5431 1148 5494 Dei,
1179 5430 1322 5483 aliud
1348 5430 1540 5483 timore
1571 5428 1836 5498 supplicii.

257 5521 363 5588 Qui
393 5521 537 5575 enim
569 5534 750 5574 amore
775 5521 1055 5574 charitatis
1080 5519 1172 5573 Dei
1199 5536 1304 5573 non
1331 5530 1538 5590 peccat,
1573 5519 1840 5573 horrescit

255 5625 422 5666 unane
451 5610 669 5675 malum,
700 5609 1309 5685 amplectendojustitizc
1331 5611 1561 5675 bonum;
1589 5625 1687 5664 nec
1715 5626 1837 5664 cum

261 5702 492 5759 delectat
530 5711 826 5772 peccatum,
877 5703 1087 5758 etiamsi
1125 5703 1343 5760 sceleris
1375 5703 1668 5775 impunitas
1715 5719 1836 5772 pro-

1958 1881 2088 1919 num
2129 1865 2363 1934 jacentis
2416 1870 2804 1938 apprehendat.
2872 1870 3163 1926 Peccatum
3225 1873 3545 1937 admittere,

1959 1954 2154 2012 cadere
2181 1966 2265 2012 est
2291 1958 2344 2011 in
2377 1969 2616 2028 puteum.
2645 1960 3104 2017 Consuetudinem
3132 1979 3260 2018 vero
3283 1965 3544 2033 peccandi

1957 2047 2158 2117 facere,
2191 2064 2255 2105 os
2274 2055 2422 2120 putei
2461 2059 2544 2108 est
2571 2062 2951 2123 coangustare,
2996 2071 3066 2109 ne
3093 2055 3142 2108 is
3166 2055 3257 2124 qui
3287 2054 3545 2109 ceciderit

1955 2137 2132 2193 valeat
2166 2139 2338 2194 exire.
2364 2139 2471 2196 Sed
2501 2142 2772 2198 interdum
2798 2144 2962 2198 etiam
2995 2143 3128 2198 tales
3153 2143 3293 2198 Deus
3327 2143 3541 2209 liberat,

1953 2229 2082 2284 dum
2108 2245 2295 2284 eorum
2328 2231 2761 2301 desperationem
2789 2235 2854 2289 ad
2887 2235 3296 2290 conversionem
3327 2235 3545 2290 liberta-

1927 2320 2024 2400 .tis
2067 2331 2383 2376 commutat.
2422 2323 2540 2391 Ipso
2566 2324 2709 2379 enim
2759 2325 3076 2392 miserante,
3108 2335 3330 2397 peccata
3356 2327 3542 2381 dimit-

1955 2419 2162 2476 tuntur,
2191 2428 2299 2481 quo
2334 2423 2652 2485 protegente
2689 2416 2748 2470 fit
2786 2431 2853 2471 ne
2893 2418 2948 2471 in
2991 2417 3232 2472 deterius
3270 2416 3545 2486 peccando

1952 2512 2129 2558 eatur.
2178 2504 2471 2576 Propterea
2512 2509 2862 2563 metuendum
2907 2519 2990 2564 est
3032 2510 3429 2574 conlidentibus
3467 2509 3543 2564 ita

1949 2611 2111 2665 posse
2138 2597 2360 2662 salvari,
2382 2614 2450 2652 ne
2477 2598 2618 2653 forte
2646 2601 2772 2655 dum
2803 2609 3182 2671 exspectamus
3215 2617 3246 2656 a
3280 2601 3424 2656 vitiis
3455 2618 3539 2654 sa-

1949 2689 2088 2753 nari,
2121 2698 2177 2743 et
2201 2690 2329 2743 vitia
2375 2691 2815 2761 multipliccmus,
2856 2701 2912 2746 et
2955 2693 3188 2748 salutem
3220 2709 3326 2748 non
3371 2693 3542 2762 adipi-

1950 2796 2184 2834 scamur.
2214 2781 2355 2850 Ergo
2391 2781 2704 2837 studeamus
2745 2793 2840 2837 aut
2878 2799 2987 2839 non
3031 2785 3250 2850 cadere,
3291 2794 3386 2838 aut
3432 2785 3541 2840 cito

1949 2871 2197 2926 conversi
2227 2887 2258 2926 a
2285 2871 2439 2942 lapsu
2471 2888 2817 2944 consurgere.
2853 2875 2999 2929 Mora
3046 2877 3306 2946 peccandi
3351 2877 3540 2933 innua-

1948 2962 2172 3016 nitatem
2196 2962 2324 3019 facit
2343 2963 2582 3018 sceleris.
2611 2963 2762 3018 Unde
2783 2974 2837 3018 et
2857 2966 3123 3035 propheta
3149 2984 3159 3019 :
3197 2965 3307 3032 Vw,
3340 2966 3539 3036 inquit,

1945 3055 2034 3123 qui
2059 3054 2268 3108 trahitis
2293 3056 2619 3125 iniquitatem
2663 3059 2718 3111 in
2747 3057 2998 3126 funiculis
3021 3059 3287 3125 vanitatis,
3311 3069 3358 3113 et
3381 3061 3540 3131 quasi

1950 3143 2212 3198 vinculum
2255 3144 2479 3215 plaustri
2516 3158 2788 3216 peccatum
2834 3146 2981 3217 (Isa.
3028 3148 3116 3220 v).
3159 3150 3348 3204 Trahit
3391 3151 3546 3204 enim.

1949 3234 2290 3304 iniquitatem
2350 3244 2410 3289 ut
2451 3234 2769 3304 funiculum,
2817 3239 2910 3308 qui
2957 3241 3136 3295 tardat
3174 3242 3416 3296 converti
3471 3243 3537 3296 ad

1949 3325 2140 3380 Deum.
2178 3325 2418 3380 Trahere
2454 3328 2598 3381 enim
2624 3328 2966 3397 iniquitatem
3007 3338 3090 3385 est
3118 3347 3325 3386 moram
3361 3331 3540 3387 facere

1949 3414 2244 3485 iniquitati.
2294 3415 2448 3470 Unde
2493 3427 2546 3472 et
2568 3417 2853 3472 Psalmista
2903 3438 2914 3472 :
2955 3419 3403 3490 Prolongaveruut
3441 3423 3538 3476 iui-

1947 3504 2173 3573 quitates
2211 3518 2377 3558 suas:
2413 3505 2669 3559 Dominus
2701 3506 2882 3576 justus
2914 3509 3139 3563 concidit
3175 3510 3396 3564 cervices
3421 3527 3540 3580 pec-

1951 3604 2186 3647 catorum
2220 3593 2393 3664 (Paul.
2426 3597 2674 3665 cxxvut).

2491 3687 2720 3744 CAPUT
2779 3688 2996 3745 XXXV.

2236 3776 2300 3832 Ut
2330 3789 2443 3848 post
2470 3780 2672 3834 ruinam
2695 3782 2811 3851 quis
2832 3799 3044 3853 surgere
3068 3796 3244 3855 queat.

2025 3870 2228 3943 (Grcg.,
2262 3869 2411 3925 Pust.
2447 3873 2600 3926 Cum:
2640 3884 2779 3943 part.
2822 3891 2918 3939 ιιι,
2957 3876 3100 3929 adut.
3155 3877 3269 3949 ‘29.)
3307 3880 3539 3935 Peccata

1949 3966 2129 4019 carnis
2173 3965 2414 4034 experti,
2478 3959 2669 4019 Saltem
2737 3976 2860 4035 post
2910 3968 3253 4038 naufragium
3310 3987 3536 4040 peccare

1951 4063 2240 4119 metuant,
2314 4062 2369 4108 et
2415 4054 2733 4123 perditionis
2790 4071 2901 4109 sua:
2956 4057 3270 4112 discrimina
3316 4059 3400 4112 vel
3452 4075 3537 4116 co—

1949 4146 2095 4214 gnita
2150 4147 2588 4215 perhorrescant.
2632 4146 2924 4201 Dicendum
2976 4158 3062 4202 est
3100 4150 3266 4219 lapsis
3296 4161 3354 4205 ut
3396 4168 3535 4221 pra:-

1950 4239 2109 4292 terita
2159 4245 2381 4308 peccata
2416 4237 2779 4304 considerent,
2808 4247 2969 4308 atque
3023 4241 3359 4297 imminentia
3387 4245 3536 4300 devi~

1952 4337 2080 4404 teut,
2114 4337 2380 4397 quatenus
2404 4337 2704 4383 transactas
2734 4329 2918 4399 culpas
2945 4330 3011 4385 ad
3034 4335 3350 4390 memoriam
3385 4352 3531 4392 revo-

1951 4432 2091 4487 cent,
2133 4433 2187 4476 et
2237 4421 2399 4492 pollui
2447 4422 2503 4475 in
2557 4422 2750 4478 futuris
2797 4424 3140 4480 erubescant.
3191 4428 3528 4487 Admonendi

1950 4523 2076 4567 sunt
2101 4521 2319 4583 peccata
2349 4513 2529 4568 carnis
2551 4515 2782 4583 experti,
2811 4525 2866 4569 ut
2892 4517 3129 4587 vigilanti
3158 4535 3286 4573 cura
3318 4526 3531 4591 conspi-

1950 4607 2094 4660 ciant
2137 4614 2259 4676 post
2305 4605 2498 4661 delicta
2547 4607 2702 4662 nobis
2752 4609 2819 4662 ad
2875 4624 2934 4662 se
2991 4611 3339 4667 redeuntibus
3389 4613 3534 4670 Deus-

1949 4699 2218 4768 quomodo
2239 4700 2416 4752 sinum
2444 4713 2555 4753 suae
2598 4699 2816 4768 pietatis
2845 4701 3130 4769 expandat,
3163 4702 3347 4758 dicens
3376 4705 3530 4760 nobis

1948 4805 2043 4860 per
2063 4790 2383 4859 prophetam
2409 4806 2420 4841 :
2453 4788 2619 4841 Erunt
2647 4790 2785 4842 oculi
2814 4789 2890 4842 tui
2913 4790 3134 4844 videntes
3159 4803 3526 4863 prtrceptorcm

1947 4889 2118 4943 tuum,
2149 4888 2194 4931 et
2223 4895 2375 4932 aures
2402 4885 2506 4931 tua:
2535 4877 2746 4932 audient
2779 4879 2985 4932 verbum
3025 4891 3138 4950 post
3167 4891 3363 4952 tergum
3417 4902 3527 4938 mu-

1946 4972 2132 5025 ncntis.
2160 4970 2287 5024 lltcc
2334 4979 2407 5024 cst
2433 4970 2544 5033 via,
2600 4971 2864 5024 ambulate
2914 4989 3005 5041 per
3044 4991 3190 5038 eam,
3245 4986 3352 5032 etc.
3387 4980 3521 5050 (Isu.

1947 5062 2098 5131 xxx).
2131 5059 2482 5130 Omnipotens
2507 5060 2648 5114 Deus
2677 5061 2828 5129 quasi
2868 5071 2989 5130 post
3019 5072 3223 5135 tergum
3257 5083 3355 5123 nos
3400 5072 3524 5126 sub-

1944 5167 2176 5220 sequens
2206 5160 2406 5215 monet,
2435 5151 2559 5220 quia
2585 5151 2746 5204 etiam
2774 5160 2893 5220 post
2921 5153 3130 5223 culpam
3161 5157 3227 5210 ad
3256 5174 3316 5212 se
3345 5159 3522 5214 redire

1943 5242 2254 5314 persuadet.
2288 5243 2551 5294 Aversum
2569 5250 2806 5304 revocat,
2830 5243 3116 5298 commissa
3143 5262 3244 5300 non
3280 5248 3518 5316 respicit,

1945 5334 2235 5389 revertenti
2265 5333 2439 5386 sinum
2463 5332 2679 5402 pietatis
2702 5334 2977 5402 expandit.
3010 5335 3204 5391 Vocem
3241 5354 3365 5408 ergo
3399 5346 3520 5405 post

1942 5417 2159 5495 tergum
2183 5423 2451 5476 monentis
2492 5424 2764 5488 audimus,
2794 5426 2837 5478 si
2859 5436 2976 5496 post
3005 5439 3223 5498 peccata
3251 5431 3436 5483 humili
3461 5439 3517 5483 et

1942 5516 2171 5570 contrito
2213 5514 2374 5568 corde
2405 5515 2746 5569 revertimur.
2781 5515 3041 5573 Debemus
3071 5518 3231 5588 igitur
3259 5518 3511 5586 pietatem

1941 5605 2180 5660 vocantis
2201 5607 2544 5670 erubescere,
2573 5606 2616 5660 si
2634 5604 2898 5675 justitiam
2925 5609 3173 5663 volumus
3200 5608 3510 5678 for-initiare,

1941 5699 2066 5768 quia
2087 5705 2238 5753 tanto
2268 5696 2501 5768 graviori
2525 5696 2867 5768 improbitate
2898 5697 3273 5762 contemnitur,
3305 5709 3508 5768 quanto
