3960 6206
426 329 524 387 63!

1711 308 2064 367 SMABAGDI
2103 309 2396 365 ABBATIS

3593 307 3704 361 63?.

427 453 481 500 et
504 448 848 512 contemptus
875 437 1047 494 adhuc
1076 447 1271 490 vocare
1298 447 1406 486 non
1433 429 1772 500 dedignatur.
1799 423 2005 498 (στερη
2033 438 2087 498 Α
2111 439 2338 495 rumque
2378 439 2446 479 ex
2490 423 2644 480 bonis
2672 423 2925 512 operibus
2962 421 3222 477 discimus
3263 433 3524 512 quantam
3576 422 3706 478 vita:

427 539 570 591 hom.
602 533 690 598 10,
717 532 807 585 lib.
855 544 896 595 ι,
921 543 1076 598 super
1102 522 1391 590 Ezechiel.)
1436 520 1541 575 Per
1569 518 1846 574 Michteam
1876 529 2007 586 pro-

424 628 645 698 phetam
670 621 932 678 Dominus
953 618 1083 674 dicit
1113 634 1127 671 :
1171 615 1239 670 Et
1268 615 1440 670 varies
1474 627 1638 684 usque
1684 609 1752 664 ad
1783 607 2010 679 Babylo-

428 731 569 779 nem,
601 713 672 767 ibi
705 709 1008 765 liberaberis
1040 706 1224 780 (Mich.
1250 704 1346 777 tv).
1372 703 1612 775 Babylon
1640 701 1836 772 quippe
1881 713 2017 754 con-

428 804 568 859 fusio
621 802 1029 871 interpretatur.
1091 795 1244 866 Saepe
1293 794 1438 851 enim
1488 791 1582 863 qui
1619 798 1905 862 postquam
1955 786 2010 842 in

425 894 743 951 confusione
771 891 1028 948 vitiorum
1053 887 1329 952 ceciderit,
1350 886 1678 944 erubescens
1718 880 1860 936 mala
1890 894 2012 949 qua:

431 984 784 1055 perpetravit,
803 981 870 1037 ad
899 977 1276 1052 paenitentiam
1307 975 1469 1039 redit,
1505 986 1671 1042 seque
1699 985 1730 1026 a
1752 969 1866 1026 suis
1891 968 2012 1036 lap-

427 1077 578 1131 sibus
603 1075 742 1130 bene
763 1070 1017 1137 vivendo,
1040 1064 1217 1139 erigit.
1249 1065 1388 1134 Quid
1407 1079 1538 1135 ergo
1563 1063 1688 1128 iste,
1710 1061 1813 1116 nisi
1842 1073 2015 1129 usque

429 1168 498 1224 ad
529 1166 862 1240 Babylonem
895 1163 1060 1230 venit,
1089 1169 1145 1217 et
1191 1161 1264 1216 ibi
1291 1159 1552 1214 liberatus
1589 1155 1709 1211 est?
1755 1152 2005 1209 Nonnun-

429 1275 593 1330 quam
614 1259 900 1328 quisquam
922 1255 1250 1310 erubescens
1278 1250 1420 1306 mala
1447 1263 1567 1320 qum
1600 1247 1729 1302 fecit
1751 1253 1772 1310 ‘,
1823 1251 2013 1300 contra

429 1364 488 1406 se
514 1349 689 1421 erigit,
719 1356 776 1404 et
820 1348 960 1403 bene
1007 1343 1280 1414 operando
1331 1342 1399 1397 ad
1433 1349 1635 1397 statum
1677 1336 2016 1393 rectitudinis

431 1441 591 1498 redit.
620 1441 679 1496 in
708 1439 979 1510 Babylone
1009 1438 1190 1508 itaque
1216 1436 1476 1491 liberatus
1498 1442 1601 1498 est,
1630 1432 1720 1502 qui
1753 1445 1853 1502 per
1880 1429 2014 1486 divi-

432 1548 556 1587 nam
587 1531 815 1603 gratiam
849 1529 1152 1586 ostenditur
1194 1529 1359 1582 etiam
1387 1527 1454 1582 de
1487 1525 1801 1582 confusione
1833 1522 2013 1578 salva—

433 1631 540 1678 tus.
567 1621 834 1692 Propheta
861 1635 991 1692 ergo
1031 1618 1100 1673 ad
1153 1616 1686 1687 transmigrationem
1730 1613 1970 1684 loquitur
1997 1653 2013 1680 ,

432 1727 556 1766 cum
586 1711 708 1766 illos
736 1710 999 1780 increpat,
1028 1708 1120 1778 qui
1148 1722 1178 1761 a
1205 1714 1349 1763 statu
1393 1705 1735 1761 rectitudinis
1767 1693 1835 1761 ad
1866 1718 2016 1760 erro-

2109 513 2432 583 munditiam
2458 512 2511 567 in
2543 511 2871 583 cogitatione
2893 519 3293 566 construamus.
3338 511 3481 566 Pene
3507 520 3708 567 cuncta

2107 603 2248 659 bona
2277 619 2440 674 opera
2484 619 2548 659 ex
2575 602 2899 674 cogitatione
2937 602 3221 672 prodeunt,
3247 602 3341 658 sed
3384 611 3514 657 sunt
3562 618 3703 658 non-

2110 695 2254 750 nulla
2303 694 2644 766 cogitationis
2673 694 2953 758 acumina,
2986 708 3108 763 qua:
3159 707 3227 748 ex
3261 693 3582 762 operatione
3607 709 3707 748 na-

2110 795 2350 841 scuntur.
2380 786 2515 841 Nam
2558 786 2700 841 sicut
2738 785 2805 840 ab
2832 785 3014 840 animo
3035 801 3172 855 opus
3193 785 3443 850 sumitur,
3473 784 3549 840 ita
3587 801 3710 841 rur-

2111 890 2205 931 sus
2232 875 2300 930 ab
2316 891 2478 946 opere
2507 876 2719 930 animus
2759 873 3026 929 eruditur.
3065 873 3234 929 Valde
3263 889 3486 930 necesse
3511 883 3597 930 est
3645 883 3712 931 nt

2111 979 2234 1021 cum
2263 966 2516 1036 cogitatio
2536 974 2692 1021 extra
2721 980 2881 1020 usum
2912 965 3128 1020 ducitur
3150 1006 3165 1031 ,
3216 967 3466 1036 protinus
3505 968 3710 1024 mentis

2111 1056 2298 1112 oculus
2320 1058 2385 1112 ad
2401 1071 2565 1127 opera
2590 1065 2866 1112 transacta
2896 1066 3200 1113 revocetur.
3232 1057 3290 1112 In
3318 1057 3432 1114 sola
3457 1075 3710 1116 nonnun-

2112 1161 2276 1216 quam
2305 1147 2632 1219 cogitatione
2661 1146 3012 1217 delinquitur,
3045 1159 3100 1204 et
3126 1149 3254 1219 quia
3281 1165 3452 1220 usque
3479 1152 3548 1206 ad
3573 1168 3710 1223 opus

2112 1255 2219 1297 non
2243 1241 2488 1312 pervenit
2523 1241 2710 1312 culpa,
2763 1255 2940 1310 neque
2993 1240 3061 1295 ad
3110 1241 3414 1296 cruciatum
3462 1246 3713 1312 pervenit

2112 1330 2448 1400 poenitentia.
2506 1329 2718 1403 (Greg.,
2764 1330 2902 1386 Mor.
2952 1330 3044 1385 lib.
3097 1348 3164 1397 ι,
3216 1349 3263 1386 c.
3295 1333 3397 1398 39;
3440 1333 3532 1388 lib.
3583 1351 3712 1402 xvi,

2113 1439 2160 1477 c.
2194 1421 2292 1488 ‘20;
2321 1422 2413 1478 lib.
2444 1439 2520 1489 tv,
2555 1440 2602 1477 c.
2634 1423 2735 1490 55;
2771 1421 2864 1476 lib.
2906 1438 2968 1488 ιι,
2994 1439 3041 1477 c.
3067 1421 3144 1494 v.)
3170 1421 3277 1478 Sed
3304 1423 3538 1495 cogitata
3573 1423 3710 1480 allii-

2113 1514 2224 1569 ctio
2247 1523 2482 1570 mentem
2513 1514 2677 1570 citius
2698 1513 2878 1586 erigit,
2896 1514 3022 1584 quia
3050 1514 3306 1570 nimirum
3335 1518 3721 1573 tantummodo

2113 1607 2347 1678 cogitata
2377 1607 2634 1677 iniquitas
2661 1607 2870 1679 polluit.
2903 1605 3057 1678 Szepe
3085 1622 3321 1677 namque
3355 1607 3457 1664 hoc
3501 1609 3649 1679 quod
3679 1625 3715 1662 a

2114 1707 2403 1768 conspectu
2428 1697 2627 1769 iudicis
2647 1697 2759 1768 jam
2776 1698 2908 1753 ﬂetu
2933 1697 3329 1754 interveniente
3347 1698 3584 1755 deletum
3607 1709 3717 1760 est.

433 1804 510 1858 ris
533 1802 661 1857 vitia
691 1801 746 1856 in
776 1799 1252 1870 transmigrationc
1281 1797 1609 1853 ceciderunt.
1638 1794 1831 1850 Frater
1857 1795 2021 1850 inter-
2047 1800 2094 1860 Β
2121 1789 2189 1844 ad
2218 1788 2457 1843 animum
2497 1804 2596 1860 per
2619 1789 3002 1861 cogitationem
3032 1789 3190 1856 redit,
3221 1797 3277 1845 ct
3312 1790 3520 1847 devicta
3555 1791 3722 1863 culpa

433 1892 646 1964 rogavit
667 1905 853 1947 senem
872 1890 1084 1946 dicens:
1103 1888 1160 1943 Si
1190 1888 1478 1943 incurrerit
1497 1886 1797 1942 monachus
1823 1884 1877 1939 in
1893 1897 2020 1956 pec-

433 1991 638 2048 catum,
670 1990 726 2037 et
750 1979 1016 2051 alliigatur
1043 1993 1140 2050 pro
1165 1993 1230 2034 eo
1257 1978 1383 2048 quia
1415 1979 1482 2034 de
1511 1976 1756 2049 profectu
1783 1977 1837 2031 in
1867 1975 2019 2032 dete-

434 2074 636 2128 riorem
662 2079 863 2128 statum
893 2070 1222 2142 pervenerit,
1238 2078 1292 2124 et
1313 2067 1522 2124 laboret
1541 2069 1712 2124 donec
1737 2066 2023 2138 resurgat?

435 2168 790 2238 Respondens
817 2175 998 2222 autem
1029 2179 1192 2220 senex
1221 2163 1394 2218 dixit:
1430 2162 1725 2218 Monachus
1749 2161 1805 2216 in
1842 2168 2023 2216 tenta-

435 2260 641 2314 tionem
665 2258 969 2322 incurrens,
998 2255 1078 2312 sic
1101 2264 1186 2311 est
1218 2263 1474 2324 tanquam
1520 2256 1714 2310 domus
1739 2267 1860 2323 quae
1885 2251 2026 2307 ceci-

435 2349 536 2404 dit.
567 2349 635 2404 Et
654 2349 700 2404 si
729 2348 944 2403 sobrius
969 2346 1135 2402 fuerit
1155 2347 1211 2400 in
1233 2345 1560 2415 cogitatione
1587 2358 1707 2410 sua,
1732 2342 2028 2398 reedilicat

435 2455 559 2498 eam
609 2439 892 2495 inveniens
942 2437 1196 2492 materias
1234 2437 1301 2492 ad
1341 2435 1629 2491 aedilicium
1675 2432 1983 2505 profuturas
2009 2473 2026 2500 ,

439 2529 647 2586 habens
673 2529 850 2602 posita
880 2528 1250 2592 fundamenta,
1291 2534 1345 2582 et
1383 2525 1590 2599 lapides
1624 2532 1681 2581 et
1708 2537 1949 2588 arenam,
1975 2529 2030 2578 et

438 2633 634 2680 caetera
661 2640 782 2696 quae
811 2621 1311 2680 sunt‘aadilicationi
1341 2621 1673 2686 necessaria,
1693 2627 1750 2675 et
1777 2619 1854 2674 ita
1883 2618 2030 2675 velo-

439 2717 579 2773 citer
598 2715 716 2787 ejus
753 2715 960 2773 fabrica
986 2713 1222 2786 proiicit.
1251 2714 1331 2769 ita
1373 2721 1458 2770 est
1487 2712 1786 2768 monachus
1810 2752 1825 2777 ,
1869 2711 1916 2766 si
1973 2710 2030 2765 in

439 2807 794 2863 tentationem
823 2805 1102 2872 ceciderit,
1129 2815 1183 2860 et
1203 2819 1499 2861 conversus
1532 2801 1694 2858 fuerit
1733 2802 1802 2858 ad
1848 2800 2032 2856 Domi-

437 2913 590 2963 num,
622 2898 785 2954 habet
827 2898 1118 2968 plurimum
1145 2905 1488 2968 apparatum,
1511 2894 1917 2951 meditationem
1951 2893 2032 2948 di-

440 2991 580 3044 vina:
624 2989 781 3062 legis,
809 2987 1168 3059 psalmodiam
1198 3027 1214 3054 ,
1261 3000 1397 3057 opus
1435 3000 1715 3052 manuum,
1746 2999 1868 3055 qua:
1905 2990 2034 3038 sunt

442 3079 793 3137 fundamenta
820 3065 1037 3135 tediticii
1063 3076 1399 3147 spiritualisu

972 3186 1202 3248 CAPUT
1264 3185 1507 3244 XXXVI.

927 3306 930 3309 -
1027 3279 1108 3338 De
1133 3280 1467 3356 cogitatione.

513 3372 696 3446 (lsid.,
732 3371 771 3426 Ι.
817 3388 856 3435 ιι
901 3370 1161 3437 Sentent.,
1192 3387 1240 3425 c.
1274 3369 1392 3440 25.)
1429 3367 1695 3442 Bipartita
1751 3377 1839 3426 est
1869 3385 2032 3426 causa

445 3463 729 3538 peccandi,
762 3462 815 3518 id
835 3471 939 3529 cst,
963 3476 1128 3532 opere
1161 3469 1216 3517 et
1240 3461 1586 3531 cogitatione,
1612 3475 1841 3532 quorum
1866 3477 2034 3516 unum

442 3556 699 3627 iniquitas
721 3554 938 3622 dicitur,
955 3551 1098 3624 quod
1114 3567 1278 3624 opere
1304 3551 1542 3624 geritur;
1570 3552 1716 3607 aliud
1735 3551 1998 3622 iniustitia
2013 3593 2030 3620 ,

443 3646 590 3718 quod
618 3644 946 3718 cogitatione
981 3644 1306 3706 admittitur.
1361 3643 1518 3700 Prius
1571 3651 1752 3698 autem
1776 3644 1917 3698 actio
1950 3657 2036 3698 rc-

443 3735 679 3792 secauda
729 3744 834 3804 est,
865 3742 1053 3806 postea
1102 3733 1386 3806 cogitatio;
1435 3735 1588 3806 prius
1623 3751 1789 3806 prava
1835 3750 2032 3805 opera,

445 3825 789 3899 postmodum
817 3824 1103 3883 desideria.
1132 3824 1384 3882 Vicissim
1411 3834 1593 3883 autem
1649 3840 1680 3879 a
1707 3825 2036 3898 cogitatione

445 3932 612 3988 opera
659 3917 998 3993 procedunt,
1055 3926 1110 3972 et
1152 3917 1222 3972 ab
1257 3931 1418 3988 opere
1463 3916 1720 3988 cogitatio
1769 3917 2032 3973 nascitur.

445 4009 705 4081 Quamvis
729 4019 785 4066 et
803 4009 847 4065 si
875 4010 942 4064 ab
972 4024 1136 4080 opere
1156 4009 1298 4064 malo
1323 4007 1550 4080 quisque
1575 4017 1729 4064 vacet
1757 4051 1771 4075 ,
1817 4025 1916 4080 pro
1943 4025 2034 4066 so-

448 4103 556 4158 lius
583 4112 764 4157 tamen
790 4117 969 4176 prava:
989 4100 1334 4171 cogitationis
1363 4099 1566 4155 malitia
1596 4115 1701 4156 non
1725 4100 1832 4156 erit
1877 4101 2034 4156 inno-

447 4209 597 4250 cens.
621 4193 776 4254 Unde
801 4202 856 4249 et
877 4192 1135 4249 Dominus
1161 4207 1259 4263 per
1289 4188 1486 4246 Isaiam
1512 4209 1525 4246 :
1557 4191 1792 4262 Auferte,
1820 4191 2034 4263 inquit,

450 4284 649 4342 malum
677 4285 1050 4358 cqgitationum
1085 4292 1374 4338 vestrarum
1410 4283 1476 4337 ab
1509 4283 1675 4338 oculis
1709 4284 1836 4338 meis
1879 4282 2032 4355 (Isai.

451 4392 468 4431 ι
494 4376 536 4448 ).
561 4374 680 4431 Non
705 4377 849 4438 enim
891 4375 1063 4431 solum
1090 4373 1270 4441 factis,
1312 4375 1408 4431 sed
1431 4383 1486 4430 et
1511 4375 1924 4449 cogitationibus
1947 4375 2039 4438 de-

451 4465 768 4536 linquimus,
790 4465 836 4524 si
891 4464 970 4524 eis
999 4463 1184 4518 illicitc
1229 4464 1640 4522 occurrentibus
1687 4463 2034 4526 delectemur.

456 4554 609 4611 Sicut
635 4555 816 4633 vipera
855 4568 886 4607 a
917 4553 1042 4608 liliis
1069 4554 1123 4608 in
1161 4560 1316 4611 utero
1341 4553 1535 4633 positis
1563 4553 1797 4614 lacerata
1817 4553 2037 4633 perimi-

453 4660 566 4710 ται,
591 4643 667 4698 ita
692 4657 790 4697 nos
814 4641 1171 4719 cogitationes
1212 4651 1411 4698 nostra:
1448 4643 1589 4697 intra
1638 4657 1739 4696 nos
1781 4642 2038 4698 euutritaa

453 4738 723 4802 occidunt,
756 4746 809 4793 et
837 4747 1110 4810 conceptm
1139 4737 1365 4793 interius
1396 4739 1612 4810 vipereo
1658 4753 1865 4800 veneno
1910 4754 2038 4804 con-

457 4835 707 4893 sumunt,
740 4827 1083 4906 animamque
1103 4834 1344 4882 nostram
1371 4829 1578 4889 crudeli
1626 4829 1848 4894 vulnere
1890 4830 2040 4905 peri-

457 4925 632 4973 munt.
659 4917 797 4972 Dum
832 4918 1203 4997 unusquisque
1259 4919 1437 4974 divina
1479 4918 1871 4980 illuminatione
1919 4937 2042 4993 per-

455 5008 691 5075 venitur,
720 5009 904 5064 statim
932 5010 1193 5066 molestiis
1245 5011 1478 5082 turpium
1510 5012 1892 5082 cogitationum
1919 5015 2039 5084 pul-

461 5110 632 5158 satur.
665 5102 772 5158 Sed
799 5102 892 5158 Dei
914 5103 1318 5174 servusjudicio
1341 5105 1550 5166 timoris
1574 5107 1666 5162 Dei
1706 5117 2041 5172 tentamenta

461 5211 494 5248 a
527 5193 818 5262 semetipso
863 5193 1057 5262 reiicit,
1080 5195 1342 5267 bonisque
1369 5197 1666 5268 introjectis
1705 5203 2042 5274 cogitationi-

461 5285 565 5340 bus
585 5292 769 5354 turpes
798 5299 828 5337 a
856 5299 914 5338 se
936 5285 1164 5354 repellit.
1199 5287 1389 5357 Magna
1413 5290 1720 5346 observatio
1744 5293 1889 5347 circa
1917 5309 2040 5349 cor-

465 5378 546 5434 dis
579 5384 664 5431 est
702 5373 1000 5430 custodiam
1037 5375 1335 5431 adhibenda
1363 5417 1377 5441 ,
1430 5379 1555 5453 quia
1609 5390 1701 5433 aut
1746 5381 1900 5436 bona:
1951 5391 2046 5436 aut

465 5469 621 5524 mala:
660 5468 736 5523 rei
769 5468 841 5522 ibi
869 5468 1117 5523 consistit
1138 5468 1310 5536 origo.
1335 5459 1486 5524 Nam
1519 5511 1532 5534 ,
1584 5473 1725 5527 sicut
1786 5475 2047 5544 scriptum

466 5569 569 5625 est,
599 5577 663 5614 ea:
695 5560 850 5613 corde
891 5569 1080 5613 exeunt
1115 5561 1450 5629 cogitationes
1478 5561 1631 5616 mala:
1680 5562 1892 5634 (Matth.
1923 5565 2011 5633 xv)
2033 5607 2046 5631 ,

467 5652 610 5704 unde
648 5649 692 5703 si
715 5651 869 5718 prius
922 5664 1102 5719 pravae
1155 5648 1466 5719 cogitationi
1497 5651 1818 5718 resistimus,
1856 5653 1909 5707 in
1936 5654 2050 5730 lap-

473 5753 591 5793 sum
621 5741 799 5809 operis
838 5757 943 5797 non
975 5741 1320 5798 incurrimus.
1357 5741 1500 5815 (Ilua
1552 5761 1712 5816 usque
1737 5744 1896 5820 Isid.)
1927 5746 2048 5805 Ple-

2121 1883 2189 1937 ad
2209 1880 2625 1937 delectationem
2654 1896 2846 1937 rursus
2878 1882 3156 1952 inserpere
3193 1882 3418 1950 nititur,
3463 1891 3630 1954 atque
3660 1882 3719 1938 in

2121 1972 2348 2042 antiquo
2367 1972 2667 2031 certamine
2696 1973 2903 2027 diutina
2931 1971 3236 2043 pulsatione
3264 1984 3552 2043 reparatur
3573 2016 3590 2040 ,
3643 1975 3724 2029 ita

2103 2071 2183 2118 .ut
2209 2064 2351 2134 quod
2377 2064 2527 2134 prius
2549 2073 2669 2120 erat
2696 2065 2749 2120 in
2797 2079 3045 2134 corpore,
3076 2065 3181 2120 hoc
3230 2066 3536 2139 importuna
3568 2067 3724 2138 cogi-

2123 2153 2331 2209 tatione
2354 2155 2697 2225 postmodum
2726 2163 2975 2210 versetur
2995 2155 3048 2209 in
3074 2164 3272 2210 mente.
3302 2155 3438 2211 Cum
3470 2157 3607 2211 nihil
3641 2157 3725 2214 fo-

2124 2241 2202 2298 ris
2235 2257 2397 2313 opere
2433 2245 2630 2316 agitur,
2657 2245 2752 2301 sed
2774 2231 2888 2301 sola
2912 2244 3055 2300 intus
3080 2246 3406 2317 cogitatione
3437 2255 3726 2317 peccatur,

2125 2335 2371 2392 districto
2396 2353 2455 2392 se
2480 2346 2632 2393 reatu
2665 2353 2818 2394 mens
2847 2337 3065 2410 obligat,
3096 2339 3202 2394 nisi
3230 2340 3335 2394 hoc
3365 2339 3618 2395 sollicitis
3644 2341 3728 2395 la-

2126 2428 2326 2485 mentis
2353 2437 2548 2502 tergat.
2580 2429 2905 2502 Plerumque
2942 2446 3130 2487 aurem
3171 2431 3352 2486 cordis
3380 2436 3726 2488 terrenarum

2130 2520 2520 2592 cogitationum
2560 2521 2717 2576 turba
2756 2520 2884 2576 dum
2934 2521 3245 2592 perstrepit,
3271 2520 3505 2588 claudit;
3556 2530 3731 2594 atque

2128 2608 2271 2664 intra
2299 2610 2653 2665 secretarium
2681 2611 2879 2668 mentis
2925 2620 3128 2681 quanto
3155 2612 3336 2667 minus
3362 2627 3616 2668 curarum
3639 2621 3730 2667 tu-

2107 2701 2514 2778 multuantium
2549 2717 2714 2757 sonus
2743 2703 3125 2773 compescitur,
3159 2710 3309 2759 tanto
3336 2703 3569 2775 amplius
3614 2719 3724 2760 vox

2129 2791 2469 2861 praesidentis
2489 2791 2688 2863 iudicis
2706 2808 2812 2848 non
2835 2794 3071 2849 auditur.
3095 2792 3494 2864 Nonnunquam
3521 2796 3576 2850 in
3607 2796 3728 2866 ipso

2129 2882 2395 2938 orationis
2416 2891 2616 2938 nostra:
2652 2883 2922 2940 sacriﬁcio
2953 2885 3276 2955 importunae
3298 2900 3355 2942 se
3371 2887 3730 2958 cogitationes

2131 2973 2405 3044 ingerunt,
2435 2989 2554 3044 quae
2582 2974 2683 3032 hoc
2709 2988 2900 3045 rapere
2919 2975 3004 3031 vel
3033 2976 3310 3031 maculare
3336 2976 3549 3032 valeant
3574 2978 3724 3047 quod

2131 3065 2188 3120 in
2212 3065 2369 3121 nobis
2390 3065 2500 3121 Deo
2551 3065 2741 3122 ﬂentes
2789 3067 3150 3122 immolamus.
3183 3067 3384 3125 Omnes
3419 3069 3508 3140 qui
3539 3069 3623 3122 vel
3663 3069 3732 3124 il-

1946 3168 1948 3170 '
2059 3160 2105 3222 C
2135 3157 2284 3213 licita
2312 3166 2585 3229 appetunt,
2611 3160 2696 3215 vel
2724 3161 2779 3215 in
2810 3162 2913 3216 hoc
2937 3163 3138 3218 mundo
3171 3163 3344 3219 videri
3386 3164 3592 3235 aliquid
3630 3179 3732 3219 vo-

2135 3245 2271 3313 lunt,
2294 3248 2479 3303 densis
2527 3248 2914 3319 cogitationum
2939 3252 3262 3310 tumultibus
3289 3253 3344 3308 in
3373 3256 3537 3311 corde
3578 3255 3735 3311 com-

2134 3336 2463 3406 primuntur.
2490 3337 2636 3393 Mare
2666 3339 2934 3411 significat
2958 3351 3192 3398 mentem
3215 3344 3471 3412 hominis,
3497 3354 3551 3400 et
3570 3349 3734 3416 quasi

2134 3428 2330 3486 ﬂuctus
2349 3430 2518 3486 maris
2540 3439 2665 3486 sunt
2682 3433 3034 3504 cogitationes
3064 3437 3286 3501 mentis,
3303 3453 3424 3507 quas
3440 3437 3736 3508 aliquando

2133 3535 2234 3592 per
2258 3521 2394 3576 iram
2437 3530 2790 3592 tumescunt,
2848 3537 2946 3595 per
2991 3527 3086 3581 Dei
3133 3528 3363 3598 gratiam
3423 3528 3734 3598 tranquillae

2135 3610 2291 3677 ﬁunt,
2322 3625 2422 3682 per
2469 3612 2653 3668 odium
2690 3628 2811 3668 cum
2869 3615 3228 3670 amaritudine
3255 3614 3513 3671 deﬂuunt.
3577 3615 3736 3672 Mens

2133 3707 2331 3777 quippe
2363 3708 2602 3762 humana
2645 3718 2779 3779 quot
2829 3710 3155 3767 tentationes
3201 3712 3424 3782 patitur,
3452 3713 3609 3782 quasi
3654 3721 3739 3768 tot

2135 3797 2349 3854 ﬂatibus
2383 3805 2649 3854 movetur.
2706 3799 3031 3871 Plerumque
3085 3810 3321 3857 mentem
3366 3803 3605 3863 hominis
3647 3812 3737 3857 tu-

2134 3891 2336 3946 multus
2365 3891 2752 3961 cogitationum
2778 3891 3049 3964 deprimit,
3079 3894 3159 3948 ira
3197 3895 3502 3965 perturbat,
3525 3905 3581 3950 et
3605 3911 3734 3951 cum

2135 3981 2340 4037 recedit
2369 3981 2479 4047 ira,
2512 3981 2753 4038 succedit
2798 3983 2978 4053 inepta
3021 3983 3226 4039 ltctitia.
3275 3984 3470 4040 Frater
3511 3985 3737 4055 quidam

2137 4071 2494 4143 interrogavit
2513 4073 2774 4143 quosdam
2810 4073 3033 4129 Palmm
3061 4084 3245 4131 utrum
3283 4076 3541 4147 polluitur
3568 4077 3740 4134 homo

2136 4163 2350 4233 quando
2371 4177 2461 4218 res
2488 4163 2735 4219 sordidas
2763 4165 3000 4237 cogitat?
3019 4166 3086 4221 Et
3115 4166 3205 4221 alii
3233 4167 3484 4222 dicebant
3510 4185 3524 4220 :
3549 4167 3738 4222 Etiam

2134 4254 2394 4326 polluitur
2409 4271 2423 4321 ;
2441 4269 2547 4310 non
2563 4269 2850 4324 possumus
2867 4256 3065 4312 salvari
3086 4271 3206 4324 nos,
3221 4257 3315 4328 qui
3330 4257 3510 4314 idiota:
3524 4273 3736 4313 sumus.

2138 4348 2246 4404 Sed
2275 4348 2378 4405 hoc
2403 4349 2642 4418 pertinet
2693 4350 2761 4404 ad
2811 4351 3057 4414 salutem,
3090 4351 3137 4407 si
3161 4367 3222 4406 ea
3279 4367 3401 4422 quae
3429 4351 3739 4423 cogitamus

2137 4440 2491 4510 corporaliter
2512 4456 2619 4496 non
2637 4440 2945 4497 fecerimus.
2964 4442 3106 4497 Dixit
3141 4443 3359 4514 quidam
3376 4459 3542 4500 senex
3571 4461 3586 4498 :
3618 4443 3738 4499 Non

2140 4534 2264 4602 quia
2293 4534 2497 4588 intrant
2524 4535 2878 4606 cogitationes
2909 4535 3063 4590 malae
3088 4535 3141 4589 in
3165 4551 3285 4600 nos,
3315 4535 3744 4594 condemnamur

2137 4637 2207 4678 ex
2226 4638 2291 4679 eo
2314 4642 2327 4678 :
2353 4625 2444 4680 sed
2469 4624 2514 4678 si
2532 4623 2668 4678 male
2687 4624 2890 4678 utimur
2913 4624 3327 4695 cogitationibus
3338 4632 3394 4678 et
3421 4624 3531 4680 illis
3551 4639 3740 4679 assen-

2139 4724 2258 4768 sum
2287 4715 2607 4784 praabemus.
2633 4713 2720 4767 Fit
2756 4713 2899 4768 enim
2926 4722 2985 4768 ut
3009 4720 3063 4768 et
3082 4727 3179 4783 per
3226 4713 3582 4784 c0gitationes
3602 4729 3740 4768 nau-

2142 4801 2368 4875 fragium
2393 4804 2684 4875 patiamur,
2714 4811 2769 4859 et
2793 4818 2893 4874 pro
2923 4802 3343 4874 cogitationibus
3388 4817 3737 4859 coronemur.

2661 4928 2890 4991 CAPUT
2932 4933 3194 4990 XXXVII.

2769 5024 2848 5080 De
2877 5040 3134 5080 sermone.

2219 5119 2400 5188 (Isid.,
2424 5119 2515 5174 lib.
2547 5137 2584 5174 ιι
2611 5119 2781 5185 Seut.,
2810 5136 2928 5190 cap.
2974 5119 3092 5190 29.)
3131 5119 3266 5176 Cum
3294 5119 3543 5190 quasdam
3570 5133 3742 5189 parva

2145 5210 2399 5265 vitiorum
2414 5211 2576 5266 verba
2609 5225 2716 5273 non
2739 5211 3028 5275 evitamus,
3061 5226 3258 5281 magno
3281 5210 3481 5281 lingua:
3503 5209 3744 5280 prolabi-

2146 5315 2270 5355 mur
2291 5301 2538 5365 crimine,
2553 5309 2608 5355 et
2629 5301 2754 5355 dum
2787 5299 2927 5362 facta
2950 5302 3197 5370 quadam
3219 5315 3326 5356 non
3349 5300 3536 5370 gravia
3567 5299 3748 5355 libere

2146 5405 2210 5444 ac
2233 5390 2349 5444 sine
2378 5398 2526 5443 metu
2552 5390 2944 5444 committimus
2973 5429 2987 5453 ,
3028 5388 3094 5444 ad
3137 5387 3324 5459 pejora
3371 5387 3580 5443 scelera
3616 5387 3744 5442 bor-

2146 5480 2310 5535 renda
2328 5481 2586 5549 peccandi
2613 5480 3003 5534 consuetudine
3031 5479 3284 5538 labimur.
3307 5477 3442 5531 Vani
3458 5492 3746 5533 sermones

2147 5571 2202 5624 in
2233 5585 2326 5626 ore
2353 5569 2647 5625 Christiani
2677 5585 2798 5624 esse
2842 5585 2949 5624 non
2973 5570 3189 5624 debent.
3221 5568 3363 5622 Nam
3389 5569 3525 5622 sicut
3573 5567 3744 5622 malos

2142 5666 2315 5713 'mores
2353 5659 2487 5714 bona
2546 5659 2805 5731 colloquia
2838 5661 3129 5728 corrigunt,
3160 5659 3235 5719 ita
3288 5674 3454 5728 prava
3475 5657 3747 5729 colloquia

2148 5748 2309 5804 bonos
2356 5766 2524 5804 mores
2554 5760 2892 5822 corrumpunt
2945 5747 2996 5822 (I
3027 5747 3150 5804 Cor.
3197 5747 3311 5822 xv).
3361 5746 3615 5804 Custodia
3660 5752 3747 5807 ori
