3960 6206
305 315 418 372 653

1511 311 1822 367 DIADEMA
1860 304 2371 371 MONACIIORUM.

3478 326 3582 382 655

304 428 525 500 ponitur
557 421 731 496 (Psal.
769 420 920 492 cxe),
957 421 1084 476 dum
1121 421 1350 493 quisque
1399 438 1506 479 non
1563 440 1622 480 se
1662 423 1896 493 justum,
1925 429 1975 487 Α
2001 428 2155 497 petit,
2190 428 2336 498 quod
2366 428 2617 484 videlicet
2655 431 2897 500 aperitur
2925 440 2977 487 et
3011 429 3304 488 clauditur.
3347 434 3502 492 Unde
3531 451 3587 494 et

309 521 408 578 sed
433 517 597 590 (quod
626 515 798 587 magis
819 528 1004 570 verum
1029 513 1134 585 est)
1157 524 1500 584 peccatorem
1527 514 1745 571 fatetur.
1777 515 1898 570 Mo-

311 628 440 666 num
480 625 638 680 super
670 625 728 662 os
780 607 926 678 ponit
953 606 1096 677 (Job.
1129 608 1343 678 xxxix),
1375 607 1468 678 qui
1519 606 1673 662 bonis
1715 607 1898 677 operi-

309 705 415 758 bus
442 701 638 771 lingua:
661 713 948 754 excessum
969 698 1164 768 Operit.
1199 697 1420 752 Manum
1456 714 1613 768 super
1639 715 1696 752 os
1729 699 1896 770 ponit,

309 795 410 866 qui
435 792 593 848 malae
622 791 913 847 locutionis
939 790 1126 860 culpas
1160 791 1314 846 bona:
1353 791 1585 846 actionis
1636 789 1900 845 velamine

311 886 469 958 tegit.
499 881 865 951 Quadrimoda
891 891 969 938 est
1001 880 1216 937 dicendi
1243 881 1414 948 ratio,
1468 897 1575 951 qua
1602 882 1902 951 praaviden-

311 977 447 1031 dum
458 984 560 1040 est,
578 974 730 1045 quid,
752 973 986 1044 quando,
1010 973 1098 1030 cui
1122 973 1208 1030 vel
1229 974 1520 1044 quomodo,
1549 973 1751 1044 aliquid
1776 989 1901 1044 pro-

312 1059 547 1123 feratur.
570 1065 778 1122 Bonum
800 1065 998 1136 quippe
1031 1064 1169 1122 bene
1206 1065 1444 1135 loquitur
1473 1105 1489 1131 ,
1531 1065 1623 1134 qui
1675 1079 1740 1120 ea
1782 1080 1902 1135 qua:

316 1166 470 1213 recta
493 1163 621 1212 sunt
641 1155 920 1212 humiliter
952 1155 1259 1217 annuntiat.
1289 1154 1464 1211 Corde
1482 1156 1621 1211 bene
1642 1153 1900 1226 loquitur,

315 1253 414 1324 qui
441 1249 762 1307 charitatem
784 1264 891 1304 non
921 1249 1160 1304 simulat.
1190 1247 1296 1305 Ore
1319 1247 1456 1305 bene
1483 1248 1725 1320 loquitur
1747 1289 1764 1315 ,
1809 1249 1904 1319 qui

317 1343 608 1400 veritatem
628 1340 933 1396 annuntiat.
964 1340 1145 1396 Factis
1172 1340 1310 1396 bene
1334 1339 1601 1410 loquitur,
1650 1340 1744 1411 qui
1769 1340 1905 1397 alios

318 1436 481 1492 bonis
522 1431 782 1502 exemplis
809 1431 1060 1487 aedificat.
1104 1431 1226 1487 Mali
1273 1432 1412 1487 mala
1442 1434 1767 1502 respondent
1808 1448 1907 1503 pro

320 1524 500 1590 bonis,
523 1532 579 1578 et
602 1523 829 1578 adversa
874 1536 971 1591 pro
1007 1520 1302 1591 prosperis.
1343 1521 1475 1576 Boni
1519 1522 1660 1576 bona
1689 1537 1908 1593 respon-

320 1617 454 1672 dent
473 1629 572 1684 pro
599 1613 779 1677 malis,
803 1620 858 1667 et
896 1625 1156 1682 prospera
1202 1625 1302 1680 pro
1339 1609 1600 1667 adversis.
1633 1611 1908 1667 Adversus

321 1706 630 1763 convicium
661 1705 855 1776 lingua:
887 1704 1142 1761 fortitudo
1172 1705 1474 1760 adhibenda
1494 1714 1579 1761 est
1603 1705 1902 1775 patientiae,

1999 519 2152 573 nobis
2173 527 2331 573 caute
2355 517 2640 574 dicendum
2684 530 2798 584 est,
2855 532 3123 592 quatenus
3169 541 3231 581 os
3259 526 3494 582 discrcte
3530 540 3586 585 ct

1998 623 2237 678 congruo
2259 616 2503 677 tempore
2531 624 2634 664 vox
2658 611 2889 680 aperiat,
2913 621 2968 667 ct
2996 630 3208 669 rursum
3230 632 3470 686 congruo
3506 626 3587 672 ta-

1998 702 2284 757 citurnitas
2320 702 2561 758 claudat.
2590 704 2927 762 Admonendi
2957 717 3082 762 sunt
3111 711 3256 764 enim
3290 712 3484 784 singuli
3529 723 3588 768 ut

1999 791 2044 847 si
2071 793 2347 862 proximos
2377 793 2520 849 sicut
2548 810 2608 850 se
2645 795 2876 867 diligunt
2909 839 2925 864 ,
2977 799 3201 856 minime
3229 801 3334 857 illis
3374 813 3590 859 taceant

2000 885 2142 940 unde
2195 898 2289 939 eos
2342 883 2490 954 juste
2545 887 2963 956 reprehendunt.
3025 891 3185 948 Vocis
3231 893 3591 952 medicamine

2000 984 2356 1048 utrorumque
2377 977 2537 1032 saluti
2563 980 2927 1046 concurritur,
2959 981 3087 1036 dum
3135 985 3203 1039 ab
3249 985 3339 1038 illo
3371 985 3462 1053 qui
3511 986 3592 1040 iu-

2001 1066 2109 1122 fert
2133 1069 2275 1123 actio
2301 1084 2467 1140 prava
2509 1070 2890 1140 compescitur,
2919 1079 2974 1127 et
3000 1073 3069 1128 ab
3098 1074 3200 1128 hoc
3229 1075 3320 1143 qui
3363 1076 3594 1131 sustinet

2003 1157 2203 1213 doloris
2227 1156 2407 1214 fervor
2429 1159 2653 1216 vulnere
2683 1169 2873 1230 aperto
2906 1169 3264 1231 temperatur.
3311 1164 3402 1234 (ι).
3431 1164 3589 1236 Grcg.

2005 1246 2219 1302 Pastor.
2236 1246 2393 1303 Curae
2403 1266 2456 1320 p.
2476 1265 2558 1316 ιιι,
2581 1249 2794 1306 admon.
2811 1251 2925 1324 15.)
2941 1251 3043 1319 Qui
3065 1254 3433 1324 proximorum
3451 1255 3590 1310 mala

2003 1339 2320 1411 respiciunt,
2346 1348 2403 1395 et
2431 1349 2611 1398 tamen
2641 1343 2694 1397 in
2743 1343 2961 1399 silentio
3013 1345 3250 1417 linguam
3309 1359 3594 1416 premunt,

2005 1433 2163 1505 quasi
2190 1436 2493 1504 conspectis
2531 1436 2845 1502 vulneribus
2888 1453 3048 1491 usum
3096 1439 3442 1493 medicamiui
3470 1440 3595 1494 sub-

2008 1525 2252 1592 trahunt,
2282 1534 2425 1581 eteo
2449 1527 2642 1581 mortis
2666 1534 2916 1582 auctores
2946 1527 3103 1593 ﬁunt,
3130 1544 3238 1598 quo
3271 1529 3418 1583 virus
3453 1531 3598 1597 quod

2007 1625 2259 1689 poterant
2280 1631 2474 1672 curare
2529 1617 2836 1673 noluerunt.
2894 1617 3085 1673 Frater
3119 1619 3340 1688 quidam
3365 1619 3601 1673 interro-

2009 1709 2156 1780 gavit
2179 1708 2460 1779 parvulum
2491 1710 2820 1764 monachum
2850 1709 3038 1765 dicens
3062 1727 3076 1764 :
3105 1710 3314 1764 Bonum
3328 1711 3594 1780 cstloqui.

321 1807 388 1851 ut
413 1796 638 1852 tentatio
664 1797 814 1850 verbi
843 1811 962 1865 qua:
987 1795 1120 1852 foris
1142 1796 1437 1866 impugnat,
1471 1796 1770 1852 tolerantiae
1790 1797 1904 1852 vir-
1935 1813 1984 1874 Β
2010 1817 2082 1857 an
2105 1801 2322 1856 tacere?
2348 1800 2488 1855 Dicit
2529 1801 2580 1856 ei
2630 1815 2764 1870 puer
2791 1799 2880 1855 ille
2905 1821 2917 1854 :
2945 1800 3004 1857 Si
3031 1809 3157 1856 sunt
3181 1803 3344 1856 verba
3374 1802 3549 1856 otiosa
3580 1843 3595 1865 ,

324 1897 442 1944 tute
478 1887 688 1944 devicta
718 1888 977 1944 discedat.
1008 1887 1230 1944 Dicebat
1249 1888 1471 1958 quidam
1517 1889 1740 1944 Patrum
1778 1889 1908 1959 quia

321 1979 456 2034 dum
493 1979 748 2035 sederent
781 1978 1071 2048 aliquando
1117 1979 1396 2044 seniores,
1447 1988 1505 2034 et
1557 1980 1910 2049 loquerentur

323 2084 632 2124 sermonem
673 2069 742 2124 de
766 2069 1234 2135 aediﬁcationibus,
1257 2079 1377 2125 erat
1437 2071 1579 2126 inter
1630 2085 1727 2127 eos
1771 2086 1910 2128 unus

323 2159 602 2230 providus,
629 2167 686 2214 et
715 2160 844 2215 vidit
869 2160 1089 2229 angelos
1114 2176 1309 2216 manus
1344 2163 1615 2232 agitantes
1644 2171 1700 2218 et
1725 2162 1911 2218 lavan-

322 2260 412 2306 tes
447 2266 559 2308 eos.
593 2252 666 2309 Ut
705 2260 883 2308 autem
911 2253 1113 2309 locutio
1137 2253 1377 2309 venisset
1404 2253 1701 2320 mularis,
1738 2255 1911 2310 disce-

324 2345 528 2401 debant
552 2342 747 2416 angeli,
775 2352 831 2399 et
857 2343 1239 2400 volutabantur
1260 2345 1411 2415 porci
1433 2345 1488 2399 in
1511 2345 1691 2400 medio
1719 2360 1910 2400 eorum

322 2434 475 2507 pleni
501 2434 780 2500 fetoribus,
805 2443 861 2492 et
903 2435 1213 2507 polluerunt
1239 2450 1353 2492 eos.
1393 2433 1529 2491 Cum
1575 2445 1756 2492 autem
1796 2452 1915 2492 rur-

326 2542 430 2583 sus
468 2525 814 2598 loquerentur
868 2527 935 2582 de
971 2526 1352 2593 aediﬁcatione,
1387 2527 1665 2584 venientes
1714 2527 1912 2582 iterum

326 2617 506 2688 angeli
531 2616 780 2672 lavabant
824 2632 938 2673 eos.
964 2616 1241 2674 Venerunt
1265 2631 1397 2688 ergo
1422 2617 1713 2687 aliquando
1753 2631 1914 2673 senes

323 2705 399 2759 ad
423 2704 669 2760 abbatem
712 2705 1027 2773 Antonium,
1057 2714 1114 2761 et
1150 2715 1269 2761 erat
1294 2721 1420 2762 cum
1445 2705 1524 2762 eis
1549 2707 1714 2761 etiam
1744 2706 1913 2763 abbas

325 2799 548 2873 Ioseph.
580 2801 777 2859 Valens
803 2811 985 2859 autem
1012 2801 1180 2858 abbas
1215 2801 1484 2858 Antonius
1508 2803 1742 2872 probare
1781 2816 1877 2857 eos
1894 2841 1911 2869 ,

328 2895 500 2950 movit
519 2910 824 2951 sermonem
851 2895 919 2951 de
968 2894 1269 2966 Scripturis
1298 2895 1524 2960 sanctis,
1548 2903 1605 2950 et
1638 2893 1805 2966 empit
1829 2894 1914 2949 in-

2009 1893 2220 1949 dimitte
2243 1907 2306 1947 ea
2333 1910 2346 1946 :
2379 1891 2424 1948 si
2455 1899 2638 1947 autem
2685 1893 2828 1948 bona
2855 1901 2981 1947 sunt
3007 1894 3199 1958 verba,
3224 1909 3330 1948 non
3356 1894 3447 1948 diu
3480 1908 3600 1964 per-

2009 1979 2218 2046 trahas,
2266 1982 2361 2037 sed
2393 1981 2505 2038 cito
2549 1982 2725 2037 incide
2775 1983 2918 2052 quod
2966 1982 3238 2054 loqueris,
3289 1991 3344 2038 et
3381 1985 3601 2054 quiesce

2009 2081 2085 2128 tu.
2113 2071 2259 2126 Dixit
2287 2086 2452 2128 senex
2475 2072 2694 2144 quidam
2719 2088 2736 2128 :
2765 2073 3146 2129 Tacituruitati
3173 2089 3396 2145 operam
3432 2076 3518 2138 da,
3547 2087 3602 2132 et

2008 2161 2142 2216 nihil
2166 2162 2388 2232 cogites,
2427 2171 2482 2218 et
2509 2162 2728 2217 intende
2767 2163 3080 2232 cogitationi
3123 2173 3262 2226 tum.
3305 2164 3418 2218 sive
3447 2165 3600 2235 quie-

2008 2269 2169 2309 sceus
2194 2254 2248 2308 in
2273 2254 2434 2319 lecto,
2465 2255 2579 2310 sive
2606 2269 2832 2324 surgens
2861 2269 2984 2310 cum
3015 2254 3208 2309 timore
3249 2253 3368 2318 Dei,
3397 2265 3452 2308 et
3486 2255 3602 2309 haec

1965 2359 1971 2366 ‘
2009 2344 2236 2410 faciens,
2265 2345 2625 2413 malignorum
2654 2344 2890 2414 impetus
2937 2359 3045 2399 non
3074 2342 3311 2398 timebis.
3342 2343 3486 2398 Dixit
3507 2343 3602 2399 ab-

2009 2435 2108 2490 bas
2142 2441 2368 2505 pastor:
2396 2433 2534 2502 Quia
2559 2435 2918 2505 interrogavit
2952 2435 3118 2489 abbas
3143 2433 3354 2505 Moyses
3375 2433 3602 2489 fratrem

2009 2526 2330 2581 Zachariam
2385 2534 2627 2597 tempore
2675 2541 2782 2596 quo
2817 2527 3170 2590 moriebatur,
3203 2525 3389 2580 dicens
3419 2540 3435 2582 :
3461 2524 3603 2592 Quid

2012 2618 2197 2673 vides?
2221 2615 2289 2671 Et
2312 2617 2402 2672 ille
2427 2617 2540 2672 dixi
2569 2617 2620 2672 ei
2639 2635 2663 2678 ,ε
2702 2616 2846 2672 Nihil
2867 2616 3057 2672 melius
3085 2631 3248 2686 quam
3279 2624 3480 2681 tacere,
3499 2614 3604 2669 Pa-

2011 2717 2115 2765 ter.
2143 2708 2290 2763 Dixit
2307 2707 2358 2763 ei
2385 2725 2398 2762 :
2435 2709 2634 2764 Verum
2661 2717 2766 2774 est,
2797 2707 2893 2774 fili,
2924 2717 3063 2763 tace.
3093 2707 3235 2763 Dixit
3264 2707 3484 2777 quidam
3505 2708 3602 2763 ab-

2009 2803 2122 2860 bati
2149 2801 2399 2858 Ammoni
2422 2819 2435 2857 :
2460 2801 2520 2858 Si
2541 2802 2611 2858 sit
2632 2801 2934 2858 necessitas
2956 2815 3080 2856 cum
3107 2801 3286 2855 vicino
3313 2799 3602 2870 loquendi,

2010 2891 2224 2948 videtur
2253 2891 2350 2948 tibi
2378 2899 2437 2945 ut
2458 2890 2527 2946 de
2556 2888 2855 2960 Scripturis
2905 2904 3031 2945 eum
3054 2905 3120 2946 eo
3151 2889 3343 2960 loquar
3366 2927 3383 2955 ,
3429 2904 3498 2942 an
3536 2889 3605 2944 de

328 2995 608 3056 terrogare
636 3002 666 3040 a
692 2983 998 3053 junioribus
1017 2986 1148 3056 quid
1187 2993 1334 3041 esset
1370 2985 1475 3041 hoc
1515 2992 1610 3040 aut
1635 2983 1765 3040 illud
1791 2999 1914 3039 ver—
2010 2980 2190 3038 verbis
2215 2989 2271 3037 et
2295 2979 2576 3036 sententiis
2604 2979 2915 3035 seniorum?
2944 2979 3192 3049 Dixitque
3222 2978 3272 3032 ei
3301 2991 3465 3034 senex
3500 2995 3516 3032 :
3543 2974 3604 3034 Si

323 3077 494 3132 bum?
520 3075 584 3129 Et
610 3075 802 3147 singuli
825 3090 1015 3132 eorum
1043 3075 1317 3141 dicebant,
1339 3073 1499 3147 prout
1519 3081 1790 3144 poterant.
1819 3073 1914 3128 Ille
2010 3088 2116 3126 non
2150 3078 2305 3142 potes
2333 3079 2513 3126 tacere
2534 3111 2551 3136 ,
2598 3070 2800 3127 bonum
2829 3079 2916 3125 est
2962 3069 3136 3140 magis
3189 3077 3250 3124 ut
3305 3068 3374 3124 de
3425 3067 3607 3123 verbis

327 3177 513 3223 autem
536 3168 783 3224 dicebat:
814 3167 1054 3224 Necdum
1084 3169 1384 3224 invenistis.
1415 3168 1548 3223 Post
1565 3181 1754 3223 omnes
1779 3181 1912 3222 vero
1938 3157 1984 3220 C
2015 3163 2290 3219 seniorum
2314 3161 2574 3232 loquaris,
2605 3176 2767 3231 quam
2814 3161 2882 3215 de
2935 3159 3240 3231 Scriptura.
3297 3158 3604 3214 Periculum

328 3259 469 3314 dixit
493 3259 672 3315 abbati
697 3258 930 3330 Ioseph:
963 3260 1042 3315 Tu
1081 3261 1350 3330 quomodo
1368 3261 1503 3317 dicis
1529 3262 1751 3316 verbum
1775 3260 1912 3316 hoc?
2009 3253 2157 3308 enim
2183 3261 2270 3309 est
2301 3267 2409 3308 non
2449 3267 2699 3324 parvum-
2729 3252 2877 3307 Dixit
2925 3267 3091 3307 senex
3119 3267 3135 3306 ε
3167 3252 3302 3319 Quia
3351 3253 3515 3308 homo
3560 3252 3607 3306 si

330 3352 401 3407 Et
453 3351 540 3408 ille
595 3353 872 3424 respondit
907 3371 920 3407 :
960 3353 1172 3409 Nescio.
1226 3354 1295 3408 Et
1357 3353 1493 3408 dixit
1541 3353 1712 3409 abbas
1744 3351 1912 3408 Amo.
2009 3345 2234 3401 verbum
2260 3345 2478 3414 quidem
2507 3344 2723 3410 habeat,
2747 3358 2913 3414 opera
2941 3352 3254 3400 autemnon
3279 3343 3496 3409 habeat,
3523 3359 3606 3397 as-

329 3446 496 3502 nius:
535 3444 674 3500 Vere
707 3447 874 3502 abbas
914 3443 1114 3516 Ioseph
1159 3445 1307 3502 solus
1349 3445 1554 3501 inveni;
1602 3445 1776 3510 viam,
1819 3443 1911 3515 qui
2012 3433 2336 3490 similabitur
2364 3433 2545 3489 arbori
2573 3433 2796 3509 habenti
2822 3433 2971 3499 folia,
3003 3431 3239 3488 fructum
3267 3441 3601 3488 autemnon.

329 3534 545 3590 nescire
569 3550 628 3590 se
653 3535 948 3606 respondit,
980 3533 1170 3590 Frater
1217 3536 1433 3606 quidam
1461 3535 1813 3605 interrogavit
1829 3549 1916 3590 se.
2015 3523 2325 3580 Sicutenim
2337 3525 2501 3578 arbor
2517 3523 2780 3578 fructibus
2793 3523 2949 3593 plena
2964 3524 3128 3577 etiam
3143 3523 3286 3578 foliis
3301 3523 3511 3588 viridis,
3530 3523 3605 3577 ila

331 3639 459 3678 nem
479 3624 662 3680 dicens
688 3641 702 3678 :
736 3623 794 3680 Si
819 3624 942 3694 quis
966 3624 1198 3680 fratrum
1241 3625 1422 3680 attulit
1454 3625 1523 3680 ad
1544 3641 1631 3680 me
1674 3627 1740 3682 de
1782 3624 1915 3682 foris
2014 3621 2072 3669 ει
2088 3627 2268 3669 δετωο
2281 3611 2634 3682 οοιιεθίιιιίιιιτ
2658 3612 2934 3668 hominem
2951 3612 3043 3681 (ιιιί
3074 3612 3240 3667 hab“
3252 3626 3419 3683 ορθη
3439 3611 3604 3668 bona-

331 3730 631 3782 sermones,
654 3715 756 3781 vis,
782 3716 948 3781 abba,
997 3717 1174 3774 dicam
1209 3718 1260 3774 ei
1291 3726 1349 3772 ut
1379 3732 1485 3773 non
1513 3730 1608 3773 eos
1631 3716 1824 3772 afferat
1847 3717 1916 3772 ad
2557 3701 2786 3759 CAPUT
2825 3701 3070 3757 XXXIX.

334 3805 461 3860 me?
497 3806 567 3860 Et
602 3808 877 3877 respondit
921 3807 972 3864 ei
1001 3823 1206 3865 senex:
1239 3807 1378 3865 Noli.
1423 3809 1492 3864 Et
1531 3809 1662 3865 dicit
1707 3808 1916 3866 frater:
2590 3795 2665 3852 De
2687 3794 3044 3867 multiloquio-

334 3892 551 3960 Quare?
589 3897 886 3968 Respondit
909 3914 1075 3955 senex
1099 3917 1112 3954 :
1146 3897 1282 3965 Quia
1308 3914 1408 3955 nec
1432 3915 1533 3956 nos
1557 3900 1835 3971 potuimus
1865 3900 1919 3955 id
2089 3886 2360 3958 Scriptum
2384 3895 2468 3944 εει
2493 3886 2588 3941 ³1η
2608 3885 2939 3957 ’παίτίίοφιίο
2966 3903 3068 3941 ηοη
3096 3887 3312 3957 effugi“
3340 3897 3608 3956 Ρεσεαιαηι

336 3986 628 4044 custodire,
658 3987 724 4042 Et
749 3987 886 4042 dixit
923 3988 1093 4045 frater
1118 4007 1132 4044 ς
1165 3989 1305 4057 Quid
1328 4005 1459 4061 ergo
1485 3989 1647 4045 debet
1674 3989 1825 4045 ﬁeri?
1852 3988 1921 4044 Et
2021 3977 2204 4051 (Prov.
2231 3977 2307 4048 x).
2334 3979 2402 4033 Et
2426 3996 2440 4032 :
2476 3976 2581 4044 Qui
2604 3978 2781 4032 multis
2807 3978 2975 4031 utitur
2997 3976 3188 4043 verbis,
3211 3975 3353 4032 (redit
3375 3977 3608 4029 animam

339 4075 617 4144 respondit
641 4077 691 4130 ei
727 4091 888 4132 senex
920 4092 936 4132 :
966 4076 1024 4133 Si
1059 4078 1306 4134 volumus
1339 4078 1768 4136 taciturnitatem
1805 4093 1921 4134 ser-
1988 4098 1994 4104 -
2020 4087 2171 4126 suam
2190 4069 2381 4142 (Eccli.
2408 4068 2626 4140 xx).Et,
2640 4069 2734 4122 Vir
2749 4067 3021 4137 linguosus
3044 4082 3147 4119 non
3169 4066 3427 4134 dirigetur
3451 4081 3607 4135 super

339 4179 488 4230 vare,
511 4164 708 4223 suflicit
735 4168 978 4238 proximo
1004 4169 1194 4224 modus
1215 4169 1350 4240 ipse.
2023 4171 2218 4216 terram
2247 4159 2420 4232 (Psal.
2455 4158 2700 4229 cxxxtx).
2733 4158 2801 4212 Et
2842 4158 2887 4213 si
2915 4157 2970 4211 in
3012 4155 3352 4224 multiloquio
3384 4155 3608 4210 extolla-

843 4259 1070 4317 CAPUT
1127 4259 1412 4316 XXXVIII.
2025 4266 2166 4317 mur,
2207 4266 2390 4306 coram
2423 4251 2650 4305 Domino
2680 4263 2788 4302 nou
2833 4246 3184 4302 absolvimur.
3226 4245 3378 4301 Unde
3420 4243 3612 4299 melius

897 4349 974 4405 De
999 4351 1376 4406 taciturnitate.
2025 4352 2109 4401 est
2131 4351 2194 4398 ut
2216 4341 2344 4397 illud
2379 4341 2661 4396 Dominum
2703 4347 2956 4409 rogantes
2986 4337 3268 4393 dicamus:
3298 4333 3468 4401 Pone,
3494 4335 3608 4390 Do-

411 4435 620 4509 Lingua
663 4437 898 4495 disercte
933 4438 1195 4495 freuauda
1242 4450 1326 4496 est
1355 4479 1372 4505 ,
1420 4455 1528 4497 nou
1566 4439 1925 4496 insolubiliter
2027 4436 2183 4500 mine,
2215 4432 2507 4490 custodiam
2533 4431 2612 4486 ori
2641 4446 2774 4495 meo,
2799 4438 2847 4483 et
2876 4429 3068 4483 ostium
3089 4427 3504 4482 circumstantia:
3523 4424 3609 4481 la-

337 4527 651 4598 obliganda.
703 4527 975 4598 Scriptum
1029 4543 1264 4601 namque
1295 4537 1380 4586 est
1409 4547 1423 4584 :
1465 4528 1685 4602 Sapiens
1737 4530 1924 4584 tacebit
1947 4517 2001 4580 Ι)
2027 4529 2124 4584 biis
2150 4527 2278 4581 meis
2310 4522 2484 4596 (Psal.
2506 4522 2653 4595 ext).
2684 4522 2752 4576 Et
2786 4537 2802 4576 :
2852 4519 2976 4576 Non
2999 4518 3225 4574 declines
3248 4535 3338 4572 cor
3356 4533 3530 4572 meum
3553 4517 3612 4572 in

342 4636 508 4691 usque
525 4620 593 4674 ad
619 4629 819 4690 tempus
846 4619 1037 4692 (Eccli.
1061 4620 1176 4692 xx),
1207 4631 1268 4676 ut
1293 4622 1552 4678 nimirum
1582 4637 1705 4678 cum
1726 4635 1925 4692 oppor-
2027 4618 2180 4675 verba
2201 4617 2416 4671 malitiae
2436 4613 2649 4687 (Ibid.).
2673 4611 2938 4686 [Gregor.,
2965 4610 3054 4664 lib.-
3079 4625 3176 4674 vu,
3204 4625 3250 4663 c.
3275 4608 3370 4674 25,
3395 4609 3450 4662 in
3476 4624 3524 4662 c.
3554 4621 3608 4663 vt

345 4719 537 4766 tunam
584 4711 914 4775 considerat,
956 4713 1250 4782 postposita
1290 4727 1520 4768 censura
1550 4712 1753 4768 silentii
1776 4753 1806 4778 ,.
1846 4712 1926 4768 lo-
2029 4708 2177 4783 Job.]
2217 4705 2554 4764 Admonendi
2582 4713 2709 4760 sunt
2736 4701 3072 4772 multiloquio
3087 4709 3362 4764 vacantes,
3395 4707 3456 4754 ut
3478 4697 3614 4770 vigi-

343 4802 562 4872 quendo
585 4818 706 4873 quae
735 4812 1037 4876 congruunt
1067 4805 1123 4858 iu
1151 4820 1310 4860 usum
1350 4820 1410 4861 se
1435 4805 1688 4860 utilitatis
1714 4805 1924 4873 impen-

343 4895 457 4950 dat.
495 4895 570 4950 De
597 4896 805 4951 tacendi
829 4904 992 4966 atque
1023 4896 1275 4967 loquendi
1302 4912 1533 4952 censura
1562 4912 1662 4967 per
1681 4896 1927 4952 Salomo-

345 5002 474 5042 uem
501 4986 734 5043 dicitur:
769 4985 994 5058 Tempus
1041 4988 1284 5054 tacendi,
1341 4997 1391 5042 et
1439 4996 1639 5058 tempus
1681 4986 1928 5058 loquendi

345 5076 660 5150 (Ecdi.tu).
690 5078 932 5134 Diserete
956 5079 1155 5150 quippe
1184 5078 1616 5134 vicissitudinum
1653 5077 1930 5148 pensanda

345 5179 479 5231 sunt
498 5182 762 5243 tempora,
794 5188 864 5227 ne
905 5182 999 5227 aut
1043 5187 1166 5227 cum
1217 5171 1472 5242 restriugi
1523 5169 1702 5240 lingua
1730 5171 1929 5234 debet,

344 5276 446 5330 per
475 5263 637 5318 verba
665 5263 925 5319 inutiliter
963 5260 1200 5325 defluat,
1255 5270 1350 5316 aut
1371 5276 1497 5316 cum
1538 5258 1684 5329 loqui
1730 5257 1935 5314 utiliter

345 5358 918 5428 potest,scmetipsam
971 5358 1124 5429 pigre
1171 5356 1485 5427 restringat.
1513 5353 1793 5426 (Gregor.,
1837 5353 1930 5407 lib.

343 5466 422 5505 vn
456 5449 754 5522 Mor.,cop.
787 5451 902 5524 26.)
944 5449 1154 5518 Quanta
1203 5450 1276 5505 sit
1291 5449 1505 5503 utilitas
1551 5445 1934 5502 taciturnitatis

347 5541 636 5598 Psalmista
664 5543 1014 5598 considerans
1042 5542 1119 5595 ait
1143 5560 1154 5593 :
1193 5539 1358 5603 Pone,
1381 5539 1618 5599 Domine,
1638 5536 1931 5590 custodiam

351 5635 434 5687 ori
469 5650 606 5698 meo,
630 5644 677 5688 et
705 5635 896 5688 ostium
925 5631 1332 5687 circumstantiae
1387 5629 1540 5683 labiis
1588 5628 1715 5681 mcis
1755 5625 1929 5696 (Psal.

356 5726 504 5798 ch).
533 5725 650 5783 Non
681 5726 824 5782 enim
859 5725 983 5797 poni
1012 5723 1094 5780 ori
1138 5736 1236 5779 suo
1263 5721 1524 5791 parietem
1544 5759 1558 5787 ,
1599 5719 1692 5775 sed
1732 5717 1930 5775 ostium

2031 4799 2206 4854 lautes
2217 4797 2500 4868 aspiciant,
2515 4804 2720 4866 quanto
2731 4809 2762 4848 a
2776 4791 3118 4849 rectitudinis
3133 4797 3276 4845 statu
3293 4790 3610 4860 depereunt,

2031 4891 2158 4946 dum
2172 4906 2270 4962 per
2283 4887 2595 4958 multiplicia
2614 4888 2776 4942 verba
2791 4885 3116 4940 dilabuntur.
3143 4883 3390 4937 Humana
3409 4881 3610 4938 etenim

2031 4998 2187 5040 mens
2207 4997 2360 5053 aqua:
2371 4995 2522 5037 more
2535 4978 2911 5042 circumelusa,
2933 4977 3001 5031 ad
3017 4974 3297 5044 superiora
3319 4972 3610 5043 colligitur,

2032 5074 2158 5145 quia
2195 5071 2324 5128 illud
2354 5070 2548 5140 repetit
2585 5068 2731 5123 unde
2772 5065 3071 5130 descendit,
3099 5070 3156 5118 et
3183 5063 3424 5117 relaxata
3455 5063 3615 5131 depe-

2033 5163 2129 5228 rit,
2158 5162 2285 5232 quia
2314 5175 2373 5215 se
2397 5175 2496 5230 per
2528 5157 2713 5213 infima
2743 5154 3008 5211 inutiliter
3033 5152 3258 5224 spargit.
3298 5151 3401 5219 Qui
3427 5164 3614 5219 super-

2035 5253 2223 5309 vacuis
2249 5251 2427 5307 verbis
2449 5267 2480 5304 a
2509 5247 2709 5304 silentii
2742 5247 2824 5302 sui
2852 5260 3081 5300 censura
3113 5244 3427 5313 dissipatur,
3457 5239 3611 5309 quasi

2036 5357 2117 5405 tot
2144 5347 2275 5403 rivis
2316 5356 2468 5402 extra
2515 5359 2574 5399 se
2621 5343 2856 5406 ducitur,
2886 5339 3029 5394 unde
3072 5346 3130 5393 ct
3171 5337 3348 5393 redire
3387 5331 3613 5387 interius

2040 5453 2196 5494 mens
2222 5437 2290 5491 ad
2321 5435 2402 5490 sui
2433 5433 2796 5505 cognitionem
2825 5446 2932 5485 nou
2957 5428 3172 5491 sufﬁcit,
3201 5426 3325 5495 quia
3355 5436 3454 5493 per
3478 5417 3613 5472 mul-

2037 5529 2319 5598 tiloquium
2349 5540 2535 5595 sparsa
2559 5541 2589 5579 a
2617 5531 2825 5579 secreto
2853 5537 2911 5577 se
2941 5520 3142 5575 intima:
3169 5508 3614 5570 consideratiouis

2039 5621 2294 5679 excludit.
2323 5618 2514 5674 Totam
2543 5633 2672 5673 vero
2697 5630 2755 5671 se
2777 5611 3082 5670 insidiantis
3109 5605 3280 5664 hostis
3303 5599 3612 5656 vulneribus

2038 5713 2262 5786 detegit,
2289 5711 2412 5782 quia
2432 5725 2490 5768 se
2511 5709 2806 5766 munitione
2819 5701 3074 5761 custodiae
3087 5712 3192 5754 nou
3217 5690 3608 5750 circumcludit.
