3960 6206
435 309 542 365 635

1737 297 2013 354 SMAllAG
2027 295 2087 350 Dl
2128 294 2417 350 ABBATIS

3607 291 3712 346 656

435 421 818 477 lnProverhiis
832 421 1089 490 scriptum
1114 426 1196 474 est
1218 418 1371 489 (Cap.
1402 414 1528 485 xxv)
1555 429 1568 468 :
1600 413 1748 468 Sicut
1773 413 1895 465 urbs
1920 425 2012 478 pa-
2041 412 2090 468 Α
2117 423 2401 476 possumus
2427 405 2697 460 custolirc
2717 419 2810 457 cor
2833 411 3098 466 nostrum,
3139 403 3181 455 si
3207 402 3389 471 lingua
3419 411 3603 455 nostra
3621 403 3710 471 ja-

435 526 548 567 tens
575 523 624 566 et
661 513 852 582 absque
872 527 1143 565 murorum
1174 509 1394 572 antbitu,
1424 508 1498 560 ita
1519 507 1596 560 vir
1614 505 1704 574 qui
1730 520 1832 556 non
1850 511 2014 571 potest

435 603 490 656 in
519 602 774 672 loquendo
809 601 1044 654 cohibere
1077 599 1318 668 spiritum
1355 613 1530 652 suum.
1573 594 1707 661 Quia
1729 592 1874 646 enim
1903 607 2018 645 mu-

440 710 620 747 rorum
655 693 926 748 silentiqu
969 709 1074 746 non
1102 690 1283 756 habet,
1319 697 1468 758 patet
1498 686 1700 742 inimici
1720 683 1916 754 jaculis
1942 681 2018 737 ci-

437 784 576 837 vitas
603 784 826 846 mentis,
860 793 916 838 et
940 789 1063 838 etim
1091 798 1148 836 se
1178 796 1273 851 per
1294 781 1456 835 verba
1486 787 1638 832 extra
1671 776 2016 844 semetipsum

433 872 601 939 cjicit,
633 884 878 945 apertam
901 890 960 929 se
992 872 1302 928 adversario
1329 871 1584 926 ostendit.
1619 867 1882 939 (Gregor.,
1910 863 2018 920 Pa-

434 974 564 1018 stor.
597 964 752 1019 Cum:
781 983 834 1035 p.
866 981 946 1029 ιιι,
971 964 1186 1034 αάιηοη.
1226 961 1336 1033 lii.)
1373 961 1696 1029 Plerumque
1735 974 1831 1028 per
1855 972 2019 1025 quos—

435 1059 559 1111 dam
583 1057 782 1125 gradus
811 1056 1076 1110 desidiosa
1104 1070 1256 1110 mens
1289 1055 1342 1108 in
1369 1053 1578 1109 foveam
1604 1053 1754 1121 lapsa
1785 1049 2017 1119 impelli—

437 1160 546 1212 tur,
574 1156 629 1200 et
649 1148 775 1200 dum
796 1147 968 1202 otiosa
997 1147 1156 1202 verba
1180 1162 1374 1201 cavere
1396 1145 1736 1216 negligimus,
1767 1143 1834 1196 ad
1856 1140 2019 1195 noxia

439 1235 814 1304 pervenimus,
846 1243 904 1289 ιιι
930 1234 1080 1304 prius
1106 1233 1251 1302 loqui
1279 1234 1453 1288 aliena
1484 1233 1668 1296 libeat,
1694 1239 1750 1286 et
1778 1239 2018 1300 ιιοδιιιιοά

438 1326 562 1380 dum
590 1325 1016 1380 detractionibus
1035 1325 1200 1378 vitam
1224 1339 1413 1379 eorum
1439 1324 1503 1378 de
1529 1323 1724 1392 quibus
1750 1321 2021 1392 loquimur

435 1417 704 1480 mordeat,
730 1416 799 1470 ad
827 1425 1130 1471 extremum
1159 1431 1289 1472 vero
1315 1432 1484 1485 usque
1504 1417 1572 1470 ad
1594 1425 1812 1484 apertas
1839 1415 2020 1484 lingua

435 1507 791 1562 contumelias
828 1516 1094 1575 erumpat.
1135 1508 1236 1562 Per
1267 1507 1673 1562 ell'renationem
1713 1507 1909 1576 linguae
1935 1520 2022 1560 se-

437 1599 715 1653 minantur
753 1598 977 1664 stimuli,
1022 1598 1273 1652 oriuntur
1298 1598 1447 1659 rixze,
1480 1596 1847 1652 accenduntur
1877 1595 2022 1651 faces

435 1690 707 1754 odiorum,
739 1705 843 1758 pax
884 1689 1245 1759 exstinguitur
1286 1689 1552 1743 cordium.
1584 1687 1790 1758 (στερη
1823 1686 2018 1741 Morel.

2119 513 2280 550 nuam
2302 508 2541 565 apertam
2567 496 2845 550 habuerit?
2868 494 3056 548 Frater
3079 493 3433 562 interrogavit
3455 495 3708 550 abbatem

2119 589 2394 647 Pastorem
2425 593 2614 647 dicens
2651 610 2663 644 :
2709 590 2990 658 Quomodo
3019 599 3232 658 oportet
3267 591 3595 643 monachum
3622 607 3709 646 se-

2119 683 2248 737 dere
2275 683 2327 736 in
2358 682 2531 737 cella?
2561 682 2624 736 Et
2649 682 2958 752 respondit:
2989 681 3262 746 Quantum
3298 683 3366 737 ad
3391 685 3444 736 id
3479 685 3623 752 quod
3655 685 3706 738 in

2120 773 2407 829 manifesto
2453 784 2558 838 est,
2603 776 2705 830 hoc
2737 785 2842 841 est,
2877 784 2936 828 ut
2970 775 3135 829 faciat
3173 791 3310 844 opus
3339 793 3616 838 mammm,
3653 787 3709 830 et

2119 866 2286 920 semel
2331 867 2608 929 comedat,
2659 875 2711 920 et
2752 876 2962 930 taceat,
3011 875 3066 920 et
3116 866 3428 920 meditetur.
3486 867 3710 922 Occulta

2119 959 2263 1022 enim
2294 958 2555 1027 proﬁcere
2584 968 2764 1028 potest
2788 960 2840 1014 in
2864 959 3022 1023 cella,
3063 958 3165 1012 hoc
3197 967 3300 1022 est,
3329 967 3390 1011 ut
3417 959 3710 1024 redargnat

2120 1050 2470 1117 semetipsum
2513 1051 2579 1104 de
2620 1051 2852 1120 propriis
2897 1050 3212 1105 excessibus
3250 1049 3624 1119 unusquisque
3651 1049 3706 1102 in

2119 1140 2268 1195 omni
2296 1139 2414 1196 loco
2433 1142 2502 1196 ad
2521 1155 2680 1210 quem
2708 1140 3029 1210 porrexerit.

2731 1271 2962 1328 CAPUT
3002 1270 3114 1326 XL.

2703 1384 2778 1438 De
2829 1384 3129 1438 collatione.

2193 1494 2374 1565 (Isid..
2407 1494 2497 1548 lib.
2539 1508 2600 1548 ιιι
2631 1494 2804 1559 Sent”
2845 1511 2962 1564 cap.
3002 1495 3114 1565 M.)
3150 1493 3283 1548 Cum
3329 1494 3399 1548 sit
3442 1493 3591 1550 utilis
3631 1496 3704 1550 ad

2121 1585 2495 1640 instruendum
2559 1585 2718 1640 lectio
2749 1619 2765 1650 ,
2829 1586 3068 1640 adhibita
3136 1595 3314 1640 tamen
3380 1586 3707 1652 collatione,

2125 1676 2384 1744 majorem
2435 1676 2847 1745 intelligentiam
2902 1676 3125 1745 praebet.
3182 1675 3370 1730 Melius
3429 1688 3513 1731 est
3559 1679 3710 1730 enim

432 1782 472 1835 ι,
496 1797 595 1846 vn,
626 1797 676 1834 ε,
708 1780 822 1852 57.)
852 1780 989 1846 Quia
1034 1779 1374 1850 [mummium
1416 1780 1644 1849 quisque
1685 1778 2014 1843 deserviens,
2046 1785 2093 1844 B
2122 1767 2371 1822 conferre
2419 1784 2581 1837 quam
2626 1768 2822 1838 legere.
2859 1767 3088 1822 Collatia
3121 1767 3510 1822 docibilitatem
3553 1769 3706 1823 facit.

435 1871 806 1926 rectiunlinem
823 1871 1049 1941 justitiae
1059 1879 1256 1927 tenere
1282 1887 1620 1941 nequaquam
1642 1872 1832 1941 possit,
1858 1878 2022 1927 testa-

433 1974 522 2016 tur
566 1962 830 2032 l’r0pheta
876 1963 967 2032 qui
1011 1967 1090 2017 ait
1134 1981 1148 2016 :
1205 1961 1293 2015 Vir
1329 1962 1602 2032 linguosus
1635 1979 1735 2017 non
1767 1963 2024 2032 dirigetur

429 2069 587 2120 super
633 2062 828 2106 terram
858 2051 1032 2122 (Psal.
1066 2054 1311 2124 cxxxrx).
1368 2051 1503 2108 llinc
1531 2052 1786 2109 Salomon
1823 2054 2020 2108 iterum

432 2144 546 2198 ait:
596 2143 664 2198 In
699 2143 1026 2214 multiloquio
1059 2152 1328 2213 peccatum
1359 2160 1462 2197 non
1502 2143 1664 2198 deerit
1709 2142 1892 2211 (Prov.
1937 2143 2015 2213 χ).

431 2235 596 2289 Isaias
633 2237 894 2306 propheta
933 2236 1011 2290 ait
1043 2251 1057 2290 :
1089 2235 1274 2291 Cultus
1307 2236 1534 2306 justitia:
1575 2235 1843 2292 silentium
1881 2235 2016 2306 (Isa.

433 2328 628 2397 xxxii).
662 2326 922 2380 Videlicet
949 2327 1194 2382 indicans
1219 2327 1345 2395 quia
1388 2327 1586 2382 mentis
1622 2325 1837 2395 justitia
1863 2327 2020 2383 deso—

429 2418 474 2470 la
485 2427 588 2480 tur,
614 2418 830 2487 quando
847 2417 917 2472 ab
946 2418 1298 2474 immoderata
1325 2418 1593 2474 locutione
1616 2433 1722 2473 non
1751 2419 2014 2488 parcitur.

431 2508 567 2562 lline
609 2506 843 2564 Jacobus
886 2510 1004 2566 ait:
1038 2508 1096 2564 Si
1120 2510 1236 2580 quis
1269 2519 1418 2578 putat
1453 2524 1509 2562 se
1552 2507 1849 2577 religiosum
1885 2525 2015 2572 esse,

430 2609 531 2652 non
563 2600 832 2669 refrenans
859 2600 1094 2669 linguam
1122 2617 1296 2664 suam,
1321 2599 1412 2658 sed
1444 2597 1698 2654 seducens
1727 2609 1818 2652 τον
1837 2615 2013 2663 suum,

428 2690 587 2759 Imjus
615 2706 747 2745 ratio
770 2701 845 2745 est
884 2690 1062 2761 religio
1084 2691 1293 2763 (Jocob.
1321 2690 1379 2760 I).
1415 2690 1572 2744 Pravl
1595 2691 1810 2759 quidem
1841 2691 2018 2746 homi-

431 2795 546 2843 nes,
578 2781 720 2836 sicut
745 2783 796 2834 in
827 2796 989 2836 sensu
1026 2781 1172 2836 leves
1210 2789 1355 2846 sunt,
1393 2781 1466 2835 ita
1501 2781 1554 2835 in
1581 2781 1855 2841 locutione
1879 2797 2014 2851 pra:-

429 2871 657 2940 cipitrs,
693 2880 747 2926 et
791 2873 1019 2927 reticere
1056 2873 1442 2942 pertractanda
1483 2873 1758 2944 negligunt
1781 2880 1900 2942 qua:
1937 2873 2014 2927 lo-

427 2969 688 3030 quuntur,
723 2963 814 3016 sed
843 2961 988 3031 quod
1029 2962 1163 3018 levis
1193 2963 1527 3018 conscientia
1555 2963 1814 3033 concipit,
1843 2963 2015 3017 levior

425 3052 672 3119 protinus
702 3051 878 3122 lingua
908 3052 1174 3122 producit.
1206 3053 1312 3107 Per
1352 3055 1701 3123 sen’tetipsam
1731 3069 1831 3110 nos
1859 3055 2013 3110 Veri-

2121 1855 2258 1911 Nam
2311 1857 2603 1927 propositis
2657 1857 3174 1927 interrogationibus
3211 1859 3486 1913 cunctatio
3525 1875 3711 1914 rerum

2119 1947 2447 2014 excluditur,
2479 1960 2534 2004 et
2587 1965 2728 2018 sazpe
2762 1949 3158 2019 objectionibus
3187 1948 3358 2004 latens
3385 1951 3586 2004 veritas
3616 1967 3712 2021 aps

2120 2038 2398 2107 probatur.
2454 2038 2609 2104 Quod
2663 2039 2809 2093 enim
2853 2039 3146 2094 obscurum
3187 2047 3270 2094 est
3322 2047 3416 2092 aut
3459 2040 3709 2105 dubium,

2119 2129 2448 2185 conferendo
2491 2131 2597 2185 cito
2649 2130 2996 2200 perspicitur.
3055 2131 3207 2185 Sicut
3255 2131 3524 2185 instruere
3569 2132 3711 2188 solet

2119 2223 2374 2289 collatio,
2418 2223 2490 2278 ita
2529 2224 2804 2278 contentio
2843 2223 3091 2279 destruit.
3147 2222 3275 2278 ιιωε
3316 2223 3460 2277 enim
3519 2225 3711 2279 relicto

2119 2329 2280 2368 sensu
2323 2313 2585 2377 veritatis,
2626 2312 2750 2368 lites
2791 2321 3036 2381 generat,
3072 2321 3130 2368 et
3174 2313 3464 2382 pugnando
3493 2314 3699 2379 verbis,

2117 2404 2280 2459 etiam
2314 2404 2366 2458 in
2403 2404 2571 2459 Deum
2596 2404 2951 2476 blasphemat.
2980 2404 3164 2459 Lectio
3187 2405 3465 2460 memoria:
3494 2406 3704 2459 auxilio

2117 2503 2262 2566 eget.
2299 2495 2452 2560 Quod
2497 2496 2544 2550 si
2586 2495 2752 2552 fuerit
2792 2497 3116 2551 naturaliter
3152 2496 3388 2560 tardior,
3432 2497 3708 2568 frequenti

2118 2594 2300 2640 tamen
2341 2585 2688 2640 meditatione
2723 2586 2956 2652 acuitur,
3005 2603 3069 2642 ac
3123 2587 3332 2658 legendi
3384 2588 3709 2642 assiduitate

2103 2676 2404 2746 colligitur.
2440 2677 2593 2747 Saepe
2617 2677 2824 2746 prolixa
2844 2677 3004 2732 lectio
3027 2679 3381 2749 longitudinis
3407 2694 3570 2733 causa
3595 2694 3706 2732 me-

2115 2769 2344 2823 moriam
2367 2768 2592 2838 legentis
2614 2769 2909 2826 oblitterat.
2930 2769 3083 2837 Quod
3098 2771 3142 2826 si
3167 2771 3347 2826 brevis
3373 2772 3463 2832 sit,
3490 2772 3706 2826 submo-

2118 2867 2280 2929 toque
2329 2861 2468 2918 libro
2521 2865 2792 2919 sententia
2835 2872 3165 2920 retractatur
3199 2865 3254 2919 in
3300 2866 3519 2930 animo,
3569 2875 3696 2921 tunc

2115 2953 2234 3007 sine
2267 2953 2448 3009 labore
2470 2953 2668 3024 legitur
2693 2969 2710 3008 :
2737 2964 2791 3010 et
2813 2972 2877 3011 ea
2901 2971 3023 3025 quae
3050 2955 3190 3011 lecta
3215 2966 3342 3012 sunt
3369 2958 3658 3014 recolendo
3680 3000 3698 3023 ,

2119 3046 2378 3104 memoria
2415 3047 2637 3103 minime
2666 3049 2943 3103 excidunt.
2985 3049 3384 3118 Acceptabilior
3405 3060 3493 3105 est
3526 3052 3701 3106 sensi-

427 3143 974 3197 tasadmonetdicens
1001 3161 1013 3196 :
1042 3143 1209 3198 Omne
1227 3145 1435 3199 verbum
1458 3145 2009 3215 otiosumquodlocu:i
2037 3135 2080 3194 C
2113 3137 2212 3192 bus
2239 3138 2396 3193 lectio
2427 3139 2622 3204 tacita,
2659 3156 2823 3210 quam
2849 3149 3056 3209 aperta.
3087 3140 3334 3210 Amplius
3363 3143 3510 3197 enim
3543 3143 3700 3197 intel-

423 3233 615 3301 fuerint
639 3234 894 3299 homines,
921 3237 1129 3291 reddent
1165 3235 1228 3289 de
1249 3255 1309 3292 eo
1335 3240 1591 3292 rationem
1615 3239 1670 3292 in
1699 3240 1785 3292 die
1811 3239 2010 3309 judicii

424 3321 638 3391 (Matth.
678 3324 796 3394 xu).
849 3325 1093 3382 Ot'osum
1134 3331 1331 3400 quippe
1350 3330 1574 3384 verbum
1597 3337 1702 3395 est,
1748 3331 1893 3399 quod
1914 3338 2008 3385 aut

425 3414 633 3469 ratio..e
653 3414 814 3484 just-.e
839 3421 1199 3485 necessitatis,
1231 3429 1323 3476 aut
1348 3421 1648 3477 intentione
1671 3423 1777 3491 pia:
1807 3422 2006 3477 utilita-

428 3505 498 3559 tis
526 3516 693 3560 caret.
741 3507 798 3562 Si
839 3523 970 3579 ergo
996 3512 1136 3566 ratio
1163 3511 1228 3568 de
1264 3513 1440 3568 otioso
1473 3527 1722 3568 sermone
1749 3514 2003 3583 exigitur,

421 3613 707 3666 pensemus
745 3615 864 3669 quae
911 3616 1068 3670 ptena
1115 3603 1452 3672 multiloquio
1501 3612 1741 3669 maneat,
1789 3605 1842 3659 in
1897 3621 2006 3674 quo

423 3687 586 3739 etiam
633 3703 729 3756 per
773 3691 932 3744 noxia
977 3695 1140 3748 verba
1196 3704 1468 3763 peccatur.
1523 3696 1668 3750 Dixit
1717 3697 2006 3765 aliquando

423 3776 585 3828 etiam
618 3778 784 3832 abbas
830 3778 1018 3849 Sysois
1056 3799 1068 3834 :
1108 3783 1301 3848 Crede,
1344 3785 1524 3849 crede,
1567 3786 1693 3854 quia
1737 3802 1864 3840 ecce
1911 3788 2006 3842 tri-

420 3868 569 3937 ginta
599 3884 770 3925 annos
796 3871 989 3937 habeo,
1013 3875 1154 3941 quod
1179 3890 1283 3928 non
1308 3876 1568 3945 deprecor
1593 3879 1758 3932 Deum
1785 3888 2006 3948 propter

421 3969 742 4028 peccatum,
810 3961 906 4015 sed
973 3977 1137 4019 orans
1198 3964 1300 4020 hoc
1356 3965 1480 4020 dico
1527 3983 1540 4020 :
1601 3967 1826 4022 Domine
1874 3967 2001 4023 Jesu

420 4049 654 4116 Christe,
691 4060 910 4124 protege
939 4070 1076 4110 mea
1108 4055 1288 4126 lingua
1315 4072 1435 4112 mea
1485 4075 1498 4110 :
1549 4066 1603 4113 et
1648 4075 1818 4127 usque
1858 4075 2002 4115 nunc

417 4154 516 4210 per
555 4142 794 4213 singulos
839 4145 954 4201 dies
998 4162 1194 4202 corruo
1249 4164 1345 4216 per
1388 4149 1562 4219 ipsam
1617 4159 1673 4204 et
1723 4150 1996 4221 delinquo.

419 4231 601 4288 Abbas
630 4232 934 4292 Macharius
960 4237 1132 4305 major
1156 4237 1208 4292 in
1237 4238 1424 4310 Scythi
1455 4241 1667 4294 dicebat
1693 4239 1954 4297 fratribus
1983 4258 1996 4295 :

421 4325 549 4380 Post
577 4326 768 4382 missas
798 4327 1054 4384 Ecclesim
1088 4330 1254 4400 fugite
1276 4331 1491 4387 fratres.
1531 4333 1597 4386 Et
1616 4333 1760 4388 dixit
1779 4332 1828 4390 ei
1858 4346 2000 4390 unus

2112 3229 2283 3284 lectus
2321 3230 2625 3293 instruitur,
2675 3233 2892 3301 quando
2936 3249 3040 3288 vox
3089 3233 3320 3304 legentis
3347 3235 3599 3306 quiescit,
3638 3243 3698 3290 et

2111 3320 2211 3375 sub
2239 3317 2459 3376 silentio
2500 3323 2682 3394 lingua
2717 3333 2987 3380 movetur.
3024 3325 3160 3381 Nam
3187 3327 3333 3382 clare
3363 3328 3612 3399 legendo,
3641 3336 3700 3384 et

2109 3429 2306 3482 corpus
2335 3414 2588 3479 lassatur,
2619 3424 2673 3472 et
2715 3418 2864 3472 vocis
2903 3432 3130 3472 acumen
3167 3419 3508 3474 obtunditur.
3554 3420 3702 3491 (Huc

2109 3524 2269 3579 usque
2296 3505 2456 3579 Isid.)
2502 3508 2645 3563 Dixit
2677 3509 2846 3564 abbas
2876 3510 3124 3581 Pelagius
3156 3529 3168 3565 :
3203 3511 3430 3582 Oportet
3459 3515 3699 3569 animam

2107 3601 2404 3654 secundum
2458 3599 2659 3655 Christi
2709 3601 3042 3656 voluntatem
3090 3612 3543 3669 eonversantem,
3600 3614 3698 3660 aut

2106 3691 2318 3748 discere
2355 3690 2585 3751 lideliter
2621 3707 2743 3762 qute
2788 3692 2982 3757 nescit,
3031 3700 3128 3748 aut
3170 3693 3365 3748 docere
3409 3694 3700 3751 manifeste

2104 3785 2248 3854 quod
2273 3785 2440 3840 novit.
2472 3785 2530 3840 Si
2555 3793 2735 3840 autem
2758 3794 3050 3857 utrumque
3072 3801 3194 3842 cum
3217 3789 3391 3856 possit
3426 3805 3532 3842 non
3559 3790 3697 3852 vult,

2107 3876 2331 3932 insania:
2375 3877 2564 3931 morbo
2593 3875 2823 3931 laborat.
2875 3876 3090 3932 Initium
3129 3877 3272 3931 enim
3328 3879 3618 3933 recedendi
3658 3895 3692 3932 a

2104 3966 2239 4029 Deo,
2287 3964 2563 4020 fastidium
2611 3966 2870 4022 doctrinae
2908 3977 3009 4022 est.
3055 3967 3202 4021 Dixit
3241 3969 3412 4022 abbas
3451 3968 3648 4024 Pastor
3680 3989 3693 4022 :

2103 4054 2240 4122 Quia
2263 4055 2357 4124 qui
2381 4054 2639 4124 querulus
2658 4067 2760 4120 est,
2805 4057 3106 4113 monachus
3129 4073 3234 4112 non
3265 4067 3382 4122 est;
3415 4059 3506 4127 qui
3536 4058 3696 4113 fratri

2103 4162 2202 4202 suo
2226 4147 2483 4212 detrahit,
2519 4149 2816 4203 monachus
2846 4165 2952 4204 non
2991 4158 3106 4213 est;
3135 4150 3230 4220 qui
3265 4151 3557 4205 iracundus
3585 4160 3691 4213 est,

2100 4239 2401 4294 monachus
2431 4255 2538 4294 non
2571 4245 2656 4294 est
2683 4256 2698 4304 ;
2739 4240 2831 4310 qui
2865 4250 3046 4296 autem
3089 4257 3217 4297 vere
3255 4245 3554 4297 monachus
3584 4253 3690 4308 est,

2100 4344 2313 4398 semper
2341 4338 2426 4384 est
2467 4330 2686 4384 humilis
2715 4339 2771 4384 et
2797 4332 3030 4400 quietus,
3063 4343 3119 4386 et
3167 4334 3436 4389 charitate
3474 4335 3689 4403 plenus,

420 4416 625 4470 frater:
663 4417 841 4482 Pater,
875 4437 983 4489 quo
1009 4423 1268 4476 habemus
1299 4422 1482 4492 fugere
1505 4426 1734 4495 amplius
1755 4442 1787 4480 a
1811 4427 1999 4481 solitu-
2098 4431 2154 4477 et
2193 4423 2443 4476 timorem
2485 4421 2578 4476 Dei
2607 4436 2721 4490 prae
2744 4423 2918 4479 oculis
2948 4423 3132 4489 habet,
3169 4433 3224 4479 et
3255 4441 3352 4480 cor
3389 4441 3548 4480 suum
3589 4442 3688 4481 cu-

420 4507 544 4562 dine
567 4507 702 4562 ista?
743 4509 914 4565 Etille
941 4511 1302 4580 respondebat
1322 4513 1548 4584 digitum
1571 4531 1724 4570 suum
1750 4518 1998 4585 ponendo
2024 4513 2076 4572 D
2103 4515 2287 4569 stodit.
2321 4513 2688 4583 Interrogatus
2717 4529 2880 4569 senex
2913 4514 3041 4584 quid
3065 4523 3152 4570 est
3180 4518 3322 4584 quod
3352 4516 3571 4586 legitur,
3607 4518 3690 4569 ria

419 4598 473 4652 in
497 4615 612 4664 ore,
644 4599 829 4656 dicens
854 4620 866 4655 :
893 4600 1040 4656 Istud
1060 4611 1144 4658 est
1169 4605 1311 4671 quod
1335 4603 1643 4674 fugiendum
1668 4607 1806 4661 dico.
1838 4608 1902 4660 Et
1923 4610 2002 4663 sic
2101 4612 2326 4675 angusta
2351 4613 2399 4658 et
2431 4613 2598 4667 arcta.
2630 4605 2968 4673 respondens
2991 4620 3180 4669 senex,
3212 4604 3286 4658 ait
3320 4622 3332 4657 τ
3365 4604 3606 4674 Angusta
3636 4615 3688 4659 σε

416 4690 638 4744 intravit
669 4690 722 4744 in
748 4690 939 4745 cellam
963 4706 1142 4757 suam,
1171 4702 1224 4747 et
1247 4693 1500 4750 claudens
1522 4696 1741 4759 ostium,
1778 4698 2002 4752 sedebat

417 4782 594 4837 solus.
623 4781 770 4836 Dixit
793 4782 962 4838 abbas
999 4780 1222 4854 Sysois:
1254 4783 1390 4849 Quia
1417 4785 1776 4854 peregrinatio
1813 4795 1999 4841 nostra

420 4876 474 4927 in
501 4874 602 4928 hoe
628 4881 712 4928 est
737 4881 797 4927 ut
824 4881 1001 4930 teneat
1027 4875 1190 4930 homo
1210 4889 1273 4930 os
1305 4889 1480 4929 suum.
1520 4875 1666 4930 Dixit
1695 4876 1864 4932 abbas
1894 4876 2002 4950 Hy-

420 4964 646 5035 peritius
679 4982 694 5020 :
728 4965 1022 5022 Monachus
1061 4967 1154 5037 qui
1195 4982 1301 5022 non
1340 4967 1540 5022 retinet
1573 4966 1809 5037 linguam
1841 4983 1994 5025 suam

420 5056 474 5109 in
503 5063 744 5125 tempore
766 5054 984 5124 furoris,
1023 5073 1198 5128 neque
1241 5057 1520 5128 passiones
1542 5069 1768 5114 cteteras
1795 5062 1996 5130 poterit

418 5145 708 5214 aliquando
751 5147 1059 5215 prohibere.
1106 5147 1252 5201 Dixit
1289 5148 1456 5202 abbas
1495 5147 1769 5218 Longinus
1809 5151 1991 5206 abbati

421 5237 582 5292 Lucio
607 5251 621 5290 :
649 5235 834 5292 Habeo
865 5245 974 5292 tres
999 5237 1394 5307 cogitationes:
1427 5253 1586 5292 unam
1606 5278 1620 5300 ,
1657 5246 1717 5291 ut
1738 5239 1804 5293 ad
1831 5254 1994 5307 pere~

417 5330 566 5401 grina
589 5343 825 5399 pergam.
855 5328 921 5382 Et
941 5329 1210 5396 respondit
1233 5329 1282 5383 ei
1305 5343 1468 5382 senex
1497 5347 1508 5381 :
1539 5329 1596 5382 Si
1622 5345 1726 5384 non
1754 5331 1992 5386 tenueris

416 5421 673 5490 linguam,
697 5433 1016 5489 quocunque
1044 5419 1367 5486 porrexeris,
1398 5435 1504 5474 non
1526 5421 1634 5475 eris
1653 5419 1986 5490 peregrinus.

417 5513 523 5566 Sed
551 5511 760 5565 refl-cna
784 5511 872 5565 hic
894 5507 1126 5578 linguam
1156 5517 1322 5574 tuam,
1350 5517 1404 5564 et
1418 5510 1525 5565 eris
1547 5511 1706 5564 etiam
1726 5512 1815 5566 hic
1835 5527 1990 5579 pere-

415 5604 618 5670 grinus.
636 5603 827 5660 Frater
848 5602 1457 5673 interrogavitahbatem
1474 5602 1650 5672 Sysoi,
1665 5603 1847 5657 dicens
1867 5619 1878 5655 :
1897 5603 1993 5656 De-

419 5691 592 5748 sidcro
605 5695 875 5751 custodire
888 5708 980 5751 cor
992 5707 1189 5751 memn.
1205 5691 1345 5749 Dicit
1363 5691 1414 5750 ei
1432 5708 1596 5752 senex
1615 5710 1626 5746 :
1647 5691 1712 5747 Et
1726 5693 1991 5763 quomodo

2097 4704 2246 4748 arcta
2274 4696 2359 4748 via
2389 4704 2489 4760 est,
2517 4702 2578 4748 ut
2597 4694 3010 4763 cogitationibus
3041 4695 3154 4749 suis
3179 4695 3342 4749 homo
3367 4697 3683 4750 violentiam

2098 4783 2283 4848 faciat,
2334 4793 2391 4838 et
2429 4783 2675 4838 abscidat
2715 4792 2939 4852 propter
2984 4783 3151 4838 Deum
3185 4783 3489 4839 voluntates
3531 4800 3680 4839 suas.

2097 4873 2212 4929 lloc
2238 4881 2321 4928 est
2347 4874 2512 4929 etiam
2539 4874 2684 4943 quod
2725 4873 2986 4942 scriptum
3014 4882 3101 4928 est
3124 4892 3136 4927 :
3172 4872 3309 4927 Ecce
3333 4891 3428 4928 nos
3468 4874 3685 4945 reliqui-

2097 4965 2444 5029 mus-omnia,
2495 4974 2543 5019 et
2577 4965 2742 5019 secuti
2783 4980 2966 5018 sumus
3010 4975 3058 5018 te
3103 4964 3320 5036 (Matth.
3350 4968 3488 5036 us).
3534 4966 3684 5020 Dixit

2098 5072 2262 5112 senex
2288 5074 2301 5109 :
2337 5055 2506 5110 Debet
2527 5055 2826 5110 tuonachus
2852 5055 3088 5124 quotidie
3110 5070 3270 5110 mane
3293 5065 3352 5110 et
3375 5071 3501 5111 sero
3530 5056 3690 5127 cogi;

2097 5158 2213 5206 tare
2239 5150 2295 5203 in
2325 5148 2632 5216 semetipso,
2664 5147 2794 5216 quid
2827 5145 2957 5201 fecit
2989 5161 3179 5201 eorum
3205 5162 3328 5215 quas
3367 5146 3481 5200 vult
3509 5147 3680 5211 Deus,

2093 5250 2149 5294 et
2175 5255 2294 5309 quae
2320 5254 2428 5292 non
2454 5237 2582 5292 fecit
2605 5253 2618 5290 :
2651 5245 2708 5291 et
2735 5237 2810 5290 ita
2837 5244 3073 5290 tractans
3089 5251 3304 5291 omnem
3327 5236 3491 5290 vitam
3518 5252 3677 5291 suam

2095 5328 2469 5400 pmnitentiam
2510 5325 2737 5397 agendo,
2790 5327 3090 5382 monachus
3130 5341 3253 5381 esse
3297 5336 3492 5395 potest.
3527 5326 3679 5380 Dixit

2095 5433 2260 5474 senex
2289 5435 2301 5472 :
2343 5417 2654 5472 Dormientc
2685 5424 2757 5480 te,
2791 5425 2882 5470 aut
2923 5423 3176 5486 surgente
3197 5455 3210 5479 ,
3241 5415 3326 5470 vel
3350 5415 3498 5469 aliud
3542 5416 3680 5484 quid

2095 5509 2352 5574 faciente,
2379 5507 2422 5562 si
2455 5507 2619 5561 fuerit
2651 5505 2793 5561 Deus
2818 5514 2942 5560 ante
2967 5507 3153 5560 oculos
3179 5515 3320 5569 tuos,
3359 5505 3414 5558 in
3445 5504 3594 5559 nullo
3621 5511 3680 5559 te

2097 5600 2349 5656 inimicus
2377 5598 2576 5668 poterit
2603 5598 2901 5660 deterrere,
2929 5604 2986 5650 et
3015 5597 3059 5650 si
3086 5595 3209 5650 talis
3237 5597 3497 5666 cogitatio
3521 5611 3677 5649 tuaa-

2097 5692 2228 5750 serit
2251 5692 2307 5749 in
2333 5690 2572 5758 homine,
2599 5693 2761 5747 etiam
2784 5687 2879 5744 Dei
2910 5688 3081 5746 virtus
3108 5695 3289 5764 manet
3311 5687 3364 5742 in
3393 5701 3478 5742 eo.
