3960 6206
169 276 272 337 63⁸1

754 383 980 440 CAPUT
1018 383 1151 439 XLI.

270 481 341 536 De
365 477 644 533 dilectione
665 474 918 546 proximi,
940 483 989 529 et
1026 475 1350 531 correctione
1377 476 1638 547 fraterna.

238 582 348 649 Duo
383 598 514 647 sunt
536 602 666 658 erga
695 585 1043 643 dilectionem
1076 588 1309 658 proximi
1338 588 1741 655 conservanda;

165 694 327 745 unum
353 699 419 740 ne
449 681 651 737 malum
673 681 797 751 quis
826 668 1045 744 inferat,
1072 680 1305 736 alterum
1329 689 1390 736 ut
1412 682 1614 737 bonum
1644 681 1748 736 im—

160 779 379 851 pendat.
406 776 649 831 Primum
675 782 735 828 ut
757 780 949 829 caveat
975 772 1195 838 laedere,
1226 787 1462 843 sequens
1485 782 1546 828 ut
1569 774 1746 830 discat

164 876 334 926 totum
396 874 639 936 patrare.
686 862 941 918 Amicitia
990 871 1075 919 est
1125 864 1429 919 animorum
1465 864 1741 921 ’societas.

164 959 289 1015 Hsec
338 957 536 1027 quippe
582 969 617 1009 a
667 953 881 1011 duobus
915 953 1127 1023 incipit.
1182 953 1320 1008 Nam
1358 953 1538 1011 minus
1578 969 1743 1025 quam

164 1053 302 1106 inter
325 1050 463 1105 duos
490 1046 708 1107 dilectio
734 1061 857 1105 esse
880 1061 989 1101 non
1021 1046 1241 1116 poterit.
1270 1046 1420 1102 Tunc
1443 1061 1572 1102 vere
1609 1047 1746 1101 ami-

162 1157 258 1198 cus
300 1148 536 1203 amatur,
567 1138 613 1193 si
656 1141 766 1195 non
795 1150 896 1206 pro
946 1151 1029 1201 se,
1082 1137 1180 1192 sed
1214 1152 1315 1208 pro
1362 1137 1478 1193 Deo
1505 1145 1739 1194 ametur.

160 1235 263 1303 Qui
288 1248 418 1290 vero
441 1248 545 1303 pro
564 1247 624 1289 se
656 1232 891 1288 amicum
913 1231 1108 1302 diligit,
1137 1232 1459 1303 insipienter
1479 1244 1604 1289 eum
1628 1242 1744 1288 am-

162 1325 432 1395 plectitur.
466 1321 692 1378 Multum
723 1322 777 1377 ln
809 1330 957 1379 terra
987 1322 1268 1381 demersus
1295 1332 1398 1389 est,
1431 1324 1523 1394 qui
1546 1339 1743 1381 cama-

163 1416 283 1470 liter
312 1415 589 1471 hominem
613 1413 941 1469 moriturum
970 1413 1093 1483 plus
1115 1413 1292 1486 diligit
1315 1429 1478 1483 quam
1501 1422 1739 1485 oportet.

162 1508 343 1580 (lsid.,
379 1506 472 1561 lib.
504 1521 567 1562 ιιι
601 1503 773 1571 Sent,
802 1522 920 1576 cap.
946 1504 1062 1575 32.)
1088 1503 1205 1561 Non
1231 1506 1391 1562 debet
1410 1505 1540 1561 vitia
1567 1506 1742 1562 aliena

162 1601 462 1671 corripere,
486 1598 580 1668 qui
610 1598 789 1653 adhuc
824 1597 1085 1653 vitiorum
1113 1597 1527 1669 contagionibus
1551 1596 1739 1653 servit.

160 1690 471 1760 Improbum
514 1695 601 1744 est
645 1688 794 1743 enim
846 1695 1078 1757 arguere
1118 1702 1449 1756 quemquam
1495 1688 1553 1743 in
1609 1686 1738 1751 alio,

1368 274 1671 330 DlADEllA
1710 277 2221 338 MONACHORUM.

1770 402 1816 457 Α
1847 392 2040 446 stultus
2086 403 2160 447 est
2186 388 2479 461 (Promis,
2519 392 2642 465 xu).
2692 392 2801 449 Sed
2843 392 2969 465 quia
2998 391 3290 462 Apostolus
3319 398 3432 452 ait:

3324 284 3435 341 658

1847 477 2107 547 Gorripile
2140 481 2418 551 inquietas,
2458 480 2806 536 consolantim'
2846 481 3231 551 pusillanimes,
3260 490 3436 540 susci-

1843 570 1950 638 pite
1988 569 2248 639 inﬁrmos,
2289 572 2546 641 patientes
2573 582 2737 628 estote
2762 574 2832 627 ad
2861 590 3039 630 omnes
3070 574 3121 646 (1
3150 575 3329 633 Tltess.
3356 587 3434 646 ι’),

1846 674 2071 715 necesse
2096 670 2180 715 est
2203 669 2263 715 ut
2294 661 2384 716 hic
2410 662 2496 733 pia
2531 662 2754 718 Patrum
2789 667 3146 736 correptionis
3172 683 3439 736 ponamus

1844 748 2114 819 exempla.
2143 748 2377 804 Offendit
2407 750 2695 820 aliquando
2724 750 2891 807 frater
2920 753 2971 807 in
2993 756 3435 826 congregatione,

1842 848 1896 895 et
1909 838 2164 911 expulsus
2175 848 2258 895 est
2271 838 2713 911 foras.Expulsus
2723 850 2905 897 autem
2919 842 2985 896 de
2997 845 3432 916 congregatione.

1843 931 1993 986 misit
2021 944 2079 987 se
2106 932 2160 986 in
2185 942 2485 1011 carectum,
2511 941 2568 988 et
2597 932 2757 989 ﬂebat
2778 934 2873 989 ibi.
2901 934 3138 1006 Contigit
3164 945 3345 993 alitem
3376 949 3435 994 ut

1843 1020 1934 1077 alii
1983 1020 2182 1078 fratres
2210 1030 2400 1081 euntes
2451 1022 2521 1079 ad
2558 1023 2814 1079 abbatem
2857 1034 3154 1094 pastorem,
3184 1028 3437 1083 audirent

1842 1127 1967 1171 eum
2012 1114 2342 1184 plorantem.
2382 1114 2486 1181 Qui
2516 1114 2908 1170 descendentes
2942 1116 3011 1172 ad
3036 1132 3183 1181 eum,
3215 1117 3433 1172 invene-

1843 1210 1970 1259 runt
1996 1219 2120 1259 eum
2148 1219 2345 1275 magno
2387 1204 2573 1260 labore
2613 1206 2992 1271 constrictum,
3023 1215 3079 1261 ct
3102 1217 3434 1278 rogaverunt

1843 1308 1968 1349 eum
2000 1301 2060 1349 ut
2106 1293 2214 1350 iret
2252 1295 2321 1350 ad
2362 1284 2551 1353 senem
2590 1294 2741 1351 illum
2771 1295 3093 1358 solitarium.
3124 1306 3307 1359 etnon
3335 1314 3432 1353 ac—

1841 1389 2067 1460 quievit,
2105 1389 2292 1446 dicens
2335 1409 2349 1444 :
2391 1388 2449 1445 lu
2478 1390 2581 1444 hoc
2607 1389 2730 1445 loco
2758 1390 2963 1445 moriar
3004 1405 3126 1460 ego.
3159 1392 3435 1447 Venerunt

1843 1488 2024 1533 autem
2052 1479 2250 1535 fratres
2280 1480 2348 1533 ad
2370 1478 2622 1535 abbatem
2656 1478 2958 1543 Pastorem,
2990 1488 3048 1534 et
3072 1492 3433 1537 narraverunt

1841 1568 1891 1623 ei
1927 1568 1993 1624 de
2019 1583 2105 1623 eo.
2133 1568 2201 1623 Et
2232 1568 2439 1641 rogavit
2465 1584 2582 1635 eos,
2629 1577 2689 1623 ut
2716 1570 2856 1623 irent
2883 1568 2952 1623 ad
2993 1584 3117 1623 eum
3152 1570 3432 1631 dicentes:

1840 1655 2023 1712 Abbas
2048 1656 2241 1713 Pastor
2264 1668 2422 1713 vocat
2447 1666 2498 1712 te
2525 1656 2593 1713 ad
2621 1670 2700 1713 se.
2726 1657 2881 1725 Quod
2909 1673 3032 1714 cum
3060 1659 3109 1713 ci
3138 1658 3427 1722 dixissent,

159 1738 980 1850 di;
1766 1753 1814 1815 Β
1841 1746 2084 1848 perrexit
2108 1746 2175 1801 ad
2198 1762 2342 1850 eum.
2368 1738 2636 1804 Etvidens
2657 1763 2782 1803 eum
2809 1762 2977 1850 senex
3002 1747 3287 1850 amictum,
3314 1764 3436 1850 sur-

163 1871 271 1929 vult
329 1884 529 1926 sanare
573 1884 640 1925 ac
682 1870 959 1939 corripere
999 1868 1298 1925 fraternam
1346 1868 1738 1935 inﬁrmitatem,

163 1960 323 2017 talem
349 1974 409 2015 se
435 1958 698 2029 praestare
722 1956 978 2015 fraternae
1011 1961 1236 2018 utilitati
1263 1962 1500 2028 studeat,
1527 1969 1589 2017 ut
1614 1974 1740 2019 eum

160 2066 316 2119 quem
347 2049 626 2121 corripere
654 2050 826 2119 cupit,
857 2051 1048 2106 humili
1076 2053 1241 2109 corde
1272 2052 1593 2118 admoneat;
1638 2054 1743 2110 hoc

162 2140 367 2197 iaciens
388 2155 454 2194 ex
483 2139 863 2209 compassione
882 2141 1037 2210 quasi
1063 2142 1370 2197 communis
1394 2138 1644 2210 periculi,
1675 2156 1744 2203 ne

161 2231 294 2287 forte
316 2240 377 2288 et
421 2232 537 2303 ipse
570 2229 888 2300 subjiciatur
918 2231 1227 2287 tentationi.
1259 2229 1414 2286 Sicut
1448 2231 1553 2285 viri
1579 2230 1740 2301 spiri-

163 2324 332 2379 tuall-s
362 2322 518 2377 alieni
556 2321 766 2391 peccati
808 2322 1246 2379 emendationem
1290 2328 1634 2391 exspectant,
1666 2320 1742 2375 ita

160 2412 397 2483 protervi
456 2412 896 2481 delinquentibus
956 2411 1254 2467 deridenda
1327 2410 1609 2467 insultant.
1675 2410 1744 2465 Et

161 2512 421 2572 quantum
458 2503 513 2557 in
536 2502 667 2572 ipsis
691 2508 794 2567 est,
819 2515 913 2556 eos
937 2500 1267 2557 insanabiles
1286 2506 1499 2570 putant,
1523 2512 1626 2554 nec
1649 2497 1744 2553 de-

161 2593 374 2646 clinant
406 2606 502 2646 cor
525 2590 593 2645 ad
624 2590 989 2660 compatiendi
1024 2589 1487 2655 misericordiam,
1520 2588 1617 2644 sed
1643 2602 1739 2643 su-

161 2683 536 2757 pervenientes
562 2683 902 2738 detestantur
930 2690 1094 2751 ntque
1124 2680 1525 2753 blasphemant.
1548 2678 1741 2736 Pleri-

162 2790 261 2845 que
287 2775 694 2845 eorreptionem
737 2790 894 2831 suam
942 2773 1179 2829 ofﬁcium
1231 2773 1517 2831 cbaritatis
1553 2773 1743 2829 existi-

164 2879 330 2933 mant.
380 2869 631 2938 Plerique
667 2883 798 2924 vero
839 2868 945 2924 hoc
991 2868 1168 2938 ipsum
1200 2868 1345 2937 quod
1381 2882 1448 2922 ex
1474 2867 1742 2922 charitate

162 2963 526 3033 corripiuntur
550 2963 621 3018 ad
649 2961 859 3030 injuria:
891 2958 1276 3017 contumeliam
1315 2958 1555 3015 trahunt.
1586 2958 1741 3015 Unde

160 3056 341 3110 evenit
389 3064 449 3109 ιιι
498 3070 566 3109 ex
619 3070 688 3110 eo
743 3054 1042 3110 deteriores
1093 3053 1412 3117 etliciantur,
1444 3060 1552 3123 .per
1595 3052 1740 3121 quod

163 3146 436 3205 emendari
466 3146 765 3201 obediendo
792 3152 1102 3215 potuerunt.
1141 3145 1445 3200 Salubriter
1468 3144 1744 3214 accipiunt

161 3233 281 3306 justi
320 3234 538 3305 quoties
565 3234 632 3290 de
659 3234 774 3290 suis
808 3234 1126 3290 excessibus
1167 3242 1487 3304 arguuntur.
1535 3232 1744 3303 lniquis

166 3324 391 3382 molesta
427 3333 512 3380 est
553 3324 778 3405 veritas,
814 3332 870 3378 et
911 3339 1097 3379 amara
1148 3323 1435 3393 disciplina
1476 3322 1741 3392 justitize;

168 3427 258 3470 nec
281 3414 622 3470 delectantur
657 3414 760 3470 nisi
790 3413 1058 3485 placentia
1079 3414 1309 3484 pr0prite
1333 3413 1741 3470 imbecillitatis.

166 3503 333 3561 Corda
362 3505 712 3575 reproborum
758 3504 967 3561 lubrica
1003 3513 1131 3559 sunt
1175 3504 1244 3559 ad
1285 3503 1488 3558 malum
1518 3517 1747 3559 consen-

170 3595 407 3651 tiendum
434 3603 490 3651 et
508 3596 676 3659 fluxa,
703 3596 769 3650 ad
789 3596 990 3651 bonum
1020 3610 1151 3651 vero
1173 3595 1619 3661 consentiendum
1650 3594 1746 3650 du-

170 3686 397 3743 rissima.
431 3686 507 3742 De
535 3687 733 3741 talibus
763 3683 1017 3742 Salomon
1040 3686 1119 3742 ait
1149 3704 1163 3740 :
1190 3685 1294 3752 Qui
1330 3685 1504 3740 erudit
1546 3685 1747 3740 deriso-

171 3792 287 3844 rem,
315 3777 429 3846 ipse
459 3776 557 3830 sibi
586 3776 718 3846 facit
741 3776 995 3846 iniuriam
1021 3774 1203 3848 (Prov.
1234 3791 1315 3842 lx,
1352 3773 1450 3845 ⁸1).
1486 3775 1564 3830 De
1602 3775 1746 3831 bono

168 3874 382 3923 autem:
418 3866 557 3921 Doce
594 3866 802 3937 justum
841 3865 1059 3937 (inquit)
1090 3878 1139 3921 et
1176 3865 1445 3936 festinabit
1486 3866 1741 3937 accipere.

168 3955 228 4012 In
253 3958 433 4013 odium
457 3958 597 4013 enim
620 3968 798 4013 contra
826 3958 1188 4029 corripientem
1208 3975 1287 4024 se,
1312 3958 1532 4013 vertitur
1549 3957 1741 4013 malus.

167 4043 339 4118 (Greg.
358 4046 450 4101 lib.
465 4063 557 4112 xx,
574 4064 622 4102 c.
638 4047 727 4112 2i,
748 4047 946 4119 Expos.
970 4061 1128 4113 mor.,
1146 4047 1313 4102 inJob
1336 4065 1455 4119 cap.
1483 4048 1618 4121 xix).
1635 4047 1745 4104 Sed

166 4135 209 4189 si
223 4138 285 4190 ab
298 4137 671 4208 increpatione
694 4139 835 4194 illius
853 4138 1054 4196 idcirco
1073 4139 1382 4204 reticcmus,
1400 4139 1527 4209 quia
1553 4147 1743 4195 contra

170 4242 261 4283 nos
274 4230 557 4301 insurgere
568 4232 688 4286 odia
709 4231 1079 4297 formidamus,
1095 4248 1201 4288 non
1217 4229 1333 4299 jam
1347 4232 1492 4287 lucra
1514 4230 1631 4296 Dei,
1645 4231 1743 4286 sed

169 4331 348 4376 nostra
364 4323 553 4393 procul
571 4323 733 4379 dubio
756 4324 1069 4395 quaerimus.
1099 4322 1391 4379 Sciendum
1414 4337 1743 4395 magnopere

168 4422 245 4469 est
269 4416 414 4485 quod
438 4432 824 4488 nonnunquam
849 4434 972 4475 cum
999 4419 1397 4488 redarguuntur
1424 4418 1601 4489 pravi,
1641 4418 1740 4479 de-

170 4506 393 4561 teriores
427 4507 688 4572 existunt,
720 4524 926 4579 nosque
955 4509 1167 4580 magnis
1194 4509 1334 4564 odiis
1360 4508 1739 4577 insequuntur.

167 4594 295 4665 Ipsis
322 4613 455 4669 ergo
481 4607 537 4655 et
573 4614 681 4653 non
726 4600 881 4654 nobis
924 4601 1223 4669 parcimus,
1252 4599 1298 4654 si
1325 4600 1397 4654 ab
1432 4614 1623 4654 eorum
1659 4613 1746 4654 re-

167 4688 482 4758 dargutione
528 4704 628 4759 pro
674 4704 863 4745 eorum
904 4705 1088 4745 amore
1134 4705 1433 4746 cessamus.
1470 4690 1624 4746 Unde
1651 4704 1745 4746 ne-

166 4792 311 4836 cesse
332 4788 417 4837 est
444 4781 599 4836 nobis
618 4789 678 4835 ut
698 4779 987 4851 aliquando
1011 4780 1305 4838 toleremus
1334 4781 1571 4837 tacendo
1599 4781 1745 4853 quod

168 4880 318 4937 sunt,
362 4880 628 4941 quatenus
653 4871 709 4926 in
738 4871 897 4927 nobis
929 4871 1143 4928 discant
1184 4871 1416 4927 videndo
1444 4872 1590 4942 quod
1628 4886 1741 4928 non

167 4968 307 5016 sunt.
340 4960 458 5017 Non
478 4969 565 5017 est
586 4961 806 5018 omnino
821 4960 973 5031 justo
998 4961 1320 5029 timendum,
1344 4976 1415 5018 ne
1438 4963 1566 5018 dum
1595 4962 1746 5032 quis-

166 5068 267 5124 que
289 5056 602 5127 corripitur,
647 5057 1003 5114 contumelias
1039 5056 1261 5124 inferat,
1303 5057 1399 5115 sed
1439 5068 1509 5112 ne
1539 5064 1745 5113 tractus

167 5147 232 5202 ad
253 5144 437 5204 odium
457 5189 473 5216 ,
503 5149 657 5220 pejor
685 5150 800 5204 ﬁat.
846 5148 1158 5204 Cavendum
1187 5158 1530 5218 summopere
1563 5154 1651 5202 est
1675 5161 1745 5203 ne

167 5235 516 5301 immoderate
557 5240 793 5312 linguam
837 5240 1140 5312 loquacitas
1178 5230 1480 5308 pertrabat,
1510 5253 1743 5308 eamque

168 5332 231 5391 ad
260 5332 539 5388 lasciviam
565 5333 979 5389 obtrectationis
1008 5331 1286 5397 extendat,
1317 5346 1385 5386 ne
1409 5331 1594 5385 odium
1624 5344 1740 5383 ma-

167 5416 276 5476 litia
305 5423 520 5486 excitet,
554 5430 609 5477 et
637 5435 808 5492 usque
840 5424 908 5478 ad
941 5421 1122 5492 jacula
1152 5419 1548 5477 maledictionis
1576 5418 1735 5475 incli-

167 5520 271 5566 net.
301 5512 439 5570 Iiinc
477 5512 734 5570 Salomon
775 5514 886 5568 ait:
909 5514 1082 5585 Argue
1111 5512 1418 5582 sapientem,
1449 5519 1497 5565 et
1539 5509 1735 5565 amabit

168 5611 230 5663 te.
257 5606 608 5676 insipientem,
632 5616 680 5661 et
704 5606 916 5677 adjiciet
943 5606 1114 5660 odisse
1133 5615 1201 5659 te.
1243 5604 1347 5671 Qui
1372 5603 1542 5673 diligit
1567 5601 1730 5656 disci-

167 5696 379 5762 plinam,
423 5697 592 5770 diligit
615 5713 844 5753 sensum.
886 5694 1026 5750 Nam
1062 5695 1149 5770 qui
1182 5694 1287 5749 odit
1323 5702 1622 5767 arguentem
1652 5708 1726 5758 se,

1845 1838 1986 1892 rexit
2006 1846 2062 1893 et
2084 1838 2360 1895 osculatus
2392 1848 2475 1895 εει
2510 1848 2656 1897 eum.
2702 1840 2769 1894 Et
2796 1839 3107 1910 adgaudens
3127 1839 3179 1895 ei
3209 1839 3437 1912 rogabat

1843 1934 1903 1980 ut
1950 1935 2191 1982 sumeret
2218 1925 2421 1982 cibum.
2456 1927 2558 1995 Qui
2588 1936 2643 1983 et
2672 1929 2748 1983 ita
2786 1927 2934 1985 fecit.
2972 1928 3168 1984 Frater
3199 1929 3434 1985 interro-

1842 2014 1987 2089 gavit
2045 2018 2297 2075 abbatem
2340 2019 2621 2075 Pastorem
2676 2020 2863 2075 dicens
2913 2035 2927 2074 :
2978 2019 3107 2075 Feci
3152 2030 3436 2095 peccatum
3493 2089 3505 2099 _

1773 2139 1781 2145 -
1844 2109 2067 2179 grande,
2097 2117 2153 2166 et
2180 2108 2299 2163 volo
2333 2098 2628 2165 triennium
2667 2110 2954 2179 pmuitere.
2992 2108 3144 2165 Dixit
3170 2118 3352 2167 autem
3383 2110 3434 2165 ei

1845 2201 2015 2255 abbas
2036 2198 2230 2255 Pastor
2257 2220 2271 2255 :
2302 2196 2528 2256 Multum
2555 2211 2656 2257 est.
2691 2202 2759 2256 Et
2782 2201 2921 2258 dixit
2942 2201 2993 2258 ei
3022 2201 3193 2256 frater
3225 2220 3236 2259 :
3266 2201 3434 2265 Iubes

1845 2307 2010 2344 unum
2040 2306 2260 2346 annum.
2294 2291 2360 2346 Et
2395 2291 2532 2349 dixit
2577 2292 2774 2349 iterum
2813 2308 2978 2350 senex
3012 2310 3025 2347 :
3062 2292 3286 2349 Multum
3330 2303 3435 2349 est.

1847 2376 1949 2450 Qui
1976 2391 2154 2437 autem
2176 2393 2473 2452 praesentes
2495 2393 2686 2450 erant,
2724 2385 2976 2441 dicebant
3007 2400 3175 2456 usque
3201 2384 3271 2440 ad
3303 2402 3430 2458 qua-

1846 2473 2094 2545 draginta
2136 2475 2270 2529 dies.
2308 2476 2488 2532 Senex
2531 2478 2728 2533 iterum
2757 2478 2936 2534 dixit:
2972 2478 3197 2533 Multum
3236 2490 3340 2534 est.
3374 2479 3442 2534 Et

1847 2564 2043 2635 adjecit
2057 2567 2241 2623 dicens
2260 2587 2272 2623 :
2298 2569 2406 2640 Ego
2422 2578 2553 2639 puto
2568 2571 2693 2641 quia
2711 2570 2754 2627 si
2779 2578 2889 2626 toto
2904 2572 3066 2627 corde
3082 2572 3243 2627 homo
3263 2570 3438 2643 putui-

1846 2658 2068 2713 tentiam
2092 2667 2235 2731 agat,
2259 2660 2423 2715 etiam
2453 2661 2758 2717 triduanum
2779 2661 3151 2732 pmnitentiam
3176 2661 3441 2733 suscipiat

1847 2743 2009 2801 Deus.
2034 2747 2394 2820 Interrogavit
2422 2750 2590 2806 abbas
2616 2748 2818 2822 Ioseph
2849 2752 3100 2807 abbatem
3130 2752 3203 2807 Pa
3216 2761 3434 2809 αισι-ειη.

1845 2838 2030 2897 dicens
2057 2858 2069 2894 :
2119 2836 2398 2906 Quomodo
2420 2856 2556 2912 opus
2581 2850 2665 2897 est
2694 2841 2978 2911 jejuuare‘?
3002 2842 3069 2897 Et
3098 2842 3235 2897 dixit
3258 2843 3433 2898 abbas

1843 2929 2035 2985 Pastor
2061 2948 2072 2983 :
2102 2918 2213 3002 Εέο
2241 2930 2363 2986 volo
2399 2940 2457 2986 ut
2485 2933 2722 3002 quotidie
2754 2933 2876 3003 quis
2903 2933 3262 2998 manducans,
3293 2948 3429 3003 pan-

1845 3019 2011 3075 Iulum
2045 3021 2329 3075 subtrahat
2370 3021 2472 3078 sibi
2502 3038 2570 3079 ne
2597 3023 2848 3078 satietur.
2894 3023 2962 3078 Et
2996 3024 3135 3080 dixit
3177 3024 3227 3079 ei
3264 3025 3438 3080 abbas

1767 3106 1814 3168 C
1842 3110 2042 3180 Joseph
2061 3129 2073 3164 :
2092 3111 2233 3181 Ergo
2259 3113 2475 3193 quando
2502 3128 2625 3169 cras
2643 3115 2881 3185 juvenis,
2918 3131 3023 3171 non
3046 3115 3332 3185 jejunabas
3360 3116 3440 3170 bi-

1846 3203 2090 3260 duanas?
2132 3204 2279 3259 Dixit
2324 3220 2490 3261 senex
2534 3225 2547 3260 :
2598 3205 2771 3262 Crede
2804 3207 2958 3271 mihi,
3008 3206 3200 3273 frater,
3232 3209 3358 3278 quia
3384 3218 3440 3263 ct

1847 3293 2147 3357 triduanas,
2182 3302 2239 3347 et
2266 3293 2683 3350 hebdomadam.
2737 3294 2845 3353 Sed
2889 3298 3001 3353 lucc
3026 3298 3206 3352 omnia
3248 3299 3442 3368 proba-

1845 3393 2041 3439 verunt
2083 3400 2241 3441 senes
2280 3386 2483 3457 magni,
2522 3395 2579 3442 et
2606 3387 2935 3445 invenerunt
2961 3390 3088 3458 quia
3120 3390 3321 3445 bonum
3353 3400 3442 3445 est

1776 3488 1785 3500 ·
1846 3474 2088 3545 quotidie
2135 3474 2485 3543 manducare,
2529 3492 2726 3547 parum
2778 3477 2882 3534 sibi
2935 3479 3327 3544 subtrahendo,
3381 3489 3440 3535 et

1844 3565 2200 3619 ostenderunt
2250 3565 2408 3621 nobis
2453 3566 2597 3622 viam
2636 3568 2777 3624 hanc
2823 3568 3080 3640 regalem,
3111 3570 3244 3641 quia
3271 3570 3441 3631 levior

1846 3664 1929 3710 est
1956 3663 2012 3709 et
2038 3652 2234 3709 facilis.

2428 3726 2659 3784 CAPUT
2696 3728 2856 3785 XL".

2307 3797 2386 3852 De
2417 3798 2527 3853 zelo
2555 3801 2781 3868 pastoris
2811 3801 2982 3868 officii.

1916 3862 2121 3937 (στερη
2143 3867 2199 3921 in
2221 3866 2414 3923 Ezech.
2443 3868 2536 3924 lib.
2555 3862 2600 3934 ι,
2622 3871 2764 3927 hom.
2794 3862 2906 3943 li.)
2930 3872 3121 3929 Omnis
3139 3875 3441 3946 spiritualis

1845 3958 1994 4013 zelus
2021 3959 2260 4031 doctoris
2299 3960 2539 4015 animum
2592 3960 2762 4029 frigit,
2798 3964 2926 4032 quia
2966 3964 3122 4021 valde
3160 3967 3439 4021 cruciatur

1845 4048 1973 4105 dum
2003 4048 2247 4104 infirmos
2284 4064 2528 4119 quosque
2553 4061 2761 4106 aeterna
2788 4052 3043 4108 deserere
3061 4094 3076 4119 ,
3104 4056 3270 4109 rebus
3300 4064 3437 4111 tcma

1844 4137 2120 4208 poralibus
2143 4137 2401 4193 delectari
2449 4140 2735 4209 conspicit.
2774 4139 2990 4197 Nullum
3031 4144 3230 4213 quippe
3256 4146 3434 4201 omni~

1843 4227 2048 4299 potenti
2078 4227 2188 4282 Deo
2213 4228 2318 4282 tale
2350 4235 2435 4283 est
2461 4230 2807 4293 sacrificium,
2838 4232 2997 4302 quale
3026 4243 3111 4289 est
3136 4234 3284 4290 zelus
3315 4236 3431 4291 ani-

1843 4312 2078 4383 marum,
2107 4320 2249 4376 sicut
2271 4319 2557 4377 Psalmista
2582 4322 2661 4377 ait
2692 4338 2707 4376 :
2736 4321 2894 4378 Zelus
2915 4324 3103 4379 domus
3127 4336 3234 4380 tua:
3261 4344 3436 4383 come-

1844 4409 1920 4463 dit
1947 4426 2028 4463 me
2059 4407 2231 4481 (Psal.
2278 4412 2491 4483 vaut).
2538 4412 2811 4479 Quantum
2847 4413 3056 4470 frixura
3100 4416 3281 4472 cordis
3308 4433 3433 4488 quae

1844 4514 1948 4571 pro
1974 4499 2244 4570 spirituali
2290 4502 2409 4559 ιειο
2448 4503 2648 4574 agitur.
2680 4504 3035 4575 omnipotenti
3065 4506 3296 4563 Domino
3324 4509 3436 4579 pla-

1846 4599 1953 4659 cet,
1981 4600 2166 4662 aperte
2195 4592 2519 4660 ostenditur,
2550 4610 2675 4649 eum
2705 4595 2891 4651 otl'erri
2920 4610 3017 4666 per
3044 4597 3220 4669 legem
3250 4600 3430 4654 simila

1847 4686 1904 4747 in
1938 4687 2209 4744 sacriﬁcio
2232 4686 2475 4756 jubetur.
2524 4688 2801 4760 Scriptum
2830 4690 3029 4759 quippe
3052 4699 3138 4746 est
3171 4709 3185 4745 :
3220 4690 3290 4746 In
3321 4709 3433 4746 sar-

1846 4779 2020 4850 tagine
2045 4777 2159 4834 oleo
2174 4795 2455 4850 conspersa
2475 4780 2724 4851 (rigatur,
2752 4782 3036 4852 afferatque
3055 4799 3171 4837 eam
3201 4783 3431 4838 calidam

1845 4871 1901 4925 in
1922 4870 2136 4931 odorant
2166 4871 2535 4927 suavissimum
2578 4871 2805 4927 Domino
2852 4873 3118 4939 sacerdos,
3157 4877 3249 4946 qui
3291 4874 3434 4946 patri

1837 4958 1961 5029 jure
1986 4962 2374 5027 successerit,et
2393 4972 2502 5025 toto
2523 4963 2909 5018 cremabiturin
2935 4964 3094 5021 altari
3115 4967 3305 5038 (Leuit.
3328 4970 3428 5038 νι).

1846 5052 1999 5108 Tune
2034 5053 2212 5109 simila
2241 5054 2296 5112 in
2326 5055 2606 5126 sartagine
2628 5054 2867 5126 frigitur,
2895 5073 3017 5112 cum
3051 5060 3251 5116 munda
3279 5076 3434 5120 mens

1840 5142 1970 5213 justi
1996 5160 2095 5215 per
2123 5145 2224 5201 zeli
2266 5146 2442 5201 sancti
2476 5146 2725 5202 ardorem
2765 5156 3059 5205 crematur.
3096 5151 3231 5216 Qua:
3270 5164 3430 5207 coris-

1842 5237 1994 5308 pergi
2022 5237 2143 5292 oleo
2170 5239 2502 5308 praecipitur,
2550 5239 2602 5293 id
2647 5248 2752 5303 est,
2792 5252 2916 5299 cum
2943 5256 3042 5311 per
3069 5244 3349 5299 charitatis
3376 5252 3432 5299 et

1846 5329 2236 5386 misericordia:
2273 5331 2484 5386 viscera
2511 5332 2566 5386 in
2590 5341 2880 5403 conspectu
2911 5334 3301 5404 omnipotentis
3331 5333 3426 5390 Dei

1844 5420 2076 5477 ardetet
2113 5421 2274 5476 lueet.
2311 5422 2462 5478 Unde
2499 5432 2555 5477 et
2588 5424 2764 5479 calida
2810 5426 2865 5480 in
2906 5427 3126 5481 odorem
3170 5425 3428 5480 suavissio

1843 5524 1989 5566 mum
2037 5512 2265 5567 Domino
2310 5513 2492 5569 offerri
2539 5516 2873 5586 praecipitur,
2917 5517 3042 5587 quia
3088 5516 3132 5570 si
3182 5527 3425 5570 amorem

1840 5602 1989 5659 zelus
2016 5620 2124 5659 non
2151 5604 2335 5670 habet,
2365 5620 2426 5661 ca
2453 5622 2574 5675 quae
2608 5606 2674 5662 de
2702 5606 2976 5674 sartagine
2998 5603 3242 5668 offertur,
3268 5604 3416 5660 εειΙοι

1838 5708 1951 5749 rem
1972 5693 2146 5749 simila
2170 5695 2367 5751 amisit.
2404 5695 2706 5754 Notandum
2742 5694 2894 5752 valde
2920 5702 3005 5751 est
3033 5694 3154 5767 quis
3181 5694 3418 5754 similam
