3960 6206
496 328 602 384 659

1783 320 2138 378 SMARAGDI
2177 319 2468 377 ABBATIS

3662 329 3772 384 liii)

497 442 692 499 ofl'erre
726 439 1057 511 pnecipitur,
1079 436 1331 495 videlicet
1357 437 1609 495 sacerdos
1628 437 1775 493 Patri
1795 438 1918 508 jure
1947 453 2064 494 suc-
2101 442 2153 500 Α
2177 436 2274 491 tim
2299 437 2575 507 corrigere
2617 450 2954 507 nequaquam
2980 436 3278 493 existimat.
3329 438 3469 493 Nam
3509 439 3557 495 si
3596 441 3774 497 carri.

497 533 744 590 cesserit.
786 531 878 586 ille
916 529 1059 586 enim
1089 530 1345 587 sacerdos
1376 528 1523 587 Patri
1551 528 1678 599 iure
1714 529 1957 586 succedit
1982 530 2075 601 qui

498 640 621 682 esse
642 639 702 679 se
726 622 1113 694 omnipotentis
1130 622 1424 679 DeiFilium
1450 623 1693 679 moribus
1719 622 2076 688 demonstrat,

499 722 555 769 et
584 712 674 783 qui
704 726 735 766 a
766 710 1046 767 nobilitate
1074 710 1286 776 intima,
1322 725 1547 780 operum
1575 726 1797 766 suorum
1827 710 2078 782 ignobili-

503 810 611 859 tate
635 820 742 859 non
769 803 1059 874 discrepat.
1084 802 1213 870 Quae
1244 802 1298 858 in
1337 803 1500 857 altari
1532 811 1644 858 tota
1684 802 1915 858 cremari
1944 818 2082 874 prte-

499 897 721 967 cipitur,
759 904 822 951 ut
845 895 1095 951 videlicet
1126 895 1500 952 holocaustum
1529 894 1642 950 fiat.
1671 895 1859 951 Simila
1897 894 2083 966 itaque

501 990 557 1044 in
582 988 855 1060 sartagine
881 996 967 1043 est
999 987 1197 1043 munda
1234 1002 1387 1043 mens
1403 986 1537 1056 justi
1563 986 1617 1041 in
1648 987 1751 1041 seli
1785 984 2085 1056 spiritualis

504 1079 813 1142 amictione,
829 1093 950 1148 qua:
970 1091 1068 1148 per
1086 1076 1504 1133 sollicitudinem
1518 1076 1823 1131 animarum
1843 1074 2083 1145 frigitur,

502 1177 560 1224 et
599 1186 703 1224 non
742 1168 918 1224 solum
965 1168 1316 1233 sacriﬁcium,
1367 1168 1462 1224 sed
1500 1168 1666 1224 etiam
1707 1165 2083 1222 holocaustum

505 1259 734 1314 Domino
760 1274 881 1315 esse
909 1258 1222 1329 deputatur.
1271 1256 1559 1314 Sarmentus
1602 1274 1724 1329 ergo
1763 1257 2084 1327 sartaginem

506 1351 751 1420 ferream,
780 1360 828 1405 et
856 1367 1111 1422 ponamus
1132 1367 1248 1405 eam
1274 1367 1483 1405 murum
1514 1350 1743 1421 ferreum
1765 1351 1902 1405 inter
1927 1359 2085 1405 noset

506 1440 768 1497 ciritatent
797 1430 1014 1513 (ΕιεὶΙι.
1046 1441 1146 1515 tv),
1183 1442 1239 1498 id
1266 1451 1370 1508 est,
1402 1457 1743 1498 assumamus
1773 1442 1948 1497 zelum
1975 1441 2087 1499 lor-

509 1540 619 1587 tem
642 1572 660 1597 ,
705 1539 768 1587 ut
802 1533 945 1587 inter
988 1547 1088 1588 nos
1114 1540 1171 1587 et
1204 1532 1470 1587 auditoris
1508 1533 1681 1588 nostri
1722 1533 1960 1587 animam
2003 1533 2086 1587 in-

507 1621 790 1678 veniamus
850 1623 989 1678 hanc
1045 1622 1390 1692 postmodum
1443 1621 1640 1678 fortem
1707 1622 2081 1678 munitionem.

508 1709 662 1768 Tunc
685 1712 830 1768 enim
872 1714 1019 1769 hunc
1045 1728 1258 1767 murum
1299 1711 1539 1769 ferreum
1574 1713 1843 1767 inventuri
1871 1725 2082 1776 sumus,

508 1802 555 1858 si
600 1816 745 1857 nunc
780 1817 905 1857 eum
943 1801 1156 1858 fortiter
1201 1810 1484 1868 tenemus,
1524 1802 1775 1858 videlicet
1814 1802 2080 1868 docendo,
2112 1789 2162 1851 B

506 1892 878 1959 custodiendo,
922 1893 1214 1960 suadendo,
1261 1893 1610 1964 increpando,
1641 1893 1946 1958 mulcendo,
1976 1901 2085 1949 ter-

507 1984 709 2049 rendo,
745 1982 1032 2054 aliquando
1062 1983 1278 2050 leniter,
1322 1984 1610 2054 aliquando
1638 1983 1801 2038 etiam
1844 1984 2087 2039 severius

420 2115 433 2127 .
507 2074 734 2146 agendo.
777 2071 921 2147 (Huc
961 2091 1121 2146 usque
1145 2071 1326 2148 (ἶνες.)
1354 2073 1584 2130 Necesse
1607 2082 1693 2129 est
1725 2082 1783 2130 ut
1818 2074 1923 2131 hoc
1961 2082 2088 2130 ante

504 2165 685 2221 omnia
711 2164 803 2239 qui
821 2164 946 2222 zelo
966 2158 1304 2222 rectitudinis
1331 2174 1593 2233 movetur,
1617 2165 1879 2230 attendat.
1915 2178 1981 2220 ne
2004 2164 2086 2219 ira
2146 2157 2155 2166 ”

503 2266 660 2311 extra
688 2256 887 2312 mentis
932 2255 1230 2312 dominium
1277 2264 1567 2311 transeat:
1605 2255 1703 2311 sed
1740 2254 1797 2308 in
1823 2253 2087 2309 ultionem

504 2347 714 2417 peccati
763 2352 973 2417 tempus
1029 2347 1355 2417 modumque
1395 2346 1768 2411 considerans,
1817 2345 2089 2417 surgentis

505 2434 672 2493 animi
715 2437 1177 2507 perturbationem
1206 2437 1459 2492 subtilius
1487 2436 1834 2492 retractando
1862 2436 2089 2492 restrin-

506 2537 621 2600 gat,
652 2529 1057 2585 animositatem
1097 2529 1379 2601 reprimat,
1422 2538 1480 2585 et
1513 2538 1693 2586 motus
1727 2529 1964 2585 fervidos
1988 2529 2088 2586 sub

505 2618 1054 2691 aequitate-disponat,
1083 2628 1145 2675 ut
1186 2633 1253 2676 eo
1294 2619 1388 2675 llat
1413 2618 1615 2689 iustior
1657 2619 1803 2675 ultor
1852 2619 2086 2687 alienus,

506 2727 617 2783 quo
647 2710 799 2782 prius
822 2711 1032 2767 exstitit
1068 2712 1245 2767 victor
1266 2727 1418 2767 suus.
1447 2711 1552 2780 Qui
1587 2711 1705 2767 zelo
1749 2712 2089 2769 rectitudinis

505 2809 786 2868 movetur,
816 2801 896 2858 sic
921 2801 1105 2874 culpas
1123 2801 1550 2874 delinquentium
1574 2803 1843 2877 corrigat,
1882 2811 1942 2859 ut
1963 2811 2091 2860 ante

508 2895 624 2965 ipse
647 2894 741 2965 qui
768 2895 1015 2966 corrigit,
1062 2911 1161 2967 per
1185 2895 1507 2966 patientiam
1546 2905 1779 2963 crescat,
1813 2904 1875 2952 ut
1911 2896 2090 2954 fervo-

506 2999 625 3041 rem
664 3000 820 3040 situm
845 2984 1276 3041 transcendendo
1300 2985 1559 3056 dijudicet
1580 3028 1597 3055 ,
1631 3002 1701 3043 ne
1726 2987 2090 3057 intemperan-

508 3085 594 3132 ter
610 3076 881 3131 excitatus
908 3077 1026 3147 ipso
1057 3076 1173 3132 zelo
1196 3077 1561 3144 rectitudinis,
1635 3077 1794 3148 longe
1818 3092 1850 3132 a
1872 3080 2088 3136 rectitu-

508 3168 635 3224 dine
660 3167 931 3225 subcrret.
1612 3209 1621 3215 .

1083 3259 1311 3315 CAPUT
1348 3259 1526 3315 XLlll.

937 3352 1015 3408 De
1044 3352 1298 3408 doctrinm
1322 3354 1659 3409 discretione.
2080 3422 2085 3425 _

578 3444 762 3519 (Isid.,
785 3442 876 3500 lib.
900 3462 962 3500 ιιι
989 3434 1164 3511 Sent.,
1188 3464 1304 3518 cap.
1329 3446 1418 3513 4‘5,
1440 3446 1531 3512 44,
1556 3447 1671 3520 46.)
1700 3446 1815 3503 Non
1838 3450 2089 3505 omnibus

507 3552 613 3593 una
635 3536 933 3607 eademque
973 3537 1218 3592 doctrina
1253 3546 1338 3593 est
1362 3538 1689 3604 adhibenda,
1720 3538 1815 3593 sed
1840 3553 1939 3610 pro
1964 3553 2091 3610 qua-

507 3627 661 3684 litate
689 3643 898 3684 morum
925 3628 1154 3685 diversa:
1186 3627 1296 3683 sint
1332 3628 1739 3682 exhortationes
1782 3627 2085 3683 doctorum.

509 3718 644 3773 Nam
666 3720 926 3789 quosdam
952 3718 1249 3788 increpatio
1279 3720 1434 3785 dura,
1461 3720 1723 3789 quosdam
1747 3734 1875 3775 vero
1893 3719 2091 3774 exhor-

509 3810 643 3863 tatio
666 3808 891 3879 corrigit
927 3808 1143 3863 blanda.
1194 3809 1349 3865 Sicut
1388 3810 1545 3880 periti
1575 3808 1769 3865 medici
1801 3811 1866 3864 ad
1904 3811 2092 3866 varios

509 3902 753 3972 corporis
794 3903 1012 3959 morbos
1054 3901 1267 3958 diverso
1316 3904 1671 3960 medicamine
1712 3905 1973 3970 serviunt,
2017 3905 2090 3960 ita

508 4001 571 4047 ut
589 3990 745 4061 juxta
768 3991 1053 4064 vulnerum
1080 3993 1403 4050 varietatem
1429 3995 1699 4051 medicina
1729 3996 1943 4051 diversa
1973 3996 2046 4051 sit
2072 4013 2086 4051 :

508 4084 591 4140 sic
617 4093 674 4139 et
700 4083 892 4141 doctor
920 4083 1177 4140 Ecclesia:
1216 4085 1443 4155 singulis
1470 4087 1771 4157 quibusque
1793 4101 2090 4157 congruum

509 4176 770 4233 doctrina:
810 4175 1106 4232 remedium
1139 4177 1440 4243 adhibebit,
1465 4178 1675 4249 etquid
1713 4179 1908 4248 cuique
1931 4180 2092 4249 opor-

510 4273 622 4321 teat
654 4281 754 4337 pro
780 4275 961 4339 aetate,
993 4283 1091 4338 pro
1113 4282 1246 4323 sexu
1269 4284 1334 4323 ac
1360 4269 1698 4340 professione
1721 4269 2088 4325 annuntiabit.

508 4356 687 4412 Prima
733 4359 932 4430 quippe
962 4358 1261 4429 prudentiae
1290 4360 1462 4417 virtus
1499 4370 1609 4427 est,
1654 4375 1777 4416 eam
1806 4376 1970 4433 quam
1996 4362 2094 4418 do-

2179 543 2308 601 gerc
2343 538 2523 600 potest
2548 537 2605 584 ct
2632 528 2968 594 dissimulat,
3016 544 3205 584 verum
3241 538 3329 586 est
3366 530 3511 601 quod
3538 534 3778 589 consen-

2176 634 2297 677 sum
2323 621 2529 677 erroris
2548 619 2708 676 alieni
2733 620 2948 675 habeat.
2968 618 3295 690 Plerumque
3319 621 3494 676 sancti
3517 621 3777 681 doctores

2178 727 2278 783 pro
2298 712 2424 766 mali
2444 710 2766 782 pertinacia,
2783 709 2911 780 quia
2926 709 3143 780 iniquos
3152 711 3448 765 emendare
3466 723 3771 781 nequeam,

2180 803 2267 858 his
2319 809 2503 858 tacere
2553 801 2849 873 disponunt
2898 818 2913 854 :
2968 801 3067 855 sed
3117 800 3359 856 calorem
3393 802 3624 872 spiritus
3663 819 3776 873 quo

2181 901 2413 964 aguntur
2439 892 2585 946 ferre
2613 907 2721 946 non
2750 890 3107 957 sustinentes,
3136 890 3333 945 iterum
3363 891 3420 946 in
3449 892 3781 962 increpatio-

2181 998 2305 1040 ncm
2333 983 2620 1055 prosiliunt
2656 983 2989 1052 iniquorum.
3021 981 3124 1050 Qui
3153 991 3414 1051 praesunt,
3454 997 3557 1053 pro
3587 986 3775 1040 subdi.

2184 1085 2361 1133 torum
2402 1074 2690 1145 iniquitate
2731 1074 3081 1137 damnantur,
3108 1073 3159 1129 si
3192 1088 3289 1128 eos
3321 1081 3417 1128 aut
3455 1074 3778 1145 ignorantes

2184 1181 2292 1222 non
2321 1165 2617 1230 erudiant,
2661 1171 2756 1219 aut
2787 1171 3079 1235 peccantes
3106 1177 3213 1218 non
3239 1170 3473 1233 arguant
3501 1180 3517 1218 :
3557 1164 3776 1225 dicente

2185 1258 2414 1313 Domino
2443 1255 2509 1311 ad
2535 1252 2855 1327 prophetam
2890 1272 2904 1309 :
2935 1252 3330 1325 Speculatorem
3367 1264 3416 1309 te
3440 1254 3567 1309 dedi
3593 1256 3778 1310 domui

2186 1348 2376 1405 Israel.
2407 1348 2469 1405 Si
2504 1367 2608 1405 non
2629 1349 2792 1419 fueris
2813 1347 3041 1413 locutus,
3068 1358 3126 1402 ut
3155 1364 3211 1402 se
3233 1348 3494 1402 custodiat
3518 1348 3715 1417 impius
3742 1365 3776 1402 ιι

2184 1441 2270 1496 via
2298 1456 2420 1505 sua,
2468 1440 2559 1495 ille
2589 1441 2647 1495 in
2684 1440 2961 1511 iniquitate
2988 1436 3091 1494 sua
3133 1439 3409 1505 morietur,
3458 1441 3774 1510 sanguinein

2186 1541 2361 1587 autem
2402 1533 2517 1603 ejus
2544 1532 2611 1587 de
2644 1542 2809 1586 manu‘
2833 1542 2927 1585 tua
2951 1531 3215 1602 requiram
3246 1530 3469 1598 (Ezech.
3511 1530 3623 1602 ιιι).
3673 1531 3779 1600 Qui

2185 1633 2385 1694 praeest
2413 1639 2600 1680 curam
2629 1623 2790 1680 debet
2834 1623 3038 1679 habere
3072 1621 3142 1677 de
3180 1621 3249 1677 iis
3274 1622 3367 1692 qui
3413 1629 3666 1691 pereunt,
3714 1630 3781 1677 ut

2189 1716 2310 1787 ejus
2336 1715 2718 1786 redargutione
2743 1722 2837 1770 aut
2867 1713 3215 1784 corrigantur
3247 1728 3278 1767 a
3306 1711 3574 1782 peccatis,
3607 1721 3706 1766 aut
3730 1714 3780 1767 si

2188 1805 2583 1877 incorrigibiles
2616 1806 2892 1872 existunt,
2939 1806 3008 1860 ab
3030 1803 3274 1859 Ecclesia
3300 1801 3656 1873 separentur.
3674 1801 3780 1869 Qui

2185 1896 2383 1954 blando
2408 1897 2575 1953 verbo
2608 1897 2904 1968 castigatus
2946 1911 3052 1951 non
3099 1895 3413 1965 corrigitur,
3457 1894 3644 1948 acrius
3684 1907 3778 1948 nc-

2185 2001 2339 2043 cesse
2362 1994 2535 2043 estut
2558 1994 2837 2058 argrmtur.
2863 1986 2999 2042 Cum
3025 1985 3208 2042 dolore
3234 1985 3381 2041 enim
3404 1984 3773 2039 abscindenda

2184 2084 2335 2144 sunt,
2364 2093 2487 2149 qua)
2514 2078 2713 2135 leniter
2739 2079 2924 2134 sanari
2958 2093 3067 2133 non
3109 2085 3357 2148 possunt.
3398 2076 3502 2144 Qui
3532 2076 3777 2131 admonio

2187 2179 2276 2227 tus
2303 2179 2513 2228 secrete
2557 2170 2758 2245 corrigi
2783 2171 2850 2226 dc
2878 2177 3103 2240 peccato
3146 2169 3393 2240 negligit,
3435 2167 3655 2238 publice
3680 2182 3768 2222 ar-

2187 2263 2432 2333 guendus
2459 2270 2566 2329 est,
2601 2270 2662 2318 ut
2706 2262 2902 2318 vulnus
2940 2261 3083 2332 quod
3124 2260 3337 2317 occulte
3361 2260 3544 2316 sanari
3571 2260 3768 2324 nescit,

2187 2353 2476 2411 manifeste
2504 2354 2697 2411 debeat
2722 2353 3022 2410 emendari.
3044 2378 3049 2379 ί
3074 2349 3356 2407 Manifesta
3394 2358 3622 2423 peccata
3668 2366 3770 2405 non

2187 2453 2317 2502 sunt
2339 2446 2551 2502 occulta
2581 2445 2924 2501 correctione
2946 2444 3246 2516 purganda.
3274 2443 3459 2499 Palam
3482 2444 3633 2499 enim
3657 2452 3780 2499 sunt

2188 2539 2449 2612 arguendi
2474 2540 2566 2610 qui
2591 2538 2771 2610 palam
2809 2546 3026 2606 nocent,
3057 2546 3119 2594 ut
3147 2538 3275 2595 dum
3304 2545 3493 2608 aperta
3525 2536 3779 2608 objurga-

2188 2630 2336 2686 tione
2356 2639 2639 2696 sanantur,
2673 2629 2712 2685 ii
2743 2630 2837 2701 qui
2864 2645 2960 2687 eos
2985 2629 3246 2686 imitando
3266 2630 3637 2701 deliquerant,
3659 2645 3777 2685 cor-

2190 2710 2457 2793 rigantur.
2488 2719 2627 2775 Dum
2651 2732 2797 2777 unus
2822 2722 3132 2793 corripitur,
3157 2721 3376 2792 plurimi
3396 2721 3777 2777 emcndantur.

2192 2811 2383 2869 nlelius
2419 2820 2505 2869 est
2537 2813 2689 2868 enim
2733 2821 2796 2869 nt
2838 2827 2941 2883 pro
2979 2812 3275 2869 multorum
3306 2812 3613 2869 salvatione
3636 2829 3780 2870 unus

2191 2902 2601 2971 condemnetur,
2629 2918 2791 2974 quam
2819 2903 3105 2974 promnius
3134 2902 3352 2958 licentia
3377 2902 3532 2958 multi
3552 2902 3775 2973 pericli-

2193 3002 2395 3050 tentur.
2442 2994 2520 3049 Ita
2547 3007 2678 3064 ergo
2703 2994 3038 3065 delinquenti
3068 3009 3248 3050 sermo
3285 3002 3371 3051 cst
3400 2991 3782 3064 proferendus.

2192 3085 2334 3141 sicut
2378 3083 2495 3155 ejus
2535 3086 2629 3156 qui
2657 3082 2951 3155 corripitur
2989 3084 3304 3156 expostulat
3329 3085 3498 3139 salus.
3550 3083 3711 3151 Quod
3732 3084 3780 3139 si

2138 3180 2159 3203 ‘
2188 3191 2325 3247 opus
2347 3187 2433 3233 est
2460 3176 2695 3247 aliquam
2721 3176 3101 3233 medicamenti
3140 3177 3371 3232 salutem
3401 3178 3568 3231 verbo
3604 3177 3780 3231 inere—

2187 3267 2425 3339 patiouis
2450 3283 2739 3340 aspergere
2757 3309 2772 3334 ,
2806 3268 3086 3324 lenitatem
3116 3277 3298 3323 tamen
3340 3268 3506 3323 corde
3522 3268 3677 3341 zopus
3701 3276 3782 3323 est

2189 3361 2447 3416 retinere.
2478 3360 2739 3417 Doctores
2763 3376 3152 3433 nonnunquam
3180 3361 3332 3416 duris
3361 3361 3564 3416 feriunt
3608 3361 3777 3416 incre-

2187 3450 2496 3520 pationibus
2540 3450 2807 3517 subditos,
2848 3451 2939 3522 qui
2985 3456 3165 3506 tamen
3211 3467 3240 3506 a
3278 3450 3549 3505 charitate
3585 3466 3773 3506 eorum

2187 3556 2325 3613 quos
2357 3541 2677 3612 corripiunt,
2727 3558 2834 3598 non
2877 3541 3163 3597 recedunt.
3208 3540 3353 3614 (Huc
3401 3557 3568 3613 usque
3619 3540 3777 3610 Isid.)

2190 3633 2381 3703 Magna
2406 3641 2491 3689 est
2513 3633 2812 3704 disciplinae
2838 3632 3137 3704 magisterii
3181 3632 3453 3689 subtilitas
3487 3632 3772 3686 discretio-

2188 3724 2295 3791 nis,
2322 3732 2590 3794 quatenus
2635 3725 2867 3796 quisque
2909 3733 3092 3781 rector
3118 3723 3307 3794 culpas
3341 3722 3772 3792 delinquentium

2189 3816 2422 3873 discrete
2454 3817 2668 3873 noverit
2690 3830 2934 3886 parcere,
2964 3823 3019 3870 et
3055 3814 3145 3887 pie
3172 3828 3441 3870 resecare.
3470 3813 3576 3879 Qui
3601 3820 3780 3866 autem

2190 3909 2269 3965 sic
2290 3907 2571 3963 dimittunt
2589 3915 2813 3977 peccata
2844 3914 2907 3961 ut
2931 3920 3041 3960 non
3070 3906 3371 3976 corrigunt,
3400 3915 3494 3958 aut
3521 3902 3604 3958 sic
3629 3900 3781 3971 quasi

2190 3999 2518 4069 corrigendo
2547 3998 2751 4054 feriunt
2774 4039 2790 4064 ,
2842 4006 2904 4053 ut
2931 4013 3038 4053 non
3078 3997 3394 4060 dimittant,
3437 3994 3780 4051 discretionis

2191 4089 2440 4160 spiritum
2472 4089 2692 4145 habent.
2729 4087 3005 4159 Scriptum
3031 4098 3110 4144 est
3136 4086 3194 4142 in
3231 4087 3371 4142 libro
3420 4084 3654 4141 Genesis
3685 4103 3699 4139 :
3726 4082 3779 4138 Si

2191 4189 2327 4235 recte
2346 4180 2562 4249 oﬂ‘eras,
2595 4189 2642 4233 εἰ
2672 4187 2807 4234 recte
2845 4194 2951 4232 non
2980 4176 3209 4242 dividas,
3244 4177 3473 4247 peccasti
3506 4172 3665 4246 (Gen.
3703 4190 3776 4236 tv,

2183 4271 2347 4342 juxta
2373 4268 2564 4340 LXX).
2586 4267 2852 4342 [Gregor.,
2875 4268 2967 4324 lib.
2993 4284 3053 4323 ιιι
3084 4268 3282 4339 Expos.
3308 4284 3469 4331 mon,
3496 4284 3545 4320 ε.
3567 4266 3604 4321 9
3624 4276 3673 4320 et
3700 4265 3779 4325 ιο.

2191 4361 2307 4416 εισι.
2333 4378 2352 4416 ι
2379 4378 2535 4433 super
2563 4359 2784 4427 Ezech.,
2813 4360 2955 4415 hom.
2983 4358 3098 4432 ιιι
3123 4358 3319 4415 Oblata
3346 4365 3495 4412 recte
3517 4356 3777 4417 dividere,

508 4464 632 4504 cere
660 4456 908 4519 oporteat
943 4449 1212 4504 :estimare
1241 4463 1551 4520 personam.
1599 4451 1772 4507 Aliter
1798 4461 1884 4508 est
1925 4466 2090 4524 agen-
2114 4484 2168 4545 Β
2193 4462 2279 4510 est
2314 4453 2571 4524 quaelibet
2614 4452 2759 4507 bona
2797 4460 2984 4507 nostra
3024 4450 3205 4507 studia
3233 4448 3599 4506 discernendo
3650 4462 3776 4516 peu-

510 4541 638 4596 dum
667 4554 794 4611 erga
819 4555 915 4596 cos
950 4541 1044 4611 qui
1079 4549 1269 4596 nostro
1294 4542 1713 4598 committuntur
1739 4543 2013 4615 regimini,
2042 4541 2089 4598 si

510 4630 807 4695 olfenduut,
844 4638 1008 4698 atque
1050 4630 1211 4684 aliter
1238 4646 1360 4685 cum
1397 4631 1464 4687 iis
1484 4633 1576 4702 qui
1616 4632 1773 4688 nobis
1809 4631 2090 4687 commissi

510 4737 618 4776 non
645 4728 790 4775 sunt.
827 4719 932 4787 Qui
958 4719 1006 4776 si
1028 4719 1161 4790 justi
1186 4727 1340 4786 sunt,
1366 4723 1658 4778 venerandi
1694 4731 1850 4789 sunt;
1884 4722 1930 4777 si
1958 4734 2089 4779 vero

511 4813 859 4881 delinquunt,
898 4828 997 4886 pro
1024 4812 1141 4870 sola
1164 4812 1451 4880 charitate,
1477 4822 1539 4868 ut
1573 4814 1727 4871 locus
1755 4822 1842 4869 est
1864 4854 1879 4879 ,
1915 4813 2089 4869 corri-

512 4904 693 4977 piendi
722 4913 867 4971 sunt,
909 4919 1017 4961 non
1047 4913 1229 4960 tamen
1255 4919 1379 4960 cum
1416 4906 1729 4971 severitate,
1762 4904 1907 4959 sicut
1931 4903 1968 4958 ii
1997 4903 2091 4972 qui

461 4984 466 4993 ’
511 4997 669 5055 nobis
696 4996 915 5067 regendi
949 4997 1224 5055 commissi
1261 5006 1407 5055 sunt.
1442 4998 1549 5054 Pro
1577 4997 1720 5054 malo
1750 4998 1945 5053 merito
1973 4996 2091 5068 ple-

452 5104 463 5121 ·’
510 5092 598 5149 his
616 5090 859 5148 aufertur
878 5093 1121 5150 doctrina
1149 5092 1568 5166 praedicationis.
1595 5090 1701 5148 Pro
1720 5092 1868 5149 bono
1894 5091 2091 5147 merito

511 5180 803 5246 audientis.
837 5183 1093 5238 tribuitur
1115 5198 1297 5240 sermo
1323 5184 1554 5240 doctori.
1598 5181 1659 5239 ln
1701 5188 1969 5253 potestate
2001 5180 2090 5237 di-

510 5273 638 5329 vina
657 5272 927 5338 consistit,
956 5274 1044 5331 cui
1066 5274 1197 5331 velit
1222 5274 1367 5332 Deus
1394 5275 1655 5332 doctrina:
1681 5274 1908 5331 verbum
1937 5274 2088 5341 dare,

512 5365 595 5421 vel
625 5365 713 5421 cui
737 5364 972 5421 auferre.
1018 5366 1087 5422 Et
1118 5368 1223 5425 hoc
1247 5377 1340 5424 aut
1368 5384 1468 5441 pro
1496 5369 1724 5425 dicentis
1749 5376 1842 5423 aut
1866 5384 1965 5440 pro
1989 5383 2085 5423 au—

511 5455 713 5512 dientis
733 5454 795 5512 lit
815 5457 1030 5523 merito,
1056 5465 1118 5513 ut
1144 5458 1303 5514 modo
1321 5475 1420 5531 pro
1440 5459 1594 5531 culpa
1615 5459 1789 5531 plebis
1808 5457 2086 5517 auferatur

514 5562 691 5603 sermo
718 5548 956 5615 doctori,
989 5548 1151 5606 modo
1180 5565 1310 5606 vero
1349 5567 1446 5620 pro
1466 5552 1748 5621 utriusque
1777 5549 1911 5624 [Αι.,
1941 5550 2084 5604 ιιιίΙί-

515 5638 635 5710 bus]
668 5640 875 5697 meritis
900 5640 1186 5697 tribuatur.
1217 5641 1317 5709 Qui
1350 5642 1573 5697 docendi
1610 5642 1803 5711 accipit
1827 5639 2082 5705 cilicium,

517 5731 784 5792 interdum
826 5737 892 5796 ad
923 5744 1134 5808 tempus
1158 5734 1302 5795 facta
1330 5736 1562 5808 proximi
1597 5743 1791 5802 taceat,
1827 5750 1947 5806 quae
1977 5742 2085 5791 sta-

2193 4560 2335 4601 sare.
2375 4544 2528 4612 Quod
2574 4543 2831 4598 nimirum
2880 4542 2975 4613 qui
3027 4557 3194 4613 agere
3238 4540 3581 4605 dissimulat,
3617 4540 3780 4593 etiam

2193 4645 2342 4692 recte
2367 4635 2600 4692 oll‘erens
2625 4643 2831 4705 peccat.
2878 4634 3034 4703 Seps
3074 4632 3219 4703 quod
3247 4632 3388 4686 bono
3416 4630 3603 4687 studio
3636 4627 3774 4702 geri-

2194 4744 2336 4794 mus,
2358 4727 2486 4783 dum
2508 4727 2818 4783 discernere
2839 4738 2998 4782 caute
3025 4723 3370 4796 negligimus,
3388 4735 3499 4792 quo
3510 4719 3782 4789 iudicetur

2197 4820 2325 4888 line,
2362 4819 2666 4885 nescimus;
2694 4827 2751 4875 et
2768 4831 3157 4888 nonnunquam
3185 4817 3289 4871 hoc
3309 4814 3369 4869 fit
3392 4822 3581 4868 reatus
3603 4810 3779 4867 crimi-

2196 4912 2301 4979 nis,
2332 4911 2483 4984 quod
2514 4918 2742 4981 putatur
2765 4926 2928 4966 causa
2952 4908 3190 4965 virtutis.
3226 4908 3392 4963 Recte
3428 4916 3565 4978 ergo
3602 4904 3781 4961 oll'cri-

2193 5015 2338 5068 mus,
2360 5016 2484 5057 eum
2508 5000 2650 5057 bono
2668 5000 2848 5056 studio
2869 5000 3072 5056 bonum
3090 5013 3226 5069 opus
3247 4997 3490 5067 agimus;
3516 4994 3614 5050 sed
3642 5002 3785 5050 recte

2193 5107 2301 5148 non
2345 5092 2633 5148 dividimus
2663 5131 2678 5158 ,
2725 5091 2771 5149 si
2826 5090 3027 5149 habere
3086 5090 3471 5147 discretionem
3530 5087 3588 5141 in
3643 5088 3791 5141 bono

2191 5197 2354 5255 opere
2408 5191 2815 5254 postponamus.
2873 5182 3025 5239 Dixit
3064 5180 3231 5237 abbas
3269 5179 3540 5235 Antonius
3575 5193 3593 5233 :
3645 5177 3786 5234 Sunt

2192 5274 2417 5346 quidam
2457 5281 2800 5330 couterentes
2824 5287 3050 5342 corpora
3089 5286 3188 5328 sua
3234 5270 3292 5327 in
3328 5270 3687 5334 abstinentia,
3725 5274 3784 5323 et

2190 5367 2318 5437 quia
2368 5380 2473 5421 non
2531 5365 2735 5420 habent
2785 5361 3203 5428 discretionem,
3259 5360 3418 5432 longe
3465 5358 3598 5414 facti
3659 5362 3783 5414 sunt

2191 5471 2223 5511 a
2276 5455 2406 5511 Deo.
2465 5454 2688 5511 Dicebat
2733 5453 2903 5511 abbas
2946 5451 3135 5508 Daniel
3178 5452 3310 5522 quia
3352 5460 3622 5522 quantum
3668 5462 3785 5504 cor-

2192 5562 2293 5618 pus
2332 5545 2584 5612 virescit,
2626 5553 2838 5601 tantum
2883 5545 3064 5600 anima
3115 5544 3462 5610 exsiccatur;
3504 5549 3562 5597 et
3614 5553 3783 5611 quan-

2193 5648 2308 5692 tum
2344 5633 2605 5694 siccatum
2635 5637 2798 5694 fuerit
2821 5654 3042 5706 corpus,
3070 5646 3279 5693 tantum
3315 5635 3500 5691 anima
3539 5632 3781 5690 virescit.

2191 5729 2338 5788 Dixit
2358 5730 2528 5790 abbas
2551 5730 2745 5791 Pastor
2771 5751 2783 5789 :
2809 5731 3009 5790 Malitia
3039 5745 3380 5804 nequaquam
3411 5728 3640 5802 expellit
3669 5739 3786 5782 ma~
