3960 6206
194 340 261 393 G-f
269 339 291 392 i

1408 329 1712 386 DIADEMA
1753 325 2258 382 MONACIIORUM.

3366 320 3432 374 lii
3443 320 3474 374 Ξ

193 429 386 512 litiam,
417 443 512 500 sed
535 442 579 497 si
613 445 735 516 quis
757 445 852 499 tibi
877 442 1224 508 malefccerit,
1246 445 1386 499 bene
1409 443 1492 498 fac
1521 446 1593 508 ei,
1617 450 1676 497 ut
1695 457 1792 513 per
1819 445 1867 504 Λ
1893 456 2100 502 somno,
2158 439 2313 504 Veni,
2371 452 2528 493 serve
2577 437 2736 494 male.
2795 437 2863 493 Et
2905 426 3240 508 subripiebat
3283 451 3475 505 parum

194 549 399 600 bommi
427 552 567 608 opus
593 549 746 594 tuum
785 538 1036 593 destruas
1072 537 1335 592 malitiam
1371 538 1532 591 illius.
1566 537 1793 589 Interro-

194 643 359 705 gatus
388 635 472 684 est
509 629 735 699 quidam
776 643 940 682 senex
981 643 1011 681 a
1053 628 1286 696 quodam
1329 626 1496 681 fratre
1537 625 1790 680 dicente:

195 721 480 791 Quomodo
507 735 723 792 possum
749 719 993 774 invenire
1013 719 1215 772 Deum?
1253 717 1445 773 Utrum
1475 717 1530 771 in
1553 715 1793 786 jejuniis,

198 833 268 869 an
293 815 361 884 jn
400 810 701 874 laboribus,
748 824 817 862 an
856 807 910 862 in
939 807 1158 877 vigiliis,
1191 821 1260 861 an
1294 807 1349 860 in
1390 803 1794 860 misericordia?

201 907 268 961 Et
292 902 577 975 respondit
610 919 623 955 :
673 899 731 954 ιιι
771 899 858 954 his
899 913 1019 968 qua:
1042 895 1396 961 enumerasti,
1427 904 1482 949 et
1511 894 1564 948 in
1591 893 1796 948 discre—

201 999 377 1053 tione.
412 996 540 1050 Dico
563 993 708 1048 enim
746 990 844 1044 tibi
885 989 1012 1060 quia
1052 988 1204 1043 multi
1241 986 1548 1041 alllixerunt
1569 997 1792 1038 carnem

201 1103 388 1152 suam,
411 1094 466 1142 et
495 1084 621 1153 quia
658 1083 776 1137 sine
811 1079 1136 1135 discretione
1170 1076 1441 1134 faciebant
1474 1077 1598 1140 hoc,
1640 1073 1794 1128 abie-

204 1188 340 1234 runt
365 1177 521 1232 vacui
547 1173 680 1229 nihil
705 1173 986 1228 habentes.

786 1281 1012 1337 CAPUT
1049 1280 1235 1335 XLIV.

767 1351 845 1406 De
878 1352 1031 1405 donis
1064 1351 1280 1405 divinis.

279 1448 638 1520 Omnipotens
669 1445 811 1498 Deus
853 1442 1053 1497 interni
1088 1439 1278 1509 judicii
1313 1448 1520 1495 secreto
1551 1437 1800 1494 modera-

202 1540 365 1596 mine
393 1557 406 1591 :
440 1537 543 1589 Alii
590 1548 879 1588 sermonem
914 1532 1207 1601 sapicntice,
1239 1529 1332 1585 alii
1377 1530 1583 1599 plenam
1615 1530 1796 1598 ﬁdem,

206 1635 316 1689 alii
343 1633 564 1702 gratiam
590 1628 900 1690 sanitatum,
921 1624 1014 1678 alii
1041 1624 1388 1695 operationem
1419 1624 1688 1688 virtutum,
1703 1621 1798 1676 alii

1895 535 2067 588 somni
2107 531 2364 596 sedendo,
2397 540 2452 586 et
2480 532 2665 586 statim
2701 531 2979 600 surgebat.

2469 621 2698 678 CAPUT
2736 619 2898 675 XLV.

2469 713 2545 768 De
2571 714 2744 783 gratia
2774 712 2892 765 Dei.

1966 809 2169 882 (ϐπ-69η
2204 807 2243 861 l.
2271 824 2288 862 ι
2317 823 2474 876 super
2511 805 2731 869 Ezech.,
2760 805 2902 857 hom.
2928 801 3007 874 9.)
3034 800 3112 856 Ex
3142 799 3482 872 omnipoten-

1895 900 1966 955 tis
1983 900 2075 954 Dei
2100 899 2271 969 gratia
2296 899 2364 952 ad
2384 898 2524 952 bona
2539 910 2702 966 cpera
2727 895 2912 949 conari
2933 894 3148 963 quidem
3169 906 3480 963 possumus.

1895 992 1988 1045 sed
2016 990 2130 1044 lucc
2176 987 2398 1058 implere
2426 1001 2530 1041 non
2566 999 2874 1056 possumus,
2904 984 2949 1038 si
2989 983 3103 1054 ipse
3132 998 3237 1036 non
3265 981 3484 1050 adjuvat

1894 1082 1985 1151 qui
2007 1079 2182 1148 jubet.
2218 1079 2507 1135 Sciendum
2534 1086 2615 1132 est
2639 1077 2766 1147 quia
2812 1076 2952 1131 mala
2980 1084 3164 1135 nostra
3192 1075 3485 1130 solummo-

1895 1177 1964 1230 do
1993 1183 2176 1229 nostra
2200 1183 2346 1227 sunt.
2370 1172 2516 1226 Bona
2562 1181 2744 1225 autem
2771 1178 2978 1232 nostra,
3007 1178 3063 1224 et
3090 1167 3484 1238 omnipotentis

1894 1268 1988 1323 Dei
2028 1275 2174 1331 sunt,
2209 1273 2265 1320 et
2308 1273 2510 1319 nostra.
2543 1262 2678 1330 Quia
2724 1262 2840 1331 ipse
2881 1259 3170 1330 aspirando
3201 1274 3300 1313 nos
3342 1274 3479 1328 prae»

1897 1359 2046 1413 venit
2071 1367 2131 1412 ut
2161 1357 2405 1420 velimus,
2437 1353 2854 1425 quiadjuvando
2883 1352 3250 1421 subsequitur,
3277 1365 3346 1404 ne
3368 1350 3487 1404 ina-

1895 1451 2040 1505 niter
2063 1449 2318 1510 velimus,
2356 1447 2451 1502 sed
2482 1447 2752 1517 possimus
2781 1444 3006 1513 implere
3037 1443 3180 1512 quod
3215 1441 3482 1496 volumus.

1896 1541 2265 1598 Prmveniente
2292 1540 2484 1611 gratia,
2528 1547 2583 1591 et
2616 1537 2756 1590 bona
2791 1535 3068 1588 voluntate
3097 1534 3486 1602 subsequente,

1897 1633 2002 1688 hoc
2049 1632 2190 1702 quod
2235 1627 2625 1699 omnipotentis
2669 1626 2767 1680 Dei
2799 1627 2998 1680 donum
3025 1632 3108 1680 est
3139 1623 3201 1677 lit
3228 1623 3483 1678 meritum

205 1723 562 1794 prophetiam,
611 1718 704 1772 alii
747 1716 1111 1770 discretionem
1153 1713 1458 1783 spirituum,
1485 1711 1579 1765 alii
1609 1728 1800 1782 genera

1917 1731 2164 1778 mstrum.
2200 1720 2352 1788 Quod
2386 1719 2524 1774 bene
2545 1717 2748 1772 Paulus
2771 1715 2924 1772 brevi
2952 1714 3220 1770 sententia
3255 1713 3492 1784 expticat

207 1793 554 1884 linguarum,
600 1808 693 1862 alii
743 1805 1220 1875 interpretationem
1277 1819 1575 1856 sermonum
1615 1803 1798 1856 tribuit

1917 1816 2086 1871 licens
2111 1832 2124 1867 :
2154 1810 2285 1866 Plus
2313 1810 2418 1865 illis
2459 1808 2695 1863 omnibus
2729 1805 2964 1859 laboravi
2989 1802 3051 1874 (1
3076 1803 3199 1858 Cor.
3228 1801 3354 1873 xv).
3386 1801 3492 1868 Qui

207 1907 262 1974 (Ι
297 1904 424 1958 Cor.
453 1899 570 1971 xu).
596 1898 773 1971 (ϐιῳ.
805 1896 845 1950 ι.
874 1912 943 1950 xx
981 1893 1174 1948 Morel.
1202 1893 1258 1947 in
1281 1892 1403 1947 Job.
1433 1910 1482 1947 c.
1513 1893 1580 1948 18
1601 1902 1650 1946 et
1685 1891 1797 1962 ιι.)

205 1999 446 2052 Creator
483 2001 676 2048 noster
711 2005 779 2045 ac
821 1988 1112 2058 dispositor
1140 1987 1219 2042 sic
1243 1986 1556 2042 moderatur
1579 1993 1796 2050 cuncta,

208 2101 275 2146 ut
303 2089 394 2159 qui
423 2085 605 2142 extolli
629 2091 839 2155 poterat
857 2097 924 2136 ex
947 2081 1088 2136 dono
1107 2080 1251 2150 quod
1279 2079 1459 2143 habet,
1485 2077 1802 2134 humilietur

208 2198 284 2238 ex
321 2182 520 2235 virtute
541 2193 706 2249 quam
733 2191 837 2238 non
866 2175 1047 2229 habet.
1073 2167 1252 2244 Alque
1278 2172 1352 2227 ita
1383 2172 1446 2226 lit
1472 2179 1534 2227 ut
1551 2186 1676 2226 cum
1705 2185 1803 2240 per

210 2279 521 2347 impensam
578 2271 806 2343 gratiam
855 2279 1293 2338 unumquemque
1336 2264 1599 2328 sublevat,
1633 2263 1802 2319 etiam

211 2384 326 2440 per
349 2368 617 2436 disparem
645 2361 800 2416 alteri
827 2360 1055 2414 alterum
1083 2358 1296 2414 subdat.
1322 2356 1674 2426 Omnipotens
1701 2354 1803 2409 Do-

211 2459 405 2514 minus
450 2457 529 2510 sic
561 2462 754 2509 cuncta
784 2453 1116 2516 moderatur,
1147 2458 1207 2504 ut
1243 2449 1374 2503 dum
1409 2447 1616 2518 singula
1657 2461 1806 2516 qua:-

211 2563 332 2617 qne
359 2553 486 2601 sunt
510 2544 770 2606 omnium,
796 2540 1112 2611 interposita
1143 2540 1378 2609 quadam
1407 2537 1690 2592 charitatis
1713 2551 1808 2590 ne-

212 2635 578 2699 cessitudine,
601 2632 733 2686 fiant
753 2630 934 2685 omnia
960 2628 1297 2699 singulorum
1323 2642 1338 2681 :
1360 2635 1416 2681 et
1440 2624 1808 2695 unusquisque

213 2730 308 2783 sic
351 2726 493 2796 quod
537 2740 645 2779 non
693 2721 903 2792 accepit
954 2721 1006 2774 in
1061 2719 1233 2774 altero
1278 2715 1569 2788 possideat,
1597 2723 1657 2770 ut
1691 2715 1808 2785 ipse

213 2820 384 2873 alteri
413 2814 792 2887 possidendum
813 2811 958 2883 quod
984 2810 1193 2879 accepit
1212 2807 1488 2864 humiliter
1509 2805 1805 2876 impendat.

215 2908 431 2964 Sancta
465 2904 704 2961 Ecclesia
753 2903 972 2972 supemi
1020 2901 1104 2957 sui
1140 2900 1335 2970 capitis
1371 2912 1570 2967 corpus
1605 2903 1710 2960 est,
1753 2895 1809 2950 in

217 3017 338 3075 qua
362 3001 499 3056 alius
527 2999 636 3054 alta
662 2997 914 3059 videndo,
936 2995 1147 3060 oculus,
1179 2993 1317 3048 alius
1343 3000 1489 3047 recta
1509 2988 1808 3060 operando,

218 3109 444 3157 manus,
483 3091 621 3146 alius
649 3089 715 3144 ad
741 3095 939 3143 cuncta
972 3083 1343 3150 discurrendo,
1373 3097 1491 3154 pes,
1514 3080 1653 3136 alius
1671 3093 1811 3150 pra:-

1896 1926 1967 1965 ne
1994 1909 2269 1963 videretur
2293 1919 2404 1960 suae
2445 1901 2632 1957 virtuti
2666 1899 2920 1954 tribuisse
2955 1896 3098 1966 quod
3126 1895 3350 1959 fecerat,
3384 1893 3484 1949 ad-

1893 1999 2103 2071 jnnxit:
2126 1997 2247 2051 Non
2272 2004 2446 2049 autem
2473 2008 2586 2063 ego,
2611 1991 2702 2045 sed
2727 1989 2898 2060 gratia
2915 1987 3010 2042 Dei
3039 2002 3238 2040 mecum
3267 1984 3482 2056 (Ibid.).

1901 2091 2060 2164 [Isitl.
2091 2089 2128 2143 l.
2159 2105 2198 2143 ιι
2235 2087 2406 2150 Sent.,
2434 2103 2480 2140 e.
2505 2083 2584 2152 5.)
2631 2081 2908 2138 Interdum
2953 2079 3304 2150 peccantibus
3335 2078 3494 2134 nobis

1901 2199 2053 2242 suam
2077 2182 2220 2237 Deus
2246 2179 2475 2251 gratiam
2503 2192 2611 2231 non
2645 2173 2896 2238 retrahit,
2928 2180 2987 2226 ut
3029 2172 3096 2226 ad
3121 2184 3270 2241 spem
3296 2170 3494 2224 divinae
3561 2201 3572 2210 ε

1900 2271 2301 2346 propitiationis
2325 2270 2563 2324 humana
2589 2281 2744 2321 mens
2769 2269 3084 2333 consurgat.
3122 2261 3205 2315 Ab
3231 2258 3322 2316 illo
3347 2259 3492 2314 enim

1903 2367 2058 2423 nobis
2093 2364 2275 2420 omnia
2316 2361 2475 2423 bona,
2526 2357 2700 2429 gratia
2751 2354 3150 2426 praeveniente,
3197 2351 3491 2406 donantur.

1902 2457 2183 2513 Profectus
2227 2453 2463 2510 hominis
2511 2451 2710 2504 donum
2756 2447 2854 2502 Dei
2899 2454 3001 2509 est,
3034 2458 3136 2499 nec
3173 2457 3204 2497 a
3235 2458 3294 2497 se
3321 2450 3500 2513 potest

1903 2551 2214 2622 quisquam,
2245 2546 2336 2602 sed
2367 2560 2398 2599 a
2440 2544 2552 2598 Deo
2579 2539 2801 2611 corrigi,
2829 2543 3061 2592 testante
3088 2534 3372 2606 prepheta,
3401 2535 3497 2604 qui

1908 2643 1986 2696 ait
2009 2658 2023 2695 :
2046 2640 2193 2703 Scio,
2225 2637 2468 2700 Domine,
2490 2635 2617 2706 quia
2648 2648 2753 2684 non
2782 2639 2856 2683 est
2880 2627 3106 2681 hominis
3138 2625 3218 2680 ria
3243 2625 3380 2695 ejus,
3406 2640 3498 2678 nec

1905 2733 2005 2789 t-lri
2043 2739 2118 2785 est
2156 2740 2210 2782 ut
2239 2725 2468 2780 ambulet
2511 2733 2560 2778 et
2600 2723 2795 2792 dirigat
2844 2735 3050 2790 gressus
3095 2733 3219 2771 suos
3248 2715 3384 2788 (Jer.
3414 2715 3496 2784 χ).

1908 2819 2220 2894 Spiritualis
2245 2817 2417 2888 gratia
2449 2830 2554 2869 non
2579 2813 2835 2869 omnibus
2855 2807 3218 2872 distribuitur,
3251 2807 3347 2861 sed
3379 2815 3501 2861 tan.

1909 2909 2185 2968 tummodo
2229 2905 2416 2961 electis
2459 2905 2710 2960 donatur.
2769 2899 2991 2955 Munera
3033 2896 3354 2968 gratiarum,
3403 2896 3497 2951 alii

1909 3005 2034 3068 ista,
2064 2999 2154 3055 alii
2181 3012 2310 3052 vero
2338 2998 2608 3050 donantur
2629 2992 2742 3057 illa,
2771 3006 2872 3046 nec
2899 2990 3059 3044 datur
3083 2989 3283 3044 habere
3307 2987 3381 3042 ita
3403 2986 3498 3041 uni

1910 3105 2100 3152 utnon
2128 3102 2287 3164 egeat
2315 3090 2506 3145 altero.
2531 3085 2699 3141 Posse
2727 3083 2844 3139 fieri
2869 3097 2976 3136 non
3001 3087 3086 3136 est
3107 3079 3350 3146 dubium,
3375 3087 3435 3133 ut
3461 3079 3502 3134 ii

217 3196 509 3258 ceptorum
544 3197 731 3237 vocem
768 3179 1134 3250 intelligendo,
1175 3176 1348 3243 auris,
1374 3149 1517 3231 alius
1544 3149 1808 3229 malorum

1917 3149 2052 3259 quos
2101 3149 2321 3256 quidam
2367 3181 2630 3236 virtutum
2667 3174 2988 3232 excellentia
3013 3174 3364 3238 antecedunt,
3400 3170 3499 3226 Dei

221 3278 483 3341 fetorem,
500 3275 870 3342 bonorumque
890 3269 1242 3340 fragrantiam
1261 3265 1641 3329 discernendo,
1664 3263 1814 3318 naris

219 3376 338 3423 est.
368 3365 469 3434 Qui
497 3364 641 3420 enim
677 3360 1039 3431 corporalium
1075 3373 1228 3412 more
1269 3355 1653 3418 membrorum,
1683 3351 1813 3407 dum

223 3459 474 3514 vicissim
521 3455 624 3510 sibi
667 3461 887 3522 accepta
935 3448 1109 3506 oliicia
1161 3446 1498 3517 impendunt,
1545 3459 1710 3500 unum
1747 3444 1816 3498 de

225 3549 541 3620 semetipsis
586 3547 836 3603 omnibus
887 3557 1084 3613 corpus
1125 3540 1374 3596 reddunt.
1427 3538 1560 3592 Miro
1589 3535 1818 3592 consilio

229 3651 429 3697 auctor
475 3655 541 3694 ac
584 3638 874 3708 dispositor
906 3645 1092 3691 noster
1129 3635 1257 3690 huic
1298 3634 1387 3688 illa
1429 3631 1658 3700 largitur
1699 3644 1819 3700 qua:

230 3737 331 3791 alii
380 3737 627 3807 denegat,
680 3734 770 3788 alii
821 3733 940 3788 haec
978 3731 1210 3802 denegat
1265 3743 1386 3799 qum
1430 3727 1521 3782 isti
1570 3724 1815 3794 largitur.

234 3827 520 3882 Mensuras
550 3827 733 3896 itaque
761 3824 862 3880 sibi
887 3823 1090 3894 positas
1121 3821 1304 3893 egredi
1339 3819 1546 3883 nititur,
1574 3815 1822 3888 quisquis

227 3937 398 3993 posse
443 3922 564 3991 plus
618 3934 779 3989 quam
828 3916 1101 3987 acceperit
1147 3922 1392 3971 conatur.
1440 3910 1823 3982 Unusquisque

234 4013 480 4068 tilelium
513 4012 632 4084 (cui
677 4008 906 4066 fortasse
952 4005 1324 4062 tantummodo
1351 4005 1534 4060 datum
1569 4011 1654 4059 est
1681 4017 1822 4073 prte-

232 4113 520 4174 ceptorum
546 4101 751 4156 occulta
776 4096 1067 4168 disserere)
1097 4097 1142 4151 si
1169 4102 1344 4150 tentat
1361 4094 1527 4150 etiam
1547 4091 1826 4148 miraculis

233 4211 530 4253 coruscare
563 4213 576 4249 :
604 4202 696 4248 aut
720 4194 766 4250 is
793 4206 951 4262 quem
979 4203 1227 4260 superate
1265 4186 1484 4240 virtutis
1519 4184 1718 4240 donum
1755 4183 1826 4238 ad

234 4287 355 4342 sola
399 4284 658 4339 miracula
707 4284 954 4345 roborat,
998 4279 1162 4334 etiam
1203 4278 1398 4332 divina:
1429 4275 1561 4346 legis
1589 4275 1827 4345 pandere

233 4377 454 4433 occulta
481 4375 792 4438 contendat,
819 4373 873 4427 in
909 4369 1212 4442 praecipitio
1236 4369 1428 4439 pedem
1458 4365 1706 4437 porrigit,
1733 4363 1828 4434 qui

236 4483 622 4525 mensurarum
650 4481 870 4522 suarum
897 4464 1122 4519 limitem
1148 4477 1254 4516 non
1289 4460 1539 4514 attendit.
1567 4457 1830 4513 Dicebant

235 4562 312 4615 de
359 4559 555 4613 abbate
602 4555 713 4612 llor
751 4555 894 4627 quod
941 4568 1118 4623 neque
1164 4551 1422 4607 mentitus
1460 4558 1541 4605 est
1565 4563 1825 4618 unquam,

236 4665 423 4720 neque
443 4647 669 4716 juravit,
697 4661 873 4717 neque
897 4643 1178 4700 maledixit
1208 4641 1503 4704 hominem,
1545 4653 1720 4709 neque
1749 4638 1828 4710 (si

237 4762 472 4803 necesse
501 4760 604 4799 non
633 4742 762 4816 fuit)
794 4743 1005 4798 locutus
1029 4747 1112 4795 est
1139 4737 1322 4793 alicui.
1354 4736 1514 4792 Venit
1541 4731 1830 4803 aliquando

245 4841 423 4894 abbas
456 4835 720 4899 Hilarion,
749 4835 816 4890 de
847 4832 1129 4889 Palaestina
1165 4831 1233 4885 ad
1263 4829 1510 4885 abbatem
1539 4825 1830 4880 Antonium

245 4933 301 4986 in
330 4937 590 4993 montem,
623 4936 678 4982 et
700 4927 835 4982 dixit
856 4927 906 4981 ei
932 4925 1098 4981 abbas
1119 4921 1384 4977 Antonius
1414 4938 1427 4974 :
1451 4919 1595 4974 Bene
1613 4916 1832 4984 venisti,

243 5020 465 5086 lucifer,
490 5020 583 5089 qui
606 5034 766 5075 mane
802 5017 981 5073 oriris.
1012 5017 1081 5071 Et
1101 5015 1238 5071 dixit
1269 5014 1320 5068 ei
1355 5012 1525 5067 abbas
1549 5010 1788 5066 Hilarion
1813 5023 1829 5064 :

245 5113 365 5167 Pax
399 5111 532 5177 tibi,
551 5110 803 5166 columna
839 5107 996 5174 lucis,
1035 5122 1154 5177 quae
1183 5105 1418 5162 sustines
1441 5104 1630 5159 orbem
1655 5111 1832 5157 terra-

245 5217 394 5256 rum.
419 5200 565 5254 Dixit
591 5199 810 5270 quidam
836 5197 1004 5253 abbas
1033 5195 1176 5267 quod
1214 5193 1540 5250 habitaverit
1568 5191 1621 5245 in
1648 5204 1834 5244 eremo

247 5294 610 5366 quadraginta
633 5292 790 5347 annis
823 5291 1098 5346 solitarius
1125 5287 1376 5358 quidam;
1407 5284 1498 5355 qui
1529 5284 1834 5352 interroga-

251 5395 343 5440 tus
392 5399 422 5437 a
467 5383 674 5438 Joanne
702 5382 917 5446 abbate,
947 5378 1227 5450 reSpondit
1262 5395 1275 5430 :
1305 5375 1440 5444 Quia
1467 5388 1533 5428 ex
1565 5387 1670 5442 quo
1695 5371 1836 5440 ccepi

249 5477 528 5531 solitarius
548 5488 688 5540 esse,
715 5488 990 5544 nunquam
1020 5487 1106 5527 me
1129 5470 1262 5525 vidit
1289 5468 1368 5524 sol
1395 5467 1832 5521 manducantem.

252 5567 552 5636 Respondit
594 5567 644 5622 ei
683 5565 850 5620 abbas
890 5563 1126 5621 Joannes
1156 5580 1169 5615 :
1199 5561 1308 5617 Nec
1359 5573 1448 5613 me
1491 5558 1836 5612 irascentem.

257 5655 520 5710 Dicebant
544 5655 610 5710 de
653 5657 849 5710 abbate
885 5653 1114 5708 Arsenio
1145 5651 1287 5721 quod
1326 5658 1441 5704 tota
1473 5655 1631 5702 nocte
1660 5645 1842 5716 vigila-

258 5741 370 5811 bat,
397 5755 455 5802 et
482 5747 699 5818 quando
734 5745 946 5802 volebat
983 5745 1127 5800 circa
1152 5756 1310 5798 mane
1347 5739 1604 5804 dormire,
1630 5737 1842 5792 diccbat

1916 3277 2197 3349 repentina
2249 3271 2612 3349 prmveniente
2655 3266 2850 3340 gratia,
2891 3263 3154 3336 quosdam
3180 3261 3503 3333 compendio

1917 3347 2224 3426 sanctitatis
2269 3347 2602 3435 praaveniant
2622 3401 2637 3425 ,
2692 3367 2752 3414 ut
2806 3359 2934 3413 dum
2981 3360 3108 3411 sunt
3153 3351 3508 3409 conversione

1917 3458 2207 3533 postremi,
2239 3456 2420 3512 subito
2463 3451 2763 3510 efficiantur
2791 3448 3010 3504 virtutis
3053 3439 3289 3502 culmine
3316 3444 3502 3513 primi.

1919 3551 2061 3606 Dum“
2101 3549 2332 3620 quisque
2381 3543 2599 3614 aliquod
2635 3543 2838 3597 bonum
2883 3538 3100 3608 accipit,
3149 3552 3258 3592 non
3289 3543 3510 3606 appetat

1921 3641 2152 3712 amplius
2181 3652 2342 3709 quam
2368 3632 2513 3706 quod
2540 3632 2762 3697 meruit,
2792 3645 2861 3686 ne
2879 3629 3009 3684 dum
3029 3627 3253 3683 alterius
3274 3625 3506 3682 membri

1921 3733 2154 3790 cilicium
2180 3729 2422 3800 arripere
2447 3731 2640 3789 tentat,
2663 3723 2718 3778 id
2738 3720 2883 3793 quod
2911 3715 3111 3774 meruit
3137 3715 3346 3788 perdat.
3370 3714 3512 3771 Con-

1921 3825 2106 3880 turbat
2152 3821 2297 3876 enim
2341 3813 2586 3888 corporis
2621 3811 2868 3868 ordinem
2906 3815 3098 3874 totum,
3145 3805 3237 3877 qui
3265 3819 3374 3860 non
3411 3817 3512 3860 suo

1923 3921 2210 3970 contentus
2253 3907 2447 3972 officio,
2485 3903 2719 3976 subripit
2763 3901 3018 3958 alienum.
3051 3898 3245 3954 Frater
3273 3896 3512 3951 interro-

1924 4005 2072 4080 gavit
2096 4002 2384 4075 quemdam
2411 4011 2595 4054 senem
2617 3994 2804 4050 dicens
2836 4010 2850 4047 :
2882 3991 2940 4046 Si
2969 3990 3124 4045 fuero
3159 3987 3215 4042 in
3254 3987 3376 4041 loco
3407 3983 3510 4039 ali-

1925 4114 2055 4170 quo,
2085 4105 2140 4152 et
2167 4101 2295 4150 nata
2341 4089 2474 4147 mihi
2506 4087 2670 4142 fuerit
2708 4083 3013 4150 tribulatio,
3045 4090 3233 4136 etnon
3273 4079 3516 4134 habuero

1926 4167 2016 4245 cui
2053 4201 2139 4241 me
2161 4182 2522 4243 committam,
2543 4185 2598 4232 et
2623 4176 2856 4231 indicem
2880 4173 2956 4228 illi
2981 4170 3288 4243 passionem
3319 4167 3514 4222 anima:

1928 4294 2082 4342 mem,
2119 4275 2248 4346 quid
2277 4271 2460 4326 facio?
2496 4268 2637 4324 Dicit
2665 4267 2741 4322 illi
2771 4280 2935 4321 senex
2963 4279 2978 4318 :
3003 4263 3176 4318 Crede
3223 4260 3278 4315 in
3323 4259 3512 4324 Deum,

1927 4371 2052 4442 quia
2086 4369 2202 4439 ipse
2236 4366 2419 4422 mittet
2452 4362 2682 4433 gratiam
2712 4373 2888 4424 suam,
2917 4365 2973 4413 et
2995 4353 3294 4412 satisfaciet
3319 4353 3436 4418 tibi,
3467 4352 3515 4407 si

1931 4441 1986 4516 in
2010 4458 2239 4513 veritate
2263 4451 2542 4526 rogaveris
2570 4465 2712 4507 eum.
2744 4449 2812 4504 Et
2833 4447 3038 4504 addidit
3063 4445 3248 4500 dit-ens
3273 4461 3287 4498 :
3319 4441 3516 4498 Audivi

1932 4550 2078 4606 enim
2101 4547 2228 4618 quia
2249 4546 2307 4601 in
2330 4543 2516 4615 Scythi
2557 4540 2664 4597 tale
2685 4539 2888 4609 aliquid
2914 4537 3114 4593 factum
3137 4544 3240 4591 est.
3272 4535 3402 4590 Erat
3439 4534 3515 4589 ibi

1932 4639 2154 4712 quidam
2203 4635 2294 4707 qui
2342 4635 2642 4690 sustinebat
2687 4630 3034 4695 tentationes,
3075 4636 3130 4684 et
3171 4641 3276 4681 non
3306 4625 3516 4682 habens

1935 4728 2188 4786 ﬁduciam
2217 4727 2272 4782 in
2297 4724 2478 4794 aliquo
2501 4722 2590 4778 cui
2630 4719 3003 4784 confiteretur,
3030 4717 3243 4789 paravit
3274 4730 3394 4772 sero
3423 4730 3518 4786 pe-

1935 4835 2053 4876 ram
2082 4808 2236 4874 suam
2274 4824 2333 4870 ut
2375 4813 2697 4870 discederet.
2732 4811 2801 4868 Et
2825 4824 2954 4868 ecce
2992 4820 3150 4866 nocte
3188 4807 3437 4880 apparuit
3466 4809 3518 4863 ei

1936 4911 2110 4985 gratia
2154 4906 2368 4964 Domini
2414 4906 2470 4960 in
2515 4905 2695 4975 specie
2739 4902 2984 4974 virginis.
3023 4909 3079 4956 et
3131 4901 3354 4970 rogabat
3393 4914 3519 4953 eum

1935 5002 2122 5058 dicens
2153 5018 2168 5054 :
2201 4997 2476 5068 Nusquam
2501 4996 2689 5061 vadas,
2718 4994 2812 5049 sed
2840 4992 2969 5048 sede
2991 4992 3080 5046 hic
3106 5006 3355 5056 mecum;
3385 4989 3520 5044 nihil

1935 5093 2082 5148 enim
2111 5089 2312 5145 malum
2341 5088 2438 5143 tibi
2464 5087 2553 5141 lict
2581 5102 2648 5142 ex
2673 5086 2738 5140 iis
2767 5099 2886 5154 quze
2912 5083 3129 5138 audisti.
3168 5081 3270 5150 Qui
3293 5081 3524 5137 credens

1936 5182 2118 5239 verbis
2145 5179 2262 5249 ejus
2283 5179 2441 5244 sedit,
2469 5186 2524 5232 et
2547 5184 2796 5231 sanatum
2821 5181 2904 5228 est
2933 5173 3115 5230 statim
3139 5186 3234 5227 cor
3257 5170 3450 5242 ipsius.

2503 5266 2728 5324 CAPUT
2762 5264 2944 5320 XLVI.

2456 5359 2534 5414 De
2565 5357 2709 5413 bonis
2741 5355 3009 5426 subjectis.
3338 5407 3342 5410 ,

2012 5458 2102 5530 (D.
2154 5455 2337 5524 Greg.,
2385 5463 2582 5524 pastor.
2633 5448 2788 5504 Cura:
2824 5465 2878 5519 p.
2923 5464 3016 5511 ιιι,
3052 5446 3260 5499 admon.
3317 5440 3372 5505 5,
3406 5435 3518 5507 li.)

1940 5548 2279 5606 Admonendi
2327 5553 2452 5600 sunt
2498 5542 2696 5600 subditi
2744 5555 2812 5595 ne
2857 5537 3266 5610 praepositorum
3297 5542 3522 5584 suorum

1942 5643 2112 5696 vitam
2135 5647 2360 5702 temere,
2388 5635 2433 5691 si
2462 5634 2591 5706 quid
2612 5649 2706 5688 eos
2728 5631 2955 5686 fortasse
2992 5639 3150 5696 agere
3177 5617 3522 5691 reprehensi-

1911 5732 2123 5796 ,bilitcr
2147 5730 2351 5795 vident,
2378 5725 2794 5800 reprehendant,
2823 5735 2890 5774 ne
2929 5717 3068 5772 unde
3097 5723 3241 5798 recte
3264 5710 3406 5769 mala
3435 5724 3520 5770 re-
