3960 6206
457 337 562 399 643

1746 287 2095 376 summa:
2133 317 2423 374 sanans
3628 320 3736 384 cet

456 457 744 524 darguunt,
795 447 917 502 inde
960 458 1053 518 per
1096 439 1343 500 elationis
1392 435 1678 506 impulsum
1729 434 1778 487 in
1815 432 2037 502 profuu-
2068 439 2112 497 Α
2142 430 2267 482 dum
2305 429 2503 524 inﬁrmi
2535 429 2732 498 quique
2779 429 2998 484 fortium
3029 430 3169 484 facta
3201 432 3529 502 corripiunt,
3562 434 3661 505 ipsi
3699 449 3730 490 a

457 546 608 600 (liora
656 546 987 608 mergantur.
1019 529 1355 585 Admonendi
1385 538 1514 581 sunt
1555 524 1776 588 subditi,
1808 540 1873 576 ue
1915 537 2038 575 cum

455 636 641 704 culpas
685 627 1095 700 praepositorum
1139 621 1503 682 considerant,
1530 628 1718 672 contra
1749 630 1842 670 eos
1875 614 2040 667 auda-

456 731 628 787 ciores
657 725 787 779 [iant
816 742 827 777 :
855 723 952 776 sed
978 720 1057 774 sic
1080 718 1146 789 (si
1168 732 1271 786 qua
1303 715 1455 768 valde
1481 719 1603 767 sunt
1631 725 1815 764 eorum
1847 705 2036 777 prava)

453 820 594 891 apud
638 816 956 885 semetipsos
996 809 1310 879 diiudicent,
1341 816 1398 860 ut
1429 814 1604 859 tamen
1639 801 1820 865 divino
1845 799 2038 858 timore

451 911 754 975 constricu,
793 908 934 962 ferre
957 905 1056 960 sub
1092 903 1171 959 cis
1193 902 1380 972 jugum
1407 900 1719 953 reverentia:
1748 909 1852 948 non
1883 907 2038 950 recu-

453 976 592 1057 Seiit.
621 997 956 1054 Admouendi
987 1004 1113 1054 sunt
1133 991 1376 1048 benevoli
1403 989 1624 1053 subditi,
1650 997 1709 1042 ut
1737 985 1815 1040 sic
1845 982 2036 1037 alienis

451 1094 610 1154 bouis
635 1089 1027 1162 congaudeant,
1061 1093 1327 1156 quatenus
1363 1082 1565 1136 habere
1585 1087 1639 1142 et
1661 1077 1878 1147 propria
1910 1089 2038 1129 con-

450 1187 748 1255 cupiscant,
783 1183 862 1236 sic
905 1179 1271 1250 proximorum
1302 1175 1440 1228 facta
1491 1169 1759 1242 diligendo
1791 1167 2034 1232 laudent,

451 1287 510 1332 ut
545 1277 707 1330 etiam
746 1273 1007 1328 imitando
1035 1268 1410 1339 multiplicent,
1453 1281 1521 1318 ne
1552 1263 1618 1333 (si
1664 1263 1715 1316 in
1757 1262 1858 1316 hoc
1893 1276 2034 1331 pra:-

451 1370 619 1424 seutis
644 1370 768 1422 vitae
797 1366 969 1420 stadio
1009 1364 1075 1416 ad
1101 1370 1371 1416 certamen
1396 1357 1629 1411 alienum
1665 1353 1840 1408 devoti
1867 1353 2039 1405 fauto-

451 1476 562 1526 res,
583 1458 675 1513 sed
702 1457 835 1534 pigri
867 1462 1197 1524 spectatores
1219 1449 1502 1520 assistunt)
1529 1465 1593 1504 co
1617 1454 1737 1517 post
1760 1453 2035 1498 certamen

451 1549 568 1602 sine
615 1548 803 1599 bravio
850 1551 1185 1604 remaneant,
1216 1555 1323 1610 quo
1354 1555 1496 1594 nunc
1525 1539 1576 1591 in
1604 1535 1898 1604 certamine
1928 1547 2035 1585 non

452 1637 718 1696 laborant,
769 1644 823 1688 et
869 1641 995 1686 tunc
1040 1646 1226 1685 eorum
1272 1629 1479 1698 palmas
1513 1625 1691 1680 amicti
1720 1623 2031 1696 respiciant,

452 1727 504 1780 in
532 1741 760 1795 quorum
789 1738 931 1778 nunc
963 1721 1145 1785 labore
1171 1719 1330 1774 otiosi
1362 1719 1673 1787 perdurant.
1716 1715 1881 1772 Valde
1911 1728 2036 1782 pec-

449 1791 670 1880 camus;
704 1817 747 1871 si
777 1815 948 1868 aliena
977 1815 1112 1866 bene
1140 1819 1289 1882 gesta
1337 1824 1441 1861 non
1477 1806 1765 1875 diligimus,
1817 1803 1910 1858 sed
1956 1801 2029 1855 nil
2065 1791 2106 1848 Β

450 1908 714 1964 mercedis
745 1907 988 1977 agimus;
1019 1904 1064 1957 si
1104 1917 1165 1955 ea
1212 1916 1330 1969 qum
1362 1899 1654 1969 diligimus,
1684 1896 1737 1949 in
1771 1901 2030 1963 quantum

449 2012 755 2068 possumus,
789 2010 891 2048 nou
916 1993 1208 2046 imitamur.
1238 1989 1430 2043 Nostra
1465 1987 1716 2040 nimirum
1742 1991 1867 2038 sunt
1891 1983 2031 2035 bona

448 2090 696 2152 aliorum,
749 2101 869 2164 qtue
899 2085 1046 2155 (etsi
1088 2080 1286 2136 imitari
1335 2095 1441 2134 non
1489 2075 1796 2149 possumus)
1832 2077 1884 2131 in
1913 2075 2032 2132 aliis

448 2193 717 2241 amamus,
743 2176 1038 2229 amantium
1068 2173 1220 2232 fiunt,
1254 2186 1479 2240 qumque
1508 2177 1759 2224 amantur
1781 2170 1835 2221 in
1854 2167 2030 2222 nobis.

448 2267 638 2338 (Creg.
685 2268 774 2320 lib.
811 2282 915 2320 xxv
949 2266 1144 2334 Expos.
1175 2280 1330 2325 mor.,
1357 2279 1402 2314 c.
1434 2260 1557 2332 ‘22.)
1586 2260 1688 2326 Qui
1726 2260 1887 2330 igitur
1913 2275 2032 2313 ma-

447 2359 566 2428 gnis
593 2357 882 2410 virtutibus
923 2357 972 2408 En
1029 2363 1230 2407 sanctze
1270 2352 1520 2406 Ecclesia:
1569 2351 1687 2404 sinu
1720 2349 2028 2420 proficiunt,

447 2448 857 2516 prmpositorum
904 2459 1125 2498 suorum
1158 2443 1322 2496 vitam
1365 2441 1639 2511 despicere
1678 2456 1782 2495 non
1815 2441 2028 2505 debent,

449 2554 572 2592 cum
595 2552 790 2590 vacare
821 2550 913 2589 eos
938 2534 1099 2588 rebus
1133 2532 1494 2587 exterioribus
1519 2532 1700 2585 vident
1729 2549 1740 2584 :
1776 2531 1901 2600 quia
1927 2532 2031 2587 hoc

447 2627 590 2696 quod
631 2626 730 2696 ipsi
764 2625 939 2679 securi
978 2623 1164 2677 intima
1197 2629 1502 2692 penetrant,
1533 2636 1598 2675 ex
1632 2621 1846 2674 illorum
1875 2619 2029 2689 adju—

449 2724 630 2768 mento
671 2722 774 2779 est,
813 2714 902 2784 qui
953 2721 1142 2767 contra
1178 2709 1440 2766 oroccllas
1470 2709 1629 2779 hujus
1666 2709 1849 2763 szeculi
1880 2717 2028 2763 cxte-

451 2806 561 2859 rius
584 2805 850 2858 laborant.
885 2803 1052 2870 Quam
1086 2803 1229 2855 enim
1259 2801 1510 2854 candoris
1531 2800 1612 2853 sui
1642 2799 1870 2870 gratiam
1905 2799 2032 2854 reti-

449 2906 622 2961 uerct,
661 2895 704 2950 si
733 2897 952 2965 byssum
985 2893 1160 2964 pluvia
1193 2891 1470 2962 tangeret?
1503 2889 1609 2944 Aut
1650 2891 1778 2959 quid
1805 2889 2028 2960 fulgoris

445 2997 606 3058 atque
632 2986 892 3042 claritatis
919 3001 1111 3039 coccus
1139 2984 1222 3037 vel
1251 2983 1579 3053 hyacinthus
1624 2983 1952 3045 ostenderet,
1981 2983 2026 3037 si

443 3081 558 3134 luec
582 3094 862 3147 StlSCCpttlS
889 3077 1060 3146 pulvis
1098 3075 1359 3128 fiedaret?
1393 3074 1474 3128 Sit
1498 3090 1626 3144 ergo
1658 3075 1886 3144 desuper
1908 3082 2025 3128 tex—

2143 523 2436 577 viventium
2469 531 2614 576 sorte
2639 524 3012 591 reprobantur.

2693 632 2920 696 CAPUT
2958 635 3165 691 XLVII.

2319 721 2383 782 Ut
2412 724 2689 788 thesaurus
2726 727 2969 780 monachi
2994 728 3048 780 in
3083 727 3213 782 coelo
3240 729 3547 788 collocetur.

2207 840 2468 897 Dominus
2493 858 2592 897 nos
2622 843 2880 896 admonet
2914 843 3099 899 dicens
3133 861 3146 898 :
3180 844 3558 902 Thcsaurizate
3589 849 3736 916 vobis

2136 932 2412 988 thesauros
2435 935 2491 986 in
2522 932 2672 997 caelo,
2717 933 2805 986 ubi
2833 949 2926 988 nec
2950 950 3127 1004 wriigo
3146 976 3160 1000 ,
3191 953 3282 990 nec
3312 939 3451 992 tinea
3476 944 3722 993 extermi-

2136 1035 2228 1079 nat
2258 1023 2474 1094 (Matth.
2505 1023 2604 1095 vr).
2635 1022 2700 1077 Et
2733 1024 3008 1093 quomodo
3042 1028 3412 1098 unusquisque
3439 1031 3506 1084 ad
3545 1034 3728 1101 perfe-

2137 1117 2368 1171 ctionem
2399 1117 2754 1175 monachatus
2774 1117 3078 1185 perveniat,
3106 1119 3431 1187 ipseiterum
3457 1107 3591 1177 dicit
3620 1143 3632 1178 :
3665 1126 3730 1180 Si

2135 1209 2210 1262 vis
2233 1209 2494 1279 perfectus
2524 1225 2652 1271 esse,
2680 1209 2828 1273 vade,
2855 1210 3016 1264 vende
3041 1214 3217 1274 omnia
3243 1229 3361 1283 quae
3382 1216 3559 1279 habes,
3587 1231 3632 1272 et
3655 1221 3728 1281 da

2133 1299 2470 1370 pauperibus,
2514 1311 2560 1352 et
2592 1301 2802 1355 habebis
2851 1302 3124 1356 thesauros
3169 1304 3222 1358 in
3264 1306 3411 1368 ccrlo,
3442 1318 3490 1361 ct
3521 1311 3633 1364 veni
3676 1323 3728 1366 et

2134 1409 2350 1463 sequere
2378 1410 2458 1447 mc
2482 1395 2698 1464 (.ilatth.
2734 1413 2846 1458 XIX,
2882 1397 3048 1452 Marc.
3077 1417 3131 1462 ι,
3164 1401 3729 1473 Luc.xvui).'fbesau-

2136 1498 2255 1536 rum
2297 1496 2425 1553 ergo
2467 1495 2735 1550 nostrum,
2774 1487 2990 1554 fratres,
3046 1491 3097 1544 in
3141 1493 3277 1547 C'J‘lO
3312 1509 3597 1563 ponamus,
3631 1505 3727 1557 ubi

2135 1575 2342 1629 hostem
2379 1584 2435 1629 et
2455 1586 2876 1646 expugnatorem
2905 1595 3012 1634 non
3045 1581 3349 1638 timeamus.
3385 1586 3726 1648 Thesaurum

2137 1664 2320 1732 itaque
2345 1680 2574 1735 operum
2624 1667 2710 1721 vel
2759 1669 3020 1724 virtutum
3061 1682 3368 1729 nostrarum
3398 1677 3752 1736 collocemus

2138 1754 2190 1806 in
2221 1754 2378 1817 cmlo,
2424 1755 2511 1809 ubi
2549 1772 2655 1811 non
2698 1759 2982 1814 timeamus
3012 1762 3277 1816 occultum
3323 1765 3514 1833 furem,
3548 1787 3729 1841 neque

2135 1844 2429 1899 violentum
2465 1853 2756 1916 raptorem.
2807 1848 2988 1903 Patria
3031 1853 3175 1906 enim
3219 1865 3402 1910 nostra
3433 1863 3729 1927 paradisus

2133 1945 2234 1990 est.
2284 1936 2340 1990 In
2387 1940 2562 2006 patria
2615 1955 2745 1995 vero
2790 1951 2975 1997 nostra
3037 1949 3378 2014 postmodum
3428 1959 3723 2024 recepturi,

2135 2030 2457 2100 multiplices
2494 2047 2636 2087 nunc
2676 2034 2936 2088 bonarum
2978 2038 3236 2092 virtutum
3283 2042 3538 2101 debemus
3586 2063 3724 2104 con,

2133 2121 2262 2176 dere
2291 2124 2592 2187 thesauros,
2623 2127 2712 2180 ubi
2757 2137 2877 2195 post
2914 2129 3072 2184 ﬁnem
3105 2131 3263 2203 hujus
3311 2137 3492 2192 smculi
3533 2152 3727 2196 centu-

2132 2212 2360 2281 plicatos
2408 2229 2717 2270 mereamur
2769 2218 3011 2288 recipere
3068 2221 3292 2278 fructus.
3344 2225 3530 2281 Sancti
3559 2232 3723 2295 enim,

2133 2304 2266 2359 dicit
2293 2307 2575 2376 propheta,
2605 2308 2659 2367 in
2682 2318 2821 2363 terra
2844 2328 2941 2364 sua
2965 2313 3195 2383 duplicia
3220 2321 3554 2387 possidebunt
3582 2325 3724 2393 (Isa.

2121 2397 2314 2469 th),id
2344 2407 2445 2460 est,
2480 2399 2530 2452 in
2565 2408 2708 2454 terra
2745 2401 3040 2458 viventium
3085 2407 3469 2467 beatitudinem
3521 2419 3728 2473 mentis

2132 2487 2290 2541 simul
2314 2489 2585 2544 habebunt
2609 2499 2663 2546 et
2685 2507 2867 2561 carpo:
2884 2493 2930 2551 is
2954 2509 2969 2548 :
2997 2497 3082 2549 ubi
3109 2497 3368 2557 Dominus
3388 2503 3542 2559 Iesus
3569 2506 3728 2563 ϐΙιήτ

2131 2589 2241 2633 slus
2269 2581 2572 2649 reformabit
2612 2599 2798 2654 corpus
2836 2585 3148 2642 humilitatis
3179 2603 3390 2659 nostrtr,
3422 2599 3730 2669 conﬁgura-

2131 2680 2241 2724 tum
2285 2675 2490 2743 corpori
2518 2674 2775 2730 claritatis
2807 2695 2919 2732 saw
2951 2677 3118 2750 (Phil.
3152 2683 3257 2754 ιη).
3289 2685 3585 2758 [Cyprian.,
3623 2694 3721 2748 lib.

2131 2761 2196 2815 de
2242 2761 2500 2818 Mortam.
2531 2767 2586 2820 in
2628 2766 2776 2840 ﬁne]
2815 2769 3040 2840 Magnus
3067 2775 3210 2829 enim
3242 2791 3341 2833 nos
3378 2781 3488 2836 illic
3523 2784 3724 2838 charo-

2129 2863 2253 2908 rum
2297 2864 2574 2924 exspectat
2598 2873 2900 2925 numerus;
2941 2874 3248 2931 parentum,
3287 2867 3516 2925 fratrum
3556 2883 3727 2943 atquc

2130 2963 2376 3005 sororum
2403 2952 2617 3023 copiosa
2650 2955 2805 3010 turba
2836 2958 3018 3013 videre
3049 2949 3342 3026 desiderat,
3375 2963 3440 3018 de
3469 2980 3564 3019 sua
3600 2966 3657 3034 ja
3685 2981 3723 3023 Ω

2131 3040 2535 3098 immortalitate
2583 3060 2794 3109 secura,
2841 3049 2934 3103 sed
2988 3051 3164 3106 a'ihuc
3213 3054 3278 3108 de
3316 3067 3498 3111 nostra
3545 3057 3724 3115 salute

830 3128 984 3219 fui-tis
1154 3163 1450 3234 pulverem,
1494 3128 1830 3217 situiuteriuIs
1876 3163 2026 3218 color
2053 3137 2096 3198 C
2129 3128 2378 3234 fomcm'
2407 3131 2483 3186 lbi
2507 3134 2703 3234 dfoms
2725 3138 3176 3234 pnltiard'ar‘lmi
3206 3161 3460 3202 "umerus
3487 3150 3724 3220 Pmi‘be'

445 3256 864 3329 hyacinthinus,
901 3263 1057 3326 aptus
1101 3255 1164 3307 ad
1195 3255 1463 3309 decorem.
1497 3253 1700 3308 Ornent
1727 3254 2022 3309 Ecclesium

444 3349 534 3418 qui
556 3347 682 3403 solis
700 3346 859 3401 rebus
882 3346 1213 3416 spiritalibus
1230 3357 1441 3401 vacant.
1470 3348 1675 3418 Tegant
1699 3346 1994 3402 Ecclesiam
2009 3390 2022 3413 ,

446 3455 581 3508 quos
601 3445 654 3492 et
675 3437 828 3491 labor
854 3452 1030 3490 rerum
1054 3435 1414 3506 corporalium
1439 3447 1645 3508 gravat.
1672 3436 2023 3507 Nequaquam

442 3545 572 3600 ergo
603 3536 788 3582 contra
817 3537 1082 3581 rectorem
1114 3542 1268 3580 suum
1306 3527 1576 3580 exteriora
1604 3537 1850 3596 agentem
1881 3543 2027 3580 nutr-

445 3629 620 3676 muret
650 3622 694 3673 is
741 3620 830 3688 qui
862 3619 1001 3672 intra
1031 3625 1273 3672 sanctam
1303 3618 1598 3672 Ecclesium
1625 3616 1737 3687 jam
1770 3618 2026 3688 spiritua-

442 3709 567 3774 liter
614 3709 795 3777 fulget.
847 3707 902 3761 Si
935 3708 1078 3761 enim
1112 3716 1166 3760 tu
1199 3723 1390 3762 secure
1438 3708 1685 3772 interius,
1725 3718 1782 3762 ut
1808 3723 2024 3773 eoccus,

443 3803 652 3873 rutilas,
681 3799 913 3856 cilicium
940 3815 1047 3870 quo
1089 3801 1414 3870 proteget-is,
1446 3816 1544 3855 cur
1588 3801 1846 3856 accusas?
1880 3800 2025 3872 (Huc

444 3909 607 3962 usque
656 3889 846 3962 Creg.)
898 3889 1254 3959 Interrogavit
1301 3889 1468 3944 abbas
1521 3888 1720 3960 Ioseph
1770 3892 2022 3946 abbatem

445 3985 719 4054 Pastorem
775 3984 959 4038 dicens
1009 4003 1022 4037 :
1069 3983 1164 4037 Dic
1221 3982 1353 4037 mihi
1407 3984 1675 4053 quomodo
1729 3984 2026 4039 monachus

444 4076 602 4146 (iam?
629 4075 694 4129 Et
724 4073 858 4130 dixit
895 4090 1061 4129 senex
1099 4092 1110 4128 :
1149 4074 1205 4128 Si
1236 4074 1316 4129 vis
1345 4074 1587 4128 invenire
1612 4075 1853 4145 requiem
1880 4084 1934 4130 et
1970 4075 2022 4129 in

443 4165 544 4232 isto
576 4163 770 4232 saeculo
821 4173 876 4218 et
917 4164 969 4218 in
1015 4162 1218 4227 futuro,
1264 4163 1316 4216 in
1351 4163 1496 4216 omni
1523 4178 1687 4217 causa
1711 4163 1842 4218 dic:
1886 4163 2025 4231 Quid

443 4274 562 4314 sum
589 4257 727 4328 ego?
763 4258 827 4311 Et
871 4273 974 4310 non
1009 4255 1220 4324 judiccs
1260 4271 1606 4325 quemquam.
1638 4255 1834 4310 Frater
1862 4256 2026 4311 inter-

444 4348 648 4418 rogavit
672 4346 920 4415 abbatem
942 4345 1218 4400 Pastorem
1241 4346 1428 4401 diccus
1455 4364 1465 4400 :
1499 4346 1636 4414 Quid
1659 4345 1880 4411 faciam,
1899 4347 2023 4416 quia

440 4433 793 4518 pusillanimis
829 4435 897 4489 fio
932 4433 1058 4487 dum
1104 4434 1283 4490 sedeo.
1314 4435 1454 4489 Dicit
1485 4437 1534 4490 ei
1561 4452 1727 4491 senex
1761 4455 1772 4489 :
1805 4435 2022 4490 Nullum

2135 3225 2330 3284 tarum,
2362 3224 2747 3290 apostolorum,
2797 3229 3089 3300 virginum,
3137 3243 3191 3288 et
3225 3237 3462 3292 omnium
3491 3256 3721 3297 cernere

2129 3325 2228 3364 nos
2273 3310 2547 3368 desiderat
2591 3331 2795 3373 cuneus
2827 3329 3158 3378 sanctorum.
3193 3327 3235 3382 0
3282 3344 3441 3398 quam
3497 3335 3724 3401 grandis

2128 3402 2310 3457 Letitia
2341 3414 2444 3470 est,
2477 3408 2543 3462 ad
2574 3409 2799 3466 istorum
2821 3414 3060 3470 omnium
3090 3428 3402 3475 sanctorum
3432 3429 3724 3492 pervenire

2127 3497 2478 3562 consortium,
2503 3501 2568 3553 ad
2596 3501 2819 3556 istorum
2851 3507 3090 3562 omnium
3119 3509 3330 3567 felicem
3359 3517 3541 3572 venire
3571 3533 3722 3573 eom-

2127 3587 2372 3656 plexum!
2401 3589 2446 3646 Ο
2483 3608 2646 3662 quam
2685 3610 2896 3652 summa
2936 3606 2989 3653 et
3030 3612 3286 3672 perpetua
3325 3605 3575 3673 felicitas,
3610 3611 3723 3666 illic

2129 3682 2489 3748 apostolorum
2535 3685 2799 3755 gloriosos
2836 3703 3061 3746 cernere
3106 3695 3322 3761 choros,
3353 3707 3408 3752 et
3433 3699 3718 3755 exsultan-

2129 3770 2258 3823 tium
2290 3773 2673 3842 prtiphetarum
2701 3791 2986 3833 numerum
3012 3781 3196 3839 videre
3221 3795 3515 3852 sacratum,
3540 3799 3596 3844 et
3628 3792 3716 3845 in-

2127 3867 2212 3914 ter
2245 3860 2532 3931 virginum,
2563 3874 2864 3937 martyrum
2894 3877 2948 3924 et
2975 3871 3346 3929 confessorem
3370 3879 3718 3934 candidatum

2127 3966 2357 4006 cuneum
2383 3952 2648 4011 interesse
2674 3961 3008 4017 sanctorum!
3025 3963 3168 4017 Dixit
3189 3964 3353 4031 abbas
3370 3967 3719 4038 llyperitius:

2126 4043 2436 4099 Thesaurus
2480 4048 2730 4103 monachi
2777 4059 2860 4105 est
2891 4053 3189 4110 voluntaria
3219 4042 3529 4130 paupertas.
3567 4061 3717 4116 The-

2125 4138 2340 4191 sauriza
2358 4153 2489 4209 ergo
2515 4139 2632 4207 tibi,
2659 4139 2849 4208 frater,
2878 4143 2932 4198 in
2958 4145 3115 4212 coelo,
3146 4149 3269 4218 quia
3288 4149 3353 4204 ad
3373 4153 3720 4221 requiescen-

2125 4226 2252 4282 dum
2277 4229 2394 4283 sine
2423 4231 2528 4284 line
2553 4244 2676 4288 sunt
2703 4236 2921 4304 szecula,
2949 4237 3172 4294 Dicebat
3197 4241 3363 4297 abbas
3399 4244 3667 4315 Evagrius
3698 4265 3712 4301 ε

2123 4317 2256 4372 Cum
2306 4322 2462 4376 sedes
2511 4324 2563 4377 in
2616 4325 2773 4389 cella,
2802 4329 2996 4399 collige
3025 4331 3090 4384 ad
3131 4339 3184 4386 te
3207 4348 3422 4388 sensum
3452 4343 3625 4400 tuum,
3658 4349 3718 4393 et

2125 4423 2331 4462 memor
2359 4419 2476 4465 esto
2507 4413 2609 4468 diei
2637 4417 2847 4482 mortis,
2885 4427 2939 4472 et
2978 4428 3105 4475 tunc
3130 4422 3336 4478 videbis
3364 4429 3612 4495 corporis
3635 4431 3713 4484 tui

435 4498 663 4596 iudices,
694 4522 893 4578 nullum
924 4539 1165 4593 spernas,
1202 4540 1374 4594 neque
1402 4527 1746 4593 condemnes,
1779 4529 2019 4597 nullique
2046 4498 2099 4556 Β
2127 4499 2613 4597 Ψωξυθθθυθηέφ·
2661 4504 2848 4577 Cogita
2902 4508 3129 4574 Cladcm’
3184 4513 3396 4582 “50399
3445 4516 3708 4583 (ἶοξονοτην

439 4614 715 4678 detrahas,
747 4623 800 4668 et
828 4614 974 4668 Deus
997 4616 1089 4668 tibi
1113 4624 1334 4684 prmstat
1360 4619 1622 4686 requiem,
1649 4626 1702 4672 ct
1724 4619 1829 4672 crit
1850 4620 2019 4676 sessio

435 4712 533 4756 tua
584 4704 699 4757 sine
753 4703 1176 4772 perturbatione.
1219 4705 1317 4759 Vir
1361 4709 1578 4776 (pullam
1625 4717 1843 4762 sanctus
1894 4725 2016 4762 cum

442 4791 683 4852 audisset
707 4793 988 4861 quemdam
1012 4803 1351 4862 peccantem,
1375 4796 1519 4851 flevit
1543 4814 1744 4862 amare,
1770 4807 1820 4853 et
1844 4801 1978 4854 dixit
2002 4820 2013 4854 :

441 4881 545 4935 iste
592 4881 770 4948 hodie,
810 4899 909 4954 ego
951 4885 1205 4940 crastino.
1255 4888 1632 4944 Verumtamen
1681 4892 1913 4961 qualiter
1937 4895 2017 4950 vis

440 4985 628 5046 peccet
666 4977 856 5046 aliquis
881 4978 1004 5034 ante
1034 4987 1104 5046 te,
1144 4997 1247 5034 non
1274 4981 1482 5050 judices
1514 5000 1525 5036 :
1560 4984 1652 5038 sed
1675 4982 1854 5051 judica
1897 5002 2011 5041 ma-

443 5052 523 5136 gis
559 5067 895 5136 temetipsum
923 5079 1261 5138 peccatorem
1283 5115 1295 5136 ,
1328 5088 1487 5142 quam
1520 5073 1687 5128 illum.
1723 5073 1876 5146 Siepe
1912 5077 2013 5130 ali-

441 5153 567 5224 quid
597 5170 623 5206 a
657 5153 949 5223 majoribus
980 5161 1370 5229 dispensator-ie
1397 5165 1589 5235 agitur,
1617 5166 1759 5234 quod
1789 5183 1818 5220 a
1845 5168 2016 5223 mino—

441 5242 590 5306 ribus
613 5261 772 5301 error
791 5256 1027 5316 putatur.
1063 5251 1213 5320 Szepe
1237 5255 1401 5308 multa
1432 5270 1460 5307 a
1491 5254 1719 5311 fortibus
1739 5257 2012 5326 dicuntur,

439 5352 559 5406 quzc
596 5338 798 5392 idcirco
840 5337 1034 5391 infirmi
1063 5339 1372 5410 dijudieant,
1408 5345 1531 5412 quia
1559 5345 1824 5412 ignorant.
1867 5348 2013 5402 Unde

438 5435 491 5479 et
519 5421 759 5481 nonnulli
792 5427 986 5483 subditi
1016 5439 1198 5483 contra
1232 5434 1330 5485 hoc
1373 5449 1588 5488 manum
1638 5438 2014 5505 reprehensio-

441 5516 522 5569 nis
548 5517 766 5570 mittunt
799 5537 808 5570 :
843 5519 935 5572 sed
966 5535 994 5572 a
1018 5520 1126 5572 vita
1156 5522 1403 5587 protinus
1432 5523 1564 5593 ipsa,
1589 5541 1684 5579 sua
1709 5527 2013 5581 temeritate

440 5607 713 5661 deﬁciunt.
745 5611 956 5666 Levites
981 5629 1108 5682 ergo
1135 5615 1286 5681 quasi
1320 5614 1577 5682 adjuvans
1602 5635 1818 5674 manum
1845 5630 2013 5675 teten-

442 5695 518 5748 dit
546 5715 557 5749 :
597 5699 689 5752 sed
717 5703 1030 5772 delinquens
1057 5704 1219 5757 vitam
1261 5707 1493 5781 perdidit
1519 5707 1604 5780 (II
1632 5708 1751 5779 Reg.
1774 5717 1869 5780 vi),
1889 5713 2010 5781 quia

2125 4591 2304 4646 devita
2337 4594 2520 4648 mundi
2555 4595 2710 4651 istius
2738 4600 3022 4656 vanitates.
3056 4602 3186 4658 Esto
3213 4606 3490 4661 modestus
3521 4619 3575 4662 et
3605 4612 3714 4665 sol-

2124 4680 2321 4748 licitus,
2369 4691 2427 4736 ut
2456 4685 2630 4753 possis
2668 4703 2883 4757 semper
2910 4691 2962 4744 in
2991 4693 3177 4746 eodem
3206 4695 3403 4763 quietis
3432 4701 3712 4766 proposFto

2123 4786 2472 4839 permanere,
2502 4784 2557 4830 et
2587 4793 2689 4830 non
2722 4779 3103 4837 intirmabcris.
3137 4785 3433 4842 Memorare
3460 4793 3623 4844 etiam
3654 4805 3711 4848 et

2123 4863 2260 4918 bona
2291 4880 2410 4933 quas
2451 4875 2576 4921 sunt
2609 4866 2772 4935 justis
2801 4873 3053 4941 reposita.
3105 4876 3378 4932 Fiduciam
3417 4880 3557 4935 habe
3583 4893 3709 4939 ante

2121 4951 2288 5007 Deum
2329 4957 2539 5011 Patrem
2568 4967 2622 5012 et
2648 4959 2924 5016 Christum
2972 4965 3108 5034 ejus,
3158 4981 3340 5023 coram
3393 4975 3623 5043 angelis,
3653 4987 3712 5031 et

2119 5047 2493 5114 potestatibus,
2527 5060 2688 5119 atque
2740 5054 2885 5108 oumi
2941 5055 3094 5124 plebe
3138 5061 3286 5130 regni
3339 5063 3624 5128 emlorum,
3652 5079 3709 5121 et

2118 5137 2256 5192 dona
2293 5138 2408 5205 ejus
2457 5143 2652 5210 mgita,
2687 5153 2742 5198 et
2787 5144 3048 5215 requiem,
3099 5162 3152 5204 et
3198 5155 3472 5221 gaudium.
3531 5157 3708 5227 Super

2119 5231 2256 5284 bona
2282 5248 2408 5285 vero
2429 5233 2596 5301 justis
2623 5239 2853 5306 reposita
2877 5242 3065 5309 gaude,
3094 5251 3148 5297 et
3168 5247 3392 5309 exsulta,
3421 5257 3470 5302 et
3498 5250 3703 5318 Iatarc,

2117 5331 2171 5375 et
2201 5324 2284 5377 bis
2311 5327 2525 5393 quidem
2558 5326 2659 5380 frui
2696 5327 2917 5383 festina.

2726 5532 2798 5587 De
2855 5537 3090 5591 cou::i.-'io.

2191 5617 2265 5670 De
2308 5620 2408 5673 hac
2445 5636 2539 5676 nos
2576 5623 2773 5678 virtute
2801 5629 3006 5681 consilii
3040 5628 3290 5686 Salomon
3329 5636 3584 5694 admonet
3621 5637 3706 5690 di-

2119 5727 2249 5768 cens
2274 5733 2286 5767 :
2312 5714 2467 5777 Audi,
2506 5712 2604 5780 ﬁli,
2636 5717 2930 5783 consiliarii,
2961 5732 3004 5771 et
3029 5721 3229 5790 suscipe
3260 5725 3608 5794 disciplinam.
3643 5741 3698 5784 ut
