3960 6206
255 340 369 397 6,ίῦ

1481 322 1784 390 DlADEMA
1827 330 2332 390 MONACIIORUM.

3432 336 3549 399 Μϐἶ

250 450 331 504 sis
372 448 582 517 sapiens
612 447 666 499 in
697 445 990 499 novissimis
1021 447 1123 499 tuis
1162 434 1347 517 (Prop.
1389 444 1523 514 XIX).
1574 444 1702 509 Fili,
1739 446 1852 499 sine
1882 447 1927 506 Λ
1956 461 2115 498 causa
2164 444 2380 517 (Matth.
2428 446 2503 517 ι’).
2567 447 2632 502 Et
2677 448 2763 504 ille
2805 453 3120 522 respondit:
3147 453 3225 510 Ex
3278 459 3423 512 omni
3474 478 3538 516 re

248 541 484 597 consilio
533 536 663 592 nihil
716 536 902 605 facias,
947 545 1146 607 etpost
1195 536 1393 605 factum
1442 552 1545 591 non
1586 537 1848 606 ptenitebit

249 630 457 701 (δι-σιξ.
489 627 683 700 xxxii).
736 626 954 679 Astutus
980 627 1117 679 enim
1153 626 1328 679 omnia
1354 626 1461 696 agit
1490 640 1606 678 cum
1628 624 1848 678 consilio

249 718 448 789 (Prov.
480 714 620 787 xm).
682 714 751 768 Et
778 714 867 785 qui
897 726 1056 783 agunt
1087 724 1273 768 cuncta
1294 730 1413 767 cum
1439 713 1680 777 consilio,
1712 713 1848 766 mul-

248 818 310 861 ta
343 816 599 877 reguntur
624 805 880 875 sapientia
913 804 1125 875 (Ibid)
1171 804 1310 867 Nam
1347 804 1673 874 dissipantur
1700 805 1846 876 cogi-

246 898 508 960 tationes,
538 896 626 949 ubi
654 911 759 948 non
790 903 865 947 est
902 893 1177 948 consilium
1217 891 1399 964 (Prov.
1432 891 1543 964 xv).
1591 891 1694 947 Ubi
1724 908 1848 948 vero

246 989 439 1060 plures
464 998 583 1042 sunt
614 987 926 1051 consiliarii,
956 986 1356 1055 conﬁrmantur.
1389 984 1660 1055 Unguento
1682 995 1730 1040 ct
1757 1004 1849 1041 va-

248 1083 361 1136 riis
391 1081 636 1135 odoribus
674 1079 961 1134 delectatur
992 1094 1105 1142 cor,
1144 1087 1192 1131 et
1232 1077 1378 1135 bonis
1418 1078 1575 1131 amici
1615 1076 1848 1131 consiliis
1887 1150 1890 1154 Δ

248 1175 443 1227 animo
492 1172 801 1226 dulcoratur
843 1168 1029 1240 (Prov.
1079 1169 1270 1240 xxvii).
1327 1169 1458 1223 Cum
1509 1170 1848 1241 dispositione

249 1267 433 1321 initur
445 1264 655 1329 bellum,
682 1273 730 1317 et
745 1264 843 1316 erit
857 1262 1001 1317 salus
1014 1263 1103 1319 ubi
1116 1262 1280 1316 multa
1293 1262 1513 1317 consilia
1524 1273 1643 1317 sunt
1661 1261 1842 1335 (Prov.

251 1358 438 1427 sxsv).
464 1354 696 1411 Scientia
715 1353 965 1424 sapientis
986 1361 1235 1424 tanquam
1251 1353 1525 1408 inundatio
1539 1354 1843 1419 abundabit,

248 1462 303 1502 et
323 1446 603 1503 consilium
618 1445 762 1500 illius
773 1446 909 1499 sicut
927 1444 1042 1513 fons
1065 1445 1182 1499 vita!
1201 1456 1467 1515 permanet
1490 1444 1675 1517 (Eccli.
1706 1446 1841 1517 xxx).

250 1540 455 1608 Magna
482 1537 683 1593 etenim
714 1550 802 1591 res
826 1544 912 1591 est
937 1536 1135 1591 bonum
1162 1535 1467 1597 consilium,
1494 1543 1550 1590 et
1569 1536 1847 1591 monachis

249 1629 423 1685 valde
468 1626 950 1699 pernecessarium.
1000 1625 1149 1681 lianc
1205 1627 1370 1696 igitur
1410 1628 1620 1683 consilii
1675 1629 1846 1684 virtu-

253 1733 379 1779 tem
411 1721 715 1777 dilexerunt
749 1735 939 1774 omnes
968 1720 1021 1774 in
1052 1728 1194 1775 terra
1226 1720 1316 1789 qui
1344 1721 1410 1774 ad
1440 1719 1715 1775 coalestem
1749 1736 1848 1775 vo-

1951 551 2056 605 qua
2089 543 2142 588 te
2174 551 2402 605 gravare
2441 539 2663 595 voluerit
2688 541 2858 597 frater
2887 551 3031 606 tuus,
3061 560 3129 600 ne
3162 546 3419 604 irascaris
3441 552 3540 606 ad-

1950 641 2139 682 versus
2179 642 2301 681 eum
2351 629 2522 685 donec
2565 633 2779 689 oculum
2822 643 2971 690 tuum
3013 637 3263 693 dextrum
3310 639 3536 709 eiiciat:

1951 716 2191 789 alioquin
2237 718 2354 773 sine
2392 736 2554 775 causa
2594 722 2846 779 irasceris
2887 727 2957 783 ei.
3013 727 3070 782 Si
3111 739 3293 790 autem
3341 733 3555 810 aliquis

1949 806 2065 867 vult
2095 815 2146 862 te
2176 822 2434 877 separare
2464 825 2495 864 a
2528 811 2637 865 Deo
2655 854 2669 876 ,
2702 830 2801 884 pro
2831 816 2933 871 hoc
2962 818 3216 876 irascere.

2506 899 2733 961 CAPUT
2795 904 2955 965 XLIX
2968 946 2980 959 .

2197 990 2276 1046 De
2304 992 2717 1061 sanctiﬁcatione
2749 997 2922 1051 cordis
2952 1008 2998 1052 et
3032 1000 3285 1069 corporis.

2018 1080 2171 1141 Inter
2198 1090 2396 1138 cratera
2426 1084 2492 1139 de
2520 1084 2952 1149 sanctiﬁcatione
2976 1089 3055 1143 sic
3092 1090 3292 1149 Paulus
3327 1093 3378 1154 in
3415 1094 3544 1169 Epi-

1948 1171 2086 1226 stola
2116 1172 2183 1227 ad
2208 1172 2720 1230 Thessalonicenses
2755 1176 2830 1231 ait
2856 1195 2869 1233 :
2896 1176 3025 1232 (ltro
3053 1190 3128 1233 est
3171 1182 3408 1238 voluntas
3448 1183 3543 1238 Dei

1948 1266 2293 1335 sanctificatio
2334 1276 2524 1331 vestra,
2570 1277 2629 1322 ut
2673 1269 2980 1325 ahstineatis
3025 1290 3056 1326 a
3100 1273 3449 1342 fornicatione
3489 1276 3542 1348 (Ι

1953 1352 2131 1408 Thess.
2162 1355 2257 1427 tv).
2307 1355 2437 1410 lIa'c
2466 1368 2541 1411 est
2574 1358 2815 1414 voluntas
2853 1359 2970 1424 Dei,
3016 1363 3163 1428 dicit,
3206 1364 3258 1418 id
3295 1374 3399 1429 est,
3439 1367 3543 1421 hoc

1946 1442 2123 1512 placet
2150 1445 2279 1509 Deo,
2308 1456 2368 1501 ut
2403 1463 2499 1504 vos
2538 1451 2703 1505 corde
2739 1452 2944 1520 pariter
2984 1455 3305 1511 sanctifieati
3342 1458 3461 1512 sitis
3489 1466 3545 1522 et

1948 1547 2193 1604 corpore.
2240 1536 2350 1590 Nisi
2383 1539 2524 1592 enim
2558 1540 2608 1593 ei
2639 1540 2743 1593 hoc
2770 1540 3083 1609 placuisset,
3117 1545 3272 1599 nobis
3300 1562 3403 1599 non
3445 1549 3542 1603 im-

1947 1634 2196 1694 perasset
2229 1628 2451 1682 dicens:
2479 1627 2664 1682 Sancti
2702 1640 2882 1696 estote,
2932 1634 3057 1703 quia
3101 1643 3149 1687 et
3196 1651 3289 1705 ego
3330 1647 3545 1698 sanctus

1950 1734 2089 1783 sum,
2113 1719 2371 1774 Dominus
2402 1720 2546 1774 Deus
2569 1732 2736 1776 vester
2764 1722 2909 1795 (Leu.
2943 1740 3033 1779 nx
3055 1733 3109 1779 et
3137 1725 3253 1797 xx).
3290 1725 3395 1783 Sed
3419 1742 3546 1787 vero

251 1810 480 1863 luerunt
521 1806 885 1861 conscendere
929 1804 1182 1874 patriam.
1244 1805 1350 1859 Per
1392 1806 1534 1860 hanc
1586 1805 1917 1864 virtutem/8
1945 1820 2000 1866 et
2029 1811 2234 1881 absque
2264 1812 2368 1865 ulla
2407 1813 2763 1878 dubitatione,
2798 1816 3154 1870 sanctimonia
3192 1833 3298 1887 qua
3340 1819 3543 1874 sancti-

249 1899 476 1957 consilii
509 1908 777 1969 martyres
813 1904 873 1951 ut
910 1905 1169 1952 :eternam
1211 1913 1240 1951 a
1278 1897 1508 1952 Domino
1541 1899 1848 1968 reciperent

250 1993 453 2054 vitam,
484 1991 643 2045 morti
674 1988 919 2045 mortalia
948 2003 1042 2043 sua
1081 1987 1417 2043 tradiderunt
1442 2004 1692 2058 corpora.
1744 1990 1850 2045 Per

254 2082 407 2139 hanc
463 2078 673 2137 consilii
728 2078 983 2141 virtutem
1030 2072 1269 2147 virgines
1310 2087 1367 2133 et
1404 2079 1745 2136 confessores
1791 2082 1847 2135 in

254 2170 488 2224 servitio
537 2168 748 2230 Domini
801 2182 973 2237 usque
1013 2168 1068 2227 in
1116 2168 1279 2223 linem
1336 2178 1842 2240 perseveraverant.

256 2263 442 2317 Grave
480 2270 661 2316 autem
704 2259 988 2315 consilium
1031 2259 1230 2325 cordis,
1273 2275 1487 2315 omnem
1536 2262 1849 2318 inconstan—

261 2355 396 2409 tiam
418 2354 716 2424 vagatiouis
735 2352 973 2422 expellit.
1025 2350 1164 2406 Sunt
1191 2352 1387 2409 animae
1416 2369 1536 2423 quae
1557 2355 1660 2410 levi
1692 2364 1845 2411 metu

262 2461 414 2501 nunc
459 2446 582 2511 ista,
629 2459 771 2499 nunc
812 2443 903 2498 illa
943 2444 1270 2499 desiderant.
1325 2445 1677 2517 Omnipotens
1718 2463 1848 2519 ergo

263 2535 433 2600 licus,
465 2536 587 2606 quia
623 2535 770 2604 ipsas
814 2534 959 2589 leves
1009 2534 1384 2590 ﬁuctuationes
1426 2538 1687 2592 mentium
1738 2555 1847 2598 nou

262 2625 459 2682 leviter
491 2635 703 2695 pensat,
749 2626 1088 2696 vagationcm
1116 2626 1295 2681 cordis
1320 2628 1679 2697 relinquendo
1705 2630 1846 2700 diju-

263 2719 414 2772 dicat
445 2736 457 2771 :
490 2719 582 2772 sed
609 2733 730 2772 cum
767 2732 866 2786 per
902 2718 1132 2787 gratiam
1174 2719 1411 2787 respicit,
1456 2734 1650 2790 vagam
1690 2736 1847 2775 men-

264 2820 380 2865 tem
421 2810 471 2864 ia
507 2810 718 2864 consilii
747 2809 1098 2867 stabilitatem
1138 2809 1272 2879 ﬁgit.
1322 2809 1455 2865 Cum
1498 2810 1642 2866 Deus
1678 2813 1850 2867 omni-

264 2911 460 2971 potens
486 2900 630 2955 leves
657 2910 836 2956 motus
863 2898 1098 2955 hominis
1136 2880 1564 2956 misericorditer
1592 2902 1850 2972 dignatur

266 2991 530 3060 aspicere,
556 2991 699 3046 hunc
723 2991 969 3060 protinus
1002 2992 1322 3048 constantia:
1351 2992 1715 3049 maturitatem
1744 2990 1849 3046 foro

266 3085 405 3143 mat,
443 3087 607 3154 atque
651 3094 898 3149 superate
950 3082 1136 3153 gratiae
1185 3089 1432 3151 respectu
1484 3096 1582 3136 cor
1624 3081 1741 3149 ejus
1779 3082 1847 3145 ad

266 3152 586 3244 gravitatem
618 3176 828 3230 consilii
868 3152 1088 3247 repente
1118 3177 1382 3246 perducit.
1423 3176 1480 3230 In
1511 3176 1661 3231 omni
1684 3191 1849 3245 opere
1875 3152 1920 3215 Ο

266 3267 412 3339 quod
449 3267 672 3337 cogitas,
694 3267 872 3323 facere
900 3308 915 3333 ,
961 3268 1195 3338 primum
1235 3268 1409 3337 cogita
1446 3267 1617 3321 Deum
1642 3307 1658 3333 ,
1696 3275 1751 3323 et
1806 3267 1853 3323 si

267 3358 564 3413 secundum
604 3357 772 3412 Deum
808 3367 893 3414 est
930 3358 1075 3429 quod
1111 3356 1319 3430 cogitas
1342 3399 1357 3423 ,
1395 3357 1685 3429 diligenter
1722 3373 1855 3413 exa-

270 3449 438 3503 mina.
480 3449 546 3503 Et
581 3449 627 3503 si
665 3457 752 3503 est
788 3457 994 3505 rectum
1029 3463 1212 3504 coram
1250 3450 1360 3504 Deo
1382 3490 1397 3514 ,
1436 3450 1635 3519 perﬁce
1670 3449 1801 3504 illud
1835 3466 1850 3515 ;

270 3540 321 3593 si
363 3555 492 3594 vero
538 3553 851 3610 perversum
890 3538 1090 3606 fuerit,
1131 3548 1348 3610 amputa
1392 3540 1524 3595 illud
1561 3541 1630 3594 ab
1669 3541 1855 3598 anima

269 3641 382 3691 tua.
420 3630 488 3684 Et
520 3645 617 3685 nos
648 3645 798 3700 ergo,
835 3629 1049 3695 fratres,
1085 3614 1268 3685 omnia
1303 3644 1423 3705 quae
1460 3630 1690 3699 agimus,
1727 3642 1852 3692 cum

271 3720 497 3776 consilio
532 3735 791 3793 agamus,
832 3721 959 3790 quia
1010 3721 1271 3790 scriptum
1314 3729 1400 3777 est
1439 3738 1451 3773 :
1497 3720 1630 3779 Ante
1676 3721 1855 3779 omnia

271 3827 431 3878 opera
462 3811 665 3866 verbum
689 3828 847 3866 cerua:
870 3813 1127 3883 pra'cedat
1150 3822 1220 3877 te,
1242 3821 1291 3865 et
1312 3821 1432 3866 ante
1452 3822 1658 3866 omnem
1679 3815 1854 3864 actum

272 3900 549 3956 consilium
580 3902 802 3957 stabile:
827 3886 887 3956 et.
906 3903 962 3957 iu
988 3903 1069 3956 his
1106 3902 1346 3961 omnibus
1375 3902 1655 3973 deprecare
1685 3900 1854 3957 Altis-
1878 3932 1882 3937 -

277 3995 490 4060 simum,
522 4002 579 4051 ut
625 3994 819 4066 dirigat
856 3995 911 4055 in
956 3996 1170 4049 veritate
1206 3995 1343 4049 viam
1388 4004 1553 4049 tuam.
1611 3994 1673 4050 Si
1716 3995 1854 4055 enim

274 4082 535 4155 Dominus
568 4099 787 4155 magnus
848 4084 1100 4151 voluerit,
1141 4086 1330 4156 spiritu
1372 4085 1734 4155 intelligentia:
1775 4102 1858 4139 re-

275 4173 430 4242 plebit
451 4184 522 4239 te,
551 4184 599 4229 et
620 4176 771 4245 quasi
801 4177 1009 4239 imbres,
1046 4178 1207 4239 mittet
1236 4178 1328 4233 tibi
1355 4177 1560 4249 eloquia
1585 4178 1857 4248 sapientia!

275 4280 408 4333 suae,
447 4277 494 4321 et
529 4271 720 4340 aperiet
755 4287 813 4324 os
845 4281 993 4325 tuum
1023 4271 1078 4325 in
1106 4272 1362 4335 oratione,
1391 4282 1438 4326 et
1469 4272 1653 4343 diriget
1680 4271 1855 4326 consie

276 4358 406 4421 lium
418 4369 563 4418 tuum
576 4353 631 4415 in
644 4362 800 4428 bona,
821 4372 868 4416 et
877 4379 1039 4435 usque
1051 4364 1104 4416 in
1117 4362 1367 4421 strculum
1379 4380 1482 4417 non
1492 4363 1746 4418 delebitur
1757 4379 1859 4417 me-

277 4452 449 4504 moria
492 4462 583 4505 tua
629 4451 819 4524 (Eccli.
861 4469 1077 4519 xxxvii,
1125 4453 1337 4525 xxxix).
1388 4453 1653 4508 Venitin
1702 4453 1856 4507 initio

224 4590 229 4593 _
275 4543 701 4598 conversationis
723 4559 835 4599 suae
862 4545 1028 4599 abbas
1054 4544 1315 4614 Evagrius
1349 4544 1416 4597 ad
1448 4544 1734 4613 quemdam
1769 4558 1854 4598 se-

277 4647 425 4697 nem,
448 4649 694 4703 quaerens
715 4635 1018 4700 consilium,
1048 4644 1105 4690 et
1128 4635 1262 4691 dicit
1291 4636 1340 4691 ei
1361 4655 1374 4689 :
1399 4634 1495 4691 Dic
1516 4636 1667 4698 mihi,
1693 4636 1850 4700 abba,

277 4738 585 4779 sermonem
615 4740 724 4796 quo
760 4726 938 4783 salvus
971 4726 1116 4780 ﬁam.
1172 4725 1261 4781 lllc
1300 4734 1478 4780 autem
1509 4725 1643 4780 dixit
1681 4726 1729 4780 ei
1757 4742 1769 4777 :
1794 4725 1854 4779 Si

278 4816 362 4870 vis
396 4815 575 4870 salvus
596 4816 734 4883 ﬁeri,
764 4818 979 4886 quando
1004 4817 1158 4871 vadis
1185 4817 1253 4870 ad
1282 4816 1537 4884 aliquem,
1571 4828 1676 4869 non
1703 4814 1855 4883 prius

278 4909 522 4979 loquaris
545 4918 832 4980 antequam
870 4910 957 4965 ille
987 4917 1041 4965 te
1069 4910 1327 4980 inquirat.
1379 4902 1643 4979 Evagrius
1674 4917 1853 4961 autem

279 5007 634 5069 compunctus
677 5000 729 5053 in
774 5000 879 5054 hoc
922 5012 1205 5065 sermone,
1257 4998 1434 5053 dixit:
1470 4996 1642 5052 Crede
1686 4996 1854 5060 mihi,

281 5091 479 5145 multos
512 5092 727 5147 codices
757 5091 881 5162 legi,
920 5100 976 5145 et
1009 5090 1552 5149 talemreruditioncm
1582 5102 1856 5157 nunquam

280 5182 482 5240 inveni.
529 5182 595 5237 Et
620 5183 848 5236 multum
875 5181 1165 5251 proﬁciens
1191 5181 1343 5234 exiit.
1391 5178 1539 5232 Dixit
1567 5178 1733 5232 abbas
1760 5178 1879 5230 Pam

280 5284 441 5328 stor:
467 5274 567 5341 Qui
598 5275 756 5328 docet
780 5283 834 5327 et
865 5287 971 5327 non
1012 5271 1142 5327 facit
1179 5286 1311 5349 qua
1332 5273 1506 5335 docet,
1548 5268 1739 5324 similis
1776 5276 1860 5322 est

279 5365 483 5429 canali,
513 5380 634 5435 quae
657 5379 847 5419 omnes
877 5366 947 5418 ad
980 5378 1040 5421 se
1071 5363 1347 5416 venientes
1372 5361 1554 5425 satiat,
1585 5370 1641 5414 et
1673 5360 1861 5413 sordes

279 5472 481 5511 eorum
500 5456 658 5516 lavat,
692 5455 921 5524 seipsam
951 5461 1131 5508 autem
1160 5466 1392 5521 purgare
1416 5465 1523 5507 non
1548 5457 1743 5519 potest,
1768 5448 1863 5502 sed

279 5548 463 5602 omnis
506 5547 761 5616 spurcitia
815 5555 870 5600 et
910 5544 1249 5599 immunditia
1304 5544 1355 5596 in
1409 5557 1470 5597 ea
1520 5550 1621 5596 est.
1676 5541 1867 5595 Frater

1883 4502 1932 4561 D

1948 1903 2210 1958 innxiiales
2238 1910 2294 1957 ct
2322 1903 2722 1973 magniﬁcentia
2745 1920 2850 1975 qua
2891 1907 3163 1977 magniﬁci
3196 1909 3336 1978 apud
3371 1910 3539 1969 Deum

1949 1992 2257 2055 clliciuntur
2288 1994 2483 2055 sancti,
2525 1995 2579 2048 in
2621 1996 3050 2053 sanctiﬁcatione
3083 1998 3322 2069 ejusdem
3364 2000 3538 2056 nostri

1948 2084 2210 2138 creatoris
2248 2084 2518 2149 consistit,
2548 2084 2687 2140 sicut
2719 2086 2982 2157 scriptum
3020 2098 3141 2144 est:
3169 2090 3541 2151 Sanctimonia

1947 2180 1995 2224 et
2043 2173 2433 2242 magniﬁcentia
2476 2174 2530 2228 in
2568 2176 2983 2244 sanctiﬁcatione
3025 2181 3141 2250 ejus
3183 2180 3355 2253 (Psal.
3389 2184 3537 2255 xcv).

1948 2260 2086 2315 llinc
2107 2269 2161 2321 et
2190 2263 2449 2319 Dominus
2488 2266 2599 2323 ait;
2629 2262 2898 2321 Custodite
2920 2280 3179 2338 prtrcepta
3218 2287 3356 2337 mea,
3380 2282 3426 2325 et
3455 2272 3541 2342 fa-

1948 2350 2046 2405 cite
2063 2367 2146 2416 ea,
2174 2368 2269 2421 ego
2295 2351 2552 2409 Dominus
2576 2356 2666 2431 qui
2687 2357 2961 2431 sancti/ica
2980 2375 3068 2413 vos
3092 2358 3237 2430 (Lev.
3267 2361 3381 2432 xx).
3406 2362 3541 2433 Qum

1946 2441 2119 2495 virtus
2154 2442 2618 2510 sanctiﬁcationis,
2654 2447 2904 2516 quamvis
2941 2449 3193 2503 omnibus
3227 2450 3407 2506 inesse
3440 2452 3543 2507 de-

1949 2533 2074 2587 beat
2104 2532 2451 2602 Cbristianis,
2492 2539 2730 2594 maxime
2772 2548 2953 2595 tamen
2991 2541 3168 2595 ordini
3201 2545 3454 2603 convenit
3487 2554 3544 2603 et

1949 2625 2209 2681 condecet
2253 2628 2596 2684 sacerdotali.
2648 2630 2804 2687 Unde
2831 2640 2887 2686 et
2915 2632 3178 2689 Dominus
3213 2635 3381 2707 Moysi
3424 2636 3537 2697 ait:

1960 2715 2155 2772 Vesties
2198 2719 2376 2774 Aaron
2419 2730 2469 2774 et
2511 2721 2655 2790 ﬁlios
2692 2723 2829 2792 ejus,
2884 2734 2934 2777 et
2997 2710 3352 2795 sancti/icabis
3397 2728 3538 2794 illos,

1949 2815 2004 2860 ut
2055 2807 2350 2862 sacerdotio
2380 2807 2674 2878 fungantur
2709 2808 2838 2869 mihi
2881 2808 3080 2880 (Exod.
3124 2810 3341 2881 xxvm).
3381 2811 3448 2866 Et
3479 2830 3544 2868 ne

1949 2900 2338 2954 contaminatur
2355 2900 2670 2954 sacerdosin
2704 2900 2981 2965 mortibus,
3021 2903 3147 2967 quia
3202 2914 3541 2961 consecratus

1949 3003 2025 3047 est
2051 2992 2165 3047 Deo
2185 3008 2306 3058 suo,
2324 3004 2371 3047 et
2395 2988 2949 3066 panes'propositiouis
2970 2995 3141 3064 oﬂ'ert.
3188 2995 3269 3051 Sit
3289 3013 3411 3065 ergo
3425 3013 3546 3053 san-

1951 3092 2088 3149 ctus,
2112 3084 2238 3156 quia
2265 3094 2315 3139 et
2346 3101 2438 3154 ego
2460 3095 2674 3139 sanctus
2702 3100 2816 3137 sum
2844 3083 3121 3151 Dominus,
3153 3088 3244 3157 qui
3269 3088 3542 3156 sancti/ica

1954 3190 2040 3231 vos
2057 3174 2199 3247 (Lor.
2226 3173 2363 3244 xm).
2395 3176 2531 3231 Vere
2543 3176 2689 3230 enim
2705 3176 2810 3229 nisi
2835 3174 2996 3231 corde
3021 3183 3075 3230 et
3092 3190 3319 3245 corpore
3342 3177 3547 3232 sancti-

1952 3266 2113 3325 ticam
2132 3269 2243 3322 Deo
2266 3266 2589 3323 sacriﬁcium
2626 3283 2655 3321 a
2696 3268 2978 3323 sacerdote
2997 3267 3278 3333 oil'cratur,
3306 3283 3414 3322 non
3442 3269 3549 3331 erit

1953 3358 2003 3414 ei
2031 3367 2263 3432 gratum,
2292 3358 2383 3427 qui
2411 3372 2509 3413 cor
2541 3358 2683 3413 illius
2709 3373 2737 3412 a
2770 3349 3148 3413 fornicatitmis
3172 3359 3428 3428 contagio
3452 3373 3548 3413 co.

1952 3452 2165 3529 guoscit
2188 3466 2308 3506 esse
2333 3451 2618 3520 pollutum.
2672 3450 2827 3506 Unde
2860 3460 2916 3505 et
2955 3450 3057 3505 hoc
3092 3450 3146 3505 in
3176 3449 3296 3504 loco
3316 3455 3425 3504 non
3456 3465 3547 3505 so-

1954 3544 2062 3604 lum
2102 3541 2617 3603 Thessalonicenscs
2648 3539 2698 3611 (I
2744 3540 2924 3593 Thess.
2966 3539 3073 3611 ιν),
3121 3540 3216 3594 sed
3260 3549 3315 3593 et
3357 3553 3548 3595 omnes

1953 3637 2203 3691 hortatur
2229 3633 2518 3704 Apostolus
2543 3633 2596 3687 in
2625 3632 2846 3687 Christo
2874 3632 3178 3695 credentes,
3206 3639 3266 3685 ut
3294 3647 3352 3686 se
3379 3632 3549 3685 absti-

1954 3736 2121 3790 neant
2159 3742 2190 3780 a
2231 3724 2587 3783 fornicatione
2632 3742 2644 3777 :
2692 3724 2819 3794 quia
2867 3723 3010 3778 sicut
3043 3737 3143 3794 per
3181 3722 3547 3778 humilitatem

1954 3816 2153 3872 mentis
2189 3815 2493 3875 custoditur
2517 3813 2739 3869 castitas
2763 3814 2969 3879 carnis,
2997 3813 3074 3867 ita
3101 3828 3201 3883 per
3236 3814 3547 3884 superbiam

1956 3908 2139 3965 cerdis
2182 3909 2237 3963 in
2285 3908 2685 3963 immunditiam
2732 3907 2843 3961 itur
2883 3905 3143 3961 libidinis.
3187 3904 3372 3977 (Isid.,
3423 3905 3461 3960 Ι.
3508 3920 3546 3962 ιι

1957 3999 2215 4065 Sentent.,
2259 4017 2307 4055 c.
2342 3998 2469 4071 59.)
2508 3999 2575 4053 Et
2604 3999 2725 4053 ideo
2761 3997 3055 4052 luxuriosis
3094 4004 3258 4066 atque
3296 3995 3548 4065 superbis

1956 4089 2297 4144 familiariter
2326 4104 2385 4143 se
2413 4088 2727 4158 plus'quam
2759 4085 2971 4141 cteteris
3004 4085 3383 4156 peccatoribus
3414 4098 3549 4138 cena

1957 4180 2167 4235 sociant
2194 4178 2485 4242 daemones,
2521 4178 2647 4248 quia
2676 4191 2774 4247 per
2798 4175 3070 4230 luxuriam
3100 4174 3283 4229 carnis
3312 4174 3426 4229 suis
3455 4188 3550 4231 eos

1957 4268 2205 4327 diabolus
2240 4267 2564 4338 constringit
2600 4267 2833 4332 catenis,
2859 4274 2921 4320 ut
2959 4281 2989 4319 a
3024 4266 3136 4320 Deo
3168 4265 3400 4336 separati
3440 4265 3551 4320 the.

1957 4361 2316 4431 inouibusque
2362 4360 2575 4425 sociati,
2620 4373 2847 4429 regnum
2890 4358 3163 4413 cariorem
3199 4357 3400 4412 habere
3439 4370 3547 4422 non

1957 4454 2308 4524 possintcum
2341 4451 2561 4507 sanctis.
2610 4449 2689 4506 De
2729 4451 2829 4505 hac
2860 4447 3306 4504 sanctiﬁcationis
3342 4448 3547 4510 virtute

1957 4546 2036 4599 sic
2063 4553 2117 4599 et
2145 4542 2378 4598 Joannes
2413 4542 2688 4621 apostolus
2725 4542 2837 4595 ait:
2865 4540 3048 4593 Omnis
3084 4534 3174 4610 qui
3212 4538 3366 4592 habet
3398 4554 3544 4608 spem

1953 4637 2089 4690 hanc
2114 4635 2169 4689 in
2191 4651 2270 4699 eo,
2303 4634 2701 4703 sanctificatse,
2744 4635 2877 4687 sicut
2913 4641 2961 4686 et
2996 4631 3085 4685 ille
3123 4640 3340 4686 sanctus
3379 4640 3455 4684 est
3490 4629 3544 4699 (I

1952 4726 2116 4781 Joan.
2142 4726 2248 4797 ιιι).
2298 4725 2444 4780 Multi
2472 4740 2530 4780 se
2552 4725 2738 4780 dicunt
2763 4738 2912 4794 spem
2934 4723 3136 4778 habere
3159 4721 3285 4776 vita:
3310 4721 3550 4779 cmlestis

1954 4816 2008 4870 in
2031 4818 2273 4882 Christo,
2297 4817 2390 4871 sed
2406 4817 2546 4871 hanc
2561 4810 2955 4871 confessionem
2973 4813 3306 4884 negligenter
3319 4811 3549 4874 vivendo

1955 4918 2239 4964 evacuant.
2278 4906 2616 4962 Manifestum
2644 4916 2825 4961 autem
2847 4907 2914 4960 de
2934 4916 2993 4959 se
3020 4903 3278 4959 indicium
3301 4914 3548 4972 superum

1959 4999 2073 5067 spei
2104 4998 2343 5062 exhibet,
2371 4999 2464 5067 qui
2490 4997 2649 5052 bonis
2679 5011 2897 5066 operam
2936 4996 3064 5050 dare
3098 4994 3310 5055 actibus
3346 4992 3548 5061 studet,

1960 5098 2141 5144 certus
2165 5089 2292 5159 quia
2321 5105 2427 5143 non
2465 5088 2625 5143 aliter
2655 5089 2722 5143 ad
2757 5086 3162 5142 similitudinem
3204 5084 3303 5140 Dei
3341 5084 3463 5154 quis
3495 5084 3549 5147 in

1960 5179 2143 5233 futuro
2167 5178 2466 5249 perveniet,
2500 5179 2601 5232 nisi
2637 5177 2732 5232 Dei
2761 5176 3099 5231 sanctitatem
3129 5175 3182 5229 in
3206 5172 3459 5245 prmsenti
3490 5185 3551 5226 so

1962 5270 2348 5326 sanctiﬁcando
2375 5269 2450 5340 (id
2478 5275 2580 5330 est,
2618 5265 2924 5336 abnegando
2967 5266 3285 5335 impietatem
3309 5273 3357 5316 et
3382 5276 3545 5316 siccu-

1961 5361 2097 5413 laria
2145 5358 2425 5421 desideria,
2460 5358 2631 5411 sobrie
2667 5366 2840 5410 autem
2868 5363 2914 5408 et
2934 5355 3100 5425 juste,
3139 5364 3185 5407 et
3218 5353 3300 5422 pie
3333 5348 3546 5407 vivendo,

1966 5450 2095 5522 [Tit.
2144 5449 2206 5520 ιι]
2230 5450 2248 5519 )
2272 5449 2533 5502 imitetur.
2575 5448 2674 5514 Qui
2702 5447 2861 5501 habet
2893 5461 3042 5515 spem
3070 5446 3122 5498 in
3145 5443 3394 5505 Domino,
3419 5452 3548 5492 sane

1963 5542 2169 5596 ctiiicat
2203 5556 2261 5594 se
2289 5539 2569 5609 (quantum
2602 5538 2797 5611 potest)
2837 5539 3011 5609 ipsum
3045 5533 3320 5592 intuendo,
3350 5538 3404 5584 et
3429 5527 3549 5596 ejus

282 5638 639 5707 interrogavit
694 5637 940 5691 abbatem
997 5635 1274 5689 Pastorem
1317 5635 1503 5688 (licens
1540 5652 1552 5686 :
1592 5633 1730 5698 Qui
1786 5642 1870 5687 est
1967 5646 2063 5699 per
2091 5629 2269 5683 omnia
2294 5630 2520 5699 gratiam
2552 5629 2839 5700 ﬁagitando
2871 5629 2961 5697 qui
2995 5627 3070 5679 ait
3101 5641 3114 5676 :
3142 5622 3266 5676 Sine
3300 5637 3380 5674 me
3417 5617 3548 5672 nihil

280 5728 416 5783 illud
443 5726 587 5795 quod
618 5725 874 5795 scriptum
901 5732 1020 5779 est:
1051 5722 1153 5787 Qui
1175 5722 1422 5776 irascitur
1443 5723 1597 5791 fratri
1630 5738 1725 5775 suo
1758 5722 1868 5785 sine

1968 5720 2179 5789 potestis
2222 5718 2394 5787 facere
2439 5717 2618 5791 (iam.
2664 5726 2776 5786 xv),
2820 5720 2978 5786 eique
3014 5713 3241 5769 dicendo
3274 5729 3287 5765 :
3324 5709 3553 5781 Adjutar
