3960 6206
429 291 536 348 ϐΠ

1776 284 2139 347 SMARAGDl
2167 284 2458 342 ABBATIS

3589 289 3699 347 618

428 419 576 457 meus
605 411 736 466 esto,
767 417 830 454 ne
865 397 1195 469 derelinquas
1225 415 1304 453 me
1337 395 1456 469 (Ps.
1492 397 1663 468 xxvi).
1712 397 1851 468 Ergo
1886 416 2009 453 san—
2038 403 2084 462 Α
2112 399 2330 468 quidam
2357 413 2518 454 senex
2551 398 2724 466 :Qnia
2756 399 2863 453 duo
2900 397 3096 453 fratres
3132 405 3289 452 erant
3327 398 3510 461 vicini,
3553 416 3698 457 unus

427 495 624 562 ctiﬁcat
650 510 763 556 nos,
795 492 929 545 sicut
954 499 998 542 et
1022 491 1128 559 ipse
1149 499 1362 544 sanctus
1387 499 1461 543 est
1483 489 1536 561 (1
1559 488 1722 544 Joan.
1751 491 1855 560 ιιι).
1897 490 2005 545 Sed

429 584 520 639 ille
568 593 790 638 sanctus
829 581 1152 644 :eternitatc,
1195 595 1296 635 nos
1338 581 1510 636 sancti
1562 580 1686 635 tide.
1743 581 2008 650 Tempore

427 675 572 730 enim
609 673 852 742 antiquo,
895 672 1153 741 episcopi.
1187 671 1490 743 presbyteri
1516 680 1573 726 et
1606 671 1819 726 diaconi
1847 672 2008 726 unius

426 764 612 820 uxoris
651 763 749 817 viri
790 763 1183 816 ordinabantur
1219 760 1270 832 (Ι
1314 761 1450 815 Tim.
1487 759 1568 829 ιιι)
1593 779 1607 816 :
1633 762 1792 816 modo
1828 769 2007 814 autem

427 857 586 929 (quia
634 856 942 911 sanctitatis
980 869 1142 910 causa
1199 854 1372 909 crevit
1412 852 1711 925 munditia)
1751 853 1820 906 ab
1861 852 2010 907 omni

424 947 627 1001 carnali
657 945 932 1001 consortio
956 959 1144 998 omnes
1170 943 1290 998 illos
1317 959 1597 998 sacrorum
1623 943 1805 1014 regula
1832 942 2014 1013 probi-

427 1038 517 1092 bet
537 1053 823 1091 canonum.
873 1035 1008 1090 Nam
1043 1044 1097 1092 et
1130 1036 1182 1090 in
1227 1034 1402 1090 Veteri
1433 1035 1781 1090 Testamento
1810 1032 2008 1106 (Exod.

429 1128 622 1199 xxvm)
663 1143 728 1182 eo
773 1138 1014 1198 tempore
1059 1134 1267 1181 tantum
1309 1141 1416 1196 quo
1464 1125 1773 1180 sacerdotes
1815 1132 2013 1194 priesto

425 1229 584 1276 crant
630 1220 810 1284 altari,
868 1221 936 1274 ab
989 1234 1218 1272 uxorum
1275 1231 1497 1272 suarum
1554 1230 1613 1270 se
1659 1216 2014 1272 continebant

425 1311 714 1365 concubitu
741 1325 756 1364 :
779 1325 923 1364 nunc
975 1318 1154 1363 autem
1213 1307 1361 1378 (quia
1398 1307 1638 1377 quotidie
1678 1322 1876 1376 corpus
1908 1307 2016 1361 Do-

428 1403 558 1458 mini
610 1410 706 1457 aut
757 1402 1151 1456 conﬁciendum
1202 1399 1358 1455 nobis
1409 1409 1494 1454 εει
1543 1397 1609 1453 ad
1657 1398 1828 1453 altare
1863 1438 1878 1464 ,
1921 1407 2015 1452 aut

425 1493 766 1566 sumendum)
804 1509 833 1547 a
870 1492 1072 1547 carnali
1113 1493 1402 1547 concubitu
1443 1491 1683 1560 quotidie
1731 1490 1888 1546 nobis
1929 1498 2015 1545 εει

426 1583 826 1638 abstinendum.
873 1583 1007 1637 ilinc
1029 1582 1228 1636 l’anlns
1263 1581 1603 1636 Timotheum
1633 1582 1906 1646 admonet,
1932 1581 2016 1634 di-

424 1689 556 1728 cens
580 1691 592 1726 :
619 1671 928 1742 Exemplum
955 1681 1063 1725 esto
1084 1671 1318 1741 ﬁdelium
1354 1672 1408 1724 in
1434 1687 1694 1735 sermone,
1721 1670 1774 1724 in
1802 1687 2016 1724 conver—

2109 491 2452 560 peregrinns,
2490 498 2546 544 et
2582 489 2720 543 alter
2752 490 3022 559 indigena.
3074 489 3206 544 Erat
3236 500 3418 545 autem
3455 496 3684 563 peregri-

2111 594 2210 633 nus
2263 579 2351 633 ille
2400 579 2672 634 modicum
2714 579 3089 650 negligentior,
3134 580 3223 636 ille
3269 595 3399 635 vero
3445 583 3695 654 indigena

2109 670 2384 726 studiosus
2421 671 2576 724 valde
2609 689 2622 724 :
2655 672 2879 742 cont'git
2909 680 3090 726 autem
3126 681 3186 726 ut
3226 673 3490 730 dormiret
3532 691 3698 747 pem-

2109 753 2298 828 grinus
2326 760 2415 815 ille
2452 761 2506 815 in
2548 775 2700 831 pace.
2747 761 2925 814 Senex
2965 769 3148 818 autem
3186 764 3277 833 qui
3322 774 3443 820 erat
3482 767 3702 827 vicinus

2111 865 2320 916 eorum,
2351 866 2475 906 cum
2506 861 2652 907 esset
2690 852 2970 923 providus,
3003 855 3139 909 vidit
3163 856 3564 914 multitudinem
3598 875 3702 917 an-

2112 937 2354 1010 gelorum
2396 941 2776 998 deducentinm
2813 943 3049 998 animam
3085 945 3221 1016 ejus.
3261 946 3397 1003 Cum
3437 963 3568 1020 ergo
3605 967 3700 1007 ve-

2114 1027 2282 1083 nisset
2309 1029 2376 1084 ad
2403 1030 2599 1085 omium
2641 1039 2700 1085 ut
2740 1032 2992 1099 intraret,
3039 1033 3180 1090 facta
3229 1045 3312 1091 est
3354 1040 3586 1108 quaestio
3627 1044 3697 1098 de

2114 1117 2202 1174 illa
2240 1120 2438 1175 anima.
2493 1121 2561 1176 Et
2604 1123 2752 1178 venit
2793 1139 2898 1179 vox
2941 1124 3174 1196 desuper
3217 1128 3445 1185 dicens:
3479 1132 3701 1189 Manife-

2113 1218 2256 1266 stum
2289 1219 2375 1266 est
2407 1211 2530 1280 quia
2567 1212 2834 1267 modicum
2875 1215 3154 1285 negligens
3195 1216 3314 1283 fuit,
3346 1221 3440 1274 sed
3474 1232 3699 1293 propter

2112 1303 2603 1373 peregrinationem
2642 1304 2761 1375 ejus
2797 1307 3003 1375 aperite
3031 1309 3102 1364 ci.
3149 1309 3216 1364 Et
3249 1321 3371 1382 post
3407 1313 3522 1371 [nec
3571 1317 3698 1372 dor-

2115 1393 2270 1447 mivit
2301 1393 2387 1448 ille
2414 1394 2683 1464 indigena,
2713 1404 2768 1450 et
2793 1397 2940 1452 venit
2962 1399 3138 1454 omnis
3165 1403 3416 1471 cognatio
3436 1405 3505 1458 ad
3524 1421 3650 1460 eum
3681 1425 3694 1460 :

2116 1485 2336 1557 angelos
2361 1503 2491 1542 vero
2513 1502 2620 1541 non
2652 1488 2788 1543 vidit
2815 1488 2901 1542 ille
2931 1504 3095 1546 senex
3131 1493 3312 1547 venire
3333 1494 3401 1548 ad
3425 1495 3699 1552 deducen-

2117 1576 2242 1632 dam
2293 1579 2531 1632 animam
2575 1577 2737 1634 illius.
2803 1578 3026 1636 Miratus
3071 1590 3250 1637 autem
3289 1599 3451 1639 senex
3512 1586 3694 1642 dixit:

2117 1668 2398 1736 Quomodo
2444 1670 2762 1741 peregrinus
2807 1670 2897 1724 ille
2941 1687 3065 1726 cum
3110 1673 3465 1744 negligentior
3505 1675 3696 1740 fuerit,

423 1766 644 1828 satione,
670 1765 722 1818 in
755 1765 1030 1829 charitate,
1065 1766 1120 1818 in
1147 1765 1276 1833 ﬁde,
1300 1766 1354 1818 in
1387 1765 1628 1818 castitate
1658 1763 1706 1834 (l
1744 1763 1877 1816 Tim.
1913 1763 2010 1835 ιν).
2042 1748 2090 1808 Β
2118 1761 2278 1815 talem
2309 1760 2532 1830 gloriam
2569 1761 2779 1824 habuit,
2811 1770 2868 1817 et
2909 1762 2998 1818 hic
3042 1779 3163 1818 cum
3211 1765 3484 1821 studiosus
3526 1779 3694 1825 esset.

423 1857 524 1924 Qui
547 1857 688 1910 enim
716 1857 836 1910 aliis
866 1856 918 1910 in
947 1871 1198 1910 sermone
1225 1854 1530 1925 exemplum
1557 1855 1718 1909 debet
1749 1855 2012 1924 prmbere,

425 1946 642 2000 modum
692 1945 978 2000 locutionis
1016 1961 1122 1998 non
1158 1945 1316 1999 debet
1349 1944 1620 2013 ignorare,
1661 1943 1755 1998 sed
1791 1943 2016 2014 diligen-

424 2048 510 2092 ter
535 2039 694 2092 debet
718 2038 1018 2102 attendere,
1047 2037 1195 2106 quid,
1237 2037 1348 2101 cui,
1384 2037 1600 2106 quando
1630 2035 1714 2090 vel
1743 2036 2014 2106 quomodo

423 2130 620 2185 debeat
656 2129 824 2199 loqui,
853 2137 912 2183 ut
942 2143 1122 2184 sermo
1159 2126 1275 2196 ejus
1299 2143 1404 2182 non
1436 2126 1637 2191 fatuus,
1679 2127 1793 2190 sed,
1832 2143 2016 2181 secun-

423 2221 549 2275 dum
589 2221 797 2276 Domini
839 2230 1175 2290 prweeptum,
1213 2219 1322 2274 sale
1356 2219 1626 2289 sapientia:
1664 2219 1733 2271 sit
1773 2216 2012 2271 conditus

425 2312 628 2384 (Marc.
667 2311 767 2384 Ix).
805 2311 901 2367 Ille
924 2311 978 2366 in
1005 2311 1418 2368 conversatione
1443 2311 1643 2368 bonum
1665 2309 1786 2364 aliis
1807 2309 2014 2379 praebet

422 2401 723 2471 exemplum
748 2402 836 2472 qui
861 2411 1021 2466 caste,
1049 2403 1133 2473 pie
1167 2411 1217 2455 et
1249 2401 1395 2471 juste
1432 2401 1552 2456 vivit
1587 2401 1642 2455 in
1681 2400 1778 2454 hoc
1817 2399 2011 2454 swculo

428 2494 567 2566 (Tit.
670 2493 767 2567 tt).
829 2493 921 2548 Ille
971 2494 1024 2548 in
1073 2493 1339 2548 cbaritate
1385 2491 1507 2548 aliis
1555 2491 1756 2546 bonum
1808 2491 2014 2562 praebet

422 2589 726 2655 exemplum
759 2585 848 2656 qui
875 2584 1044 2638 Deum
1081 2600 1147 2638 ea:
1181 2593 1288 2638 toto
1317 2584 1494 2650 corde,
1536 2591 1645 2638 tota
1680 2591 1870 2647 mente,
1901 2591 2012 2636 tota

421 2677 608 2730 virtute
637 2674 828 2746 diligit,
866 2683 914 2728 et
943 2675 1240 2745 proximum
1281 2674 1415 2728 sicut
1449 2673 1780 2744 semetipsum
1827 2671 2008 2744 (Deut.

423 2785 508 2834 vt;
544 2767 732 2822 Matth.
767 2783 909 2833 xxu;
942 2766 1071 2821 Luc.
1098 2765 1176 2836 x).
1234 2765 1326 2821 ille
1352 2766 1407 2820 in
1449 2764 1553 2820 lide
1575 2764 1775 2820 bonum
1806 2765 2013 2835 prabet

418 2859 748 2930 exemplum,
778 2859 870 2930 qui
913 2867 1059 2914 recte
1097 2859 1369 2914 credendo
1402 2857 1542 2914 bene
1571 2857 1737 2922 vivit,
1779 2865 1836 2914 et
1873 2857 2010 2914 bene

420 2957 650 3012 vivendo
681 2955 1069 3018 Iidemrectam
1111 2953 1366 3008 custodit.
1416 2951 1508 3007 Ille
1530 2951 1586 3006 in
1613 2950 1864 3007 castitate
1887 2951 2011 3006 aliis

421 3047 620 3100 bonum
665 3045 872 3116 praebet
911 3043 1242 3114 exemplum,
1276 3043 1368 3113 qui
1405 3042 1676 3098 castitatis
1710 3041 2010 3112 pulchritu-

419 3136 599 3190 dinem
631 3133 880 3203 diligens,
919 3148 1030 3187 non
1071 3132 1246 3187 solum
1275 3147 1396 3186 eam
1436 3133 1492 3187 in
1525 3146 1624 3186 suo
1661 3139 1843 3188 servat
1884 3147 2005 3187 mr-

420 3241 575 3296 pore,
602 3223 696 3278 sed
724 3223 886 3276 etiam
920 3237 951 3276 a
978 3221 1393 3293 cogitationibus
1417 3220 1600 3292 pravis
1628 3229 1797 3276 tutam
1825 3231 2006 3281 custo-

422 3318 499 3374 dit
535 3316 588 3371 in
623 3323 823 3378 mente,
862 3314 988 3384 quia
1022 3312 1154 3368 nihil
1194 3313 1415 3383 prodest
1450 3311 1785 3382 incorruptio
1825 3312 2006 3368 carnis

421 3407 512 3463 ubi
543 3422 648 3462 non
675 3413 756 3460 est
779 3404 1064 3476 integritas
1090 3403 1307 3458 mentis.

1044 3491 1271 3549 CAPUT
1321 3491 1386 3548 L.

794 3587 869 3644 De
893 3586 1164 3642 vocatione
1189 3584 1381 3640 divinae
1406 3583 1637 3656 pietatis.

490 3679 714 3738 Vocatio
751 3679 943 3736 divina:
990 3675 1206 3748 pietatis
1253 3675 1396 3748 (quae
1447 3674 1678 3732 diversis
1724 3675 1901 3730 modis
1947 3675 2003 3730 in

422 3773 650 3828 diversis
685 3770 929 3826 :etatibus
957 3776 1010 3824 et
1041 3767 1270 3822 diversis
1302 3767 1362 3821 lit
1387 3765 1748 3838 temporibus)
1775 3781 1884 3822 non
1913 3766 2007 3821 bo-

425 3862 586 3917 minis
621 3860 815 3916 merito
838 3898 854 3925 ,
893 3859 987 3913 sed
1025 3872 1241 3926 semper
1275 3856 1446 3928 gratis
1483 3857 1551 3912 ab
1590 3856 1708 3925 ipso
1742 3855 1855 3912 solo
1889 3855 2006 3926 pio-

424 3969 530 4024 que
579 3953 637 4008 lit
683 3953 840 4008 Deo:
875 3951 1018 4008 sicut
1067 3948 1356 4022 Apostolus
1411 3951 1534 4006 ait:
1575 3949 1703 4006 Sine
1751 3951 2006 4021 paeniten-

425 4047 500 4100 tia
545 4054 664 4099 sunt
713 4044 892 4109 dona,
945 4052 993 4098 et
1036 4042 1238 4097 vacatio
1296 4041 1392 4095 Dei
1435 4039 1616 4111 (Rom.
1657 4039 1760 4113 XI).
1815 4040 1915 4109 Qui
1951 4049 2008 4096 et

426 4137 497 4190 ad
551 4135 892 4190 Timotheum
953 4133 1136 4189 dicit:
1177 4132 1281 4199 Qui
1331 4132 1565 4187 liberavit
1607 4149 1700 4187 nos
1753 4141 1801 4187 et
1850 4149 2005 4188 voca-

426 4229 498 4282 vit
538 4226 803 4283 vocatione
841 4243 937 4280 sua
975 4235 1184 4290 sancta,
1234 4240 1338 4278 non
1385 4223 1676 4278 secundum
1721 4241 1876 4294 opera
1914 4241 2008 4280 no-

427 4329 534 4373 stra
556 4358 571 4381 ,
601 4317 690 4371 sed
715 4317 1000 4371 secundum
1033 4314 1356 4384 propositum
1395 4322 1442 4368 et
1479 4315 1705 4385 gratiam
1745 4313 1830 4384 (Il
1867 4313 2002 4370 Tim.

428 4409 490 4480 ι).
552 4406 819 4462 Vocantur
863 4407 1028 4471 enim,
1066 4414 1127 4461 ut
1183 4406 1384 4461 dictum
1443 4414 1566 4469 est,
1608 4405 1834 4461 diversis
1887 4421 2002 4461 mo-

429 4503 510 4557 dis
543 4501 711 4572 :.quia
756 4500 847 4554 alii
891 4507 1096 4554 tantum
1129 4513 1354 4568 corpore
1389 4498 1506 4553 sani
1547 4505 1839 4561 vocantur,
1872 4498 2005 4552 divi-

428 4593 576 4646 nitus
603 4589 880 4660 inspirati;
909 4589 998 4644 alii
1024 4598 1205 4644 autem
1234 4589 1548 4644 inﬁrmitate
1576 4589 1759 4644 carnis
1787 4587 2002 4654 afﬂicti;

431 4683 516 4739 alii
556 4698 683 4738 vero
717 4680 946 4736 diversis
981 4680 1214 4745 damnis,
1253 4679 1339 4734 vel
1377 4679 1814 4736 tribulationibus
1843 4681 2007 4734 variis

431 4774 693 4843 oppressi.
740 4773 1020 4828 Vocantur
1043 4779 1098 4828 et
1118 4771 1348 4828 diversis
1372 4772 1638 4837 aetatibus,
1667 4773 1791 4843 quia
1829 4772 1918 4829 alii
1949 4773 2002 4828 in

428 4864 670 4929 infantia,
707 4864 798 4919 alii
841 4863 895 4918 in
936 4862 1322 4928 adolescentia,
1363 4863 1456 4918 alii
1491 4863 1545 4918 in
1579 4862 1885 4934 iuventute,
1910 4863 2002 4918 alii

428 4967 555 5007 vero
589 4953 643 5008 in
680 4961 978 5028 senectute,
1013 4953 1097 5008 vel
1134 4953 1299 5008 etiam
1334 4953 1387 5008 in
1419 4953 1690 5023 decrepita
1722 4961 1882 5009 aetate
1910 4968 2002 5008 vo-

427 5052 648 5109 cantur;
683 5051 736 5098 et
762 5043 988 5098 diversis
1009 5043 1161 5098 boris
1195 5043 1321 5108 diei,
1351 5043 1474 5113 quia
1503 5041 1590 5096 alii
1621 5043 1796 5113 primo
1820 5058 2000 5109 mane,

427 5130 518 5184 alii
547 5131 677 5184 bora
706 5131 880 5192 tertia,
911 5129 998 5184 alii
1036 5131 1171 5186 hora
1204 5140 1378 5197 sexta,
1418 5133 1508 5186 alii
1547 5147 1710 5195 nona,
1745 5133 1834 5186 alii
1873 5148 2002 5189 vero

427 5227 690 5274 vocantur
727 5217 1025 5272 undecima.
1063 5219 1298 5286 Quorum
1333 5221 1573 5275 omnium
1607 5220 1782 5276 nullus
1817 5221 1868 5275 in
1901 5223 2003 5277 im-

427 5310 779 5375 munditiam,
816 5308 907 5364 sed
937 5326 1126 5365 omnes
1163 5321 1289 5366 sunt
1327 5311 1498 5366 vocati
1528 5326 1557 5364 a
1589 5321 1774 5366 sancto
1804 5314 1913 5368 Deo
1946 5313 2000 5367 in

427 5401 907 5459 sanctiﬁcationem
934 5405 1112 5458 cordis
1140 5412 1196 5458 ct
1227 5404 1490 5472 corporis.
1539 5403 1770 5460 Sanctus
1802 5407 1999 5460 etenim

428 5495 569 5550 Deus
591 5507 808 5549 satietas
832 5496 944 5548 vult
969 5510 1182 5563 semper
1212 5495 1410 5550 habere
1449 5497 1746 5561 ministros,
1777 5497 1920 5551 sicut
1949 5505 2006 5552 ct

426 5583 568 5638 idem
600 5585 653 5638 in
697 5585 986 5654 Evangelio
1025 5586 1134 5638 ait:
1162 5583 1269 5637 Pro
1299 5584 1371 5637 eis
1413 5587 1682 5654 sanetiﬁco
1730 5589 2002 5657 meipsum,

430 5683 484 5729 ut
509 5675 609 5728 sint
631 5687 676 5729 et
700 5677 797 5746 ipsi
818 5675 1128 5744 sancti/irati
1157 5675 1208 5730 in
1240 5677 1448 5731 veritate
1472 5675 1652 5748 (Joau.
1683 5680 1836 5752 xvtt).
1865 5679 2006 5734 Dixit

2113 1852 2248 1906 nihil
2298 1852 2603 1922 bnjusmodi
2649 1853 2869 1907 meruit.
2921 1853 2986 1910 Et
3030 1854 3179 1908 venit
3218 1870 3320 1910 vox
3369 1855 3554 1912 dicens
3598 1859 3694 1914 ei:

2113 1941 2213 1996 llic
2238 1942 2510 1998 studiosus
2537 1957 2660 1997 cum
2687 1944 2834 1998 venit
2869 1951 2930 1998 ut
2957 1945 3240 2011 dormiret,
3267 1948 3478 2016 aperuit
3505 1949 3699 2004 oculos

2112 2046 2240 2086 suos
2269 2040 2324 2086 et
2354 2033 2488 2088 vidit
2513 2042 2764 2102 parentes
2803 2049 2930 2091 suos
2969 2036 3181 2101 flentes,
3212 2045 3267 2091 et
3297 2039 3568 2094 eoasolata
3609 2053 3698 2094 est

2111 2124 2291 2178 anima
2321 2125 2460 2193 ejus.
2506 2125 2832 2197 Peregrinus
2867 2141 3016 2192 vero,
3054 2127 3142 2182 ille
3177 2127 3302 2183 licet
3335 2129 3700 2200 negligentior

2112 2215 2234 2281 fuit,
2282 2216 2488 2271 nullum
2531 2224 2712 2272 tamen
2757 2232 2979 2273 suorum
3015 2219 3192 2285 vidit,
3236 2229 3291 2275 et
3336 2221 3701 2292 ingemiscens

2111 2305 2275 2372 licvit,
2310 2316 2364 2362 et
2398 2309 2538 2364 Deus
2566 2309 2877 2364 consolatus
2902 2317 2987 2364 est
3012 2325 3159 2366 eum.
3207 2311 3472 2367 Dicebant
3495 2313 3565 2368 de
3598 2317 3700 2368 ab.

2111 2398 2238 2454 bate
2264 2398 2452 2470 Sysois
2477 2400 2620 2469 quod
2658 2400 2712 2454 in
2742 2401 2828 2456 die
2854 2401 3193 2459 dormitionis
3234 2418 3346 2458 sua:
3377 2419 3503 2459 cum
3538 2406 3700 2460 sede-

2112 2497 2235 2564 rent
2254 2488 2400 2543 circa
2424 2503 2547 2544 eum
2568 2497 2769 2559 patres,
2796 2491 3064 2562 Splenduit
3089 2492 3233 2548 sicut
3257 2493 3336 2549 sol
3362 2493 3528 2550 facies
3550 2497 3693 2567 ejus,

2110 2586 2167 2634 et
2188 2579 2324 2634 dixit
2352 2580 2421 2635 ad
2449 2595 2542 2635 eos
2567 2596 2582 2634 :
2605 2579 2743 2635 Ecce
2771 2581 2972 2636 chorus
2989 2583 3372 2652 propbe;arum
3398 2593 3454 2639 et
3482 2597 3699 2654 aposto-

2110 2669 2286 2727 lorum
2334 2670 2502 2726 venit.
2552 2669 2751 2726 lternm
2795 2671 2974 2727 dixit:
3010 2672 3151 2728 Ecce
3201 2675 3375 2744 angeli
3432 2687 3702 2731 veno-runt

2109 2763 2354 2833 accipere
2379 2778 2485 2820 me.
2541 2763 2611 2818 Et
2643 2780 2857 2820 rursum
2894 2764 3034 2820 facta
3074 2775 3160 2822 est
3196 2766 3363 2824 facies
3399 2767 3516 2837 ejus
3552 2771 3699 2825 sicut

2109 2855 2212 2922 sol,
2248 2863 2305 2911 ct
2333 2855 2629 2910 timuerunt
2655 2871 2862 2912 omnes.
2893 2858 3058 2914 .Dicit
3089 2858 3287 2914 iterum
3324 2861 3406 2915 eis
3433 2874 3449 2914 :
3479 2859 3698 2924 Videte,

2109 2961 2238 3003 ecce
2267 2946 2528 3002 Dominus
2547 2947 2696 3002 venit
2718 2947 2904 3002 dicens
2928 2966 2941 3002 :
2969 2947 3171 3004 All'erte
3199 2950 3329 3005 mibi
3355 2965 3452 3005 vas
3467 2933 3700 3006 electio-

2111 3039 2198 3096 nis
2241 3039 2432 3094 eremi.
2480 3039 2549 3094 Et
2582 3039 2840 3094 continuo
2880 3039 3114 3096 reddidit
3159 3041 3427 3111 spiritum.
3481 3041 3546 3096 Et
3591 3040 3694 3097 iul.

2109 3145 2240 3201 gore
2273 3129 2515 3202 repletus
2545 3137 2629 3184 est
2656 3137 2801 3185 totus
2835 3130 2982 3185 locus
3014 3129 3101 3186 ille
3130 3131 3622 3188 odore'suavitatis.

2715 3218 2942 3277 CAPUT
2985 3220 3068 3276 ιι.

2497 3311 2576 3367 De
2605 3311 2879 3370 dilectione
2908 3323 2955 3368 et
2985 3315 3161 3385 gratia
3181 3314 3301 3370 Dei.

2177 3404 2254 3460 De
2274 3402 2377 3460 hoc
2404 3404 2640 3475 capitulo
2660 3405 2738 3460 sic
2769 3404 3059 3474 Apostolus
3088 3407 3166 3460 ait
3194 3426 3206 3460 :
3237 3407 3374 3462 Deus
3401 3416 3577 3462 autem
3603 3412 3698 3480 qui

2105 3495 2247 3552 dives
2279 3504 2354 3550 est
2384 3495 2438 3550 in
2479 3497 2861 3563 misericordia,
2894 3507 3104 3568 propter
3131 3499 3347 3553 nimiam
3381 3499 3696 3566 charitateus

2105 3603 2255 3640 suam
2271 3603 2376 3658 qua
2393 3586 2577 3642 dilexit
2594 3605 2708 3652 nos,
2725 3605 2845 3642 cum
2863 3605 3090 3644 essemus
3104 3590 3296 3646 mortui
3313 3591 3555 3661 peccatis,
3574 3609 3698 3646 con-

2107 3677 2379 3746 eieiﬁcavit
2402 3695 2494 3732 nos
2519 3677 2745 3732 Christo.
2781 3677 2946 3749 Cujus
2979 3682 3152 3751 gratia
3191 3697 3372 3736 sumus
3396 3681 3622 3737 saluati:
3642 3695 3695 3738 et

2106 3769 2552 3834 ronresuscitavit,
2567 3778 2614 3824 et
2637 3769 2912 3824 consedere
2935 3769 3057 3839 fecit
3077 3769 3132 3824 in
3150 3770 3438 3825 calestibus
3459 3769 3515 3824 in
3531 3769 3694 3824 Clui-

2105 3869 2206 3925 sto,
2222 3869 2279 3913 ut
2291 3861 2576 3916 ostenderet
2589 3859 2910 3914 abundantes
2922 3860 3134 3916 divitias
3153 3862 3338 3932 gratia:
3349 3877 3463 3916 sua!
3475 3863 3528 3915 in
3547 3862 3700 3915 boni-

2107 3959 2212 4003 tate
2225 3966 2381 4019 super
2392 3967 2484 4004 nos
2498 3949 2553 4004 in
2566 3948 2774 4006 Christo
2787 3950 2937 4005 Iesu.
2953 3949 3138 4007 Gratia
3157 3953 3292 4007 enim
3305 3969 3486 4006 sumus
3499 3953 3696 4008 saluati

2105 4055 2200 4108 per
2229 4039 2386 4106 ﬁdem
2411 4038 2572 4110 (Eph.
2605 4039 2688 4112 ιι).
2739 4041 2882 4095 Deus
2903 4048 3084 4096 autem
3103 4041 3254 4097 dives
3273 4056 3393 4098 esse
3409 4042 3611 4098 dicitur
3635 4043 3694 4098 in

2107 4130 2502 4197 misericordia,
2537 4133 2662 4202 quia
2705 4135 3050 4204 omnipotens
3087 4144 3171 4190 est
3215 4145 3272 4191 et
3315 4136 3693 4192 misericordia

2104 4215 2224 4287 ejus
2248 4218 2403 4288 plena
2431 4227 2515 4275 est
2543 4228 2707 4275 terra.
2748 4221 2907 4276 Dives
2929 4232 3107 4278 autem
3129 4223 3272 4280 Deus
3291 4223 3488 4280 dicitur
3507 4225 3564 4280 in
3587 4227 3695 4281 mi-

2107 4310 2400 4367 sericordia
2426 4352 2441 4376 ,
2489 4313 2614 4382 quia
2665 4323 2980 4383 peccatores
3027 4330 3216 4371 omnes
3264 4316 3696 4374 misericorditer

2109 4403 2274 4458 trahit
2299 4403 2368 4458 ad
2401 4405 2797 4475 pmnitentiam,
2827 4416 2884 4461 et
2912 4407 2964 4462 in
2997 4423 3064 4462 ea
3098 4408 3524 4464 misericorditer
3551 4424 3688 4465 con-

2106 4494 2250 4550 cedit
2291 4495 2768 4564 perseverantiam.
2813 4498 2879 4552 Et
2923 4497 3074 4554 dives
3104 4498 3303 4553 dicitur
3339 4508 3562 4570 propter
3599 4501 3691 4556 ni-

2106 4586 2270 4642 miam
2297 4587 2618 4642 cbaritatem
2644 4603 2817 4653 suam,
2833 4605 2938 4658 qua
2959 4589 3146 4644 dilexit
3169 4605 3338 4661 genus
3362 4591 3685 4647 humanum.

2107 4675 2165 4731 ln
2190 4685 2397 4732 tantum
2425 4678 2569 4732 enim
2607 4694 2704 4734 nos
2735 4679 2924 4734 dilexit
2945 4681 3286 4750 omnipotens
3316 4683 3478 4746 Deus,
3507 4691 3568 4737 ut
3594 4682 3688 4738 Fi-

2103 4767 2236 4823 lium
2247 4783 2404 4824 suum
2419 4770 2580 4824 morti
2595 4770 2829 4826 traderet
2841 4786 2940 4840 pro
2954 4770 3128 4837 nobis,
3144 4771 3284 4827 sicut
3293 4773 3558 4844 scriptum
3570 4783 3654 4829 est
3670 4792 3685 4828 :

2106 4858 2330 4929 Propria
2343 4857 2486 4914 Filio
2499 4871 2594 4916 suo
2608 4877 2709 4916 non
2727 4863 2950 4932 pepercit
2969 4862 3135 4928 Deus,
3155 4863 3244 4917 sed
3256 4880 3351 4933 pro
3364 4865 3513 4919 nobis
3524 4867 3694 4920 omni-

2109 4952 2202 5006 bus
2225 4951 2444 5006 tradidit
2463 4953 2614 5007 illum
2634 4953 2808 5026 (Rom.
2834 4955 2975 5025 vin).
3010 4954 3186 5010 Nimia
3209 4955 3421 5011 enimid
3446 4965 3503 5010 et
3526 4973 3693 5027 gran-

2107 5041 2192 5096 dis
2225 5042 2465 5097 cbaritas
2506 5051 2625 5108 est,
2665 5058 2764 5112 pro
2803 5045 3179 5114 peccatoribus
3217 5045 3393 5100 servis
3439 5046 3693 5116 unigeni-

2108 5138 2222 5186 tum
2257 5131 2468 5188 tradere
2501 5133 2716 5199 Filium,
2748 5142 2804 5187 et
2832 5134 3051 5189 eosdem
3089 5133 3320 5191 rebelles
3349 5150 3540 5192 servos
3565 5136 3691 5190 dili-

2083 5215 2234 5294 gere
2270 5231 2526 5292 tanquam
2559 5223 2717 5279 ﬁlios.
2760 5223 2897 5280 llinc
2927 5226 3146 5290 etenim,
3182 5224 3401 5291 fratres,
3442 5227 3692 5282 conside-

2105 5328 2230 5371 rare
2252 5315 2511 5371 debemus
2539 5309 2796 5386 quantum
2824 5333 2923 5372 nos
2949 5317 3208 5388 Dominus
3234 5319 3417 5389 diligat
3442 5329 3686 5382 sanctos,

2106 5407 2197 5474 qui
2246 5414 2452 5460 tantum
2494 5407 2716 5477 diligam
2759 5408 3008 5479 dignatus
3049 5419 3136 5464 est
3185 5418 3523 5480 peccatores,
3579 5407 3688 5474 Qui

2104 5513 2222 5549 cum
2269 5512 2496 5550 essemus
2527 5499 2721 5550 mortui
2762 5508 2973 5568 propter
3019 5498 3208 5551 delicta
3247 5508 3428 5553 nostra
3454 5539 3473 5564 ,
3520 5499 3686 5566 viviﬁ-

2106 5589 2240 5641 cavit
2266 5604 2359 5642 nos
2395 5588 2450 5640 in
2478 5585 2685 5642 Christo
2709 5589 2837 5643 Iesu
2890 5589 3106 5661 (Epltes.
3154 5589 3239 5659 ιι).
3297 5589 3526 5660 Propter
3577 5590 3690 5644 mi-

2106 5681 2458 5737 sericordiam
2504 5695 2681 5747 suam,
2715 5698 2874 5737 unam
2919 5690 3081 5752 atque
3113 5682 3356 5740 eamdem
3404 5681 3560 5738 nobis
3587 5683 3682 5737 tri-
