3960 6198
278 306 390 364 649

1498 298 1797 357 manus
1837 264 2340 354 uoxACIIonuu.

3438 289 3540 344 650

276 422 623 477 hnens’cnm
667 431 732 472 eo
781 415 948 469 vitam
998 412 1198 467 habere
1248 412 1586 482 perpetuam.
1655 410 1863 465 Mortua
1893 408 2392 471 Alucishahentes
2419 406 2470 461 in
2501 400 2710 463 selidei
2736 415 2791 461 et
2814 405 3053 462 scientiae
3081 405 3284 459 lumen.
3314 404 3469 461 Unde
3491 417 3550 464 et

280 512 431 569 enim
478 509 679 565 dicitur
715 505 930 569 anima,
971 501 1186 572 quando
1225 499 1522 555 mortiferis
1566 498 1713 554 vitiis
1746 514 1867 553 esse

280 602 484 660 dicitur
507 598 797 663 maculata,
831 595 973 650 sicut
998 602 1052 649 et
1075 592 1363 664 Apostolus
1392 592 1502 646 ait:
1534 590 1598 645 Et
1628 607 1716 645 vos
1748 607 1866 644 cum

281 693 465 749 essetis
489 688 685 744 mortui
706 689 762 741 in
790 685 996 740 delictis
1018 695 1067 739 et
1087 684 1312 756 peccatis
1337 684 1541 749 vestris,
1594 682 1650 737 in
1679 682 1867 751 quibus

282 780 572 855 aliquando
587 775 896 834 ambulastis
922 774 1197 844 manifeste
1210 771 1368 845 (Eph.
1399 772 1505 843 IL).
1519 771 1664 827 Mors
1677 772 1870 827 anima:

283 873 618 928 dicituresse
638 874 938 938 peccatum,
964 863 1103 919 sicut
1122 863 1385 933 propheta
1399 862 1506 916 ait:
1529 860 1668 927 Quia
1690 861 1870 914 anima

280 979 405 1034 quo:
432 959 738 1032 peccaverit,
765 958 882 1028 ipsa
912 956 1169 1010 morietur
1190 952 1408 1026 (Ezech.
1437 952 1619 1024 XVIII).
1651 951 1871 1007 Duobus

283 1054 487 1108 etenim
514 1050 689 1105 modis
716 1045 1142 1116 uniuscujusque
1169 1045 1407 1101 hominis
1441 1051 1632 1115 peccat
1664 1042 1868 1110 anima,

284 1143 342 1196 id
374 1148 478 1205 est,
512 1141 566 1194 in
593 1154 702 1194 non
727 1137 973 1192 faciendo
998 1150 1118 1205 qua:
1150 1133 1331 1190 facere
1353 1132 1505 1202 iussa
1532 1140 1677 1197 sunt,
1709 1139 1766 1187 et
1787 1129 1871 1186 fa-

285 1232 484 1287 ciendo
522 1244 641 1298 qua:
665 1229 833 1283 vetita
854 1235 997 1282 sunt.
1047 1224 1213 1296 Cujus
1237 1227 1432 1296 gratia,
1464 1224 1657 1295 inquit,
1684 1221 1874 1277 saluati

284 1338 496 1385 sumus,
516 1322 572 1375 id
594 1326 679 1375 est
701 1334 808 1373 non
837 1333 901 1372 ex
932 1317 1204 1388 prioribus
1222 1316 1346 1371 vitae
1370 1324 1570 1371 nostrae
1592 1314 1868 1384 operibus,

286 1414 387 1469 sed
420 1412 534 1467 sola
565 1409 670 1465 ﬁde
698 1418 753 1464 et
786 1406 1040 1477 baptismi
1089 1406 1282 1477 gratia,
1314 1413 1624 1461 nostrorum
1664 1403 1875 1473 accepi-

285 1520 413 1558 mus
454 1500 828 1557 remissionem
863 1503 1229 1567 peccatorum.
1273 1495 1392 1565 Ipse
1438 1495 1584 1551 enim
1616 1493 1877 1555 Dominus

286 1602 500 1657 noster,
521 1593 611 1662 qui
631 1591 781 1646 dives
802 1597 885 1645 est
907 1589 960 1642 in
982 1587 1375 1652 misericordia,
1402 1585 1621 1649 fratres,
1656 1590 1877 1654 propter

288 1684 518 1740 nimiam
564 1681 880 1737 charitatem
925 1694 1077 1733 suam
1117 1677 1245 1750 (qua
1287 1676 1478 1732 dilexit
1521 1674 1639 1747 nos)
1690 1686 1877 1730 conre-

1970 498 2095 554 alibi
2119 496 2318 553 Paulus
2345 496 2449 550 ait:
2470 494 2649 549 Eratis
2663 494 2947 566 aliquando
2962 497 3202 555 tenebrae,
3224 511 3360 549 nunc
3374 506 3550 551 autem

1969 590 2064 644 lux
2086 592 2140 644 in
2164 589 2413 654 Domino,
2443 596 2499 640 ut
2528 586 2631 656 filii
2652 585 2784 640 lucis
2816 584 3081 640 ambulate
3113 585 3273 660 (Eph.
3304 586 3380 657 v).
3423 584 3551 642 Sive

1972 679 2065 734 ﬁlii
2094 678 2233 734 lucis
2256 679 2525 741 dicuntur,
2553 672 2719 751 idest
2738 676 2830 730 ﬁlii
2852 676 2970 741 Dei,
2991 676 3134 731 sicut
3153 677 3413 732 Dominus
3438 678 3549 732 ait:

1962 762 2086 838 Ego
2111 785 2226 822 sum
2249 766 2342 821 lux
2361 766 2565 832 mundi,
2605 767 2696 839 qui
2732 766 2967 837 sequitur
2999 783 3080 821 me
3108 784 3212 821 non
3236 767 3469 823 ambulat
3500 767 3556 822 in

1972 856 2216 921 tenebris,
2264 855 2354 910 sed
2379 855 2581 909 habebit
2611 855 2785 910 lumen
2813 856 2931 909 vita:
2968 854 3150 928 (Joan.
3174 855 3319 926 vui).
3357 857 3425 910 Et
3461 856 3557 911 ﬁlii

1973 947 2102 1014 diei,
2135 946 2327 1018 inquit,
2366 946 2418 1001 id
2439 945 2745 1002 estDomini
2780 944 2909 1002 Jesu
2928 946 3166 1013 Christi,
3200 949 3291 1018 qui
3319 948 3454 1003 dixit
3479 948 3559 1004 di-

1973 1038 2194 1110 scipulis
2220 1038 2333 1092 suis
2368 1056 2380 1091 :
2413 1035 2604 1092 Nonne
2633 1037 2909 1099 duodecim
2936 1038 3079 1092 horae
3105 1048 3225 1093 sunt
3262 1040 3369 1094 diei
3391 1040 3418 1094 ?
3454 1039 3560 1106 Qui

1973 1124 2210 1179 ambulat
2228 1124 2285 1179 in
2308 1125 2394 1179 die
2418 1142 2523 1180 non
2549 1125 2764 1195 oﬂ'endit
2794 1124 2976 1197 (Joan.
3003 1124 3099 1198 χι).
3128 1125 3199 1181 Se
3218 1127 3361 1182 enim
3391 1128 3558 1194 diem,

1973 1224 2031 1272 et
2052 1215 2322 1287 apostolos
2351 1216 2645 1288 signiﬁcari
2676 1216 2845 1271 voluit
2870 1217 3053 1272 horas.
3092 1217 3228 1272 Nam
3255 1218 3369 1286 ipse
3398 1218 3560 1288 spiri-

1968 1308 2157 1364 taliter
2184 1298 2341 1364 verus
2375 1309 2490 1365 dies
2519 1316 2623 1377 est,
2660 1309 2784 1379 quia
2815 1309 2881 1365 de
2910 1311 3026 1380 ipso
3058 1311 3261 1365 dictum
3289 1319 3393 1366 est.
3437 1310 3564 1365 Dies

1975 1398 2345 1455 sanctiﬁcatus
2371 1398 2547 1453 illuxit
2575 1399 2751 1453 nobis.
2799 1400 3093 1455 Duodecim
3129 1415 3260 1454 vero
3300 1401 3448 1455 hora:
3475 1400 3560 1470 (ut

1974 1484 2288 1564 praedictum
2315 1489 2420 1561 est)
2449 1489 2733 1544 duodecim
2762 1498 2886 1545 sunt
2918 1489 3033 1558 ejus
3060 1491 3323 1560 apostoli;
3354 1493 3481 1562 quia
3506 1501 3567 1547 nt

1975 1583 2118 1639 diem
2142 1597 2201 1638 se
2228 1596 2349 1639 esse
2376 1582 2704 1646 ostenderet,
2748 1582 3033 1638 duodecim
3072 1583 3347 1655 apostolos
3382 1584 3562 1654 elegit.

1978 1672 2085 1740 Qui
2113 1688 2234 1727 vero
2265 1682 2514 1744 operatur
2538 1674 2809 1728 veritatem
2834 1682 2883 1727 et
2908 1674 2965 1727 in
2995 1672 3162 1727 lucem
3194 1674 3328 1728 venit
3352 1674 3447 1728 lux
3467 1685 3563 1741 est,

287 1773 580 1832 suscitavit
605 1781 662 1826 et
687 1769 979 1825 consedere
1006 1768 1136 1824 fecit
1160 1770 1214 1823 in
1246 1767 1556 1824 coelestibus
1586 1766 1641 1820 in
1664 1764 1881 1821 Christo
1907 1756 1955 1815 B
1982 1772 2034 1818 et
2069 1763 2216 1834 ﬁlius
2244 1762 2379 1818 lucis
2409 1772 2457 1817 et
2487 1763 2593 1818 diei
2620 1764 2801 1835 (Joan.
2844 1763 2949 1836 Ill).
2983 1764 3136 1819 Sicut
3171 1766 3315 1819 enim
3346 1781 3505 1821 nemo
3533 1782 3564 1819 a

286 1863 442 1920 Jcsn.
495 1861 873 1925 Considerate,
909 1857 1126 1922 fratres,
1158 1872 1294 1928 quas
1315 1857 1610 1928 gratiarum
1637 1853 1880 1909 actiones

288 1951 541 2008 Creatori
575 1958 764 2006 nostro
792 1948 999 2004 referre
1036 1947 1312 2011 debemus,
1344 1945 1560 2014 quando
1597 1944 1652 1998 in
1687 1950 1881 1997 natura

288 2050 483 2097 nostra
525 2040 641 2110 ipse
681 2038 911 2094 Creator
947 2045 1002 2092 et
1042 2034 1369 2107 Redemptor
1392 2043 1579 2091 noster
1610 2033 1878 2099 Christus,

291 2142 354 2190 et
384 2133 687 2188 resurrexit
711 2146 742 2185 a
770 2128 1022 2195 mortuis,
1054 2135 1109 2183 et
1134 2126 1379 2182 ascendit
1402 2125 1469 2180 ad
1500 2124 1689 2190 cados,
1714 2133 1771 2180 et
1792 2140 1880 2180 se-

291 2225 393 2279 det
416 2223 485 2278 ad
507 2221 787 2278 dexteram
815 2220 1015 2275 Patris.
1062 2219 1120 2272 ln
1150 2233 1258 2288 qua
1279 2225 1471 2295 natura
1495 2224 1681 2271 nostra
1704 2225 1760 2272 et
1784 2233 1882 2274 nos

292 2311 759 2376 consurreximus,
783 2308 1127 2364 ascendimus
1146 2316 1201 2362 et
1219 2308 1471 2362 sedemus
1502 2319 1569 2360 an
1602 2307 1882 2362 dexteram

292 2402 498 2457 Patris.
553 2400 705 2456 Unde
753 2408 809 2454 et
837 2399 924 2453 vir
968 2406 1209 2463 sanctus,
1253 2396 1348 2468 qui
1386 2398 1571 2453 vivens
1618 2398 1673 2452 in
1716 2412 1885 2453 carne

293 2491 767 2549 conversationem
811 2490 976 2546 habet
996 2490 1050 2544 in
1093 2489 1266 2555 caelis,
1297 2503 1408 2543 non
1457 2488 1669 2543 dubitat
1706 2476 1887 2544 dicere

294 2586 450 2656 quod
474 2584 646 2640 sancti
669 2583 783 2654 jam
814 2582 1038 2637 sedeant
1068 2587 1125 2636 et
1155 2588 1382 2650 regnent
1414 2594 1538 2633 cum
1575 2576 1796 2634 Christo
1828 2579 1885 2633 in

296 2678 525 2733 dextera
556 2675 755 2730 Patris.
800 2673 1015 2742 Quanta
1061 2673 1133 2728 sit
1187 2670 1438 2727 beneﬁcii
1478 2670 1795 2740 magnitudo
1831 2679 1888 2724 et

294 2786 466 2842 quam
491 2769 769 2841 multiplex
792 2768 965 2841 gratia
985 2782 1090 2837 qua
1113 2780 1213 2821 nos
1238 2765 1467 2821 Domino
1492 2763 1786 2820 consedere
1808 2760 1889 2819 fe-

297 2861 404 2927 cit,
428 2869 482 2916 et
508 2874 843 2930 conregnare
878 2872 1001 2913 cum
1032 2855 1247 2912 Christo
1276 2873 1289 2908 :
1316 2854 1444 2910 hinc
1477 2853 1885 2920 comprobatur,

297 2967 429 3008 cum
454 2966 554 3006 nos
576 2951 673 3020 qui
701 2948 973 3019 quondam
996 2947 1115 3018 lege
1143 2947 1464 3001 tenebamur
1496 2942 1717 3009 inferni,
1742 2958 1888 2997 nunc

299 3043 365 3099 in
408 3041 629 3098 Christo
676 3054 963 3111 regnemus
1008 3037 1398 3107 sedeamusque
1439 3051 1561 3092 cum
1605 3049 1690 3092 eo.
1746 3033 1890 3091 Vere

302 3131 589 3187 abundans
610 3138 694 3187 est
713 3100 908 3202 gratia,
938 3143 1058 3200 quis
1077 3142 1183 3182 non
1207 3100 1626 3197 solumpeccata
1648 3125 1889 3192 donavit,
1918 3100 1964 3164 (ἶ

302 3224 404 3281 sed
432 3226 592 3280 etiam
628 3239 751 3278 cum
792 3221 1008 3277 Christo
1043 3236 1143 3277 nos
1175 3221 1522 3277 resuscitatos
1564 3220 1625 3291 in
1672 3222 1895 3275 dextera

298 3313 409 3369 Dei
451 3312 752 3368 collocavit.
800 3311 946 3366 Dixit
978 3311 1192 3368 cuidam
1222 3311 1475 3381 episcopo
1510 3309 1769 3381 angelus:
1807 3307 1896 3365 Sic

302 3403 492 3458 dilexit
520 3402 660 3457 Deus
686 3403 823 3457 hunc
850 3402 1125 3471 mundum,
1170 3410 1224 3456 ut
1246 3399 1295 3455 F
1296 3400 1448 3455 ilium
1483 3416 1638 3478 suum
1665 3401 1898 3472 unigeni-

304 3502 425 3548 tum
450 3493 601 3548 daret
621 3508 790 3563 proco
817 3490 999 3564 (Joan.
1033 3490 1139 3562 ιιι).
1197 3490 1299 3559 Qui
1342 3492 1509 3562 igitur
1543 3506 1666 3546 cum
1690 3489 1896 3546 inimici

306 3594 494 3642 essent
514 3585 783 3650 homines,
808 3583 947 3638 mori
975 3598 1074 3654 pro
1095 3583 1225 3654 ipsis
1249 3583 1431 3654 elegit,
1456 3598 1561 3638 non
1586 3583 1757 3639 multo
1777 3597 1896 3637 ma-

308 3677 398 3748 gis
425 3676 748 3732 domesticos
780 3673 1002 3739 effectos
1024 3690 1140 3740 eos,
1177 3682 1232 3730 et
1263 3673 1638 3745 paenitentiam
1678 3681 1899 3745 agentes

310 3782 478 3837 super
502 3766 572 3822 iis
591 3781 712 3836 qua:
736 3772 1018 3836 gesserant
1045 3763 1289 3819 absolvet
1308 3778 1339 3818 a
1364 3763 1561 3834 pmnis,
1597 3769 1652 3818 et
1679 3771 1899 3832 praesta-

310 3858 397 3913 bit
420 3857 488 3912 iis
507 3855 648 3928 (qua:
672 3856 740 3912 ab
768 3857 885 3928 ipso
908 3862 1205 3926 praeparata
1228 3853 1374 3926 sunt)
1401 3853 1586 3909 bona?
1631 3852 1745 3909 Hoc
1771 3867 1900 3924 ergo

312 3951 456 4006 scito
474 3950 599 4018 quia
623 3948 770 4003 nulla
795 3948 991 4004 delicta
1012 3948 1289 4002 heminam
1309 3946 1532 4002 vincunt
1554 3945 1899 4002 clementiam

315 4041 439 4097 Dei.
490 4041 721 4096 Tantum
751 4048 810 4095 ut
841 4055 939 4110 per
968 4040 1286 4110 patientiam
1312 4054 1375 4094 ea
1405 4055 1525 4110 quae
1549 4040 1757 4110 pridem
1782 4052 1904 4110 ges-

310 4142 507 4189 serant
543 4133 682 4188 mala
720 4133 941 4188 abluant
986 4134 1196 4188 actibus
1239 4132 1418 4188 bonis.
1461 4130 1594 4187 Cum
1643 4132 1789 4187 enim
1833 4130 1905 4185 sit

317 4226 634 4281 misericors
668 4225 829 4293 Deus,
876 4226 980 4280 scit
1010 4224 1354 4280 inﬁrmitates
1389 4225 1606 4295 generis
1631 4223 1822 4289 vestri,
1851 4232 1908 4279 et

319 4318 634 4389 passionum
662 4317 1056 4382 fortitudinem,
1091 4323 1146 4371 et
1182 4317 1379 4372 diaboli
1415 4318 1713 4387 potentiam
1745 4325 1906 4386 atque

1979 1854 2157 1925 seipso
2209 1863 2323 1919 est,
2363 1854 2438 1909 ita
2479 1856 2645 1910 etiam
2688 1869 2848 1909 nemo
2898 1869 2929 1908 a
2986 1855 3167 1925 seipso
3200 1855 3563 1921 illuminatur,

1980 1945 2076 1999 sed
2098 1944 2407 2000 illustrante
2438 1944 2528 1999 illo
2567 1945 2635 2000 de
2681 1959 2791 2015 quo
2847 1945 3110 2015 scriptum
3142 1952 3224 2000 est
3269 1963 3282 1998 :
3315 1945 3446 1999 Erat
3474 1945 3569 2001 tua:

1978 2053 2137 2101 vera,
2168 2054 2286 2109 qua:
2335 2034 2604 2092 illuminat
2636 2051 2841 2093 omnem
2889 2039 3151 2093 hominem
3193 2039 3479 2094 venientem
3512 2041 3570 2095 in

1981 2126 2123 2179 hunc
2152 2126 2410 2180 mundum
2438 2125 2621 2198 (Joan.
2663 2128 2725 2198 ι).
2750 2126 3071 2197 Quicunque
3097 2129 3243 2184 enim
3272 2145 3303 2184 a
3329 2129 3570 2198 tenebris

1982 2214 2301 2285 ignorantia
2337 2225 2393 2271 et
2419 2196 2720 2287 apeccatis
2748 2219 3086 2286 surrexerit,
3134 2227 3190 2274 et
3235 2196 3572 2275 illumin'atus

1983 2304 2053 2358 ab
2081 2304 2198 2375 ipso
2223 2305 2387 2360 fuerit
2415 2307 2507 2376 qui
2551 2307 2689 2361 dixit
2719 2324 2733 2360 :
2786 2306 2899 2379 Ego
2936 2325 3053 2362 sum
3086 2302 3200 2363 lus;
3227 2310 3442 2375 mundi,
3481 2312 3573 2381 qui

1984 2396 2221 2467 sequitur
2248 2413 2329 2450 me
2360 2413 2464 2451 non
2486 2396 2722 2452 ambulat
2749 2399 2805 2453 in
2833 2399 3079 2467 tenebris,
3120 2401 3212 2455 sed
3244 2401 3449 2457 habebit
3484 2403 3573 2457 lu-

1986 2503 2104 2541 men
2129 2488 2249 2540 vita:
2273 2486 2457 2558 (Joan.
2488 2489 2635 2558 vm),
2660 2490 2857 2545 merito
2880 2490 3022 2545 ﬁlius
3050 2490 3186 2546 lucis
3206 2499 3262 2546 et
3280 2492 3387 2546 diei
3414 2508 3575 2549 voca-

1987 2582 2095 2629 tur.
2118 2575 2424 2630 lmitatione
2445 2577 2615 2643 enim,
2640 2594 2748 2632 non
2777 2586 2995 2645 natura,
3023 2578 3119 2635 ﬁlii
3143 2579 3237 2635 Dei
3268 2596 3471 2647 sumus,
3499 2583 3574 2638 si-

1988 2673 2080 2720 cut
2100 2666 2178 2719 ait
2201 2665 2453 2721 Salvator
2475 2683 2489 2720 :
2513 2665 2582 2721 Ut
2607 2668 2724 2723 sitis
2752 2668 2853 2738 ﬁlii
2876 2669 3058 2724 Patris
3081 2670 3256 2736 vestri,
3283 2672 3373 2741 qui
3400 2670 3454 2727 in
3476 2688 3577 2728 cat-

1988 2756 2054 2811 lis
2096 2767 2171 2812 est
2197 2757 2415 2828 (Matth.
2452 2753 2536 2827 v).
2824 2768 2829 2771 ·

2585 2849 2814 2909 CAPUT
2846 2849 2973 2906 un.
3012 2824 3017 2827 ’

2674 2939 2753 2995 De
2795 2957 2904 3011 spe.

2066 3049 2142 3108 De
2166 3052 2269 3108 hoc
2296 3052 2408 3125 spei
2450 3053 2686 3125 capitulo
2708 3054 2789 3122 sic
2808 3062 2865 3110 et
2909 3054 3186 3125 apostolus
3221 3055 3419 3121 Paulus
3455 3058 3534 3115 ait
3563 3078 3577 3113 :

1996 3139 2093 3198 Est
2115 3152 2291 3198 autem
2327 3141 2459 3212 ﬁdes
2496 3142 2877 3214 sperandarum
2917 3144 3214 3200 substantia
3258 3163 3457 3212 rerum,
3485 3164 3579 3203 ar-

1994 3242 2299 3304 gumentum
2325 3250 2429 3288 non
2454 3235 2821 3305 apparentium
2848 3222 3054 3306 (Hebr.
3083 3235 3182 3308 ιι).
3234 3236 3417 3309 Neque
3442 3239 3584 3294 enim

1994 3323 2135 3395 quod
2174 3324 2325 3387 videt,
2369 3325 2486 3396 quis
2523 3335 2722 3396 sperat,
2769 3325 2862 3381 sed
2887 3327 3027 3397 quod
3061 3344 3163 3382 non
3192 3329 3448 3396 videmus,
3492 3344 3588 3402 per

1995 3414 2303 3484 patientiam
2330 3425 2689 3485 exspectamus
2717 3414 2895 3486 (Rom.
2926 3419 3065 3488 vni).
3110 3417 3246 3487 Spes
3289 3428 3373 3474 est
3416 3420 3588 3475 bono-

1999 3519 2117 3561 rum
2144 3506 2478 3576 exspectatio
2515 3506 2842 3571 futurorum,
2875 3524 2996 3579 qua:
3024 3511 3282 3580 exprimit
3312 3511 3588 3589 humilita-

1998 3598 2070 3652 tis
2099 3597 2370 3661 all’ectum,
2400 3605 2455 3652 et
2484 3597 2683 3653 sedulae
2733 3599 3013 3655 servitutis
3051 3601 3397 3670 obsequium.
3445 3601 3580 3673 Spes

2000 3697 2182 3744 autem
2240 3697 2457 3754 vocata,
2506 3687 2651 3759 quod
2700 3689 2770 3745 sit
2817 3705 2915 3761 pes
2962 3692 3385 3762 progrediendi,
3433 3695 3590 3765 quasi

2001 3779 2146 3834 enim
2186 3786 2269 3834 est
2290 3793 2408 3849 pes.
2453 3777 2609 3835 Unde
2642 3792 2673 3833 e
2715 3782 2989 3837 contrario
3027 3783 3225 3839 dicitur
3254 3785 3589 3856 desperatio,

2001 3871 2090 3927 cui
2115 3872 2259 3927 nulla
2289 3881 2374 3928 est
2401 3873 2780 3944 progrediendi
2808 3873 3079 3930 facultas:
3106 3876 3232 3947 quia
3269 3877 3395 3933 dum
3438 3878 3590 3948 quis-

2004 3977 2109 4032 que
2146 3972 2431 4033 peccatum
2482 3972 2648 4027 amat,
2696 3963 2937 4019 futuram
2982 3966 3208 4037 gloriam
3239 3984 3346 4023 non
3380 3976 3587 4038 sperat.

2004 4055 2099 4113 llle
2136 4058 2281 4113 enim
2314 4055 2637 4113 ﬁducialiter
2681 4068 2980 4129 exspectat,
3029 4061 3123 4132 qui
3173 4060 3289 4131 ejus
3333 4064 3588 4120 mandata

2006 4146 2240 4204 ﬁdeliter
2266 4157 2468 4203 servat.
2511 4149 2674 4205 Beata
2705 4151 2849 4207 enim
2878 4160 3027 4207 recte
3075 4152 3145 4208 ab
3169 4153 3427 4223 Apostolo
3454 4155 3593 4212 dici-

2009 4249 2097 4294 tur
2137 4254 2259 4309 spes
2303 4239 2397 4294 ubi
2427 4240 2522 4294 ﬁlii
2573 4241 2667 4296 Dei
2702 4242 3035 4297 merebimur
3070 4257 3189 4298 esse
3217 4252 3274 4299 et
3300 4246 3541 4303 haeredes
3573 4265 3588 4301 :

2009 4329 2263 4386 Hieredes
2289 4331 2499 4403 quidem
2528 4331 2646 4398 Dei,
2679 4332 2973 4395 coliteredes
3014 4342 3192 4391 autem
3238 4332 3454 4390 Christi.
3488 4335 3591 4400 Ubi

322 4408 608 4471 astutiam,
664 4416 720 4462 et
769 4407 1133 4463 incidentibus
1180 4407 1485 4462 hominibus
1532 4407 1589 4462 in
1639 4407 1890 4477 peccatis,

2010 4439 2127 4476 cum
2150 4422 2475 4493 apparuerit,
2504 4420 2700 4476 similes
2721 4422 2767 4476 ei
2793 4423 3008 4488 erimus,
3034 4424 3283 4494 quoniam
3308 4425 3593 4482 videbimus

322 4497 483 4567 quasi
531 4497 776 4567 ignoscit,
824 4504 881 4551 et
931 4504 1210 4567 exspeth
1253 4496 1644 4552 correctionem
1691 4510 1904 4561 eorum,

321 4589 645 4659 patientiam
671 4588 878 4645 habens
904 4588 958 4644 in
985 4590 1082 4645 eis.
1116 4587 1565 4645 Convertentibus
1587 4603 1718 4644 vero
1746 4596 1907 4657 atque

324 4679 681 4736 uorantibus
701 4681 1021 4746 bonitatem,
1051 4689 1305 4751 tanquam
1330 4681 1558 4736 inﬁrmis
1582 4682 1910 4751 compatitur

323 4776 384 4824 et
415 4769 646 4824 absolvit
674 4769 960 4825 confestim
995 4778 1267 4825 tormenta
1308 4786 1515 4835 eorum,
1555 4777 1611 4827 et
1644 4772 1809 4827 donat
1830 4769 1911 4824 eis

327 4861 472 4918 bona
501 4876 623 4930 quae
647 4869 946 4933 prasparata
977 4870 1103 4916 sunt
1125 4860 1308 4931 justis.

937 4953 1164 5010 CAPUT
1204 4954 1312 5009 ιιι.

567 5048 642 5103 De
667 5063 727 5102 ea
755 5048 896 5120 quod
905 5049 1086 5106 Sancti
1114 5047 1215 5118 ﬁlii
1238 5047 1371 5102 lucis
1404 5058 1676 5103 vocantur.

408 5140 640 5197 Joannes
664 5140 936 5213 apostolus
960 5142 1065 5196 ait:
1084 5140 1470 5196 Annuntiamus
1494 5142 1638 5197 vobis
1665 5142 1914 5212 quoniam

333 5233 692 5298 Deusluxest,
716 5242 763 5287 et
779 5231 1001 5288 tenebris
1019 5234 1074 5288 in
1099 5249 1157 5287 eo
1174 5249 1277 5288 non
1295 5240 1419 5288 sunt
1445 5230 1566 5288 ulla:
1593 5230 1643 5305 (l
1660 5232 1820 5288 Joan.
1848 5231 1912 5303 ι).

332 5325 527 5379 Merito
560 5338 693 5393 ergo
727 5324 819 5395 qui
855 5323 949 5377 ﬁlii
977 5323 1070 5378 Dei
1098 5330 1253 5389 sunt,
1285 5324 1377 5378 ﬁlii
1405 5323 1542 5379 lucis
1566 5324 1635 5379 ab
1656 5321 1915 5393 Apostolo

332 5426 619 5482 vocantur,
646 5416 739 5471 ubi
770 5413 1089 5471 ait:0mnes
1125 5416 1262 5471 enim
1293 5433 1383 5471 vos
1413 5416 1512 5486 lilii
1542 5417 1675 5471 lucis
1701 5417 1847 5482 estis,
1869 5424 1918 5471 et

332 5511 436 5580 [itii
468 5511 726 5567 diei:non
745 5510 868 5566 estis
897 5512 1084 5578 noctis,
1113 5527 1275 5576 neque
1298 5510 1628 5564 tenebrarum
1661 5506 1712 5580 (ι
1736 5496 1916 5562 Thess.

332 5606 411 5677 ν).
454 5606 609 5661 Sicut
643 5607 785 5662 enim
812 5606 1066 5662 dicuntur
1090 5605 1184 5660 ﬁlii
1212 5602 1517 5661 dilectionis
1540 5603 1625 5659 vel
1640 5603 1732 5659 ﬁlii
1750 5602 1898 5675 pacis

333 5696 599 5755 habentes
625 5699 753 5753 inse
762 5696 1107 5752 dilectionem
1123 5707 1176 5753 ct
1188 5711 1396 5768 pacem,
1414 5696 1485 5752 ita
1499 5695 1749 5751 dicuntur
1762 5702 1816 5750 et
1829 5693 1922 5751 lilii

698 5791 976 5850 Ρηιιοι..
1018 5788 1147 5849 Cll.

2006 4528 2124 4565 eum
2144 4511 2391 4565 sicutiest
2412 4508 2589 4577 (Rom.
2608 4525 2703 4564 vni
2726 4526 2740 4577 ;
2766 4507 2965 4565 IJoan.
2990 4514 3088 4577 ιιι).
3110 4509 3214 4571 Ubi
3234 4520 3289 4567 et
3312 4523 3595 4581 peccatum

2006 4604 2168 4660 nobis
2191 4619 2301 4659 non
2347 4602 2725 4657 dominabitur
2767 4613 2824 4659 et
2852 4602 2964 4657 vita
2995 4615 3198 4663 aeterna
3223 4605 3596 4682 prmstabitur.

2009 4699 2110 4756 Ubi
2135 4698 2486 4770 splendorem
2505 4695 2640 4752 solis
2670 4690 2726 4752 et
2747 4695 3086 4753 consortium
3103 4696 3477 4754 obtinebimus
3503 4713 3572 4753 an
3590 4727 3603 4740 -

2007 4792 2279 4865 gelorum.
2297 4790 2436 4847 Hinc
2464 4798 2520 4846 et
2548 4789 2676 4846 alibi
2701 4789 2997 4861 Apostolus
3026 4790 3105 4843 ait
3133 4803 3152 4843 :
3178 4788 3407 4861 Propter
3429 4805 3599 4862 spem,

2004 4876 2129 4954 qua:
2157 4881 2381 4952 reposita
2430 4890 2505 4934 est
2532 4880 2679 4934 nobis
2711 4880 2768 4945 in
2807 4878 2947 4934 caelis
2993 4876 3130 4951 (Col.
3180 4879 3243 4952 1).
3287 4880 3424 4951 Spes
3450 4884 3594 4938 enim

2017 4971 2280 5025 bonorum
2305 4966 2608 5023 futurorum
2634 4984 2742 5023 non
2766 4976 2851 5024 est
2872 4968 3031 5025 modo
3058 4971 3367 5027 carnalibus
3392 4973 3599 5042 perspi-

2018 5076 2119 5116 cua
2147 5059 2340 5125 oculis,
2389 5060 2484 5115 sed
2519 5061 2696 5115 adhuc
2739 5060 2979 5128 reposita
3026 5068 3111 5116 est
3141 5061 3297 5117 nobis
3328 5061 3382 5117 in
3419 5063 3595 5118 caelis.

2017 5148 2095 5205 De
2132 5164 2236 5221 qua
2266 5164 2361 5219 spe
2403 5148 2546 5204 idem
2582 5149 2874 5220 Apostolus
2922 5150 3037 5205 ait:
3082 5149 3240 5217 Quod
3269 5151 3452 5207 oculus
3492 5169 3599 5207 non

2019 5239 2166 5304 vidit,
2203 5257 2295 5295 nec
2321 5240 2468 5294 auris
2495 5239 2721 5307 audivit,
2752 5258 2843 5295 nec
2873 5241 2930 5296 in
2958 5258 3049 5297 cor
3070 5242 3296 5298 hominis
3338 5242 3597 5304 ascendit,

2017 5347 2136 5403 qua:
2158 5332 2472 5402 praeparavit
2500 5330 2643 5387 Deus
2672 5332 3009 5406 diligentibus
3039 5352 3093 5390 se
3119 5334 3170 5407 (I
3192 5333 3314 5389 Cor.
3346 5333 3429 5405 ιι).
3460 5332 3597 5387 Nam

2017 5431 2074 5478 et
2100 5438 2226 5494 spes
2262 5422 2504 5478 omnium
2528 5423 2824 5487 electorum
2851 5426 2964 5483 vita
2998 5434 3199 5482 {eterna
3241 5432 3343 5488 est,
3387 5440 3508 5494 qua:
3543 5424 3596 5479 in

2020 5513 2160 5569 coelo
2185 5513 2362 5569 adhuc
2396 5514 2451 5569 in
2494 5514 2714 5572 Christo
2754 5517 2910 5573 nobis
2933 5516 3169 5586 reposita
3189 5521 3308 5569 est:
3343 5513 3450 5569 Sed
3479 5532 3602 5571 cum

2023 5605 2263 5662 Christus
2289 5610 2595 5680 apparuerit
2626 5612 2735 5664 vita
2761 5618 2950 5673 vestra,
2981 5616 3104 5668 tum:
3132 5613 3181 5659 et
3207 5621 3301 5659 nos
3326 5607 3603 5678 apparebi-

2025 5711 2140 5750 mus
2171 5713 2288 5750 cum
2321 5697 2410 5751 illo
2442 5700 2496 5752 in
2521 5699 2689 5769 gloria
2720 5697 2854 5770 (Col.
2905 5695 3008 5767 ιιι).
3043 5693 3177 5751 Nam
3205 5705 3261 5751 et
3301 5697 3429 5753 alibi
3460 5697 3602 5757 idem

3164 5788 3230 5849 2i
