3960 6206
360 317 456 374 65!

365 421 653 498 Apostolus
692 417 812 473 ait:
864 413 984 484 Ipse
1028 417 1204 464 autem
1254 405 1509 459 Dominus
1561 408 1736 454 uoster

368 486 627 576 Christus,
655 519 706 563 et
727 507 867 562 Deus
900 503 1061 557 Pater
1079 500 1171 570 qui
1190 495 1371 550 dilexit
1411 510 1528 558 nos,
1559 501 1606 545 et
1630 490 1772 544 dedit
1801 486 1945 542 nobis

368 603 775 662 consolationem
822 603 1093 654 cateruam,
1126 598 1174 643 et
1227 602 1369 656 spem
1438 585 1627 638 bonam
1670 581 1726 634 in
1775 577 1947 648 gratia

370 695 422 769 (1
429 695 456 748 I
488 692 666 746 Thess.
701 685 782 757 ιι).
807 683 933 738 Ideo
949 679 1148 736 dicitur
1173 691 1297 744 spes
1329 675 1494 736 bona,
1519 670 1648 741 quia
1686 667 1946 735 scriptum

371 796 454 842 est
477 803 491 840 :
518 785 796 854 Sperantes
823 784 996 829 autem
1023 772 1078 825 in
1109 768 1357 831 Domino,
1404 781 1508 819 non
1537 762 1779 830 deﬁcient
1808 757 1949 812 omni

373 881 502 932 bono
533 852 704 944 (Psal.
739 865 955 936 xxxiii).
986 862 1197 917 Dicitur
1241 865 1297 914 et
1343 871 1468 927 spes
1511 852 1900 909 misericordia:
1933 867 1946 903 :

374 965 511 1033 Quia
537 970 800 1035 sperantes
829 959 884 1011 in
914 955 1160 1015 Domino,
1205 947 1566 1003 misericordia
1609 940 1953 998 circumdabit

375 1027 776 1130 (Psalsxxn);
817 1047 1013 1102 dicitur
1046 1058 1076 1096 a
1105 1043 1267 1096 Petro
1295 1054 1409 1108 spes
1451 1036 1568 1090 viva
1598 1030 1646 1104 (ι
1682 1030 1828 1085 Petr.
1889 1027 1951 1098 ι),

375 1122 502 1220 quia
524 1149 686 1201 vitam
709 1141 862 1197 nobis
882 1135 1154 1209 promittit
1179 1140 1462 1187 :eternam.
1493 1125 1632 1180 Nam
1656 1122 1953 1179 secundum

376 1213 693 1308 qualitatem
731 1246 842 1287 sua:
865 1226 1199 1288 donationis,
1229 1231 1284 1277 et
1306 1220 1735 1276 additamentum
1763 1213 1957 1282 recipit

378 1307 630 1385 nominis.
658 1326 841 1379 Potest
860 1327 1039 1375 autem
1067 1316 1234 1373 multo
1269 1314 1472 1369 clarius
1508 1317 1563 1365 et
1604 1307 1957 1363 excellentius

377 1425 480 1477 hoc
509 1421 695 1474 inloco
711 1432 833 1486 spes
848 1417 989 1470 bona
1013 1413 1065 1465 in
1085 1408 1286 1480 gratia,
1303 1406 1421 1476 ipse
1448 1403 1539 1472 qui
1572 1417 1696 1456 cum
1717 1399 1878 1453 Patre
1904 1405 1959 1452 et

380 1514 584 1583 Spiritu
607 1517 794 1564 sancto
815 1506 963 1561 solus
991 1511 1075 1559 est
1097 1504 1272 1557 bonus
1301 1498 1471 1567 accipi
1500 1495 1762 1550 Dominus
1801 1491 1959 1546 Iesus

378 1605 633 1660 Christus
659 1603 724 1656 de
763 1614 870 1670 quo
904 1595 1190 1651 Psalmista
1222 1592 1408 1646 canit:
1458 1587 1584 1658 Spes
1622 1603 1739 1641 mea
1782 1584 1962 1638 Domi-

380 1713 502 1760 nus,
530 1711 561 1747 a
593 1692 863 1761 juventute
889 1704 1006 1740 mea
1045 1682 1216 1757 (Psal.
1245 1681 1392 1750 Lxx).
1427 1678 1584 1751 [lsid.
1619 1676 1708 1730 lib.
1743 1692 1779 1728 ιι
1808 1674 1956 1730 Sent.

381 1801 498 1856 cap.
543 1782 624 1855 4.]
671 1779 1014 1836 Metuendum
1047 1776 1200 1832 valde
1243 1782 1329 1828 est
1367 1781 1427 1826 ut
1475 1785 1650 1839 neque
1679 1783 1775 1838 per
1810 1779 1958 1835 spem

381 1875 570 1939 venim,
607 1887 768 1944 quam
795 1868 1062 1941 promittit
1110 1867 1272 1928 Deus,
1319 1869 1738 1932 perseveranter
1773 1870 1962 1926 pecce-

386 1982 524 2034 mus,
573 1981 748 2037 neque
775 1965 903 2035 quia
949 1959 1095 2030 iuste
1131 1965 1355 2029 peccata
1401 1952 1698 2023 distringit,
1750 1949 1963 2003 veniam

383 2060 773 2129 desperemus,
821 2052 917 2108 sed
967 2057 1197 2118 utroque
1249 2044 1493 2116 periculo
1550 2043 1772 2108 evitato,
1823 2044 1880 2092 et
1935 2051 1964 2090 a

383 2150 527 2204 malo
560 2146 914 2208 declinemus,
951 2149 1006 2197 et
1040 2141 1106 2194 de
1143 2139 1344 2209 pietate
1391 2135 1485 2190 Dei
1531 2133 1746 2190 veniam
1787 2143 1969 2200 spere-

387 2257 524 2298 mus.

983 2321 1210 2380 CAPUT
1246 2319 1380 2373 LIV.

743 2416 811 2474 Ut
847 2418 959 2473 sine
996 2412 1380 2469 intermissione
1417 2414 1612 2461 oretur.

459 2516 593 2574 Sine
634 2512 1040 2570 intermissione
1081 2519 1241 2563 orare
1276 2501 1485 2559 duobus
1525 2496 1701 2552 modis
1735 2493 1865 2549 mihi
1893 2491 1975 2546 vi-

391 2614 552 2668 detur
591 2609 707 2664 fieri
743 2620 935 2678 posse;
965 2603 1078 2657 sive
1107 2598 1288 2655 cordis
1319 2592 1644 2654 intentione,
1681 2602 1776 2643 seu
1811 2595 1977 2654 opere

394 2698 797 2758 misericordia}.
829 2694 1020 2751 Cordis
1046 2691 1188 2747 enim
1216 2685 1514 2742 intentione
1539 2687 1683 2744 orat,
1713 2677 1807 2748 qui
1836 2674 1978 2731 desi-

396 2790 550 2847 derio
597 2800 846 2858 supernae
881 2775 1356 2850 contemplationis
1405 2772 1636 2834 alllatus,
1691 2769 1745 2822 in
1790 2778 1979 2821 amore

394 2855 768 2938 creatoris—sui
794 2880 938 2930 totus
981 2879 1064 2928 est
1109 2868 1342 2924 deditus.
1393 2863 1514 2933 Ipsa
1564 2861 1711 2915 enim
1769 2855 1977 2912 amoris

399 2973 493 3028 Dei
547 2967 903 3030 continuatio,
954 2964 1072 3020 sine
1099 2958 1500 3016 intermissione
1528 2961 1614 3008 est
1653 2950 1853 3008 oratio.
1891 2947 1983 3000 Fit

396 3073 452 3119 et
481 3063 599 3118 sine
629 3056 1028 3114 intermissione
1051 3052 1248 3113 oratio,
1280 3047 1498 3118 quando
1529 3045 1817 3098 thesaurus
1841 3039 1983 3094 elee-

400 3165 746 3223 mosynarum
797 3143 1198 3200 thesaurizatur
1222 3141 1275 3193 in
1300 3138 1459 3201 coelo,
1483 3135 1710 3190 Domino
1738 3133 1977 3186 dicente:

401 3242 774 3299 Thesaurizate
817 3237 956 3292 vobis
1003 3236 1273 3289 thesauros
1326 3234 1381 3285 in
1427 3229 1557 3285 creto
1610 3227 1830 3299 (Matth.
1886 3224 1983 3294 vi).

407 3336 523 3391 Pro
551 3332 953 3389 thesaurizante
981 3328 1127 3382 enim
1159 3326 1214 3380 in
1240 3324 1378 3380 coelo
1406 3324 1541 3395 (sive
1596 3320 1687 3375 ille
1727 3318 1987 3384 ambulet,

406 3441 503 3482 seu
537 3425 744 3485 sedeat,
789 3420 1056 3484 comedat,
1108 3418 1282 3483 bibat,
1309 3417 1582 3486 loquatur,
1620 3422 1798 3470 taceat
1821 3454 1836 3478 ,
1865 3413 2000 3467 dor-’

406 3514 561 3587 miat)
589 3527 803 3582 semper
832 3511 1119 3564 thesaurus
1154 3505 1271 3576 ejus
1311 3505 1405 3576 qui
1445 3505 1499 3559 in
1541 3510 1836 3572 conspectu
1887 3500 1990 3555 Do-

405 3605 536 3660 mini
565 3611 647 3659 est
678 3600 988 3657 reconditus
1027 3600 1143 3653 sine
1174 3596 1581 3652 intermissione
1625 3604 1746 3649 orat
1791 3592 1858 3646 ad
1888 3592 1992 3646 Du-

408 3696 634 3751 minum.
674 3692 830 3748 Unde
859 3698 913 3744 et
939 3692 1056 3760 ipse
1081 3688 1344 3744 Dominus
1375 3686 1485 3742 ait:
1522 3683 1834 3739 Abscondite
1862 3681 1995 3736 elee-

411 3806 681 3860 mosynam
720 3789 775 3842 in
799 3787 918 3841 sinu
941 3783 1211 3857 pauperis,
1237 3791 1282 3836 et
1306 3783 1420 3853 ipsa
1446 3781 1614 3834 orabit
1640 3795 1734 3846 pro
1761 3777 1900 3832 vobis
1925 3775 1992 3828 ad

415 3881 694 3935 Dominum
721 3875 891 3951 (Eccl.
921 3891 1071 3940 xxix;
1107 3874 1234 3928 Luc.
1267 3872 1366 3943 x1).
1406 3871 1539 3927 Orat
1564 3878 1620 3925 et
1647 3870 1737 3924 ille
1771 3869 1853 3939 (ut
1880 3868 1998 3936 qui-

411 3972 534 4040 dam
575 3961 800 4040 volunt)
822 3967 941 4023 sine
977 3964 1412 4028 intermissione;
1442 3962 1534 4032 qui
1565 3959 1781 4030 qualem
1809 3974 1866 4013 se
1887 3957 1998 4027 pri-

413 4074 561 4115 mum
587 4058 811 4114 exhibet
844 4057 896 4110 in
929 4054 1195 4118 oratione,
1239 4052 1402 4107 talem
1449 4065 1507 4105 se
1555 4047 1899 4120 postmodum
1943 4045 1999 4098 in

413 4167 477 4207 ea
503 4160 828 4206 conservare
851 4145 1055 4211 studet,
1085 4144 1229 4200 sicut
1255 4149 1311 4196 et
1351 4141 1420 4196 de
1452 4139 1608 4193 Anna
1640 4135 1842 4192 factum
1870 4133 2002 4204 legi-

416 4251 504 4297 tur
527 4249 735 4306 orante,
775 4253 896 4309 qum
921 4237 978 4292 in
1018 4237 1134 4309 ipso
1173 4231 1607 4302 compunctionis
1654 4228 1848 4283 affectu
1894 4241 2002 4296 quo

416 4334 614 4399 oravit,
635 4329 955 4402 permansit,
985 4341 1158 4399 usque
1194 4326 1322 4380 dum
1359 4323 1554 4392 adepta
1588 4329 1672 4376 est
1705 4337 1736 4374 a
1772 4318 2003 4372 Domino

418 4425 530 4481 Deo
559 4440 656 4480 suo
677 4423 821 4495 quod
844 4419 1137 4492 postulavit
1166 4416 1220 4491 (I
1248 4415 1378 4487 Reg.
1407 4415 1470 4487 ι).
1503 4413 1768 4469 Dicebant
1795 4411 1861 4466 de
1904 4411 2000 4465 ab-
2026 4427 2080 4486 ι)

420 4517 544 4571 bate
571 4513 799 4568 Arsenio
849 4511 977 4582 quia
1001 4521 1230 4578 vespere
1266 4505 1498 4570 sabbati,
1542 4504 1849 4559 lucescente
1892 4501 2003 4555 Do-

427 4607 646 4670 minica,
679 4602 1019 4671 relinquebat
1059 4607 1184 4670 post
1228 4613 1287 4654 se
1336 4597 1527 4662 solem,
1574 4603 1630 4650 et
1679 4592 2007 4649 extendebat

422 4711 616 4752 manus
654 4709 781 4749 suas
808 4692 876 4747 ad
909 4689 1106 4746 cmlum
1128 4703 1312 4749 orans,
1339 4687 1512 4741 donec
1541 4699 1701 4739 mane
1727 4684 1810 4738 die
1834 4682 2011 4736 Domi-

427 4789 553 4844 nieo
575 4786 876 4840 illustraret
903 4780 1202 4837 ascendens
1224 4775 1306 4833 sol
1339 4778 1532 4832 faciem
1563 4775 1699 4845 ejus,
1737 4784 1793 4830 et
1818 4775 1895 4829 sic
1925 4789 2009 4828 re-

428 4877 657 4933 sidebat.
673 4875 951 4931 Venerunt
972 4871 1264 4942 aliquando
1281 4871 1346 4924 ad
1370 4869 1620 4924 abbatem
1650 4867 1877 4921 Lucium
1902 4881 2012 4921 mo-

428 4967 588 5022 nachi
607 4964 955 5037 quidam,qui
985 4961 1305 5017 dicebantur
1330 4959 1591 5020 Euthicat,
1618 4957 1723 5011 hoc
1752 4964 2013 5010 estoran-

433 5069 538 5122 tes,
568 5065 623 5112 et
647 5053 1000 5122 interrogavit
1029 5066 1123 5107 eos
1150 5065 1316 5106 senex
1337 5049 1523 5104 dicens
1555 5066 1567 5101 :
1595 5045 1747 5113 Quod
1777 5053 1860 5100 est
1879 5059 2014 5112 opus

433 5163 690 5204 manuum
707 5144 1048 5200 vestrarum?
1068 5143 1136 5197 Et
1157 5142 1230 5196 illi
1249 5141 1501 5196 dixerunt
1520 5158 1531 5193 :
1557 5136 1665 5192 Nos
1681 5153 1786 5192 non
1805 5136 2016 5192 contiu-

435 5242 610 5312 gimus
630 5239 846 5308 aliquod
859 5253 996 5308 Opus
1023 5251 1307 5291 manuum:
1342 5233 1459 5297 sed,
1480 5233 1622 5287 sicut
1641 5231 1770 5286 dicit
1791 5232 2017 5300 Aposto-

435 5332 560 5388 lus:
590 5328 713 5386 Sine
743 5327 1124 5384 intermissione
1150 5335 1360 5380 orantes
1389 5322 1440 5396 (Ι
1467 5322 1645 5376 Thess.
1674 5323 1752 5392 v).
1785 5321 1854 5376 Et
1886 5321 2015 5376 dicit

437 5425 518 5480 eis
537 5437 701 5480 senex
729 5437 743 5474 :
776 5421 842 5476 Et
868 5435 974 5476 non
998 5417 1378 5475 manducatis?
1404 5415 1484 5470 Illi
1509 5423 1690 5470 autem
1719 5414 1973 5468 dixerunt
2000 5431 2012 5466 :

441 5516 616 5570 Etiam
647 5513 1054 5569 manducamus.
1103 5508 1171 5564 Et
1197 5507 1334 5562 dixit
1363 5507 1443 5561 eis
1473 5525 1485 5560 :
1519 5504 1747 5573 Quando
1776 5518 1903 5575 ergo
1930 5518 2022 5558 eo-

443 5610 678 5672 meditis,
703 5607 826 5677 quis
853 5619 953 5675 pro
974 5601 1132 5660 vobis
1160 5601 1316 5656 orat?
1338 5599 1407 5654 Et
1436 5599 1632 5653 iterum
1666 5593 2022 5664 interrogavit

448 5712 559 5762 eos,
593 5698 808 5752 dicens:
843 5694 960 5751 Non
988 5691 1270 5750 dormitis?
1306 5690 1372 5745 Et
1395 5687 1468 5744 illi
1493 5687 1781 5743 dixerunt:
1812 5683 2024 5740 Dormi—

1651 281 2007 344 SMARAGDI
2043 276 2331 335 ABBATIS

1783 398 1939 451 Jesus
1967 393 2018 454 Α
2042 403 2182 444 mus.
2211 386 2359 442 Dixit
2389 398 2552 440 senex
2579 400 2594 436 :
2625 381 2694 436 Et
2728 395 2852 437 cum
2887 375 3156 440 dormitis,
3187 375 3313 444 quis
3354 386 3458 442 pro
3482 372 3636 427 vobis

3493 239 3634 315 ’ϐω

2050 479 2208 534 orat?
2238 477 2307 531 Et
2339 491 2448 530 non
2491 475 2811 529 invenerunt
2837 469 2966 539 quid
2993 470 3062 521 ad
3105 468 3223 521 haec
3246 464 3642 535 responderent

2049 569 2120 623 ei.
2154 568 2219 621 Et
2240 567 2377 620 dixit
2397 580 2564 620 senex
2591 582 2604 616 :
2635 561 2897 633 Ignoscite
2928 559 3083 622 mihi,
3111 555 3332 620 fratres,
3353 555 3485 625 quia
3513 569 3641 608 ecce

2051 676 2159 715 non
2195 658 2376 713 facitis
2406 658 2548 712 sicut
2586 654 2820 710 dixistis.
2856 653 2968 722 Ego
3000 657 3183 705 autem
3219 647 3449 704 ostendo
3488 647 3646 700 vobis

2050 751 2176 820 quia
2202 765 2434 820 operans
2461 747 2713 802 manilius
2742 745 2900 808 meis,
2943 745 3060 797 sine
3088 741 3500 795 intermissione
3520 753 3639 794 oro.

2054 839 2230 894 Sedeo
2259 838 2406 892 enim
2459 836 2684 906 juvante
2734 833 2846 886 Deo
2905 829 3198 886 infundens
3252 829 3388 883 mihi
3441 842 3648 897 paucas

2052 929 2338 1000 palmulas,
2379 939 2436 981 et
2462 925 2602 980 facio
2625 939 2692 979 ex
2722 923 2803 977 eis
2829 921 3087 990 plectam,
3117 928 3172 974 et
3199 920 3319 974 dico
3344 936 3357 971 :
3393 916 3650 970 Miserere

2053 1021 2178 1084 mei,
2219 1018 2382 1081 Deus,
2408 1015 2695 1070 secundum
2737 1028 2984 1082 magnam
3024 1009 3442 1063 misericordiam
3477 1017 3645 1060 tuam.

2057 1107 2126 1160 Et
2172 1106 2457 1161 secundum
2522 1101 2910 1157 multitudinem
2975 1099 3369 1152 miserationum
3437 1106 3652 1148 tuarum

2055 1198 2169 1254 dele
2209 1199 2536 1268 iniquitatem
2569 1209 2736 1248 meam
2762 1189 2936 1263 (Psal.
2966 1190 3040 1260 ι).
3071 1189 3137 1242 Et
3165 1188 3298 1242 dicit
3317 1187 3397 1240 eis
3423 1204 3435 1237 :
3465 1185 3654 1240 Oratio

2057 1301 2142 1347 est
2182 1308 2249 1346 an
2281 1289 2426 1344 non?
2457 1289 2525 1341 Et
2556 1286 2811 1340 dixerunt
2853 1283 2904 1338 ei
2929 1270 2944 1335 ἐ
2977 1281 3179 1335 Etiam.
3235 1279 3304 1332 Et
3335 1277 3425 1331 ille
3469 1277 3606 1331 dixit
3637 1295 3650 1328 :

2059 1381 2283 1448 Quando
2317 1392 2670 1436 permansero
2701 1383 2812 1428 tota
2838 1373 2925 1427 die
2978 1371 3232 1424 laborans
3257 1375 3312 1421 et
3349 1382 3535 1433 orans,
3575 1365 3656 1418 fa-

2060 1490 2146 1530 ClO
2166 1471 2288 1544 plus
2313 1471 2494 1525 minus
2517 1466 2793 1522 sexdecim
2819 1478 3093 1526 nummos,
3116 1469 3169 1514 et
3212 1473 3353 1528 pono
3383 1474 3451 1512 ex
3483 1459 3564 1512 eis
3587 1456 3656 1510 ad

2060 1565 2261 1620 ostium
2283 1561 2438 1624 duos,
2470 1567 2525 1612 et
2554 1557 2799 1610 residuos
2835 1553 3122 1607 manduco.
3163 1551 3232 1603 Et
3261 1549 3353 1617 qui
3381 1548 3660 1617 acceperit

2064 1655 2186 1710 illos
2198 1654 2334 1708 duos
2348 1649 2625 1714 denarios,
2640 1658 2761 1702 orat
2780 1661 2882 1716 pro
2904 1659 2990 1699 me
3003 1653 3246 1712 tempore
3261 1656 3367 1710 quo
3380 1655 3478 1710 ego
3505 1655 3661 1692 man-

1989 1737 2036 1795 Β
2065 1748 2202 1802 duco
2217 1745 2303 1800 vel
2326 1741 2573 1797 dormio:
2603 1747 2766 1807 atque
2786 1737 2863 1790 ita
2898 1749 2997 1804 per
3021 1733 3253 1802 gratiam
3278 1729 3377 1784 Dei
3401 1727 3661 1797 impletur

2065 1841 2120 1895 in
2151 1852 2237 1892 me
2268 1833 2412 1905 quod
2457 1831 2719 1900 scriptum
2759 1835 2842 1882 est
2874 1840 2888 1878 :
2923 1825 3051 1880 Sine
3093 1821 3476 1876 intermissione
3513 1826 3663 1872 orate

2068 1925 2441 2004 arumvy
2716 1993 2718 1996 ν

2679 2007 2906 2066 CAPUT
2947 2007 3056 2060 LV.

2356 2105 2420 2161 Ut
2458 2106 2622 2160 simus
2659 2099 2952 2170 simplices,
2990 2097 3125 2150 sicut
3156 2091 3412 2163 ﬁlii.Dei.

2142 2199 2236 2255 llle
2265 2206 2352 2253 est
2393 2197 2513 2252 siue
2538 2192 2768 2263 querela
2803 2189 2919 2260 qui,
2944 2193 3207 2256 quantum
3247 2181 3515 2251 fragilitas
3538 2193 3671 2248 per-

2071 2292 2242 2348 mittit
2299 2290 2555 2348 humana,
2604 2283 2774 2336 vitam
2839 2279 3023 2333 studet
3071 2276 3270 2330 ducere
3320 2273 3437 2328 sine
3485 2271 3668 2340 culpa.

2075 2381 2364 2449 Querelam
2399 2377 2548 2434 enim
2585 2382 2776 2429 contra
2823 2371 2994 2425 Deum
3041 2368 3128 2422 vel
3171 2365 3480 2436 proximum
3520 2378 3672 2418 com-

2075 2448 2243 2532 missa
2295 2471 2525 2527 suscitat
2571 2466 2750 2536 culpa.
2804 2463 2946 2533 Ergo
2993 2461 3083 2515 ille
3117 2459 3251 2513 vivit
3280 2457 3398 2512 sine
3441 2448 3672 2524 querela

2077 2568 2170 2636 qui
2199 2579 2306 2620 non
2336 2561 2485 2617 ducit
2509 2559 2680 2612 vitam
2712 2554 2860 2610 vitiis
2889 2551 3243 2615 sordidatam,
3275 2563 3376 2603 nec
3415 2545 3672 2602 commit-

2079 2662 2147 2715 tit
2167 2659 2403 2728 culpam,
2433 2653 2577 2709 unde
2608 2651 2685 2706 illi
2704 2649 2850 2720 juste
2892 2643 3156 2700 inferatur
3185 2639 3426 2712 querela.
3457 2637 3525 2692 Et
3549 2637 3682 2690 sim-

2079 2749 2412 2824 plicessitis,
2445 2739 2916 2812 dicit'Apostolus,
2956 2737 3089 2792 sicut
3117 2733 3216 2804 ﬁlii
3249 2731 3347 2786 Dei
3375 2727 3541 2802 (Phil.
3583 2727 3672 2797 ιι).

2084 2815 2226 2896 Deus
2252 2837 2398 2893 enim
2440 2833 2670 2904 simplex
2719 2836 2916 2884 natura
2959 2832 3061 2880 est.
3113 2822 3216 2889 Qui
3257 2833 3386 2891 ergo
3415 2819 3529 2888 jam
3573 2815 3677 2869 lilii

2085 2931 2180 2987 Dei
2203 2935 2330 2985 sunt
2365 2941 2462 2996 per
2486 2921 2853 2992 adoptionem,
2886 2924 2940 2972 et
2960 2930 3084 2970 esse
3118 2912 3345 2983 cupiunt
3371 2923 3469 2978 per
3493 2907 3678 2960 imita-

2085 3023 2310 3085 tionem,
2341 3030 2564 3072 necesse
2601 3021 2686 3066 est
2713 3019 2769 3063 ut
2811 3009 2914 3062 sint
2942 3004 3226 3076 simplices,
3259 3002 3392 3056 sicut
3422 2997 3678 3052 columbi:

2087 3113 2302 3186 (Matth.
2331 3109 2409 3182 ι).
2439 3105 2711 3174 Scriptum
2735 3109 2818 3155 est
2841 3098 2986 3154 enim
3015 3112 3030 3150 :
3065 3092 3387 3166 Simplicitas
3405 3091 3679 3160 justorum

2087 3175 2272 3274 diriget
2295 3175 2382 3255 eos
2407 3198 2590 3271 (Prov.
2622 3193 2718 3266 xi).
2748 3191 2954 3264 [Greg.,
3003 3187 3096 3241 lib.
3125 3201 3202 3239 xu
3236 3179 3455 3241 Moral.,
3479 3197 3526 3233 c.
3559 3175 3678 3249 19.]

2090 3271 2235 3350 Nihil
2262 3292 2406 3348 enim
2429 3286 2659 3357 simplici
2702 3283 2864 3338 corde
2891 3279 3109 3338 felicius
3147 3292 3162 3330 :
3207 3275 3334 3345 quia
3378 3273 3468 3342 qui
3522 3271 3684 3325 inno-

2091 3383 2324 3443 centiam
2357 3394 2486 3449 erga
2525 3376 2660 3431 alios
2696 3373 2937 3435 exhibet,
2982 3367 3120 3422 nihil
3151 3373 3236 3420 est
3279 3363 3421 3432 quod
3451 3360 3566 3430 pati
3608 3360 3682 3414 ab

2091 3478 2211 3532 aliis
2244 3471 2519 3529 formidet.
2563 3467 2740 3522 liabet
2787 3463 2932 3518 enim
2971 3458 3126 3530 quasi
3159 3471 3338 3510 arcem
3385 3451 3680 3522 quamdam

2091 3563 2445 3626 fortitudinis,
2477 3557 2886 3628 simplicitatem
2915 3565 3088 3612 suam,
3143 3562 3244 3601 nec
3283 3551 3567 3614 suspectus
3594 3547 3685 3594 est

2091 3659 2239 3732 pati,
2299 3653 2444 3725 quod
2497 3666 2556 3706 se
2599 3647 2796 3702 fecisse
2849 3658 2955 3697 non
2995 3635 3262 3695 meminit.
3321 3631 3682 3692 lmmaculati,

2094 3725 2208 3806 sine
2242 3744 2638 3819 reprehensione
2669 3737 2838 3812 (Phil.
2885 3735 2973 3806 ιι).
3015 3729 3404 3788 Ornatissimos
3431 3734 3488 3780 et
3513 3725 3689 3778 hone-

2097 3815 2364 3896 stissimos
2407 3834 2501 3889 Dei
2545 3831 2684 3886 filios
2707 3829 2867 3882 docet
2895 3832 2952 3879 et
2978 3823 3128 3893 cupit
3155 3833 3276 3874 esse
3307 3815 3542 3871 Paulus:
3573 3826 3692 3865 ma-

2098 3931 2308 3986 culatus
2334 3934 2418 3982 est
2444 3925 2588 3980 enim
2628 3922 2719 3992 qui
2758 3925 2971 3991 peccat.
3016 3911 3227 3968 Macula
3275 3916 3457 3963 autem
3483 3913 3572 3962 est
3600 3904 3689 3972 ip-

2100 4038 2220 4080 sum
2246 4019 2423 4075 scelus
2447 4015 2680 4087 peccati,
2717 4011 2863 4082 quod
2891 4013 3235 4078 operatorem
3261 4016 3418 4056 suum
3446 4010 3696 4053 comma-

2101 4113 2248 4170 culat
2277 4120 2442 4180 atque
2465 4105 2820 4162 contaminat.
2839 4100 2963 4156 Filii
2993 4106 3176 4152 autem
3205 4095 3300 4150 Dei
3329 4087 3693 4154 inmaculati,

2102 4206 2391 4276 adjuvante
2435 4201 2568 4264 Deo,
2609 4208 2668 4252 et
2717 4196 2837 4253 sine
2884 4189 3310 4263 reprehensione
3342 4185 3520 4243 visere
3569 4195 3696 4251 pos-

2104 4303 2250 4361 sunt,
2289 4295 2336 4349 si
2375 4287 2888 4360 reprehensionibus
2934 4297 3101 4353 opera
3148 4280 3309 4350 digna
3355 4290 3463 4330 non
3492 4279 3695 4342 agunt,

2106 4387 2350 4460 quamvis
2369 4401 2400 4439 a
2429 4379 2708 4438 malevolis
2733 4375 3222 4448 reprehendantur.
3253 4369 3403 4424 Beati
3423 4367 3563 4421 enim
3589 4365 3693 4417 im—

2106 4455 2359 4534 maculati
2396 4475 2453 4529 in
2477 4474 2583 4538 via,
2613 4470 2703 4542 qui
2729 4466 3000 4522 ambulant
3028 4467 3083 4518 in
3127 4462 3238 4533 lege
3276 4458 3488 4514 Domini
3517 4455 3698 4529 (Psal.

2107 4568 2316 4641 cxvtu).
2354 4566 2502 4622 Dixit
2527 4571 2713 4620 sancta
2751 4558 3093 4631 Syncletice:
3126 4554 3433 4626 Eﬂiciamur
3467 4549 3700 4620 pruden-

2108 4674 2183 4718 tes
2207 4639 2339 4717 sicut
2358 4665 2638 4728 serpentes,
2662 4664 2708 4707 et
2749 4649 3008 4722 simplices
3037 4648 3171 4702 sicut
3201 4643 3454 4699 columba
3478 4639 3698 4710 (Matth.

2111 4752 2191 4824 ιι),
2222 4758 2284 4805 ut
2313 4755 2492 4803 astute
2536 4743 2903 4811 intelligamus
2945 4740 3170 4808 laqueos
3213 4735 3348 4804 ejus.
3383 4731 3517 4785 Nam
3572 4745 3705 4800 pru-

2113 4819 2302 4896 dentes
2332 4837 2449 4892 tieri
2484 4835 2624 4890 sicut
2659 4838 2942 4902 serpentes
2966 4829 3170 4883 dictum
3199 4831 3305 4886 est,
3332 4831 3393 4876 ut
3417 4836 3522 4875 non
3553 4819 3709 4888 igno-

2115 4946 2300 4988 remus
2329 4931 2563 4998 impetus
2604 4923 2804 4980 diaboli
2835 4929 2890 4978 et
2918 4929 3065 4975 artes
3110 4931 3247 4986 eius.
3280 4913 3492 4970 Etenim
3523 4910 3710 4965 simile

2115 5021 2341 5092 aliquid,
2385 5035 2452 5074 ex
2499 5019 2604 5073 alio
2633 5015 2800 5071 simili
2847 5011 3054 5068 scelere
3099 5015 3408 5079 superatur.
3462 5001 3598 5057 Nam
3648 5010 3711 5055 et

2118 5112 2439 5184 simplicitas
2485 5106 2746 5164 columbae
2807 5105 3148 5159 demonstrat
3191 5100 3484 5172 puritatem
3527 5093 3712 5149 actio-

2121 5219 2224 5258 IIIS.

2714 5283 2942 5342 CAPUT
2980 5282 3114 5338 LV'l.

2303 5379 2368 5434 Ut
2406 5380 2581 5434 omnia
2619 5377 2732 5432 sine
2783 5365 3199 5430 murmuratione
3246 5371 3531 5442 faciamus.

2197 5494 2299 5563 Qui
2328 5493 2472 5549 enim
2504 5500 2693 5546 contra
2717 5488 2928 5545 Domini
2951 5487 3037 5543 vel
3061 5485 3412 5557 praeceptoris
3449 5481 3533 5536 sui
3562 5494 3721 5536 mur-

2129 5591 2309 5642 murat
2328 5592 2622 5654 prmeepta,
2654 5582 2867 5637 haesitat
2893 5579 3011 5634 sine
3035 5578 3197 5634 dubio
3237 5575 3439 5630 laboris
3459 5573 3542 5628 sui
3573 5571 3722 5626 reci-

2131 5693 2258 5752 pere
2295 5675 2534 5748 przcmia.
2566 5673 2764 5731 Omnes
2789 5673 2933 5729 enim
2972 5672 3063 5742 qui
3110 5678 3298 5727 contra
3339 5667 3624 5723 Dominum
3658 5673 3722 5720 et
