3960 6206
326 327 427 382 653

1533 318 1835 376 DIADEMA
1879 316 2380 376 MONACIIORUM.

3487 321 3591 377 651

327 441 543 510 Moysen
569 436 636 489 de
687 432 810 488 ﬁliis
849 432 1011 488 Israel
1062 434 1114 487 in
1161 448 1345 488 eremo
1399 438 1872 486 murmuraverunt
1896 471 1910 494 ,
1941 430 1988 486 Α
2016 429 2345 494 circumcisi,
2384 431 2482 495 vel,
2513 427 2785 485 Habemus
2808 429 3278 485 circumcisionem
3306 447 3319 484 :
3350 433 3446 486 sed
3478 433 3592 487 Nos

325 531 376 583 in
408 529 524 597 ipsa
546 539 731 579 eremo
756 540 786 577 a
809 525 1088 578 venenatis
1131 525 1463 594 serpentium
1504 524 1774 577 morsibus
1815 536 1908 592 pe-

324 619 557 679 rierunt,
595 623 648 669 et
686 614 738 667 in
768 613 1202 683 repromissionis
1234 622 1380 669 terra
1420 614 1785 668 hazreditatem
1827 613 1907 666 in-

324 716 408 761 ter
433 706 632 760 fratres
675 719 780 758 non
812 712 1132 773 receperunt
1162 702 1349 774 (Num.
1385 720 1475 757 xrv
1505 713 1553 757 et
1584 705 1718 773 xxx).
1749 703 1906 770 Quis-

322 799 444 868 quis
474 804 720 851 nostrum
767 809 898 864 ergo
945 795 1314 848 haereditatem
1362 795 1504 847 inter
1533 793 1732 848 electos
1785 792 1902 858 Dei,

322 891 468 944 velut
494 889 638 943 inter
671 887 888 950 fratres,
933 885 986 938 in
1027 892 1172 940 terra
1196 884 1492 938 viventium
1525 883 1727 938 habere
1764 883 1906 938 desi-

321 981 498 1044 derat,
527 993 750 1034 necesse
775 987 860 1031 est
883 984 941 1030 ut
966 977 1085 1032 sine
1111 973 1670 1028 ‘murmurationibus
1721 973 1775 1028 in
1823 973 1906 1026 in-

321 1074 484 1126 stanti
529 1071 727 1126 sazculo
754 1069 917 1123 vivat.
966 1068 1139 1123 Tanto
1178 1068 1322 1122 enim
1367 1066 1540 1135 magis
1583 1067 1814 1136 quisque
1840 1066 1906 1120 de

319 1162 574 1230 pnesenti
607 1167 914 1214 murmurat
935 1159 1271 1229 Operatione,
1301 1166 1505 1228 quanto
1545 1157 1774 1228 amplius
1816 1158 1908 1212 de-

319 1259 503 1321 sperat
538 1250 735 1303 laboris
779 1249 863 1304 sui
903 1257 1163 1304 attentam
1205 1250 1447 1318 recipere
1473 1247 1902 1303 retributionem.

321 1341 459 1396 Nam
489 1341 580 1410 qui
609 1341 675 1394 de
705 1353 799 1408 spe
815 1339 1199 1422 retributionis
1229 1345 1334 1392 nun
1365 1340 1594 1403 dubitat,
1639 1339 1692 1393 in
1729 1339 1910 1407 operi-

318 1436 425 1489 bus
459 1434 611 1488 duris
656 1433 886 1502 positus,
918 1441 1108 1486 contra
1159 1432 1489 1485 cruditorem
1520 1447 1675 1485 suum
1727 1430 1909 1484 Domi-

318 1540 451 1579 num
493 1523 714 1576 minime
741 1529 1064 1575 murmurat.
1098 1520 1267 1574 Filius
1302 1520 1446 1574 enim
1479 1520 1570 1588 qui
1601 1520 1848 1574 eruditur
1875 1533 1908 1572 a

316 1623 502 1685 patre,
549 1621 610 1674 ut
650 1612 1021 1666 hmreditatem
1071 1609 1302 1678 accipiat
1345 1616 1624 1672 :uternam,
1675 1622 1910 1660 murmu-

319 1719 448 1760 rare
504 1718 611 1757 non
661 1703 858 1766 debet,
909 1701 1002 1756 sed
1043 1700 1222 1770 potius
1273 1700 1339 1754 de
1390 1698 1562 1768 patris
1607 1697 1910 1752 eruditione

2011 536 2216 586 sumus,
2235 523 2427 590 inquit,
2442 523 2793 587 circumcisio,
2819 523 2870 577 id
2882 530 3101 586 est,nos
3121 538 3310 587 sumus
3332 527 3596 581 munditia

2009 613 2282 683 etjusti-tia
2299 614 2726 670 circumcisionis
2739 615 3052 685 spiritualis,
3070 615 3597 684 habendojustitiam

2010 710 2066 755 et
2097 702 2417 756 munditiam
2449 703 2807 773 spiritualem.
2832 702 2889 757 In
2920 702 3036 775 lege
3063 704 3207 758 enim
3235 712 3291 758 et
3317 705 3602 775 prophetis

2009 792 2296 860 dupliciter
2321 793 2638 846 circumcidi
2679 791 2955 859 jubcmur,
3011 807 3175 848 carne
3237 794 3492 849 videlicet
3542 807 3600 849 et

2011 884 2192 940 corde.
2219 882 2418 946 Carne,
2453 883 2540 937 ubi
2573 884 2686 936 ait:
2727 883 3179 938 Circumcidimini
3219 900 3432 939 carnem
3459 902 3599 957 pra:-

2015 977 2154 1046 putii
2181 979 2336 1030 vestri
2373 975 2524 1047 (Gen.
2561 977 2717 1046 xvu).
2751 976 2951 1037 Corde.
2984 974 3076 1029 ubi
3101 974 3273 1031 dicit:
3311 975 3603 1032 Circumci-

2016 1066 2123 1118 dite
2152 1067 2418 1131 prwputia
2450 1067 2690 1120 cordium
2718 1074 3014 1119 vestrorum
3037 1064 3216 1133 (Deut.
3249 1082 3281 1121 x
3309 1081 3326 1133 ;
3353 1066 3465 1120 Jer.
3502 1068 3597 1139 Iv).

2006 1153 2114 1210 Nos
2139 1167 2269 1208 vero
2302 1162 2433 1209 tunc
2459 1169 2623 1209 carne
2647 1153 3109 1218 circumcidimur,
3139 1155 3185 1208 si
3232 1170 3262 1208 a
3293 1156 3450 1210 nobis
3473 1171 3592 1211 car-

2006 1245 2151 1299 nalia
2179 1245 2313 1299 vitia
2358 1245 2754 1311 abscindimus,
2786 1245 2840 1300 id
2876 1253 2979 1310 est,
3030 1245 3317 1312 adulteria,
3361 1245 3597 1303 fornica-

2008 1335 2205 1400 tiones,
2237 1335 2662 1400 immunditiam,
2705 1334 3002 1404 crapulam,
3049 1337 3365 1401 ebrietates,
3397 1345 3454 1391 ct
3501 1351 3600 1392 cte-

2008 1433 2125 1479 tera
2151 1425 2236 1480 his
2265 1426 2482 1492 similia,
2513 1440 2632 1496 qua:
2656 1441 2757 1496 per
2780 1426 2966 1481 carnis
3005 1433 3303 1496 operantur
3343 1428 3598 1497 concupi-

2009 1516 2291 1570 scentiam.
2317 1515 2491 1570 Corde
2517 1516 2979 1580 circumcidimur,
3015 1516 3061 1570 si
3093 1531 3122 1569 a
3150 1518 3310 1572 nobis
3348 1518 3600 1587 spiritua-

2007 1604 2079 1658 lia
2103 1605 2235 1659 vitia
2257 1606 2648 1672 abscindimus,
2679 1607 2731 1660 id
2752 1614 2856 1671 est,
2885 1605 3218 1675 superbiam,
3248 1606 3596 1677 jactantiam,

2011 1697 2170 1762 iram,
2195 1699 2391 1764 rixam,
2415 1699 2618 1763 odium,
2642 1698 2728 1754 vel
2760 1697 3038 1762 invidiam,
3063 1705 3118 1753 et
3145 1697 3362 1753 similia.
3392 1697 3594 1755 IIorum

318 1794 578 1863 gaudere.
615 1790 874 1844 Perversa
918 1805 1072 1844 mens
1111 1789 1326 1857 quando
1363 1803 1460 1858 per
1485 1787 1909 1857 increpationem
1939 1791 1986 1850 B
2013 1804 2143 1862 ergo
2167 1791 2407 1845 omnium
2437 1790 2667 1860 abjectio
2691 1792 2968 1855 vitiorum,
3014 1800 3071 1845 et
3091 1793 3360 1846 bonarum
3388 1807 3602 1847 assum-

269 1928 271 1931 .
315 1884 628 1952 corripitur,
653 1890 744 1936 aut
771 1897 867 1950 per
887 1881 1284 1952 praedicationis
1304 1881 1641 1936 dulcedinem
1667 1881 1735 1936 ad
1753 1881 1897 1935 bona

315 1975 597 2037 suadetur,
625 1973 691 2027 de
727 1972 1067 2041 correptione
1090 1970 1147 2024 ﬁt
1175 1971 1430 2037 deterior,
1456 1980 1512 2025 et
1530 1971 1655 2025 inde
1684 1971 1736 2024 in
1759 1986 1907 2024 mur-

315 2067 646 2121 murationis
689 2065 974 2134 iniquitate
1023 2065 1389 2127 succenditur,
1443 2063 1584 2117 unde
1625 2049 1809 2116 debuit
1837 2061 1906 2115 ab

314 2156 609 2224 iniquitate
659 2153 950 2223 compesci.
985 2152 1240 2221 Quisquis
1268 2168 1367 2222 pro
1409 2161 1633 2223 peccato
1667 2151 1903 2222 percuti-

314 2258 429 2310 tur,
461 2246 562 2299 nisi
586 2245 975 2298 murmurando
1001 2244 1290 2305 renitatur,
1321 2257 1386 2297 eo
1429 2244 1547 2313 ipso
1583 2243 1699 2313 jam
1721 2239 1904 2309 justus

282 2329 441 2396 'essc
485 2341 726 2403 inchoat,
778 2355 889 2410 quo
919 2338 1162 2394 ferientis
1187 2338 1456 2406 justitiam
1512 2354 1617 2392 non
1662 2345 1901 2392 accusat.

316 2431 463 2485 Hinc.
511 2437 568 2483 et
610 2428 809 2483 Paulus
857 2429 968 2482 ait:
1019 2426 1203 2499 Neque
1246 2428 1720 2492 nturmuraveritis,
1769 2427 1904 2480 sicut

312 2519 535 2590 quidam
561 2535 748 2586 eorum.
791 2526 1271 2582 murmuraverunt,
1309 2527 1357 2572 et
1393 2534 1425 2570 a
1452 2517 1776 2588 serpentibus
1815 2534 1905 2587 pc-

314 2611 525 2662 rierunt
551 2607 604 2679 (Ι
635 2606 758 2662 Cor.
791 2624 824 2662 χ
851 2625 866 2675 ;
898 2607 1064 2662 Nunt.
1095 2607 1234 2679 nt).
1278 2606 1475 2661 Narrat
1526 2608 1723 2677 quippe
1768 2607 1906 2662 liber

312 2699 678 2754 Numerorum
707 2700 852 2770 quod
881 2710 1147 2769 pertmsus
1175 2700 1230 2753 in
1266 2714 1452 2754 eremo
1478 2699 1706 2769 populus
1741 2698 1904 2752 Israel

314 2789 534 2843 itineris
589 2789 731 2859 longi
776 2802 837 2844 ac
886 2788 1124 2852 laboris,
1179 2788 1618 2851 murmuraverit,
1677 2786 1905 2856 ideoque

314 2879 586 2934 Dominus
614 2878 824 2933 miserit
863 2879 916 2931 in
968 2878 1117 2933 illum
1151 2878 1350 2948 ignitos
1387 2886 1684 2948 serpentes.
1725 2877 1905 2949 Plaga:

313 2969 489 3039 igitur
533 2976 845 3039 serpentum
897 2970 1184 3040 ignitorum
1224 2983 1429 3022 venena
1481 2976 1607 3023 sunt
1647 2968 1902 3024 vitiorum

307 3074 440 3128 quite
471 3059 705 3114 animam
749 3074 913 3128 quam
962 3067 1187 3129 tangunt
1237 3058 1500 3127 spirituali
1547 3067 1720 3113 morte
1763 3059 1905 3129 peri-

2008 1881 2122 1948 ptio
2145 1881 2426 1945 virtutum,
2466 1882 2672 1938 faciunt
2713 1882 2988 1936 hominem
3022 1880 3251 1948 justum.
3284 1881 3350 1935 Et
3379 1882 3492 1936 lucc
3513 1882 3602 1950 ju-

2007 1973 2157 2028 stitia
2195 1974 2653 2039 circumcisionis,
2691 1990 2797 2043 qua
2820 1972 2953 2041 justi
2984 1974 3231 2028 homines
3272 1971 3599 2038 eiliciuntur,

2009 2078 2036 2116 a
2065 2062 2233 2117 Paulo
2267 2064 2612 2118 circumcisio
2641 2072 2887 2119 vocatur.
2929 2063 3033 2128 Qui
3080 2064 3270 2133 spiritu
3301 2063 3409 2118 Deo
3440 2066 3601 2119 servi-

2005 2172 2122 2210 mus
2157 2153 2323 2225 (Phil.
2351 2154 2459 2226 ιιι),
2491 2155 2697 2224 inquit:
2731 2154 2874 2208 Deus
2896 2155 3033 2207 enim
3061 2154 3276 2224 spiritus
3302 2162 3376 2208 est
3411 2151 3594 2224 (Joan.

2007 2245 2104 2315 IV).
2163 2245 2230 2298 Et
2270 2245 2411 2300 sicut
2439 2245 2532 2313 qui
2563 2245 2794 2300 adorant
2831 2241 3022 2308 Deum,
3058 2244 3113 2296 in
3143 2244 3336 2312 spiritu
3374 2252 3430 2298 et
3457 2243 3600 2298 veri-

2007 2342 2116 2388 tate
2138 2342 2352 2403 oportet
2383 2335 2636 2399 adorare,
2664 2335 2739 2389 ita
2767 2343 2823 2390 et
2848 2334 2941 2405 qui
2971 2334 3141 2389 servit
3168 2333 3301 2399 Deo,
3328 2335 3379 2388 in
3402 2333 3597 2404 spiritu

2006 2432 2062 2479 et
2085 2423 2312 2479 veritate
2338 2431 2552 2494 oportet
2580 2424 2630 2479 ci
2658 2424 2884 2480 servire.
2929 2423 2997 2477 Et
3031 2422 3327 2494 gloriamur
3369 2424 3422 2477 in
3449 2422 3600 2478 Chri-

2007 2523 2085 2567 sto
2111 2511 2263 2566 Jesu.
2303 2513 2383 2568 Ac
2424 2514 2470 2568 si
2510 2514 2714 2568 diceret
2747 2531 2759 2566 :
2804 2513 2912 2568 Nos
2941 2513 3033 2584 qui
3061 2513 3255 2584 spiritu
3286 2514 3398 2569 Deo
3421 2515 3594 2568 εει·νὶ-

2006 2619 2149 2669 mus,
2177 2619 2283 2659 non
2305 2604 2595 2659 carnaliter
2618 2604 2672 2657 in
2698 2604 2879 2659 carnis
2906 2603 3339 2668 circumcisione,
3369 2602 3462 2658 sed
3484 2604 3600 2672 spi-

2006 2696 2273 2750 ritualiter
2285 2696 2338 2749 in
2351 2694 2705 2751 ChristoJesu
2721 2695 3034 2766 gloriamur,
3053 2711 3082 2750 a
3097 2703 3205 2766 quo
3219 2703 3275 2749 et
3291 2693 3414 2749 ﬁdei
3429 2694 3596 2749 virtu-

2008 2795 2115 2841 tem
2145 2787 2474 2857 accepimus,
2495 2801 2595 2856 per
2614 2802 2774 2857 quam
2799 2787 2853 2842 in
2869 2802 2934 2842 eo
2955 2786 3268 2857 gloriamur.
3299 2785 3434 2840 Nam
3448 2787 3596 2858 quod

2008 2879 2267 2935 Dominus
2297 2878 2382 2933 die
2411 2887 2604 2933 octavo
2625 2890 2708 2933 est
2736 2877 3108 2942 circumcisus,
3141 2884 3197 2931 et
3224 2884 3350 2946 post
3377 2875 3592 2931 tricesi-

2009 2986 2156 3025 mum
2184 2970 2406 3026 tertium
2444 2969 2877 3024 circumcisionis
2913 2968 3076 3033 diem,
3124 2968 3192 3021 ad
3223 2967 3482 3038 templum
3513 2977 3599 3022 est

2008 3063 2219 3118 delatus
2248 3061 2401 3137 (Luc.
2436 3061 2520 3134 ιι),
2546 3068 2606 3115 ut
2633 3060 2814 3115 hostia
2843 3075 2943 3130 pro
2970 3074 3035 3114 eo
3069 3057 3377 3124 offerretur,
3401 3067 3457 3114 et
3473 3073 3601 3113 san-

311 3160 494 3206 munt.
527 3150 596 3204 Et
623 3151 762 3204 bene
803 3165 1147 3204 murmurans
1180 3159 1367 3203 contra
1404 3150 1694 3203 Dominum
1737 3166 1908 3220 popu-
1935 3139 1979 3200 C
2011 3161 2133 3207 ctus
2155 3152 2368 3207 Domini
2392 3159 2696 3213 vocaretur,
2723 3150 2949 3221 mystice
2967 3150 3237 3221 signiﬁcat
3262 3150 3390 3218 quia
3415 3163 3595 3213 nemo,

315 3241 408 3295 lus
442 3250 751 3310 serpentum
781 3240 1057 3295 morsibus
1106 3239 1474 3304 sternebatur,
1520 3247 1579 3292 ut
1617 3255 1683 3295 ex
1718 3241 1907 3295 ordine

314 3332 511 3402 ﬂagelli
542 3333 827 3387 exterioris
870 3339 1188 3401 agnosceret
1235 3341 1495 3401 quantam
1543 3333 1687 3386 intus
1726 3334 1908 3402 perni-

312 3425 462 3479 ciem
515 3424 906 3478 murmuraudo
956 3432 1252 3491 pateretur.
1307 3423 1454 3476 Dixit
1503 3423 1668 3477 abbas
1710 3420 1906 3490 Joseph

313 3514 466 3584 quod
516 3523 627 3568 tres
675 3523 799 3568 sunt
851 3513 1069 3568 ordines
1125 3513 1467 3567 honorabiles
1515 3512 1570 3565 in
1615 3519 1906 3581 conspectu

316 3603 573 3658 Domini:
615 3603 823 3672 primus
862 3603 1078 3672 quando
1124 3604 1285 3656 homo
1335 3601 1660 3663 inﬁrmatur,
1695 3611 1748 3655 et
1776 3599 1909 3669 adji-

315 3694 543 3748 ciuntur
588 3694 638 3747 ei
691 3693 1042 3759 tentationes,
1087 3702 1143 3748 et
1175 3709 1294 3748 cum
1346 3693 1646 3763 gratiarum
1695 3693 1909 3747 actione

318 3785 556 3854 suscipit
589 3801 718 3851 cas;
768 3787 1036 3841 secundus
1077 3794 1280 3851 autem,
1323 3786 1538 3854 quando
1570 3785 1767 3857 aliquis
1798 3802 1910 3842 om-

318 3876 415 3931 nia
439 3891 600 3945 opera
641 3893 737 3931 sua
768 3875 899 3933 facit
945 3877 1145 3931 munda
1184 3893 1370 3931 coram
1408 3877 1660 3943 Domino,
1689 3887 1745 3933 et
1774 3879 1909 3932 nihil

319 3968 382 4022 in
421 3967 491 4022 iis
529 3969 724 4038 quaerit
771 3970 1098 4034 humanum;
1141 3969 1334 4024 tertius
1375 3983 1529 4032 vero,
1560 3970 1779 4038 quando
1812 3971 1910 4023 ali-

320 4059 451 4128 quis
475 4059 623 4114 sedet
651 4059 703 4113 in
737 4059 1088 4130 subiectione,
1135 4067 1189 4112 et
1215 4060 1500 4128 prazccptis
1541 4060 1910 4130 spiritualibus

322 4150 448 4205 sine
477 4152 904 4206 murmuratione
935 4151 1138 4215 obedit,
1181 4159 1236 4206 et
1276 4149 1529 4206 omnibus
1555 4151 1787 4220 propriis
1825 4167 1900 4207 re~

324 4243 542 4298 nuntiat
563 4243 948 4298 voluntatibus.

896 4335 1124 4390 CAPUT
1182 4333 1337 4388 LVII.

721 4425 796 4479 De
822 4426 1218 4479 circumcisione
1248 4427 1515 4479 vitiorum.

405 4518 480 4572 De
503 4517 606 4571 hoc
627 4516 862 4584 capitulo
900 4517 977 4570 sic
1004 4515 1204 4569 Paulus
1232 4516 1306 4568 ait
1333 4529 1346 4567 :
1390 4513 1503 4569 Nos
1543 4517 1684 4570 enim
1729 4532 1908 4569 smnus

325 4607 680 4669 circumcisio,
727 4607 815 4677 qui
855 4606 1044 4676 spiritu
1089 4605 1197 4658 Deo
1246 4605 1518 4668 servimus,
1551 4604 1913 4676 etglortamur

323 4697 388 4750 in
413 4695 618 4749 Christo
643 4694 773 4749 Jesu
806 4694 971 4765 (Phil.
1018 4695 1123 4765 ιιι).
1167 4694 1247 4749 Ac
1293 4695 1336 4748 si
1366 4695 1576 4750 diceret
1619 4696 1911 4751 carnaliter

326 4787 670 4842 circumcisis
702 4805 714 4840 :
745 4787 848 4842 Vos
895 4786 1026 4841 estis
1075 4787 1417 4841 circumcisio
1465 4787 1622 4856 pellis
1662 4789 1912 4858 prteputii

325 4877 532 4940 vestri,
574 4893 673 4931 nos
716 4877 1056 4931 circumcisio
1105 4877 1283 4931 cordis
1327 4887 1381 4930 et
1424 4879 1671 4946 corporis
1717 4879 1908 4932 nostri.

331 4965 444 5022 Vos
468 4968 663 5021 bonam
698 4966 791 5020 Dei
821 4982 850 5020 a
878 4967 1030 5021 vobis
1073 4966 1368 5036 amputatis
1390 4975 1720 5031 creaturam,
1746 4982 1845 5021 nos
1880 4984 1911 5022 a

331 5058 495 5111 nobis
521 5058 652 5110 vitia
699 5057 1138 5111 circnmcidimus
1183 5056 1540 5124 spiritualiter
1567 5065 1622 5112 ct
1662 5065 1906 5127 peccata.

333 5146 492 5202 Unde
515 5157 570 5201 et
602 5160 702 5200 nos
745 5161 929 5200 sumus
961 5146 1323 5208 circumcisio,
1373 5145 1464 5215 qui
1497 5145 1693 5214 spiritu
1749 5147 1917 5200 servi-

333 5256 457 5294 mus
485 5240 617 5303 Deo,
653 5255 757 5294 non
788 5255 884 5294 vos
921 5240 1014 5308 qui
1064 5239 1328 5292 maculam
1371 5238 1802 5293 circumcisionis
1832 5237 1915 5291 in-

333 5329 534 5382 ducitis
553 5328 768 5398 corpori
790 5339 988 5384 vestro.
1022 5327 1176 5396 Quod
1203 5339 1382 5383 autem
1412 5329 1562 5388 dicit.
1593 5327 1706 5382 Nos
1729 5344 1912 5382 sumus

332 5418 682 5481 circumcisio,
713 5421 804 5490 qui
832 5421 1020 5491 spiritu
1056 5423 1310 5475 servimus
1338 5421 1468 5484 Deo,
1494 5419 1600 5474 tale
1625 5428 1729 5484 est,
1759 5421 1912 5488 quasi

334 5506 540 5561 diceret
566 5526 577 5560 :
612 5507 720 5564 Nos
750 5525 938 5565 sumus
966 5511 1266 5580 spiritualis
1307 5510 1738 5566 circumcisionis
1755 5508 1915 5578 justi-

337 5595 566 5664 tia,quia
593 5598 804 5666 justitia
849 5600 1162 5669 spirituales
1197 5599 1396 5665 effecti,
1441 5600 1797 5670 spiritualiter
1820 5615 1915 5655 no-

335 5693 455 5741 stro
483 5690 745 5746 servimus
770 5689 1014 5746 Auctori.
1055 5688 1172 5744 Non
1201 5690 1346 5744 enim
1377 5691 1552 5745 dixit:
1584 5689 1691 5746 Nos
1726 5705 1915 5746 sumus

1936 4485 1988 4543 D

2010 3238 2115 3291 nisi
2145 3237 2502 3292 circumcisus
2525 3235 2696 3301 vitiis,
2726 3235 2923 3307 dignus
2946 3236 3018 3290 sit
3042 3235 3340 3289 Dominicis
3363 3250 3602 3305 prmsen-

2010 3331 2114 3384 tari
2158 3330 2568 3400 conspectibus;
2619 3345 2777 3383 nemo
2815 3329 2919 3384 nisi
2978 3327 3332 3383 mortalitatis
3372 3328 3601 3383 nexibus

2012 3419 2314 3483 absolutus,
2365 3434 2612 3487 supernae
2658 3419 2895 3473 civitatis
2942 3419 3136 3489 gaudia
3181 3420 3380 3488 poterit
3419 3421 3602 3474 subire

2009 3513 2300 3583 perfectus.
2348 3512 2485 3566 Nam
2532 3520 2586 3566 et
2628 3513 2695 3566 ad
2730 3513 2870 3566 hanc
2917 3511 3217 3566 carnalium
3247 3520 3301 3564 et
3345 3512 3602 3580 spiritua-

2011 3609 2142 3662 lium
2165 3608 2418 3662 vitiorum
2439 3605 2910 3662 circumcisionem
2943 3603 3271 3669 faciendam,
3311 3620 3407 3660 nos
3438 3603 3598 3660 Jaco-

2009 3700 2112 3754 bus
2153 3698 2430 3769 apostolus
2472 3699 2723 3754 hortatur
2755 3696 2978 3751 dicens:
3036 3695 3353 3766 Abjicientes
3396 3712 3600 3750 omnem

1977 3778 2424 3857 'immunditiam,
2451 3800 2498 3845 et
2545 3789 2928 3845 abundantiam
2983 3786 3222 3852 malititr,
3255 3787 3311 3841 in
3357 3805 3600 3844 mansue-
3653 3781 3664 3785 ’

2012 3884 2191 3938 tudine
2215 3885 2464 3954 suscipite
2492 3883 2707 3937 insitum
2731 3881 2938 3937 verbum
2955 3878 3162 3953 (Jacob.
3191 3879 3252 3951 ι).
3283 3879 3464 3934 Primo
3486 3895 3602 3934 cor-

2011 3989 2112 4044 pus
2152 3983 2207 4029 et
2233 3983 2471 4029 mentem
2513 3989 2543 4027 a
2581 3973 2726 4027 vitiis
2773 3971 2928 4040 jubet
2971 3971 3302 4032 circumcidi,
3355 3977 3415 4024 ut
3453 3968 3598 4039 digni

2013 4066 2248 4120 existere
2291 4065 2564 4136 possimus
2593 4065 2685 4134 qui
2726 4064 2950 4118 verbum
2990 4062 3182 4119 salutis
3211 4061 3596 4130 percipiamus.

2013 4154 2238 4210 Omnem
2279 4155 2476 4225 quippe
2528 4153 2928 4208 immunditiam
2978 4161 3035 4207 et
3081 4151 3264 4207 carnis
3309 4159 3366 4206 et
3408 4151 3602 4204 animm

2015 4254 2328 4316 nuncupat:
2377 4245 2639 4300 malitiam
2664 4261 2818 4311 vero,
2861 4252 3076 4299 tantum
3102 4243 3171 4298 ad
3213 4243 3487 4299 interioris
3509 4244 3604 4298 bo-

2015 4337 2176 4391 minis
2204 4337 2528 4405 pravitatcm
2576 4336 2853 4406 pertinere
2897 4335 3172 4406 designat.
3224 4335 3295 4390 At
3335 4335 3475 4389 hanc
3503 4349 3602 4388 nos

2015 4427 2266 4482 vitiorum
2307 4427 2780 4483 circumcisionem
2829 4425 3032 4491 facere,
3084 4426 3278 4481 Petrus
3325 4425 3603 4497 apostolus

2014 4517 2267 4572 admonet
2314 4517 2501 4571 dicens
2544 4514 2914 4580 :Charissimi,
2967 4516 3178 4570 obsecro
3221 4532 3308 4570 ros
3351 4525 3601 4586 tanquam

2013 4609 2240 4663 advenas
2271 4618 2318 4662 et
2345 4609 2664 4678 peregrinos,
2698 4607 2957 4661 abstinere
2979 4625 3065 4662 vos
3089 4625 3120 4661 a
3147 4607 3445 4661 carnalibus
3469 4607 3603 4661 desi-

2013 4700 2171 4754 deriis
2202 4699 2251 4772 (Ι
2281 4697 2426 4754 Petr.
2460 4700 2542 4770 ιι).
2573 4699 2769 4770 Aperte
2796 4707 2977 4754 autem
2997 4716 3097 4754 nos
3127 4700 3282 4753 docet
3314 4715 3343 4752 a
3367 4699 3600 4752 carnali-

2015 4790 2115 4843 bus
2141 4790 2415 4844 abstinere
2438 4790 2743 4856 desideriis,
2771 4791 2899 4861 quia
2924 4791 3185 4845 adversus
3209 4799 3450 4845 nostram
3464 4806 3602 4847 scm-

2017 4896 2113 4949 per
2142 4881 2378 4934 militant
2401 4881 2635 4936 animam
2664 4900 2675 4934 :
2718 4892 2774 4936 et
2801 4883 2929 4937 dum
2972 4882 3426 4951 concupiscentiis
3452 4882 3601 4935 blan-

2018 4971 2292 5033 dientibus
2317 4985 2447 5025 caro
2487 4971 2761 5025 enerviter
2787 4971 3124 5041 subjugatur,
3157 4972 3410 5025 vitiorum
3440 4985 3601 5024 excr-

2020 5061 2159 5115 citus
2214 5060 2442 5115 ﬁrmiter
2501 5061 2761 5115 adversus
2831 5061 3068 5114 animam
3137 5071 3399 5115 armatur.
3456 5061 3603 5115 Dixit

2020 5151 2186 5204 abbas
2214 5150 2508 5206 Ammonas
2547 5150 2689 5220 quod
2732 5151 3141 5218 quatuordecim
3188 5165 3357 5204 annos
3390 5153 3601 5205 stetergt

2021 5239 2074 5294 in
2101 5238 2306 5310 Scythi,
2339 5240 2638 5308 deprecans
2666 5239 2835 5292 Deum
2862 5247 3020 5294 nocte
3047 5253 3110 5294 ac
3141 5240 3248 5305 die,
3281 5247 3341 5294 ut
3378 5239 3600 5292 donaret

2019 5329 2068 5384 ci
2093 5329 2344 5384 virtutem
2367 5328 2662 5397 'superandi
2692 5342 2935 5383 carnem.

2588 5419 2818 5475 CAPUT
2857 5421 3035 5476 LVIII.

2521 5509 2596 5563 De
2641 5508 2816 5578 fructu
2854 5511 3101 5580 justilitc.

2087 5599 2321 5658 Iacobus
2369 5599 2644 5667 apostolus
2699 5600 2777 5652 ait
2823 5618 2835 5652 :
2891 5597 3119 5650 Fructus
3159 5604 3332 5648 autem
3377 5591 3597 5658 iustitia:

2021 5692 2074 5745 in
2111 5706 2239 5762 pace
2289 5691 2579 5744 seminatur
2629 5689 2942 5758 facientibus
2991 5701 3168 5756 pacem
3225 5681 3434 5756 (Iacob.
3485 5683 3595 5754 ιιι).
