3960 6206
294 316 392 376 657
1506 308 1804 366 DIADEMA
1850 305 2347 366 MONACHORUM.
3449 309 3555 369 658

290 437 457 503 potest
477 444 691 499 ponere,
718 434 910 496 prayer
944 424 1096 479 illum
1135 423 1185 496 (I
1216 424 1340 479 Cor.
1375 424 1479 498 ιιι).
1513 423 1677 493 Cujus
1701 422 1873 494 parti-
1897 426 1947 486 Α
1973 436 2252 477 coronam.
2287 419 2492 490 Duplex
2522 428 2608 476 est
2631 420 2777 476 enim
2804 436 2977 491 genus
3006 424 3354 489 tentationis,
3383 442 3550 483 unum

290 520 561 590 cipatione
613 516 798 572 ﬁdeles
849 515 1057 585 lapides
1107 516 1216 570 vivi
1268 515 1593 581 efﬁciuntur,
1642 515 1733 585 qui
1761 529 1859 585 per
1963 511 2106 579 quod
2130 509 2347 580 decipit,
2394 510 2624 566 alterum
2651 512 2795 581 quod
2837 514 3050 582 probat.
3086 511 3396 571 Secundum
3441 506 3591 574 hoc.

289 611 663 670 inﬁdelitatem
702 610 907 679 lapides
953 610 1152 663 mortui
1201 609 1446 674 fuerant,
1497 609 1617 663 duri
1656 608 1863 664 scilicet

287 714 344 762 et
367 703 734 768 insensibiles,
762 702 959 772 quibus
986 702 1182 757 merito
1211 702 1485 757 diceretur
1511 721 1522 755 :
1551 701 1803 771 Auferam
1828 717 1861 753 a

285 797 427 851 vobis
440 794 835 864 corlapideum,
864 802 911 846 et
927 793 1064 847 dabo
1081 793 1223 847 vobis
1247 810 1337 847 cor
1361 811 1609 847 carneum
1639 791 1856 862 (Ezech.

285 884 501 955 xxxvn),
520 882 751 937 docibile
765 881 974 937 scilicet
1001 883 1068 936 ad
1094 882 1464 953 evangelicam
1494 882 1861 952 recipiendam

282 970 623 1037 doctrinam,
671 980 731 1025 ut
765 980 1022 1040 tanquam
1066 971 1271 1040 lapides
1318 972 1428 1027 vivi
1468 971 1535 1026 ad
1584 970 1861 1046 spirituale

279 1061 570 1116 mdiﬁcium
619 1066 908 1129 aptentur,
961 1060 1053 1130 qui
1102 1076 1201 1132 per
1240 1061 1620 1116 discretionem
1662 1060 1861 1115 eruditi

280 1150 541 1213 doctoris,
574 1150 868 1219 amputatis
895 1151 1105 1205 actibus
1148 1159 1202 1205 et
1228 1150 1645 1222 cogitationibus
1673 1165 1862 1221 super-

277 1240 424 1306 ﬁnis,
454 1242 601 1297 velut
644 1243 752 1296 ictu
800 1242 1137 1310 quadrantur
1183 1242 1411 1297 securis.
1444 1241 1606 1309 Lapis
1656 1241 1883 1305 etenim

276 1336 520 1404 quadrus
564 1335 618 1389 in
661 1335 1020 1405 quodcunque
1060 1333 1202 1389 latus
1241 1350 1433 1390 versus
1478 1332 1664 1397 fuerit,
1708 1346 1861 1401 atque

277 1431 390 1477 stat
419 1420 619 1494 [Greg.,
666 1423 758 1478 lib.
803 1440 840 1478 ιι
883 1439 1039 1493 super
1070 1422 1293 1488 Ezech.,
1340 1424 1483 1476 hom.
1525 1419 1639 1493 21].
1673 1419 1860 1475 Justus

274 1528 412 1567 vero
438 1513 531 1583 qui
557 1512 612 1567 in
638 1514 1091 1583 prosperitatibus
1104 1528 1211 1567 non
1233 1512 1494 1577 elevatur,
1520 1511 1860 1566 adversitati-

273 1602 383 1657 bus
420 1616 526 1656 non
559 1601 847 1673 frangitur,
886 1602 1376 1672 vituperationibus
1416 1616 1523 1656 non
1568 1598 1853 1667 dejicitur,

264 1689 629 1744 suasionibus
660 1690 726 1744 ad
772 1690 975 1744 malum
1014 1706 1122 1745 non
1166 1690 1422 1754 trahitur,
1454 1690 1589 1759 lapis
1618 1689 1859 1758 quadrus

1961 602 2104 671 quod
2135 601 2353 672 decipit,
2383 604 2642 672 scriptum
2668 611 2786 658 est:
2816 602 3009 670 Nemo,
3035 621 3152 658 cum
3178 615 3428 673 tentatur,
3454 609 3543 662 di-

1962 700 2045 744 cat
2070 692 2208 761 quod
2233 709 2265 746 a
2294 692 2402 745 Deo
2434 702 2695 747 tentatur.
2734 692 2873 749 Deus
2903 695 3042 748 enim
3073 696 3335 750 neminem
3377 706 3542 752 tentat

1963 781 2171 852 (Jacob.
2190 782 2249 852 ι).
2269 782 2576 838 Secundum
2602 784 2732 840 illud
2755 785 2896 855 quod
2921 785 3132 855 probat.
3158 786 3303 841 Deus
3325 791 3542 843 tentavit

1962 870 2228 925 Abraham
2253 870 2406 940 (Gen.
2436 874 2592 944 nu).
2625 876 2700 929 De
2724 890 2829 944 qua
2864 877 3162 932 tentatione
3189 888 3244 932 et
3266 878 3540 948 Propheta

1960 961 2239 1030 postulans
2260 961 2544 1018 Dominum
2568 964 2717 1019 dicit.
2740 962 2919 1019 Proba
2944 982 3044 1031 me,
3072 966 3378 1032 Domine,et
3398 980 3540 1023 tenta

1960 1068 2042 1105 me
2085 1050 2256 1123 (Psal.
2288 1053 2437 1127 xxv).
2471 1055 2745 1126 Scriptum
2773 1064 2859 1113 est
2886 1066 2941 1113 et
2967 1058 3093 1113 alibi
3142 1077 3157 1113 :
3206 1058 3345 1115 Vasa
3385 1060 3540 1132 ﬁguli

1959 1143 2141 1213 probat
2167 1145 2378 1213 form,
2407 1147 2640 1219 homines
2672 1158 2846 1203 autem
2867 1150 3042 1219 justas
3072 1154 3291 1206 tentatio
3316 1152 3539 1209 tribula-

1960 1229 2735 1306 tionis(Eccli.xxvu).[Greg.,
2786 1236 2989 1293 Homil.
3033 1240 3090 1294 in
3132 1239 3359 1310 Evang.,
3392 1242 3432 1295 ι.
3483 1261 3535 1305 ι,

1959 1320 2099 1373 Ιιοηι.
2130 1321 2240 1394 16.]
2272 1324 2467 1379 Tribus
2498 1325 2642 1379 enim
2684 1328 2860 1382 modis
2888 1330 3116 1383 tentatio
3146 1331 3324 1400 agitur
3353 1350 3364 1384 :
3401 1330 3540 1401 Sug«

1958 1411 2219 1480 gestione,
2270 1413 2646 1479 delectatione,
2697 1428 2985 1471 consensu.
3046 1415 3402 1488 Suggestione
3441 1420 3539 1474 ho-

1958 1502 2080 1566 stis,
2112 1502 2467 1557 delectatione
2493 1511 2674 1558 autem
2704 1504 2789 1558 vel
2827 1505 2990 1559 etiam
3020 1521 3291 1561 consensu
3337 1516 3538 1562 nostra:

1958 1590 2286 1662 fragilitatis.
2326 1592 2478 1658 Quod
2521 1594 2566 1647 si
2599 1595 2757 1649 hoste
2791 1604 3115 1666 suggerente
3146 1595 3405 1651 delectari
3443 1604 3537 1653 aut

1957 1684 2265 1739 consentire
2293 1692 2516 1753 peccato
2546 1684 2822 1751 nolumds,
2858 1687 3085 1742 tcutatio
3114 1688 3232 1756 ipsa
3260 1687 3419 1742 nobis
3465 1688 3534 1742 ad
3611 1713 3624 1727 -

275 1787 382 1834 est.
415 1779 567 1834 Sicut
592 1780 737 1833 enim
779 1780 970 1836 ordine
997 1780 1201 1850 lapides
1225 1781 1279 1835 in
1309 1779 1518 1850 pariete
1545 1786 1851 1848 portantur,
1886 1783 1929 1842 Β
1955 1773 2237 1826 victoriam
2264 1774 2528 1842 provenit,
2554 1790 2659 1844 qua
2686 1790 2940 1831 coronam
2968 1778 3096 1832 vitae
3116 1793 3426 1832 mereamur
3448 1793 3535 1833 ac-

274 1868 371 1923 alii
400 1870 469 1923 ab
496 1869 647 1934 aliis;
680 1869 753 1924 ita
779 1878 1065 1938 portantur
1087 1870 1271 1925 fideles
1291 1887 1321 1925 a
1348 1870 1775 1939 prteccdentibus
1794 1869 1851 1922 in

272 1957 519 2012 Ecclesia
540 1956 722 2026 justis.
754 1957 982 2012 Portant
1008 1966 1062 2012 et
1088 1959 1190 2027 ipsi
1220 1973 1317 2028 per
1346 1958 1647 2013 doctrinam
1686 1965 1741 2011 et
1769 1965 1853 2010 to-

269 2046 563 2102 lerantiam
593 2058 903 2117 sequentes,
931 2056 986 2102 et
1025 2048 1129 2103 hoc
1148 2047 1337 2103 ordine
1365 2046 1455 2100 alii
1485 2047 1552 2101 ab
1580 2046 1703 2100 aliis
1729 2060 1853 2115 por-

272 2145 465 2191 tantur
495 2135 632 2205 justi
674 2150 845 2207 usque
870 2136 937 2192 ad
981 2137 1231 2191 ultimum
1258 2136 1489 2205 justum.
1521 2135 1621 2203 Qui
1651 2152 1776 2190 cum
1817 2151 1849 2190 a

269 2229 548 2297 prioribus
591 2237 861 2299 portetur,
890 2245 1050 2300 quem
1078 2237 1295 2299 portare
1325 2229 1697 2309 debeatnipse
1740 2242 1847 2281 non

270 2317 496 2373 habebit
523 2326 858 2388 sequentem.
888 2317 990 2385 Qui
1019 2328 1203 2373 autem
1231 2332 1392 2374 omne
1411 2316 1707 2372 aediﬁcium
1722 2332 1849 2386 por-

267 2414 374 2471 tat,
400 2415 455 2461 et
480 2407 594 2476 ipse
639 2422 670 2461 a
720 2407 933 2462 nemine
977 2414 1248 2476 portatur,
1280 2406 1544 2463 Dominus
1571 2413 1655 2461 est
1691 2403 1849 2461 Chri-

266 2507 411 2552 stus.
444 2496 598 2553 Unde
629 2506 684 2552 et
709 2498 845 2567 lapis
874 2514 903 2551 a
927 2497 1188 2569 propheta
1226 2498 1484 2568 pretiosus
1506 2505 1750 2561 vocatur,
1789 2496 1846 2550 in

268 2587 618 2656 fundamento
670 2587 927 2659 fundatus
959 2587 1095 2655 (Isa.
1125 2586 1341 2659 xxvm).
1368 2587 1502 2642 Item
1526 2588 1680 2642 vivos
1707 2586 1846 2656 lapi-

264 2678 369 2733 des
408 2677 699 2749 Apostolus
727 2676 958 2748 appellat
987 2677 1212 2742 electos,
1243 2686 1305 2731 ut
1330 2684 1582 2733 conatum
1604 2676 1844 2733 insinuet

264 2766 426 2822 bonae
465 2768 693 2823 actionis
718 2782 928 2823 eorum.
966 2766 1159 2822 Mortui
1196 2780 1447 2836 namque,
1478 2767 1533 2822 id
1559 2774 1644 2822 est
1669 2774 1846 2822 mate-

263 2856 434 2911 riales
468 2855 692 2927 lapides,
725 2858 1031 2928 ubicunque
1058 2872 1090 2911 a
1127 2866 1395 2912 structore
1413 2857 1576 2926 positi
1607 2855 1838 2923 fuerint,

263 2945 656 3001 insensibiliter
678 2954 923 3013 manent,
955 2956 1047 3001 aut
1069 2946 1231 3002 etiam
1259 2946 1395 3016 lapsi
1424 2945 1694 3001 decidunt.
1724 2944 1842 3000 Non

264 3048 400 3105 ergo
420 3048 518 3089 nos
541 3035 731 3089 beatus
748 3033 945 3089 Petrus
975 3035 1161 3090 talium
1188 3034 1425 3105 lapidum
1451 3034 1842 3090 insensibilita-

263 3133 378 3181 tem
406 3126 522 3180 vult
546 3126 769 3193 imitari,
802 3128 897 3183 sed
938 3135 1196 3200 tanquam
1239 3128 1445 3200 lapides
1472 3130 1624 3185 vivos
1654 3128 1842 3184 funda-
1870 3105 1914 3166 Ο

263 3225 457 3272 mento
483 3217 683 3274 Christi
731 3221 1183 3290 supemdiﬁcari;
1241 3231 1301 3277 ut
1328 3224 1583 3279 videlicet
1617 3222 1842 3293 juvante

262 3321 369 3363 nos
393 3309 569 3379 gratia
594 3308 712 3375 Dei,
742 3310 914 3364 sobrie
951 3321 1000 3365 et
1012 3310 1159 3381 juste
1184 3322 1233 3366 et
1276 3313 1361 3382 pie
1389 3312 1618 3368 vivamus
1647 3314 1704 3367 in
1745 3313 1841 3367 hoc

260 3397 459 3453 uacula
486 3397 611 3470 (Tit.
643 3399 727 3472 ιι).
760 3401 1040 3472 Tanquam
1076 3402 1213 3473 lapis
1240 3417 1370 3473 ergo
1416 3403 1572 3458 vivus
1598 3402 1839 3458 aediﬁca-

260 3496 354 3544 tur
395 3504 427 3544 a
450 3488 666 3546 Christo
691 3492 746 3546 in
775 3493 936 3547 domo
962 3491 1098 3561 ejus,
1149 3492 1477 3564 quicunque,
1510 3495 1746 3549 donante
1787 3502 1842 3549 et

262 3579 562 3651 adiuvante
590 3582 731 3653 ipso,
756 3582 916 3638 bonis
938 3582 1242 3639 indefessus
1266 3583 1517 3639 insistere
1542 3591 1696 3638 curat
1722 3598 1845 3652 ope-

261 3673 438 3728 ribus.
468 3672 526 3728 lu
562 3674 759 3745 templo
785 3689 915 3746 ergo
933 3674 1057 3731 vivo
1082 3681 1138 3730 et
1166 3684 1358 3731 sancto
1385 3691 1494 3730 non
1519 3682 1745 3746 possunt
1766 3673 1843 3728 la-

260 3763 417 3833 pides
442 3764 589 3833 poni,
621 3764 725 3820 nisi
755 3765 861 3820 vivi
891 3775 946 3821 et
971 3767 1163 3822 sancti.
1193 3762 1336 3837 Ergo
1360 3767 1509 3821 omni
1536 3766 1721 3822 labore
1761 3766 1837 3821 ni-

260 3853 487 3906 tendum
516 3861 599 3909 est
627 3863 687 3909 ut
713 3855 883 3911 simus
924 3857 1000 3910 illi
1026 3858 1233 3927 lapides
1253 3858 1321 3913 de
1350 3858 1548 3930 quibus
1577 3859 1840 3928 scriptum

260 3948 350 3995 est
381 3959 396 3995 :
421 3940 644 4012 Lapides
684 3945 785 3998 vivi
811 3944 1089 4000 volvuntur
1120 3964 1279 4018 super
1304 3957 1501 4001 terram
1530 3946 1714 4019 (Zach.
1762 3963 1842 4013 Ix,

251 4031 421 4100 juxta
450 4030 620 4104 LXX)
655 4075 670 4099 ,
724 4030 779 4090 et
812 4051 935 4091 cum
983 4036 1244 4093 fuerimus
1268 4039 1377 4093 vivi
1407 4038 1630 4109 lapides,
1680 4047 1736 4095 ct
1774 4056 1839 4095 ex

259 4119 415 4173 omni
443 4129 599 4190 parte
619 4122 807 4189 dolati,
837 4125 1165 4181 aediﬁcentur
1188 4127 1241 4181 in
1271 4128 1525 4199 templum
1554 4147 1566 4181 :
1592 4138 1646 4184 et
1671 4130 1842 4184 simus

259 4225 393 4265 cum
437 4214 694 4282 apostolis
749 4224 805 4271 et
845 4218 1126 4287 prophetis
1169 4219 1524 4274 habitaculum
1574 4219 1672 4274 Dei
1717 4238 1842 4275 san-

258 4303 753 4373 ctum,spirituale,
785 4323 889 4360 non
912 4308 1272 4377 manufactum
1303 4309 1460 4363 (Πρὸ.
1494 4315 1594 4378 1x).

842 4397 1072 4456 CAPUT
1110 4400 1243 4454 LXI.

655 4487 731 4542 De
755 4490 1060 4557 stt/ferentia
1089 4491 1452 4544 tentationum.

345 4575 542 4630 Beatus
568 4581 646 4630 vir
686 4576 784 4647 (ait
810 4576 1044 4633 Iacobus
1072 4580 1365 4648 apostolus)
1397 4580 1486 4650 qui
1513 4580 1698 4648 su/j‘ert
1719 4591 1833 4634 ten-

254 4665 540 4730 tationem,
567 4667 814 4735 quoniam
842 4682 961 4721 cum
984 4668 1234 4738 probatus
1268 4668 1445 4737 fuerit,
1480 4670 1697 4739 accipiet
1742 4686 1835 4722 co-

258 4768 455 4807 ronam
504 4755 644 4820 vitta,
682 4772 840 4826 quam
885 4757 1178 4828 repromisit
1229 4757 1368 4811 Deus
1410 4757 1745 4827 diligentibus
1782 4775 1837 4812 se

257 4842 482 4911 (Iacob.
514 4842 576 4914 l).
604 4842 740 4899 Huic
768 4845 941 4900 simile
967 4853 1053 4901 est
1076 4845 1203 4899 illud
1245 4846 1297 4899 in
1320 4846 1661 4916 Apocalypsi.
1708 4847 1835 4901 Esto

254 4929 441 4999 ﬁdelis
469 4948 632 5001 usque
660 4932 728 4985 ad
755 4943 993 4998 mortem,
1040 4943 1087 4988 et
1114 4934 1248 4987 dabo
1295 4934 1387 4988 tibi
1414 4951 1661 4989 coronam
1691 4936 1833 5001 vitta,

252 5033 425 5087 quam
438 5020 751 5088 repromisit,
768 5020 963 5089 inquit,
984 5021 1123 5075 Deus
1135 5021 1468 5091 diligentibus
1484 5039 1539 5076 se
1552 5020 1734 5094 (Apoc.
1752 5021 1834 5092 ιι).

252 5106 470 5176 Aperte
498 5106 796 5162 admonens
817 5108 942 5177 quia
966 5119 1119 5164 tanto
1139 5110 1369 5179 amplius
1391 5110 1626 5180 gaudere
1648 5110 1701 5163 in
1723 5117 1840 5164 ten-
1882 5130 1903 5143 -

255 5198 566 5252 tationibus
603 5207 833 5269 oportet,
868 5209 1071 5268 quanto
1113 5199 1315 5255 certius
1343 5200 1514 5255 claret
1561 5199 1730 5254 Deum
1771 5199 1839 5254 iis

253 5300 406 5357 quos
431 5286 608 5359 diligit
647 5287 826 5355 majus
868 5303 1011 5359 saepe
1039 5290 1397 5345 tentationum
1423 5291 1631 5360 pondus
1660 5290 1835 5359 impo-

255 5390 421 5440 nere,
449 5386 513 5432 ut
534 5377 744 5434 scilicet
760 5393 858 5447 per
882 5380 1240 5434 tentationum
1257 5381 1575 5435 exercitium
1603 5381 1839 5450 proben—

255 5478 357 5520 tur
383 5464 440 5520 in
463 5466 568 5521 ﬁde
593 5466 840 5536 perfecti.
861 5467 996 5523 Cum
1020 5476 1199 5524 autem
1219 5469 1430 5540 probati
1456 5468 1661 5524 fuerint
1682 5485 1839 5525 vera-

253 5557 406 5610 citer
427 5571 551 5612 esse
574 5556 780 5623 ﬁdeles,
809 5560 914 5614 hoc
932 5567 1038 5625 est,
1062 5559 1287 5630 perfecti
1313 5568 1370 5616 et
1389 5561 1583 5632 integri
1607 5562 1659 5615 in
1688 5563 1836 5618 nullo

254 5646 602 5715 deﬁcientes,
645 5648 764 5719 jure
791 5653 1055 5722 accipient
1084 5653 1407 5724 promissam
1448 5664 1664 5709 aeternae
1714 5653 1839 5710 vita:

1955 1861 2155 1930 cipere.
2186 1860 2445 1917 Tentatus
2490 1871 2573 1917 cst
2599 1860 2699 1918 Job
2735 1864 3124 1935 multipliciter,
3155 1866 3250 1921 sed
3279 1866 3405 1934 quia
3431 1881 3533 1923 nec

1950 1955 2340 2023 possessiones,
2388 1971 2487 2011 nec
2536 1957 2764 2012 salutem
2812 1959 3073 2027 corporis,
3127 1959 3309 2014 divino
3357 1959 3531 2015 amori

1951 2052 2341 2121 praeposuerat,
2377 2046 2571 2099 tentari
2604 2046 2821 2116 quidem
2852 2047 3195 2118 suggestione
3219 2048 3403 2103 hostili
3432 2064 3531 2118 po-

1952 2135 2075 2199 tuit,
2127 2136 2221 2190 sed
2269 2136 2576 2190 consentire
2626 2136 2710 2190 vel
2757 2136 2948 2191 saltem
2993 2137 3251 2193 delectari
3280 2146 3528 2207 peccato,

1949 2226 2258 2281 nullatenus
2287 2226 2519 2281 valebat.
2553 2227 2701 2281 Dixit
2728 2226 2895 2282 abbas
2917 2227 3185 2282 Antonius
3212 2228 3397 2283 abbati
3427 2227 3530 2282 Pa-

1949 2315 2084 2370 stOri
2131 2314 2289 2370 :Hoc
2318 2326 2401 2370 est
2449 2332 2702 2385 magnum
2732 2331 2866 2387 opus
2912 2317 3167 2383 hominis,
3210 2326 3272 2371 ut
3316 2317 3530 2388 culpam

1947 2420 2100 2462 suam
2131 2420 2295 2475 super
2319 2406 2554 2475 seipsum
2594 2408 2970 2478 unusquisque
2998 2417 3168 2478 ponat
3192 2424 3376 2464 coram
3418 2409 3529 2464 Do-

1947 2495 2120 2560 mino,
2161 2503 2215 2549 et
2256 2502 2534 2564 exspectet
2577 2497 2931 2552 tentationem
2967 2514 3137 2569 usque
3164 2501 3234 2555 ad
3280 2500 3529 2556 ultimum

1944 2586 2071 2642 vitae
2105 2601 2217 2641 sum
2244 2594 2475 2655 tempus.
2524 2586 2746 2642 Dicebat
2790 2588 3010 2657 quidam
3041 2604 3209 2645 senex
3255 2609 3269 2645 :
3303 2590 3529 2658 Quando

1947 2687 2243 2746 teutamur,
2291 2686 2423 2734 tunc
2465 2679 2638 2750 magis
2663 2679 3032 2735 humiliamur.
3081 2680 3349 2748 Quoniam
3386 2682 3529 2738 Deus
3627 2726 3633 2737 .

1944 2772 2125 2827 sciens
2156 2769 2525 2825 inﬁrmitatem
2553 2778 2818 2835 nostram,
2840 2772 3076 2841 protegit
3112 2787 3240 2837 nos;
3267 2773 3314 2830 si
3344 2781 3528 2829 autem

1944 2861 2260 2932 gloriamur,
2286 2860 2463 2916 aufert
2493 2876 2524 2915 a
2553 2862 2711 2917 nobis
2734 2863 3129 2931 protectionem
3155 2878 3332 2927 suam.
3355 2872 3415 2919 et
3432 2878 3524 2934 pe-

1944 2952 2135 3008 rimus.
2167 2950 2539 3007 Narraverunt
2566 2953 2634 3007 de
2661 2953 2898 3022 quodam
2927 2968 3057 3009 sene
3084 2954 3212 3023 quia
3250 2955 3444 3010 sedens
3468 2956 3524 3008 in

1945 3041 2105 3107 cella,
2134 3050 2190 3097 et
2216 3042 2492 3098 sustinens
2516 3042 2861 3108 tentationes,
2890 3043 3108 3099 videbat
3126 3045 3398 3099 daemones
3412 3058 3529 3098 ma-

1946 3129 2145 3186 nifeste
2175 3139 2230 3186 et
2257 3134 2640 3187 contemnebat
2665 3146 2778 3187 eos.
2811 3131 2948 3187 Cum
2987 3141 3166 3187 autem
3195 3133 3442 3188 diabolus
3467 3148 3529 3189 se

1945 3222 2159 3277 videret
2183 3221 2324 3276 vinci
2349 3236 2378 3275 a
2408 3208 2560 3286 sene,
2589 3222 2758 3287 venit,
2787 3229 2842 3276 et
2865 3223 3157 3278 ostendens
3177 3238 3236 3277 se
3257 3222 3328 3287 ei,
3352 3222 3525 3277 dixit:

1945 3311 2059 3383 Ego
2081 3326 2203 3366 sum
2229 3310 2500 3366 Christus.
2527 3311 2730 3366 Videas
2756 3321 2939 3367 autem
2972 3327 3097 3367 eum
3120 3327 3308 3375 senex,
3332 3310 3530 3366 clausit

1944 3402 2132 3463 oculos
2155 3417 2303 3457 suos.
2335 3401 2406 3455 Et
2428 3402 2565 3455 dixit
2585 3402 2635 3455 ei
2663 3402 2908 3456 diabolus
2931 3419 2945 3455 :
2974 3401 3086 3471 Ego
3110 3417 3229 3456 sum
3250 3399 3522 3467 Christus,

1944 3506 2116 3561 quare
2149 3489 2389 3545 clausisti
2420 3489 2609 3544 oculos
2654 3489 2812 3544 tuos?
2842 3489 2909 3543 Et
2952 3488 3284 3559 respondens
3323 3500 3525 3552 senex,

1945 3583 2083 3641 dixit
2108 3583 2159 3637 ei
2189 3598 2204 3637 :
2233 3582 2347 3652 Ego
2369 3582 2649 3637 Christum
2690 3582 2780 3638 hic
2821 3581 2946 3637 nolo
2970 3581 3176 3647 videre,
3211 3580 3308 3636 sed
3335 3579 3393 3635 in
3433 3578 3526 3636 illa

1942 3676 2073 3730 vita.
2099 3674 2342 3730 Audiens
2363 3674 2480 3729 haec
2507 3672 2773 3739 diabolus,
2804 3689 2910 3729 non
2936 3672 3257 3743 comparuit.

2515 3763 2741 3820 CAPUT
2780 3763 2943 3820 LXII.

2114 3853 2192 3910 De
2220 3854 2512 3925 cognitione
2536 3852 2746 3907 Domini
2776 3853 2944 3907 nostri
2966 3851 3095 3908 Iesu
3118 3852 3310 3908 Christi

2015 3942 2209 3997 Petrus
2254 3942 2530 4011 apostolus
2577 3943 2654 3996 ait
2698 3960 2710 3994 :
2758 3940 2945 3995 Gratia
2977 3943 3117 3996 vobis
3142 3952 3191 3995 et
3218 3959 3325 4011 prta:
3347 3942 3522 3995 adiut-

1942 4032 2149 4103 pleatur
2198 4033 2254 4086 in
2301 4032 2596 4102 cognitione
2642 4030 2856 4086 Domini
2904 4034 3069 4084 nostri
3117 4031 3245 4085 Jesu
3292 4030 3517 4096 Christi,

1941 4123 2198 4194 quomodo
2229 4123 2407 4176 omnia
2438 4122 2586 4176 nobis
2612 4122 2803 4176 divinte
2829 4124 3033 4177 virtutis
3058 4140 3169 4176 sua:
3196 4123 3266 4176 ad
3289 4124 3447 4177 vitam
3472 4132 3522 4178 et

1942 4216 2186 4285 pietatem
2220 4213 2415 4267 donata
2441 4222 2563 4267 sunt
2593 4230 2686 4283 per
2710 4213 3055 4282 cognitionem
3109 4213 3221 4282 ejus
3248 4213 3338 4283 qui
3369 4229 3520 4268 voca-

1946 4306 2011 4357 vit
2040 4320 2132 4357 nos
2151 4303 2363 4374 propria
2393 4301 2563 4372 gloria
2586 4311 2636 4355 et
2660 4303 2849 4356 virtute
2874 4301 2959 4373 (Il
2986 4300 3131 4356 Petr.
3181 4302 3241 4373 ι).
3269 4303 3347 4357 Ac
3372 4302 3417 4357 si
3441 4303 3523 4357 di-

1946 4402 2094 4448 ceret
2120 4411 2132 4445 :
2163 4392 2537 4461 Adimpleatur
2564 4391 2718 4448 vobis
2744 4393 2920 4463 gratia
2948 4392 3001 4445 in
3029 4406 3114 4457 eo,
3147 4399 3207 4446 ut
3233 4392 3518 4448 Dominum

1946 4491 2187 4537 nostrum
2221 4480 2407 4537 Jesum
2454 4482 2727 4538 Christum
2766 4484 3005 4553 perfecte
3048 4484 3405 4554 cognoscatis.
3452 4484 3521 4537 Et

1940 4576 2043 4629 hoc
2071 4590 2286 4644 quoque
2333 4576 2509 4630 adhuc
2549 4591 2647 4645 per
2688 4591 2813 4630 eum
2856 4577 3216 4646 cognoscatis,
3251 4578 3519 4646 quomodo

1939 4666 2117 4719 omnia
2143 4665 2301 4719 nobis
2325 4665 2519 4720 divina:
2544 4665 2762 4720 virtutis
2785 4681 2896 4720 suae
2918 4667 3114 4722 donata
3136 4675 3263 4721 sunt
3280 4681 3379 4736 per
3402 4666 3519 4735 ejus

1936 4755 2190 4824 gratiam,
2214 4771 2334 4826 quae
2363 4756 2431 4810 ad
2458 4756 2626 4810 vitam
2654 4757 3001 4812 obtinendam
3026 4765 3081 4811 et
3103 4757 3365 4826 pietatem
3391 4772 3517 4812 con—

1937 4845 2261 4913 servandam
2307 4846 2593 4902 suﬁiciaut.
2644 4848 2782 4915 Quia
2829 4858 3033 4919 quanto
3079 4850 3202 4920 quis
3228 4848 3519 4919 perfectius

1942 4937 2228 4990 Dominum
2263 4938 2563 5007 cognoscit,
2598 4947 2749 4995 tanto
2782 4940 2943 4995 altius
2967 4941 3363 5011 promissorum
3401 4941 3520 5009 ejus

1939 5026 2365 5095 magnitudinem
2396 5026 2751 5085 sentitﬂiinc
2776 5038 2831 5085 et
2858 5029 3057 5084 Paulus
3080 5031 3154 5085 ait
3184 5049 3198 5084 :
3226 5031 3309 5085 Ad
3352 5048 3514 5100 agno-

1937 5113 2188 5167 scendum
2244 5113 2394 5169 illum
2423 5124 2470 5170 et
2500 5116 2745 5172 virtutem
2782 5121 3179 5175 resurrectionis
3213 5122 3329 5192 ejus
3357 5120 3514 5192 (Plii-

1939 5202 2031 5273 lip.
2063 5202 2168 5275 ιιι).
2199 5203 2449 5275 Cognitio
2473 5207 2616 5261 enim
2659 5209 2901 5278 mysterii
2948 5210 3339 5267 incarnationis
3364 5210 3512 5278 ejus.

1941 5294 2210 5363 passionis
2257 5301 2313 5348 et
2342 5297 2794 5363 resurrectionis,
2840 5299 3105 5369 perfectio
3157 5301 3285 5355 vitae
3333 5308 3413 5354 est
3461 5304 3517 5350 ct

1942 5386 2231 5463 thesaurus
2261 5386 2563 5455 sapientiae.
2593 5387 2700 5443 Per
2730 5391 3094 5461 cognitionem
3120 5390 3264 5444 enim
3292 5383 3509 5440 Domini

1942 5486 1998 5534 et
2023 5476 2325 5532 Salvatoris
2354 5478 2531 5532 nostri
2575 5474 2704 5535 Jesu
2752 5479 2955 5537 Christi
3001 5480 3183 5535 omnia
3214 5476 3514 5532 divinitatis

1944 5566 2060 5635 ejus
2086 5565 2346 5637 mysteria
2370 5567 2569 5637 quibus
2596 5566 2889 5634 salvamur,
2917 5567 3275 5638 agnoscimus.
3312 5564 3509 5633 Tripli-

1944 5657 2083 5712 citer
2109 5655 2255 5710 enim
2286 5655 2355 5711 ad
2385 5657 2717 5727 agnitionem
2763 5657 2964 5712 Christi
2995 5656 3197 5722 venire,
3228 5654 3511 5726 Seriptura
