3960 6206
371 371 473 428 659

374 591 496 633 esse
521 540 617 626 Dei
647 565 824 622 Patris
855 554 1267 629 omnipotentis,
1311 561 1366 608 et
1395 564 1520 605 cum
1550 545 1709 602 Patre
1735 552 1790 599 et
1832 540 1952 612 Spi-

379 668 487 720 ritu
519 667 710 717 sancto
737 667 910 710 unum
939 664 1062 706 esse
1085 649 1254 702 Deum
1287 645 1340 700 in
1366 641 1652 696 'l‘rinitate.
1679 632 1951 698 Secundo,

377 766 435 810 ut
459 754 747 823 diligamus
773 760 895 801 eum
929 758 993 797 ex
1017 749 1124 794 toto
1155 737 1332 800 corde,
1357 742 1466 787 tota
1495 731 1697 792 anima,
1723 737 1830 780 tota
1854 723 1956 778 vir-

1645 334 1992 395 SMARAGDI
2032 327 2320 422 ABDATIS

375 491 534 545 teste,
565 475 872 531 didicrmus.
914 465 1156 520 Primum
1185 448 1243 515 ut
1267 458 1552 514 credamus
1592 468 1715 509 eum
1755 451 1954 506 Filium
1983 457 2033 514 Α

3529 304 3634 360 660

2622 433 2846 490 CAPUT
2886 428 3066 485 LXIV.

2058 537 2128 590 Ut
2173 532 2498 589 ambulemus
2546 531 2711 648 digne!
2735 521 3314 606 Deo,.et.impleamur
3371 515 3645 588 agnitione

2628 614 2690 648 vo
2713 605 2912 648 untatts
2938 608 3073 648 erus.

2628 607 2912 652 voluntatis
2938 608 3073 662 ejus.

2129 719 2260 773 Post
2305 723 2585 783 acceptam
2627 708 2769 765 sacri
2821 703 3164 776 baptismatis
3205 703 3427 763 undam,
3461 708 3518 755 et
3550 713 3650 770 per

379 789 435 810 υι
459 789 550 809 υιιι
591 789 747 806 ull-uc
775 789 895 801 Vw.-.
929 789 988 797 ν..
1019 789 1115 794 ν---
1159 789 1171 792 ν
1192 789 1204 791 ν
1321 789 1331 800 ι
1685 789 1692 792 _

378 855 486 900 tute
511 789 763 915 (bilatthp
802 835 964 905 xm),
995 832 1120 902 quia
1151 838 1212 883 ut
1239 827 1476 883 Joannes
1505 823 1618 877 ait:
1651 817 1835 874 Omnis
1869 815 1960 886 qui
2059 823 2253 864 manus
2307 804 2705 875 imposilionem
2759 796 3003 868 episc0pi
3039 799 3349 862 susceptam
3411 789 3652 860 Spiritus

1624 911 1650 915 __
1866 906 1898 915 Α
1950 905 1960 914 .
2177 899 2233 915 ,_-
2283 896 2497 915 7,,_.2__.-
2562 891 2905 915 _-s:....:.“..m
2959 894 3038 915 ηυι
3083 883 3287 915 ιυληιῖηἶ
3318 881 3526 915 ἕηιηΙδνδ
3572 897 3652 915 μη,

379 905 573 1005 diligit,
618 946 683 986 ea:
713 929 822 982 Deo
870 915 1027 980 natus
1068 931 1166 984 est,
1223 929 1270 972 et
1314 915 1576 986 cognoscit
1616 911 1804 964 Deum.
1858 905 1960 972 Qui

381 1001 495 1086 ηοη⁷
513 1027 706 1098 diligit,
755 1039 860 1077 non
901 1019 1042 1074 novit
1069 1033 1187 1072 eum
1217 1011 1268 1086 (Ι
1299 1011 1462 1065 Joan.
1512 1007 1608 1078 Iv).
1644 1004 1831 1061 Tertio
1853 1043 1867 1067 ,
1915 1001 1962 1056 si

382 1093 642 1174 mandata
693 1113 814 1183 ejus
842 1121 1148 1170 servamus,
1188 1102 1378 1158 eodem
1416 1097 1626 1152 Joanne
1681 1101 1819 1148 teste
1872 1093 1965 1160 qui

386 1210 463 1264 ait
510 1223 525 1262 :
563 1205 667 1272 Qui
690 1203 819 1259 dicit
864 1216 1016 1256 nosse
1073 1199 1266 1260 Deum,
1304 1203 1352 1248 et
1384 1189 1638 1246 mandata
1699 1187 1813 1256 ejus
1865 1200 1969 1238 non

384 1294 610 1351 custodit
636 1292 866 1346 mendax
899 1299 974 1344 est
1018 1287 1070 1359 (Ι
1099 1284 1261 1340 Joan.
1306 1282 1391 1354 ιι).
1426 1281 1483 1334 In
1519 1279 1624 1332 hoc
1666 1276 1811 1330 enim
1859 1273 1969 1327 sci-

387 1404 510 1444 mus
552 1385 810 1457 quoniam
857 1379 1212 1452 cognovimus
1255 1390 1413 1439 eum,
1465 1372 1510 1427 si
1547 1367 1803 1423 mandata
1859 1363 1974 1432 ejus

388 1480 767 1540 observamus,
793 1481 850 1528 et
891 1473 1151 1525 virtutem
1180 1461 1599 1521 resurrectionis
1629 1456 1768 1524 ejus.
1798 1453 1976 1523 Agno-

393 1571 599 1626 scimus
619 1567 767 1622 enim
785 1564 1046 1619 virtutem
1076 1552 1495 1614 resurrectionis
1517 1547 1744 1611 Christi,
1761 1542 1978 1616 quando

393 1662 670 1720 credimus
695 1656 841 1728 quod
871 1654 1013 1708 Deus
1041 1647 1310 1705 suscitavit
1339 1659 1477 1709 eum,
1523 1650 1571 1694 et
1610 1655 1703 1693 nos
1731 1650 1848 1690 cum
1886 1633 1980 1686 illo

395 1753 667 1810 suscitabit
706 1725 801 1820 per
851 1746 1095 1800 uirtutem
1140 1754 1294 1794 suam
1325 1735 1376 1808 (I
1404 1733 1526 1789 Cor.
1560 1730 1659 1801 v1),
1689 1735 1745 1784 et
1771 1741 1801 1780 a
1830 1725 1981 1780 dam-

394 1844 618 1901 natione
674 1814 868 1894 mortis
913 1833 1131 1902 eripuit,
1188 1837 1243 1884 et
1289 1832 1508 1895 ereptos
1556 1823 1612 1876 in
1658 1814 1973 1873 hazreditate

397 1945 626 1998 :eterna,
656 1940 717 1986 ut
770 1930 930 1993 ﬁlios,
981 1926 1049 1980 ad
1092 1921 1273 1978 Patris
1331 1919 1615 1973 dexteram
1664 1905 1974 1964 collocavit.

399 2025 602 2082 Octava
653 2021 800 2076 enim
846 2019 935 2072 die
982 2013 1244 2070 Dominus
1293 2024 1325 2062 a
1373 2002 1604 2062 mortuis
1653 2010 1977 2066 resurgens,

399 2112 709 2183 exemplum
738 2109 897 2164 nobis
922 2105 1119 2160 futurm
1139 2094 1558 2156 resurrectionis
1578 2101 1631 2146 et
1660 2087 1983 2162 mysterium

401 2203 641 2260 ostendit
669 2214 823 2255 nova:
853 2191 1308 2253 conversationis.

970 2307 1197 2367 CAPUT
1237 2301 1417 2359 LXlll.

415 2430 495 2486 De
555 2427 938 2496 clariﬁcatione
993 2421 1208 2476 Domini
1270 2416 1435 2471 nostri
1487 2412 1616 2465 Jesu
1685 2408 1880 2464 Christi
1934 2406 1990 2459 in

1092 2511 1308 2566 sanctis.

482 2634 564 2692 De
597 2632 828 2688 Domino
860 2627 989 2685 Jesu
1024 2625 1244 2682 Clu-isto
1282 2622 1363 2677 sic
1394 2619 1592 2674 Paulus
1622 2613 1898 2685 apostolus
1921 2610 1995 2664 dl-

411 2725 489 2781 cit
516 2741 528 2778 :
555 2719 688 2777 Cum
712 2719 904 2775 uenerit
929 2714 1218 2788 glorificari
1238 2713 1293 2766 in
1321 2710 1518 2765 sanctis
1546 2707 1656 2761 suis
1689 2703 1776 2778 (II
1811 2702 1990 2756 Thess.

413 2815 477 2884 ι),
509 2812 600 2868 ille
627 2811 719 2881 qui
750 2810 805 2864 in
835 2807 1008 2879 gloria
1036 2803 1360 2860 naturaliter
1405 2814 1502 2854 sua
1533 2811 1746 2865 semper
1791 2792 1995 2864 glorio-

345 2954 353 2957 _
415 2920 532 2969 sus,
562 2915 886 2971 semperque
921 2905 1104 2952 manet
1127 2893 1482 2966 gloriﬁcatus,
1515 2890 1568 2944 in
1593 2887 1802 2957 judicio
1849 2884 1998 2956 (cum

417 2995 895 3064 veneritjudicare
936 2992 1090 3045 vivos
1122 2997 1177 3044 et
1207 2994 1450 3041 mortuos
1472 3024 1486 3049 ,
1517 2991 1574 3038 et
1601 2981 1858 3036 smculum
1901 2994 2002 3048 per

417 3086 621 3158 ignem)
649 3083 976 3156 gloriﬁcabit
1001 3087 1222 3139 sanctos
1251 3091 1402 3140 suos,
1433 3075 1548 3143 ipse
1575 3087 1701 3127 cum
1748 3070 1855 3123 illis
1881 3067 1999 3138 glo-

2063 899 2238 954 sancti
2272 896 2524 968 gratiam,
2562 891 2908 962 potissimum
2957 894 3042 940 est
3083 883 3290 939 homini
3318 881 3526 952 impleri
3570 897 3653 933 co.

2065 991 2293 1060 gnitione
2316 985 2595 1041 voluntatis
2627 980 2723 1034 Dei
2750 977 2978 1050 (Coloss.
3004 974 3067 1047 ι),
3096 982 3155 1028 ut
3178 989 3240 1028 ea
3267 988 3388 1043 qua:
3413 980 3543 1028 sunt
3564 986 3656 1026 vo—

2067 1079 2292 1134 luntatis
2326 1077 2420 1132 Dei
2450 1075 2630 1139 faciat,
2663 1080 2718 1127 et
2749 1072 2803 1126 in
2831 1069 3084 1125 omnibus
3126 1066 3422 1122 secundum
3462 1063 3658 1119 volun-

2069 1181 2236 1226 tatem
2265 1169 2382 1238 ejus
2411 1168 2577 1222 vivat.
2610 1163 2746 1231 Quia
2798 1167 3063 1232 quantum
3099 1159 3330 1227 quisque
3358 1154 3661 1210 voluntatis

2071 1261 2166 1315 Dei
2190 1258 2448 1313 habuerit
2479 1254 2866 1326 cognitionem,
2895 1259 3107 1304 tantum
3133 1255 3189 1302 et
3216 1245 3517 1315 majestatis
3542 1245 3660 1314 ejus

2073 1350 2294 1406 habebit
2345 1349 2621 1410 timorem,
2663 1352 2717 1400 et
2743 1343 2925 1398 cordis
2954 1356 3083 1410 erga
3121 1354 3246 1394 eum
3295 1338 3498 1392 tenebit
3527 1337 3662 1391 dile-

2074 1443 2332 1505 ctionem,
2363 1448 2419 1494 et
2447 1439 2500 1492 in
2532 1444 2738 1490 tantum
2769 1434 2927 1504 digne
2966 1433 3078 1486 Deo
3107 1431 3306 1500 poterit
3337 1426 3618 1480 ambulare
3637 1467 3654 1490 ,

2077 1545 2134 1588 et
2159 1535 2211 1587 in
2241 1540 2451 1586 tantum
2476 1529 2552 1583 illi
2589 1527 2828 1597 placere,
2859 1532 2917 1579 et
2939 1524 2994 1578 in
3018 1522 3167 1577 omni
3196 1535 3360 1590 opere
3383 1520 3523 1574 bono
3547 1518 3666 1571 fru-

2080 1625 2340 1679 ctiﬁcare.
2388 1621 2655 1687 ille-ergo
2699 1617 2860 1686 digne
2901 1614 3010 1668 Deo
3054 1611 3315 1674 ambulat,
3369 1610 3462 1678 qui
3500 1609 3664 1663 (idem

2081 1729 2244 1786 quam
2293 1713 2346 1766 in
2394 1709 2722 1780 baptismate
2751 1721 2849 1776 per
2893 1703 3109 1759 Domini
3154 1701 3366 1773 accepit
3409 1701 3668 1770 gratiam,

2003 1819 2048 1878 Β
2077 1803 2320 1875 quotidie
2348 1800 2607 1870 operibus
2633 1797 2792 1852 bonis
2821 1792 3150 1858 accumulat,
3182 1793 3276 1861 qui
3302 1791 3542 1844 membra
3566 1803 3672 1844 sua

2081 1911 2200 1966 quae
2225 1902 2350 1948 sunt
2379 1906 2542 1961 super
2578 1899 2777 1944 terram
2811 1886 3125 1951 mortiﬁcat,
3151 1892 3210 1938 ut
3236 1885 3347 1939 Deo
3373 1882 3672 1955 spirituali—

2081 1997 2167 2041 ter
2190 1987 2359 2050 vivat,
2392 1991 2448 2038 et
2475 1982 2524 2036 ei
2551 1981 2638 2035 cui
2668 1995 2726 2034 se
2750 1978 3023 2050 probavit,
3065 1977 3210 2046 juste
3240 1983 3297 2030 ct
3325 1976 3408 2044 pie
3437 1975 3674 2030 vivendo

2083 2081 2312 2150 placeat.
2364 2076 2474 2129 Deo
2538 2089 2631 2144 per
2684 2070 2861 2124 omnia
2912 2069 3170 2140 placentes
3231 2067 3442 2140 (lbid.).
3500 2066 3675 2121 Nemo

2085 2181 2214 2239 ergo
2250 2168 2360 2222 Deo
2401 2164 2634 2234 placere,
2668 2171 2721 2216 et
2768 2160 2835 2214 ad
2857 2175 3044 2214 veram
3074 2166 3251 2229 potest
3278 2157 3677 2211 beatitudinem

2086 2257 2398 2330 pervenire,
2430 2255 2533 2309 nisi
2560 2268 2657 2323 per
2687 2250 3166 2308 mortificationem
3192 2250 3449 2303 vitiorum
3492 2258 3549 2303 et
3579 2263 3676 2302 as-

2092 2349 2451 2420 sumptioncm
2503 2345 2788 2408 virtutum,
2818 2358 2917 2413 per
2955 2340 3114 2394 {idem
3155 2350 3358 2394 rectam
3392 2349 3447 2393 et
3475 2355 3679 2409 opera-

2095 2441 2299 2494 tionem
2331 2449 2599 2494 sanctam.
2633 2437 2701 2491 Et
2743 2450 2921 2505 neque
2965 2435 3018 2487 in
3052 2435 3156 2488 hoc
3202 2433 3400 2487 saeculo
3431 2434 3550 2488 sine
3590 2433 3683 2488 bis

2096 2531 2306 2585 duabus
2353 2530 2518 2584 rebus
2567 2527 2633 2599 (si
2667 2535 2847 2580 tamen
2877 2523 3137 2594 operandi
3163 2522 3401 2578 adfuerit
3443 2524 3682 2594 tempus)

2097 2623 2382 2692 quisquam
2433 2619 2881 2675 sanctiﬁcationis
2915 2617 3266 2684 consequitur
3290 2616 3543 2686 gratiam,
3573 2632 3686 2672 ue-

2099 2730 2204 2786 que
2234 2715 2290 2768 in
2336 2713 2519 2767 futuro
2547 2713 2713 2766 vitam
2760 2708 3059 2779 possidebit
3100 2717 3398 2761 atternam:
3432 2706 3499 2760 In
3535 2709 3685 2760 omni

2085 2823 2253 2878 ‘opere
2282 2805 2412 2859 bono
2457 2802 2834 2872 fructiﬁcantes
2880 2799 3095 2871 (Ibid.).
3136 2797 3231 2852 Ille
3267 2799 3407 2853 bene
3454 2799 3510 2852 in
3533 2799 3688 2855 omni

2103 2914 2266 2970 opere
2310 2899 2451 2953 bono
2483 2893 2798 2959 fructiﬁcat,
2848 2893 2939 2962 qui
2973 2899 3196 2960 accepto
3239 2891 3291 2943 in
3323 2890 3486 2945 corde
3528 2889 3688 2944 verbi

2104 2989 2330 3052 semine,
2376 2994 2436 3040 ut
2466 2994 2610 3040 terra
2640 2985 2781 3038 bona
2811 2989 2865 3036 et
2889 2982 3116 3052 Optima,
3155 2979 3304 3033 aliud
3332 2981 3678 3050 trigesimum.

2106 3079 2252 3133 aliud
2293 3076 2698 3147 sexagesimum,
2743 3071 2891 3126 aliud
2939 3088 3056 3125 vero
3084 3072 3420 3124 centesimum
3455 3070 3692 3138 fructum

422 3179 626 3240 riosus,
666 3181 722 3227 et
753 3170 1094 3243 gloriﬁcatus
1139 3179 1430 3236 apparens,
1467 3179 1497 3215 a
1539 3161 1786 3215 claritate
1814 3166 1996 3228 poten-

2107 3171 2260 3238 a/fert
2292 3169 2347 3221 in
2373 3167 2628 3237 patientia
2659 3164 2809 3236 (Luc.
2840 3163 2982 3236 Vill).
3016 3163 3083 3216 Et
3110 3162 3411 3217 notandum
3439 3162 3583 3231 quod
3608 3169 3693 3216 ta-

423 3267 512 3320 lia:
535 3279 648 3321 suae
680 3261 989 3318 elariiicans
1024 3259 1146 3313 illos
1181 3275 1192 3310 :
1226 3257 1369 3312 sicut
1397 3262 1452 3309 et
1480 3253 1621 3308 idem
1645 3251 1793 3305 Patri
1823 3248 2002 3302 Domi-

425 3372 529 3412 nus
572 3355 650 3410 ait
693 3372 706 3408 :
740 3353 809 3407 Et
845 3350 1140 3406 claritatem
1165 3363 1324 3419 quam
1354 3345 1544 3400 dedisti
1589 3342 1741 3403 mihi,
1776 3339 1898 3392 dedi
1928 3339 2002 3392 eis

423 3447 608 3519 (Joan.
645 3441 805 3516 xvn).
832 3443 902 3496 Et
927 3440 1056 3496 alibi
1083 3459 1094 3494 :
1128 3437 1426 3509 Fulgebunt
1459 3431 1678 3503 (inquit)
1711 3431 1845 3500 justi
1870 3430 2005 3482 sicut

422 3536 528 3604 sol,
557 3538 614 3592 in
661 3551 818 3607 regno
855 3531 1038 3587 Patris
1066 3531 1170 3585 mei
1207 3528 1424 3600 (Matth.
1457 3525 1603 3593 xm).
1633 3523 1748 3590 Qua
1771 3521 2004 3592 gloriosa

423 3636 479 3682 et
503 3635 767 3698 perpetua
787 3623 960 3696 gloria
981 3619 1293 3694 gloriticati,
1321 3619 1375 3672 in
1410 3615 1620 3686 judicio
1641 3629 1764 3668 cum
1791 3611 2006 3667 Christo

425 3720 767 3790 apparebunt
793 3716 974 3772 electi.
1002 3713 1200 3769 Veniet
1219 3726 1372 3782 ergo,
1402 3710 1587 3764 veniet
1612 3708 1666 3760 in
1688 3704 1894 3773 judicio
1916 3717 2008 3772 ap-

429 3824 622 3881 parere
651 3809 704 3863 in
735 3807 939 3863 sanctis
966 3806 1078 3860 suis
1107 3801 1460 3874 gloriﬁcatus,
1496 3799 1590 3868 qui
1621 3796 1823 3866 iniquis
1844 3808 2009 3864 appa-

429 3903 539 3958 ruit
566 3902 620 3956 in
646 3901 900 3971 passione
926 3915 1024 3955 sua
1051 3898 1360 3967 despectus.
1395 3894 1463 3947 Et
1493 3891 1587 3964 qui
1617 3898 1744 3946 ante
1772 3889 2009 3944 Pilatum

429 4002 484 4048 et
527 3991 810 4064 pontifices
849 3991 1160 4046 Judteorum
1205 3988 1260 4042 in
1289 3983 1728 4056 primoadventu
1761 3980 2013 4050 apparuit

431 4083 654 4140 humilis
683 4091 739 4138 et
765 4081 1015 4152 pusillus,
1045 4081 1102 4133 in
1129 4077 1368 4133 secundo
1389 4074 1680 4146 gloriosus,
1705 4085 1936 4142 magnus
1958 4078 2014 4124 et

429 4177 680 4234 excelsus
705 4173 987 4244 apparebit
1013 4171 1178 4235 Deus,
1207 4177 1264 4223 et
1284 4165 1624 4222 admirabilis
1652 4163 1770 4218 lteri
1806 4163 1862 4216 in
1892 4177 2014 4217 om-

434 4267 596 4322 nibus
631 4265 722 4336 qui
759 4264 1128 4320 crediderunt.
1179 4259 1299 4329 lpse
1341 4258 1487 4313 enim
1528 4257 1790 4311 Dominus
1829 4261 2017 4309 noster

433 4356 592 4413 Jesus
637 4355 910 4421 Christus,
941 4353 1032 4424 qui
1065 4365 1284 4420 semper
1319 4347 1656 4404 admirabilis
1691 4353 1776 4400 est
1814 4345 1868 4399 in
1917 4359 2016 4399 sua

435 4449 742 4514 divinitate,
773 4446 948 4502 iactus
976 4453 1062 4500 est
1083 4451 1140 4498 et
1169 4442 1327 4498 nobis
1352 4439 1687 4496 admirabilis
1713 4437 1769 4491 in
1794 4451 1891 4492 sua
1916 4437 2018 4490 hu-

2106 3260 2213 3314 cite
2243 3260 2347 3312 hoc
2377 3257 2432 3310 in
2462 3256 2583 3311 loco
2606 3269 2794 3309 eorum
2834 3252 3138 3307 desidiosas
3169 3251 3393 3321 corripit
3437 3259 3649 3305 mentes
3675 3291 3693 3315 ,

2107 3353 2199 3423 qui
2228 3354 2280 3407 in
2311 3351 2504 3406 melius
2552 3365 2661 3405 non
2693 3355 2966 3411 crescunt,
3018 3363 3119 3402 nec
3164 3348 3370 3413 bonum
3397 3352 3697 3416 operantes

2107 3445 2162 3498 in
2201 3442 2492 3497 virtutibus
2538 3437 2866 3510 proficiunt,
2905 3437 3002 3492 sed
3053 3445 3261 3490 tantum
3295 3435 3402 3489 sibi
3446 3433 3698 3488 sufﬁcere

2109 3534 2354 3598 credunt,
2400 3531 2487 3587 vel
2519 3531 2649 3602 quia
2695 3545 2800 3583 non
2845 3536 3143 3598 operantur
3179 3524 3402 3588 malum,
3435 3522 3520 3578 vel
3563 3523 3695 3592 quia

2110 3626 2451 3695 reliquerunt
2480 3635 2710 3690 corpore
2738 3619 2998 3673 mundum
3042 3634 3054 3670 :
3083 3616 3391 3670 nescientes
3422 3614 3566 3683 quod
3597 3628 3701 3682 per

2111 3715 2374 3772 exercitia
2423 3711 2744 3785 sapientiae,
2800 3718 2856 3763 et
2903 3706 3314 3762 meditationem
3381 3711 3701 3757 sanctarum

2113 3809 2548 3880 Scripturarum,
2597 3813 2653 3859 et
2697 3817 2794 3873 per
2840 3801 3099 3855 virtutem
3148 3798 3415 3852 bonorum
3443 3809 3699 3864 operum.

2113 3913 2287 3952 novus
2342 3894 2586 3966 quotidie
2641 3905 2896 3946 crescens
2941 3897 2997 3944 et
3035 3887 3255 3966 placens
3309 3886 3420 3939 Deo
3469 3882 3705 3938 efﬁcitur

2114 3991 2296 4044 homo.
2329 3961 2479 4040 Dixit
2514 3984 2681 4039 abbas
2706 3982 2903 4036 Pastor
2948 3998 2962 4033 :
3004 3961 3141 4046 Quia
3173 3977 3314 4031 sicut
3342 3973 3489 4029 fumo
3515 3972 3708 4045 expel-

2115 4083 2302 4137 luntur
2346 4093 2476 4149 apes
2499 4084 2560 4132 ut
2591 4075 2814 4131 tollatur
2843 4071 3070 4127 dulcedo
3098 4083 3323 4138 operum
3366 4081 3576 4130 earum,
3622 4065 3704 4119 ita

2115 4183 2171 4230 et
2217 4169 2514 4241 corporalis
2561 4166 2778 4237 requies
2811 4165 3061 4218 timorem
3108 4158 3324 4213 Domini
3368 4155 3592 4226 expellit
3631 4155 3706 4209 ab

2117 4265 2298 4319 anima
2338 4269 2394 4316 et
2419 4258 2596 4314 aufert
2620 4257 2688 4312 ab
2711 4271 2774 4310 ea
2802 4268 2964 4310 omne
2995 4265 3131 4322 opus
3156 4249 3378 4304 bonum.
3418 4245 3568 4299 Dixit
3600 4245 3707 4298 ite.-

2121 4371 2240 4410 rum
2271 4354 2415 4423 ipse:
2436 4347 2779 4406 Abominatio
2804 4353 2887 4400 est
2914 4344 3092 4399 omnis
3120 4338 3420 4410 corporalis
3449 4337 3702 4407 requies.

2701 4434 2927 4492 CAPUT
2962 4432 3102 4487 LXV

438 4541 699 4596 “mnium
731 4558 745 4593 ³
778 4536 1119 4594 admirabilis
1165 4536 1220 4590 in
1255 4532 1630 4602 οοηεθβιίοηθν
1680 4527 2016 4584 admirabilis
2041 4517 2094 4576 D
2119 4539 2197 4593 De
2217 4554 2276 4591 eo
2305 4535 2443 4608 quod
2468 4549 2572 4586 non
2604 4529 2842 4584 omnibus
2879 4526 3082 4596 placere
3119 4525 3361 4578 debemus
3387 4520 3709 4574 hominibus.

440 4633 491 4686 in
524 4631 826 4692 nativitate,
858 4625 1196 4682 admirabilis
1227 4625 1282 4678 in
1312 4622 1731 4684 resurrectione,
1781 4619 2017 4673 admira-

438 4723 564 4776 bilis
591 4730 647 4774 et
674 4721 728 4774 in
756 4717 1094 4774 ascensione.
1121 4715 1241 4784 ipse
1271 4715 1449 4770 adhuc
1473 4723 1528 4767 et
1549 4709 1817 4767 mirabilis
1844 4723 2016 4777 appa—

441 4813 583 4870 rebit
618 4812 670 4865 in
717 4811 998 4872 omnibus,
1049 4807 1142 4877 qui
1172 4805 1253 4877 (ut
1281 4805 1608 4860 credendum
1635 4800 1741 4866 est)
1775 4799 2019 4854 credide-

445 4910 591 4969 runt,
625 4903 680 4957 in
711 4901 885 4955 ultimi
910 4899 1102 4971 judicii
1133 4896 1488 4958 revelatione,
1531 4901 1593 4947 ut
1635 4891 1703 4946 ab
1729 4891 1824 4946 illo
1853 4890 2020 4943 mira-

443 4999 539 5066 bili
565 4997 842 5052 mirabiles
869 4996 1024 5062 facti,
1053 4994 1242 5050 vivant
1266 5007 1389 5047 cum
1414 4990 1507 5045 illo
1533 4990 1586 5042 in
1617 4994 1880 5042 aeternum
1905 4983 2018 5053 glo—

443 5090 662 5146 riiicati.
698 5089 816 5162 Ipse
866 5098 950 5143 est
994 5088 1142 5142 enim
1190 5083 1458 5141 mirabilis
1503 5080 1669 5142 Deus,
1704 5079 1769 5133 de
1817 5091 1924 5147 quo
1965 5083 2022 5129 et

444 5179 612 5235 lsaias
638 5180 750 5240 ait;
781 5178 848 5232 Et
878 5177 1147 5233 vocabitur
1175 5191 1357 5229 nomen
1380 5173 1494 5242 ejus
1517 5166 1869 5230 admirabilis,
1899 5182 2022 5218 con-

445 5271 702 5335 siliarius,
731 5269 874 5323 Deus
905 5268 1080 5338 fortis,
1110 5275 1215 5323 etc.
1247 5265 1381 5338 (Isa.
1411 5263 1510 5334 ιι).
1540 5262 1609 5316 Ει
1631 5259 1802 5314 David
1823 5276 1834 5312 :
1855 5257 2024 5311 Mira-

446 5363 564 5418 bilis
595 5361 814 5436 (inquit)
839 5360 980 5436 Deus
1002 5360 1056 5415 in
1079 5361 1274 5415 sanctis
1301 5359 1411 5413 suis
1435 5354 1608 5428 (Psal.
1643 5350 1833 5421 vau).
1859 5347 2025 5417 Cujus

448 5454 676 5525 gloriam
706 5453 1128 5508 resurrectionis
1156 5452 1414 5506 viderunt
1435 5457 1509 5504 et
1535 5445 1888 5502 crediderunt
1931 5455 2028 5510 po-

447 5547 557 5616 puli
584 5544 904 5608 Christiani,
930 5551 988 5599 et
1015 5544 1070 5597 in
1089 5541 1294 5611 judicio
1320 5539 1548 5610 gloriam
1588 5533 1889 5606 majestatis
1913 5531 2028 5602 ejus

452 5639 552 5692 soli
583 5637 839 5693 videbunt
873 5635 1050 5691 electi.

2191 4631 2332 4686 Hinc
2353 4626 2552 4683 Paulus
2581 4624 2691 4678 ait:
2737 4619 2793 4675 Si
2822 4620 2994 4674 adhuc
3031 4615 3327 4672 hominibus
3355 4612 3558 4683 placere
3599 4610 3713 4665 eel-

2121 4723 2242 4787 lem,
2271 4718 2467 4774 Christi
2493 4731 2670 4771 servus
2700 4728 2805 4766 non
2831 4725 2993 4764 essem
3026 4706 3168 4779 (Gal.
3208 4709 3272 4776 ι).
3312 4705 3370 4759 ld
3395 4711 3511 4767 est,
3541 4703 3588 4757 si
3614 4698 3715 4756 Iu-

2121 4815 2254 4869 daeis
2283 4809 2574 4867 carnaliter
2595 4807 2650 4861 in
2672 4801 3054 4859 observatione
3076 4799 3210 4870 legis
3227 4796 3313 4852 vel
3337 4811 3501 4866 prave
3525 4795 3716 4848 viven.

2123 4906 2268 4960 tibus
2294 4897 2617 4958 Christianis
2655 4896 2708 4950 in
2737 4893 3007 4964 pravitate
3045 4904 3234 4946 eorum
3280 4885 3715 4946 consensissem,

2121 4993 2324 5051 Christi
2367 5005 2555 5046 servus
2603 5001 2710 5041 non
2748 4998 2946 5038 essem.
2989 4979 3089 5035 Cui
3128 4975 3412 5033 sententiae
3437 4973 3718 5029 contraria

2122 5087 2345 5142 minime
2365 5092 2449 5138 est
2475 5082 2588 5144 illa,
2611 5078 2705 5133 ubi
2732 5077 2841 5130 ait:
2873 5072 2997 5127 Sine
3019 5071 3304 5140 offensione
3325 5075 3485 5121 estote
3505 5063 3721 5117 Judmis

2123 5189 2172 5236 et
2201 5177 2435 5249 gentibus
2481 5184 2528 5228 et
2571 5170 2827 5226 Ecclesia:
2871 5166 2999 5230 Dei,
3047 5165 3181 5218 sicut
3207 5171 3254 5216 et
3288 5177 3382 5230 ego
3408 5175 3501 5229 per
3533 5157 3720 5211 omnia

2126 5272 2364 5328 omnibus
2393 5267 2570 5340 placeo
2597 5264 2646 5337 (Ι
2679 5261 2804 5318 Cor.
2833 5260 2911 5330 x).
2941 5258 3076 5313 Nam
3107 5272 3203 5311 cur
3243 5253 3497 5309 omnibus
3534 5250 3722 5320 plaee-

2128 5373 2234 5428 ret,
2265 5364 2381 5433 ipse
2406 5356 2726 5429 exponendo
2757 5351 3088 5421 subjungens
3110 5387 3124 5412 ,
3156 5346 3269 5400 ait:
3313 5342 3438 5396 Non
3475 5354 3724 5410 querens

2127 5456 2265 5528 quod
2285 5427 2434 5507 -mihi
2474 5427 2600 5503 utile
2626 5455 2724 5510 est,
2767 5443 2858 5498 sed
2903 5440 3046 5511 quod
3074 5436 3272 5499 multis,
3317 5442 3375 5486 ut
3422 5431 3554 5485 salvi
3581 5427 3723 5496 ﬁant

2131 5523 2339 5618 (Ibid.).
2359 5542 2460 5610 Qui
2487 5540 2632 5595 enim
2654 5535 2896 5591 omnium
2923 5531 3211 5586 utilitatem
3241 5533 3297 5580 et
3317 5523 3549 5579 salutem
3571 5532 3725 5589 qua-

2131 5637 2308 5697 rebat,
2338 5631 2587 5688 omnibus
2613 5643 2719 5682 non
2757 5623 3201 5681 inconvenienter
3237 5633 3296 5673 se
3321 5614 3538 5685 placere
3563 5609 3726 5666 dice—

2133 5732 2244 5787 bat.
2280 5726 2392 5783 l‘loe
2420 5721 2770 5798 apostolicum
2809 5717 2936 5773 boni
2975 5713 3223 5770 monachi
3257 5718 3506 5766 tenentes
3532 5719 3730 5762 exem-
