3960 6206
323 317 418 375 681

1531 327 1836 384 omnem
1877 327 2382 420 MONACHORUM.

3491 346 3595 403 669.

323 440 488 509 plum,
519 453 626 492 non
655 453 766 493 sua:
795 444 1006 493 tantum
1033 440 1254 496 utilitati
1294 440 1493 498 debent
1515 457 1637 498 esse
1661 442 1898 498 contenti
1928 442 1976 500 A
2001 450 2152 511 ptum
2166 448 2416 516 quamvis
2435 449 2791 507 historialiter
2813 453 2888 507 sit
2908 456 3597 528 tenendum,spiritualiter

321 530 672 601 congruentia
694 544 954 598 qumrere,
986 532 1080 586 sed
1105 534 1277 604 magis
1297 549 1417 602 quae
1437 535 1764 589 conveniunt
1783 549 1906 604 pro-

321 621 482 675 ximis
503 659 520 683 ,
555 635 664 673 non
689 633 808 688 quae
835 634 928 675 sua
961 630 1088 676 sunt
1113 621 1310 694 singuli
1342 623 1749 678 considerantes
1766 664 1780 687 ,
1811 623 1908 678 sed

317 728 440 783 quas
461 711 711 765 aliorum.
733 709 846 775 Qui
857 713 1217 766 tantummodo
1233 729 1350 782 quae
1371 731 1468 767 sua
1488 722 1608 767 sunt
1633 710 1798 784 (Phil.
1818 714 1901 782 ιι),

317 804 372 858 id
403 811 508 866 est,
538 816 659 870 quae
686 801 788 855 sibi
820 801 922 855 soli
961 804 1272 858 necessaria
1311 811 1456 868 sunt,
1483 804 1811 869 considerat,
1849 812 1908 858 et

315 893 385 947 de
416 891 655 945 fraterna
683 890 856 945 salute
884 891 970 946 vel
999 892 1064 946 de
1092 892 1210 962 ejus
1235 893 1516 964 temporali
1543 894 1774 948 utilitate
1796 909 1904 948 non

313 989 494 1043 curat,
525 980 640 1034 sine
671 979 836 1034 dubio
861 995 892 1033 a
921 980 1202 1034 charitatis
1233 983 1470 1047 tramite,
1509 983 1562 1036 in
1589 997 1698 1052 quo
1724 984 1904 1040 omnis

313 1069 618 1123 animarum
647 1068 796 1123 salus
821 1069 1094 1134 consistit,
1129 1069 1380 1124 declinat.
1413 1072 1512 1138 Qui
1546 1087 1676 1126 vero
1710 1071 1778 1126 de
1803 1087 1901 1126 sua

311 1176 381 1214 ac
407 1161 776 1230 proximorum
801 1161 1032 1215 utilitate
1052 1169 1215 1231 atque
1236 1161 1409 1216 salute
1439 1163 1721 1228 sollicitus,
1747 1164 1902 1232 quid—

311 1253 445 1321 quid
474 1250 618 1306 valet
641 1251 910 1315 utilitatis,
941 1252 1095 1323 quasi
1117 1252 1221 1307 sibi
1244 1253 1612 1322 superioribus
1639 1253 1900 1309 fratribus

311 1345 630 1414 impendere
659 1343 893 1413 satagit;
933 1345 1256 1415 sibimetipsi
1282 1358 1380 1414 per
1412 1345 1554 1400 hanc
1577 1346 1901 1401 humilitatis

308 1433 676 1490 obedientiam
698 1435 824 1489 vita:
849 1435 1087 1501 caelestis
1103 1436 1295 1505 gaudia
1316 1435 1575 1506 ampliora
1605 1437 1894 1507 conquirit.

307 1527 501 1582 Placet
542 1541 671 1597 ergo
704 1526 902 1581 Paulus
947 1528 1256 1584 hominibus
1284 1537 1340 1584 et
1380 1545 1489 1585 non
1518 1531 1732 1600 placet:
1771 1532 1898 1600 quia

307 1619 566 1674 omnibus
599 1617 759 1683 bene,
788 1620 932 1688 juste
959 1627 1014 1673 et
1033 1628 1179 1675 recte
1204 1620 1529 1687 viventibus,
1561 1623 1614 1675 in
1645 1622 1897 1678 omnibus

309 1711 429 1764 suis
464 1710 1003 1774 conversationibus,
1041 1711 1255 1775 verbis,
1285 1711 1496 1781 placet,
1546 1720 1600 1766 et
1644 1712 1892 1778 actibus;

2012 542 2192 590 tamen
2218 554 2432 609 semper
2466 557 2494 594 a
2521 544 2678 599 nobis
2699 552 2785 599 est
2809 545 3205 614 complendum.
3231 545 3599 616 Spiritualiter

2010 635 2189 680 autem
2223 631 2479 700 templum
2511 645 2754 689 nostrum
2805 637 3034 691 interior
3063 638 3225 694 homo
3255 650 3443 696 noster
3467 651 3592 698 est:

2008 712 2207 780 Altare,
2244 716 2380 773 ﬁdes
2403 731 2586 776 nostra
2607 731 2721 789 est;
2748 738 2966 790 munus,
2991 728 3295 796 prophetia,
3322 732 3590 798 doctrina,

2009 804 2206 869 oratio,
2233 806 2466 876 hymnus
2485 816 2539 863 et
2561 812 2800 880 psalmus
2823 823 2924 869 est.
2944 813 3080 881 Quia
3105 818 3149 870 si
3173 832 3410 886 praesens
3434 820 3596 878 fuerit

2009 890 2179 947 frater
2207 898 2298 964 qui
2347 897 2549 967 aliquid
2595 903 2758 957 habet
2801 905 3086 960 adversum
3135 924 3266 974 nos,
3297 913 3596 978 poterimus

2006 997 2130 1037 eum
2157 1000 2262 1040 non
2297 989 2570 1057 simulato,
2596 993 2689 1047 sed
2732 994 2946 1050 sincero
2976 999 3158 1053 animo
3185 1000 3387 1068 lenire,
3431 1013 3594 1075 atque

2007 1074 2074 1126 ad
2096 1075 2324 1142 gratiam
2353 1081 2565 1134 veniam
2593 1083 2946 1152 postulando,
2989 1104 3280 1146 revocare:
3319 1094 3365 1148 si
3408 1074 3591 1151 tamen

2007 1160 2110 1216 hoc
2139 1179 2323 1220 coram
2359 1167 2471 1224 Deo
2500 1186 2606 1226 non
2636 1173 2791 1244 pigro
2833 1185 2982 1232 motu
3009 1183 3273 1249 corporis,
3311 1185 3405 1238 sed
3431 1187 3595 1242 celer-

2006 1253 2144 1308 rimo
2169 1255 2471 1313 dilectionis
2511 1261 2707 1317 affectu
2743 1264 3055 1324 fecerimus.
3103 1271 3179 1326 De
3221 1273 3324 1328 hoc
3360 1276 3593 1346 capitulo

2001 1341 2080 1397 sic
2103 1351 2157 1397 et
2187 1346 2462 1414 apostolus
2483 1348 2682 1406 Paulus
2719 1353 2795 1406 ait
2822 1373 2832 1406 :
2876 1355 3255 1427 Supportantes
3281 1341 3497 1417 invicem
3535 1365 3594 1418 in

2001 1433 2278 1501 charitate,
2309 1447 2358 1491 et
2388 1439 2643 1496 donantes
2667 1444 3045 1516 vobismetipsis
3063 1489 3078 1513 ,
3123 1450 3171 1503 si
3197 1453 3317 1520 quis
3342 1452 3592 1508 adversus

1999 1522 2227 1593 aliquem
2249 1528 2403 1582 habet
2428 1532 2716 1599 querelam,
2746 1537 2882 1588 sicut
2912 1546 2960 1589 et
2983 1537 3241 1594 Dominus
3264 1542 3475 1596 donavit
3498 1561 3590 1598 no-

2000 1611 2077 1666 bis
2109 1611 2243 1682 (Col.
2274 1618 2377 1687 ιιι).
2408 1617 2670 1674 Hortatur
2693 1632 2874 1678 autem
2903 1641 3000 1680 nos
3027 1625 3320 1696 Apostolus
3341 1641 3402 1683 ut
3422 1631 3591 1688 simus

1999 1712 2380 1772 supportantes
2416 1708 2669 1776 invicem,
2726 1713 2779 1768 id
2823 1723 2938 1780 est,
2986 1725 3047 1771 ut
3090 1735 3289 1786 mores,
3332 1730 3486 1776 actus
3535 1730 3592 1777 et

309 1801 526 1854 cunctis
555 1807 732 1853 autem
755 1815 922 1869 prave
948 1808 1002 1854 et
1031 1801 1171 1856 male
1198 1802 1502 1856 viventibus
1528 1803 1895 1858 contradictor
1922 1797 1970 1855 B
1997 1807 2277 1851 sermones
2320 1807 2536 1855 nostros
2565 1803 2832 1872 patienter
2871 1821 2970 1876 pro
3013 1806 3260 1874 ChTiSIO'.
3311 1818 3367 1866 et
3405 1813 3586 1868 omnia

308 1891 572 1953 existens,
604 1905 703 1944 nec
735 1891 918 1945 verbis
952 1891 1148 1960 placet,
1181 1907 1280 1947 nec
1322 1893 1584 1947 moribus.
1638 1891 1776 1947 Sunt
1814 1902 1896 1948 et-

306 1981 456 2036 enim
475 1981 529 2035 in
553 1981 655 2036 hac
670 1979 868 2034 Christi
885 1980 1151 2036 latissima
1174 1991 1335 2052 atque
1349 1985 1634 2053 magniﬁca
1651 1983 1895 2039 Ecclesia

305 2085 433 2140 qua:
459 2077 543 2124 est
565 2083 664 2139 per
693 2070 878 2123 mundi
908 2072 1231 2140 quadratum
1265 2071 1422 2126 clima
1454 2081 1627 2138 tensa,
1652 2073 1758 2127 duo
1799 2073 1897 2153 ho-

305 2159 518 2214 minum
545 2175 764 2229 genera,
794 2161 933 2215 bene
960 2161 1254 2217 volentium
1299 2163 1506 2218 scilicet
1551 2172 1712 2232 atque
1753 2163 1894 2219 male

303 2252 627 2307 volentium.
656 2252 801 2307 Bene
821 2253 1125 2309 volentibus
1154 2262 1333 2309 autem
1366 2255 1420 2308 in
1443 2255 1692 2309 omnibus
1712 2255 1896 2324 placet

303 2343 509 2398 Paulus
529 2385 542 2409 ,
575 2345 713 2399 male
741 2345 1045 2401 volentibus
1072 2360 1201 2400 vero
1239 2345 1293 2400 in
1333 2345 1584 2400 omnibus
1620 2345 1888 2416 displicet.

305 2433 468 2488 Sicut
495 2436 640 2489 enim
667 2437 719 2490 in
755 2451 880 2490 area
905 2437 1072 2491 mixta
1095 2445 1220 2492 sunt
1247 2452 1415 2507 grana
1441 2453 1562 2492 cum
1597 2437 1786 2507 paleis,
1817 2439 1891 2492 ita

303 2525 568 2580 Ecclesia:
590 2527 766 2582 adhuc
785 2529 999 2598 degenti
1025 2529 1078 2582 in
1111 2537 1254 2583 terra
1285 2531 1438 2584 mixti
1471 2537 1594 2584 sunt
1621 2531 1748 2584 boni
1770 2545 1889 2585 eum

305 2618 487 2671 malis.
524 2619 598 2673 De
625 2620 727 2673 hac
755 2620 899 2673 enim
943 2620 1207 2674 malorum
1247 2629 1297 2674 et
1327 2619 1592 2675 bonorum
1632 2623 1887 2687 mixtura,

305 2706 390 2761 sic
414 2707 639 2777 legimus
668 2709 722 2762 in
746 2708 897 2763 Pauli
927 2725 1087 2780 quam
1119 2711 1185 2764 ad
1217 2711 1556 2766 Timotheum
1583 2713 1732 2766 misit
1763 2713 1889 2781 Epi-

303 2797 447 2852 stola
473 2816 484 2851 :
526 2788 594 2851 In
619 2815 832 2868 magna,
864 2800 1057 2868 inquit,
1086 2800 1239 2853 domo
1273 2817 1376 2854 non
1415 2801 1584 2855 solum
1616 2812 1738 2856 sunt
1766 2818 1889 2856 vasa

305 2906 475 2943 aurea
499 2899 546 2943 et
568 2900 835 2960 argentea,
867 2891 957 2945 sed
985 2901 1033 2945 et
1059 2891 1230 2961 lignea
1259 2904 1306 2945 et
1334 2891 1536 2960 ﬁctilia,
1571 2903 1620 2946 et
1646 2893 1886 2963 qua’dam

303 2980 526 3049 quidem~
549 2981 604 3033 in
642 2981 910 3046 honorem,
951 2983 1193 3053 qutvdam
1227 2993 1398 3036 autem
1436 2985 1492 3037 in
1519 2983 1887 3039 contumeliam

305 3065 396 3137 (11
429 3067 559 3120 Tim.
591 3067 675 3140 ιι).
701 3069 806 3123 Per
828 3085 1077 3141 magnam
1119 3079 1300 3125 autem
1327 3072 1507 3141 magni
1551 3073 1752 3126 domini
1793 3072 1886 3128 do-

1998 1897 2164 1938 onera
2196 1893 2378 1942 nostra
2409 1897 2684 1958 portemus
2713 1894 2944 1950 invicem
2971 1913 3070 1967 pro
3097 1915 3282 1956 amore
3311 1901 3583 1960 fraterno:

1997 1974 2123 2042 quia
2155 1976 2247 2044 qui
2279 1975 2504 2032 fratrem
2541 1981 2687 2035 sicut
2714 1987 3062 2053 semetipsum
3093 1989 3286 2060 diligit,
3316 1992 3585 2060 patienter

1995 2076 2095 2131 pro
2120 2063 2211 2118 illo
2233 2067 2411 2120 omnia
2438 2076 2618 2136 portat
2641 2079 2698 2124 et
2729 2073 2980 2127 sustinet.
3016 2074 3260 2132 Charitas
3299 2080 3468 2146 enim,
3497 2097 3586 2136 se-

1995 2154 2230 2208 cundum
2279 2155 2615 2226 Apostolum,
2656 2163 2834 2216 omnia
2870 2165 3091 2233 suffert,
3143 2168 3318 2221 omnia
3362 2171 3582 2226 sustinet

1997 2243 2049 2315 (1
2079 2245 2194 2299 Col.
2224 2247 2366 2318 xm).
2399 2248 2688 2320 Donantes,
2715 2253 2792 2307 ait
2823 2255 3142 2324 Apostolus,
3181 2257 3578 2330 vobismetipsis,

1993 2335 2038 2421 si
2066 2336 2182 2404 quis
2210 2336 2488 2392 adversum
2530 2339 2756 2410 aliquem
2799 2343 2952 2398 habet
2997 2346 3261 2416 querelam
3285 2348 3442 2419 .(Col.
3472 2351 3579 2421 tu).

1994 2419 2167 2476 liabet
2195 2422 2392 2493 aliquis
2435 2427 2695 2486 adversus
2738 2431 2969 2488 alterum
3016 2437 3320 2506 querelam,
3364 2419 3581 2508 quando

1993 2525 2116 2566 cum
2144 2514 2266 2583 quis
2291 2516 2456 2582 ltedit,
2484 2521 2648 2576 etiam
2683 2523 2801 2579 sine
2843 2541 3030 2580 causa.
3076 2526 3223 2582 Sicut
3251 2539 3302 2584 et
3325 2530 3583 2590 Dominus

1992 2601 2203 2656 donavit
2229 2606 2392 2671 vobis,
2421 2609 2495 2662 ita
2517 2619 2566 2663 et
2590 2628 2695 2666 vos.
2727 2611 2807 2668 Ac
2836 2615 2881 2669 si
2907 2616 3128 2684 diceret,
3155 2617 3306 2674 Sicut
3325 2629 3380 2676 et
3400 2621 3582 2679 Domi.

1992 2708 2094 2747 nus
2123 2695 2344 2750 donavit
2367 2700 2522 2755 vobis
2549 2703 2732 2757 omnia
2771 2717 2996 2774 peccata
3015 2749 3032 2774 ,
3063 2723 3162 2778 per
3190 2713 3331 2766 sacri
3371 2713 3579 2784 baptis-

1991 2782 2154 2836 matis
2179 2784 2402 2851 undam,
2434 2787 2507 2842 ita
2545 2796 2600 2842 et
2626 2805 2722 2846 vos
2762 2808 2869 2847 non
2917 2795 3126 2865 aliqua,
3159 2800 3254 2853 sed
3299 2782 3479 2857 omnia
3512 2805 3580 2859 de

1995 2872 2252 2928 cordibus
2279 2877 2476 2932 vestris
2497 2879 2708 2936 debetis
2734 2881 2997 2940 fratribus
3020 2887 3222 2942 donare
3248 2893 3574 2948 commissa:

1989 2963 2116 3033 quia
2141 2962 2497 3032 iustissimum
2531 2978 2615 3026 est
2634 2973 2775 3041 apud
2804 2973 2972 3029 Deum
3003 2986 3060 3030 ut
3081 2977 3236 3048 juxta
3267 2995 3575 3038 mensuram

1989 3054 2206 3122 pictatis
2239 3056 2390 3126 ejus,
2423 3073 2528 3127 qua
2569 3070 2757 3117 nostra
2787 3063 3008 3120 donavit
3045 3068 3203 3139 nobis
3226 3070 3440 3138 delicta,
3477 3074 3578 3129 do-

306 3173 461 3210 mum
502 3165 680 3225 potest
707 3159 978 3230 designarl
1014 3159 1259 3215 Ecclesia
1292 3159 1526 3225 Christi,
1572 3162 1883 3217 universum
1911 3160 1954 3222 C
1986 3162 2177 3202 “emus
2200 3163 2299 3204 n03
2328 3148 2589 3207 fratribus
2618 3155 2803 3208 omnia
2843 3171 2966 3225 (lu:l3
2995 3158 3051 3212 in
3093 3161 3248 3216 “Obis
3290 3165 3578 3221 commise-

303 3247 502 3302 diffusa
529 3265 628 3318 per
653 3251 863 3316 orbem,
887 3251 939 3304 in
963 3267 1069 3321 qua
1091 3260 1216 3307 sunt
1237 3268 1365 3308 vasa
1393 3269 1578 3317 aurea,
1608 3255 1886 3309 hominum

299 3339 558 3394 videlicet
587 3340 752 3395 corda
782 3341 1052 3396 intellectu
1092 3343 1360 3413 spirituali
1388 3344 1590 3414 repleta
1609 3384 1625 3410 ,
1662 3354 1718 3400 ct
1745 3345 1889 3401 velut

304 3445 445 3484 auro
464 3431 665 3502 obryzo
691 3432 855 3487 variis
885 3434 1174 3489 virtutibus
1211 3436 1507 3490 rutilantia.
1549 3435 1686 3491 Sunt
1713 3445 1768 3492 et
1801 3453 1888 3490 ar-

304 3531 523 3592 gentea,
552 3523 726 3579 nitore
755 3524 1072 3595 eloquentiae
1099 3527 1244 3581 clara
1263 3569 1278 3593 ,
1323 3537 1378 3582 et
1423 3527 1596 3583 ofﬁcio
1623 3529 1887 3597 praedica-

307 3614 476 3667 tionis
512 3614 810 3683 perlucida.
857 3615 995 3670 Sunt
1039 3625 1094 3671 et
1140 3617 1352 3688 lignea,
1385 3618 1613 3687 superba
1659 3619 1885 3685 scilicet,

305 3701 473 3755 stulta
500 3711 556 3756 et
579 3703 910 3767 insensibilia
949 3705 1130 3759 corda.
1159 3706 1299 3760 Sunt
1337 3715 1388 3760 et
1429 3706 1643 3771 ﬁctilia,
1678 3705 1886 3777 fragilia

304 3807 525 3861 quoque
546 3803 602 3847 et
630 3801 843 3848 terrena
871 3794 938 3849 de
973 3803 1115 3849 terra
1147 3804 1382 3866 sumpta,
1418 3804 1472 3850 et
1494 3797 1724 3850 terrenis
1755 3796 1888 3850 acti-

303 3885 411 3937 bus
438 3884 638 3938 dedita.
673 3884 780 3940 Sed
819 3901 984 3941 aurea
1020 3895 1076 3940 et
1121 3896 1407 3958 argentea,
1451 3889 1505 3940 in
1548 3888 1648 3942 bac
1691 3903 1883 3957 magna

303 3972 509 4027 Christi
542 3974 806 4040 Ecclesia,
837 3976 1042 4032 honore
1077 3986 1202 4032 sunt
1233 3979 1390 4049 digna
1416 3997 1428 4031 :
1470 3978 1574 4044 Qui
1601 3981 1738 4033 enim
1759 4019 1773 4044 ,
1811 3980 1886 4034 ait

303 4062 616 4131 Apostolus,
657 4065 782 4118 bene
824 4067 1253 4132 ministraverint,
1283 4067 1481 4138 duplici
1519 4068 1712 4122 honore
1740 4069 1885 4139 digni

304 4152 601 4206 habeantur
626 4154 677 4223 (Ι
713 4154 842 4208 Tim.
874 4155 950 4223 v).
975 4156 1173 4227 Lignea
1204 4166 1382 4211 autem
1409 4166 1462 4211 et
1484 4158 1666 4213 ﬁctilia
1689 4160 1883 4214 merito

303 4251 440 4297 sunt
475 4245 526 4298 in
573 4247 913 4311 contumelia,
945 4249 1069 4316 quia
1101 4257 1334 4303 mentem
1376 4250 1636 4306 habentes
1664 4252 1880 4306 stultam

303 4336 471 4397 atque
499 4331 806 4399 superbam,
834 4331 1044 4386 Domini
1073 4335 1154 4387 sui
1180 4333 1333 4401 ’justa
1373 4350 1477 4388 non
1510 4337 1881 4392 custodierunt

301 4428 592 4490 praecepta.
625 4421 770 4476 Dixit
795 4433 980 4478 sancta
1010 4422 1314 4495 Syncletice
1338 4440 1352 4478 :
1390 4425 1524 4493 Quia
1549 4443 1646 4496 per
1673 4428 1879 4483 discre-

302 4511 509 4564 tionem
537 4521 750 4582 oportet
773 4528 871 4568 nos
894 4513 1103 4568 animas
1131 4516 1461 4585 gubernare,
1501 4525 1556 4571 et
1577 4518 1630 4571 in
1656 4533 1881 4588 congre—

299 4599 521 4668 gatione
549 4610 850 4667 manentes,
894 4617 1000 4657 non
1043 4619 1162 4671 qua:
1200 4614 1384 4659 nostra
1432 4615 1559 4660 sunt
1605 4623 1877 4677 quaerere,

301 4703 481 4757 neque
501 4693 706 4745 servire
727 4693 954 4762 propriae
974 4695 1262 4750 voluntati:
1289 4697 1380 4752 sed
1402 4699 1693 4753 secundum
1719 4699 1877 4755 ﬁdem

299 4779 454 4832 Patri
479 4781 746 4848 spirituali
777 4783 1014 4838 obedire.
1048 4785 1193 4840 Dixit
1226 4789 1446 4856 quidam
1474 4804 1639 4845 senex
1669 4809 1680 4844 :
1731 4789 1881 4845 Nun-

299 4887 466 4940 quam
489 4873 786 4928 desideravi
812 4890 946 4944 opus
966 4878 1109 4946 quod
1137 4879 1266 4932 mihi
1292 4881 1423 4935 utile
1443 4889 1612 4946 esset,
1638 4891 1695 4936 et
1722 4882 1879 4938 fratri

298 4976 428 5014 ineo
440 4961 776 5030 dispendium
795 4965 993 5031 facere,
1008 4966 1309 5034 hujusmodi
1332 4970 1536 5026 habens
1562 4987 1732 5040 spem,
1750 4974 1874 5043 quia

296 5047 512 5104 lucrum
536 5050 722 5107 fratris
752 5055 856 5109 mei
883 5055 1474 5124 opusfructiﬁcationis
1500 5070 1581 5117 est
1608 5063 1758 5118 mihi.

865 5143 1092 5202 CAPUT
1135 5147 1318 5203 LXVI.

437 5224 500 5280 Ut
524 5229 670 5284 nobis
699 5242 880 5288 mutuo
905 5235 1070 5305 culpa:
1097 5236 1420 5294 dimittamus
1448 5242 1732 5311 querelam.

372 5314 634 5375 Dominus
660 5321 715 5375 in
753 5322 1047 5394 Evangelio
1083 5327 1193 5381 ait:
1235 5327 1294 5384 Si
1323 5331 1479 5399 offers
1515 5349 1704 5387 munus
1727 5344 1874 5387 tuum

296 5406 368 5457 ad
391 5407 582 5474 altare,
606 5419 654 5462 et
690 5413 992 5469 recordatus
1017 5415 1178 5484 fueris
1214 5419 1337 5488 quia
1381 5420 1546 5488 frater
1571 5432 1692 5477 tuus
1719 5424 1869 5477 habet

295 5493 498 5563 aliquid
528 5498 803 5554 adversum
831 5511 881 5556 te
903 5542 919 5569 ,
969 5505 1197 5576 relinque
1223 5507 1292 5560 ibi
1331 5525 1519 5564 munus
1557 5521 1705 5566 tuum
1749 5525 1870 5568 ante

294 5583 481 5648 altare,
512 5596 558 5639 et
596 5590 722 5643 vade
750 5592 895 5660 prius
937 5595 1264 5649 reconciliari
1297 5599 1452 5665 fratri
1493 5609 1618 5664 tuo,
1659 5612 1706 5654 et
1745 5613 1868 5656 tunc

294 5670 521 5729 veniens.
554 5674 736 5738 oﬂ'ercs
766 5687 1122 5732 munustuum
1147 5679 1358 5744 (Matth.
1397 5683 1471 5749 v).
1516 5683 1626 5739 Hoc
1670 5700 1867 5753 pnece~

1991 3246 2116 3291 runt
2135 3247 2390 3307 peccata;
2426 3250 2484 3295 ut
2507 3241 2676 3296 libere
2701 3243 2813 3299 Deo
2833 3246 3014 3302 dicere
3044 3249 3341 3317 valeamus,
3364 3253 3578 3309 Dimitte

1991 3328 2137 3382 nobis
2157 3329 2330 3382 debita
2353 3340 2552 3397 nostra,
2569 3333 2703 3387 sicut
2731 3343 2780 3388 et
2803 3352 2898 3390 nos
2923 3337 3233 3394 dimittimus
3258 3341 3575 3398 debitoribus

1989 3417 2179 3469 nostris
2206 3415 2423 3485 (Matth.
2450 3421 2524 3493 vi)
2546 3460 2560 3484 ,
2591 3436 2656 3476 ac
2683 3436 2779 3490 per
2814 3423 2919 3478 hoc
2943 3439 3135 3482 omnes
3159 3428 3343 3497 culpas
3371 3445 3492 3499 qua:
3519 3433 3575 3486 in

1987 3507 2143 3561 nobis
2164 3510 2593 3574 committuntur,
2625 3511 2798 3580 parati
2828 3513 2995 3567 simus
3017 3515 3318 3583 ignoscere,
3342 3519 3387 3573 si
3417 3521 3573 3578 nobis

1988 3602 2360 3659 desideramus
2404 3605 2628 3675 ignosci.
2674 3606 2845 3662 Nemo
2895 3618 3084 3664 contra
3130 3627 3190 3666 se
3235 3620 3421 3669 teneat
3464 3631 3573 3672 non

1989 3692 2342 3758 remittendo,
2383 3709 2452 3749 ne
2494 3703 2680 3750 contra
2727 3696 2879 3752 illum
2927 3705 3213 3767 teneatur,
3267 3719 3375 3758 non
3421 3705 3573 3776 igno-

1987 3781 2204 3836 scendo.
2239 3783 2330 3837 Ait
2354 3799 2587 3854 namque
2617 3785 2880 3842 Dominus
2900 3789 2967 3844 de
2993 3806 3152 3847 servo
3181 3808 3415 3864 nequam
3433 3837 3448 3863 ,
3477 3800 3570 3869 qui

1987 3871 2160 3926 noluit
2183 3887 2449 3929 conservo
2477 3890 2575 3930 suo
2599 3877 2877 3933 remittere
2904 3880 3113 3951 culpam
3141 3901 3154 3936 :
3195 3882 3376 3940 Iratus
3399 3887 3568 3943 domi-

1987 3980 2084 4018 nus
2105 3965 2237 4034 ejus,
2263 3967 2481 4019 tradidit
2505 3984 2622 4021 eum
2646 3970 2950 4037 tortoribus,
2968 3974 3310 4046 quoadusque
3337 3978 3570 4034 redderet

1986 4057 2282 4110 universum
2328 4056 2560 4111 debitum
2606 4058 2822 4127 (Matth.
2853 4063 3033 4132 xviii).
3069 4064 3234 4135 Cujus
3261 4068 3566 4136 exemplum

1985 4162 2178 4202 cavere
2203 4163 2299 4202 nos
2318 4149 2590 4213 admonet,
2617 4151 2833 4206 dicens:
2875 4151 2963 4206 Sic
2987 4163 3034 4206 et
3057 4152 3222 4209 Pater
3246 4173 3390 4212 meus
3418 4159 3568 4214 coale-

1982 4240 2075 4292 stis
2103 4240 2257 4309 faciet
2278 4241 2418 4318 vobis
2441 4256 2459 4293 :
2496 4243 2542 4297 si
2566 4259 2667 4297 non
2690 4245 3015 4312 remiseritis,
3035 4251 3388 4322 unusquisque
3409 4253 3566 4322 fratri

1981 4347 2077 4384 suo
2120 4332 2184 4385 de
2223 4332 2464 4387 cordibus
2490 4337 2670 4388 vestris
2714 4335 2924 4408 (Ibid.).
2959 4337 3068 4394 Nec
3089 4340 3238 4396 dicas
3267 4343 3320 4397 in
3347 4344 3526 4416 lingua
3545 4387 3562 4414 ,

1983 4421 2225 4490 ignosco,
2245 4431 2302 4477 et
2329 4427 2493 4479 corde
2535 4423 2770 4481 differas.
2802 4427 3200 4486 Conscientiam
3237 4435 3380 4490 enim
3411 4445 3562 4494 tuam

1905 4497 1958 4555 D
1985 4514 2126 4568 Deus
2171 4514 2405 4585 inspicit.
2443 4516 2536 4572 Vis
2573 4532 2704 4588 ergo
2743 4526 2804 4572 ut
2848 4520 2942 4574 tibi
2974 4521 3114 4576 Deus
3155 4526 3335 4580 omnia
3381 4527 3560 4584 debita

1983 4602 2254 4657 dimittat?
2277 4605 2494 4660 Dimitte
2517 4614 2573 4661 et
2595 4616 2650 4661 tu
2670 4609 2849 4663 omnia
2873 4611 3100 4666 debitori
3123 4622 3234 4668 tuo.
3265 4615 3412 4673 Hanc
3432 4633 3562 4690 ergo

1983 4695 2221 4765 regulam
2249 4698 2426 4766 ponis,
2451 4697 2555 4753 hoc
2580 4708 2741 4768 pacto
2762 4708 2816 4755 et
2842 4701 3040 4772 placito
3067 4719 3190 4758 cum
3215 4705 3325 4762 Deo
3357 4709 3561 4782 obliga-

1981 4785 2084 4850 ris,
2112 4801 2234 4841 cum
2258 4786 2432 4842 dicis:
2467 4787 2683 4842 Dimitte
2709 4789 2855 4845 nobis
2888 4792 3061 4846 debita
3095 4806 3303 4863 nostra,
3338 4799 3473 4854 sicut
3511 4810 3559 4857 et

1982 4893 2074 4932 nos
2099 4877 2408 4933 dimittimus
2448 4879 2766 4936 debitoribus
2805 4884 2996 4938 nostris
3027 4885 3242 4958 (Matth.
3283 4891 3380 4962 vr).
3422 4892 3558 4953 llinc

1979 4976 2034 5022 et
2056 4969 2160 5023 alio
2185 4968 2304 5024 loco
2324 4970 2582 5026 Dominus
2600 4971 2707 5025 ait:
2729 4971 2992 5029 Dimittite
3011 4986 3060 5029 et
3083 4977 3376 5035 dimittetur
3395 4983 3554 5052 vobis,

1977 5058 2098 5112 date
2137 5067 2184 5112 ct
2225 5058 2439 5113 dabitur
2463 5060 2602 5116 vobis
2630 5059 2785 5131 (Luc.
2815 5061 2911 5135 vr).
2958 5063 3322 5139 Interrogatus
3361 5082 3446 5127 est
3472 5089 3558 5128 se-

1977 5163 2102 5213 nex,
2128 5148 2265 5214 Quid
2290 5157 2376 5204 est
2399 5149 2716 5205 humilitas?
2750 5151 2819 5207 Et
2849 5152 2940 5208 ille
2968 5159 3282 5226 respondit:
3321 5160 3377 5216 Si
3426 5178 3553 5232 pec-

1976 5239 2121 5294 canti
2153 5241 2207 5293 in
2239 5250 2290 5295 te
2317 5239 2474 5295 fratri
2504 5241 2792 5311 ignoveris,
2821 5253 3111 5316 antequam
3141 5252 3279 5321 apud
3302 5261 3354 5306 te
3379 5255 3556 5323 poeni—

1975 5330 2198 5383 tentiam
2225 5339 2372 5401 agat,
2401 5340 2455 5386 et
2485 5331 2793 5390 benefacias
2820 5335 2889 5390 iis
2914 5339 3008 5407 qui
3048 5339 3144 5395 tibi
3185 5341 3549 5396 malefaciant.

1976 5407 2122 5473 Dixit
2145 5420 2314 5475 abbas
2340 5421 2606 5479 Antonius
2630 5442 2642 5477 :
2679 5423 2813 5491 Quia
2853 5427 2920 5483 de
2946 5430 3193 5496 proximo
3216 5437 3299 5484 est
3325 5444 3471 5482 mors
3496 5441 3552 5485 ct

1975 5509 2104 5563 vita.
2134 5509 2191 5564 Si
2224 5510 2367 5566 enim
2394 5511 2668 5568 lucremur
2707 5514 2947 5582 fratrem,
2989 5518 3317 5572 lucrabimur
3335 5518 3504 5574 Deum
3532 5537 3547 5589 ;

1975 5601 2020 5654 si
2051 5610 2231 5654 autem
2257 5603 2682 5661 scandalizemus
2711 5605 2955 5672 fratrem,
2985 5608 3038 5660 in
3063 5606 3333 5664 Christum
3358 5623 3549 5679 pecca-

1975 5705 2110 5744 mus.
2145 5689 2367 5747 Dicebat
2400 5694 2566 5749 abbas
2612 5695 2948 5766 llyperitius:
2983 5695 3143 5765 Eripe
3180 5699 3490 5767 proximum
3517 5714 3544 5753 a
