3960 6206
353 310 460 366 663

356 524 506 578 niam
533 523 910 576 convertentea
933 514 1076 568 Deus
1116 527 1224 566 non
1267 508 1476 578 repellit
1513 523 1544 562 a
1586 523 1664 562 se.
1697 506 1936 560 Verbum

358 620 538 667 autem
565 607 784 662 malitia:
823 612 879 659 et
917 601 1170 670 nequitia:
1194 615 1300 655 non
1343 599 1546 654 habeas
1573 597 1628 650 in
1651 595 1815 652 corde
1842 602 1940 648 tuo

359 705 619 759 adversus
659 697 884 752 fratrem
928 703 1078 749 tuum
1099 734 1114 759 ,
1160 699 1222 747 ut
1261 691 1436 760 possis
1471 689 1684 744 dicere:
1725 686 1937 739 Dimitte

359 794 514 847 nobis
552 790 724 844 debita
772 796 972 850 nostra,
1002 787 1136 840 sicut
1180 794 1230 837 et
1266 797 1360 835 nos
1396 779 1705 832 dimittimus
1742 773 1942 827 debito-

360 884 506 937 ribus
552 880 743 935 nostris
792 876 1017 948 (Matth.
1051 875 1165 946 τι).
1206 873 1290 927 Βε
1332 873 1437 927 hoc
1463 867 1698 939 capitulo
1728 875 1785 922 et
1811 864 1937 920 alibi

362 975 622 1043 scriptum
649 979 732 1025 est
756 979 769 1024 ι
810 965 877 1021 Ut
903 969 1021 1022 sitis
1041 969 1154 1020 sine
1187 963 1421 1036 querela,
1451 971 1499 1015 et
1520 958 1778 1028 simplices
1806 958 1940 1010 sicut

364 1064 464 1134 ﬁlii
505 1063 604 1118 Dei
636 1059 804 1133 (Phil.
837 1060 922 1128 ιι).
969 1058 1062 1112 llle
1099 1057 1244 1112 enim
1289 1054 1408 1109 sine
1453 1050 1672 1120 querela
1701 1057 1786 1104 est
1825 1047 1941 1117 qui,

363 1162 626 1226 quantum
653 1150 920 1221 fragilitas
948 1147 1213 1218 permittit
1253 1145 1511 1207 humana,
1551 1141 1719 1194 vitam
1764 1137 1946 1193 studet

365 1245 564 1299 ducere
589 1243 708 1296 sine
732 1240 908 1308 culpa.
931 1236 1216 1304 Querelam
1245 1241 1434 1289 contra
1462 1231 1630 1285 Deum
1655 1228 1740 1284 vel
1764 1227 1947 1298 proxi-

366 1347 516 1390 mum
552 1331 842 1387 commissa
876 1328 1102 1383 suscitat
1147 1325 1322 1394 culpa.
1358 1323 1500 1394 Ergo
1529 1321 1618 1375 ille
1655 1320 1788 1374 vivit
1829 1319 1948 1373 sine

368 1425 590 1498 querela
614 1425 705 1494 qui
741 1439 848 1478 non
888 1422 1037 1477 ducit
1077 1421 1243 1474 vitam
1283 1418 1432 1472 vitiis
1459 1415 1806 1476 sordidatam,
1847 1425 1954 1466 nec

371 1515 662 1572 committit
688 1513 899 1581 culpam
921 1511 1062 1565 unde
1094 1509 1168 1563 illi
1196 1507 1343 1576 juste
1371 1506 1635 1561 inferatur
1657 1501 1896 1571 querela.

920 1643 1147 1700 CAPUT
1181 1641 1386 1698 LXVII.

1631 294 1989 354 SMARAGDI
2028 293 2201 348 ΑΒΒΔ
2209 291 2310 349 TIS

343 421 614 502 peccatis,
630 433 834 496 quanta
855 423 953 482 tibi
977 422 1151 476 virtus
1171 425 1275 485 est,
1298 414 1784 485 sine‘improperio,
1805 425 1940 480 quo-
1965 410 2012 468 Α

2581 401 2807 458 CAPUT
2844 399 3069 471 vatu.

2273 491 2547 559 Quomodo
2578 494 2734 546 homo
2762 490 3061 560 lucrifaciat
3087 488 3372 543 Christum.

2109 587 2167 642 Si
2196 587 2319 657 quis
2346 585 2644 642 monachus
2671 582 3062 659 mortiﬁeauerit
3097 580 3327 636 membra
3363 597 3462 635 sua
3499 596 3621 652 qua

2037 689 2159 735 sunt
2204 694 2360 748 super
2391 687 2618 741 terram,
2665 684 2714 730 et
2751 672 2937 728 tollens
2967 685 3173 726 crucem
3214 688 3368 728 suam
3409 681 3622 727 secutus

2039 770 2197 840 fuerit
2227 770 2492 824 Christum
2523 765 2748 839 (Coloss.
2777 781 2872 830 ut;
2899 763 3089 818 Matth.
3115 761 3254 832 ιιι),
3293 771 3350 818 ει
3375 772 3624 819 mortuus

2039 861 2242 916 mundo
2261 901 2278 926 ,
2307 869 2364 916 et
2391 868 2651 930 tropatum
2692 856 3132 934 mortiﬁcationis
3171 870 3285 910 sum
3328 856 3626 912 Dominicae

2039 951 2308 1019 passionis
2347 950 2577 1004 alliserit
2614 948 2792 1018 ligno,
2836 947 2911 1000 ita
2953 953 3014 999 ut
3057 946 3239 1000 dicere
3285 947 3454 1015 possit
3495 963 3625 1002 cum

2041 1039 2246 1094 Paulo:
2293 1038 2408 1108 Ego
2443 1051 2537 1108 per
2571 1038 2732 1107 legem
2776 1035 2878 1106 legi
2916 1044 3152 1089 mortuus
3203 1052 3352 1102 sunt,
3404 1045 3465 1089 ut
3512 1035 3626 1090 Deo

2041 1132 2226 1192 vivam,
2259 1126 2465 1184 Christo
2495 1129 2733 1197 conﬁxus
2763 1127 2906 1180 cruci
2949 1125 3094 1197 (Gal.
3140 1123 3238 1196 tt),
3280 1126 3383 1180 iste
3423 1128 3629 1197 poterit

2044 1221 2367 1277 lucrifacere
2389 1221 2686 1276 Christum.
2731 1218 2981 1274 Christus
3020 1217 3166 1272 enim
3199 1225 3252 1272 et
3293 1217 3544 1283 Veritas,
3572 1226 3630 1272 et

2046 1311 2324 1376 Charitas,
2357 1319 2412 1366 et
2455 1309 2754 1380 Sapientia,
2795 1317 2852 1364 et
2895 1308 3145 1373 Iustitia,
3173 1317 3229 1362 et
3257 1307 3629 1365 Sanctiﬁcatio

2047 1406 2263 1462 dicitur.
2279 1404 2378 1470 Qui
2403 1404 2550 1458 enim
2569 1404 2684 1458 haec
2706 1401 2887 1456 omnia
2913 1400 3017 1455 sibi
3044 1399 3181 1455 bene
3193 1400 3422 1454 vivendo
3441 1401 3630 1470 acqui-

2048 1496 2140 1561 rit,
2166 1494 2440 1550 Christum
2469 1491 2656 1561 procul
2688 1489 2852 1544 dubio
2880 1488 3178 1553 lucrifacit,
3220 1489 3305 1542 vel
3343 1497 3494 1544 certe
3535 1490 3629 1558 qui

2050 1583 2275 1638 fratrem
2295 1597 2472 1646 suum,
2488 1580 2581 1649 qui
2601 1578 2804 1635 Christi
2829 1586 2914 1632 est
2937 1578 3256 1640 membrum,
3286 1577 3633 1646 praedicando

2050 1687 2105 1734 et
2131 1678 2328 1734 bonum
2355 1674 2658 1744 exemplum“
2693 1671 3026 1728 ostendendo
3052 1671 3319 1735 lueretur,
3353 1669 3634 1725 Christum

375 1764 454 1821 De
478 1777 540 1816 ιο
563 1758 702 1829 (Ιαοά
728 1756 826 1826 ﬁlii
979 1770 1184 1833 “P3”,
1225 1761 1272 1806 ⁸⁸
1311 1752 1565 1833 “med”:
1594 1759 1644 1804 ⁸⁸
1668 1748 1948 1804 “Medum
1977 1757 2024 1817 Β
2052 1767 2338 1824 lucrifacit.
2369 1765 2568 1820 Beatus
2589 1764 2732 1818 enim
2758 1763 3088 1833 Augustinus
3113 1762 3226 1816 ait:
3253 1760 3313 1816 Si
3339 1762 3470 1830 quid
3494 1761 3638 1818 forte

877 1823 1010 1894 ejus,
1039 1822 1225 1893 illeque
1248 1832 1446 1875 nostra.

445 1962 584 2017 Hinc
611 1958 810 2014 Paulus
831 1956 943 2010 ait:
981 1953 1244 2019 Quoniam
1263 1954 1386 2007 estis
1405 1951 1504 2020 ﬁlii
1524 1951 1645 2015 Dei,
1671 1951 1810 2004 misit
1833 1947 1953 2019 Spio

377 2055 536 2108 ritum
565 2048 693 2102 Filii
715 2047 796 2101 sui
816 2047 870 2098 in
897 2043 1059 2098 corda
1078 2053 1270 2106 vestra,
1291 2041 1602 2096 clamantem
1623 2039 1769 2092 Abba
1791 2037 1955 2092 Pater

378 2139 524 2211 (Cal.
557 2136 654 2208 tv).
681 2135 968 2204 Nunquam
1007 2131 1152 2186 enim
1190 2131 1513 2185 auderemus
1541 2128 1750 2194 dicere,
1794 2126 1955 2181 Pater

379 2241 552 2288 noster
576 2229 666 2300 qui
694 2243 747 2282 es
776 2227 833 2280 in
858 2223 1019 2288 aulis,
1045 2222 1149 2276 nisi
1171 2222 1236 2276 de
1264 2220 1595 2276 conscientia
1617 2220 1836 2288 spiritus
1857 2219 1955 2276 ha-

378 2326 601 2382 bitantis
630 2324 685 2378 in
714 2321 889 2376 nobis.
917 2319 988 2376 llt
1009 2319 1156 2374 enim
1183 2317 1540 2388 probaremur
1573 2316 1810 2386 ad0ptati
1833 2330 1956 2371 esse

379 2435 411 2473 a
439 2418 551 2472 Deo
588 2416 646 2469 in
675 2413 831 2477 filios,
865 2411 1127 2482 Spiritum
1156 2424 1314 2464 suum
1355 2407 1504 2464 dedit
1533 2409 1711 2473 nobis,
1753 2408 1846 2478 qui
1877 2408 1954 2462 si-

380 2523 543 2578 gnum
570 2506 749 2560 Patris
781 2502 1034 2558 ostendat
1054 2514 1176 2556 esse
1205 2501 1260 2554 in
1281 2499 1425 2565 filiis,
1454 2509 1516 2554 ut
1544 2501 1838 2567 audeamus
1871 2499 1952 2554 di-

380 2613 544 2656 cere:
582 2597 751 2662 Abba,
777 2595 921 2667 quod
949 2603 1033 2649 est
1053 2593 1236 2657 Pater,
1263 2592 1408 2662 quod
1434 2591 1635 2646 Judazis
1662 2592 1840 2647 dicere
1860 2591 1958 2646 du-

381 2695 508 2749 dum
532 2709 640 2747 non
683 2691 859 2745 fuerat
885 2701 1238 2744 concessum:
1275 2685 1463 2756 Itaque
1480 2685 1600 2755 jam
1638 2701 1742 2738 non
1777 2701 1960 2740 sumus

380 2786 535 2848 servi,
561 2783 652 2836 sed
685 2781 804 2850 lilii.
847 2779 1003 2845 Quod
1048 2779 1095 2832 si
1148 2777 1270 2846 ﬁlii,
1305 2786 1352 2831 et
1394 2776 1625 2830 hceredes
1655 2792 1750 2846 per
1789 2774 1959 2829 Deum

383 2871 528 2944 (Cal.
554 2871 652 2944 IV),
683 2871 736 2926 id
760 2877 877 2932 est,
923 2869 970 2923 si
1014 2867 1108 2922 filii
1139 2879 1342 2928 sumus,
1385 2872 1780 2935 consequenter
1804 2863 1964 2918 nobis

384 2964 608 3019 debetur
635 2961 921 3017 hatreditas
943 2960 1153 3025 Patris;
1176 2968 1236 3013 ut
1259 2959 1526 3029 quomodo
1554 2957 1814 3026 Spiritum
1838 2955 1960 3009 Filii

2048 1873 2364 1931 perversum
2385 1857 2605 1921 videris,
2626 1864 2810 1924 satage
2833 1857 3126 1924 corrigere,
3141 1861 3194 1909 et
3213 1853 3505 1908 emendare
3523 1868 3637 1908 non

2051 1963 2250 2005 cesses.
2284 1946 2392 2001 Fac
2420 1945 2685 2016 quidquid
2709 1953 2884 2016 potes
2925 1959 3026 2014 pro
3060 1958 3290 2013 persona
3319 1958 3484 2012 quam
3509 1959 3641 2012 por_-

2051 2045 2154 2092 tas.
2184 2035 2300 2092 Noli
2339 2036 2617 2106 quiescere
2657 2033 2855 2088 lucrari
2899 2033 3172 2089 Christum
3196 2074 3210 2098 ,
3242 2035 3369 2102 quia
3396 2032 3644 2088 lucratus

2052 2144 2112 2185 es
2138 2145 2170 2184 a
2203 2128 2442 2184 Christo.
2473 2127 2608 2181 Nam
2636 2134 2690 2180 et
2714 2127 3010 2181 secundum
3038 2126 3449 2198 intelligentiam
3478 2124 3648 2192 hujus

2053 2222 2354 2285 sententiae,
2385 2219 2478 2290 qui
2499 2218 2748 2288 intelligit
2771 2218 2853 2273 sui
2877 2233 3040 2272 causa
3064 2217 3340 2272 Christum
3361 2218 3647 2273 hominem

2055 2311 2274 2373 factum,
2300 2321 2542 2378 passum,
2575 2314 2630 2362 et
2655 2315 2948 2370 mortuum,
2979 2312 3032 2360 et
3061 2321 3091 2358 a
3116 2306 3345 2360 mortuis
3386 2319 3647 2361 resurre-

2055 2402 2220 2466 xisse,
2243 2400 2371 2454 etin
2397 2397 2568 2454 caelos
2594 2396 2922 2462 ascendisse,
2945 2403 2999 2450 et
3024 2395 3220 2464 spretis
3247 2395 3501 2450 omnibus
3523 2409 3656 2464 quae

2056 2500 2182 2548 sunt
2205 2490 2387 2544 mundi
2422 2497 2570 2545 recto
2589 2503 2752 2544 cursu
2779 2502 2902 2542 eum
2935 2486 3097 2541 fuerit
3119 2495 3357 2550 secutus,
3382 2494 3445 2540 ιιι
3464 2486 3654 2556 ipsum

2057 2581 2331 2638 Christum
2357 2579 2743 2649 apprehendat,
2773 2593 2804 2631 a
2830 2592 2937 2647 quo
2961 2585 3045 2632 est
3071 2577 3517 2645 comprehensus,
3541 2576 3656 2631 iste

2059 2671 2291 2727 feliciter
2316 2668 2586 2724 lucrifacit
2609 2667 2910 2724 Christum.
2949 2667 3086 2721 llinc
3111 2673 3166 2720 et
3194 2665 3319 2720 alibi
3345 2664 3489 2719 idem
3517 2680 3659 2735 apo-

2060 2766 2229 2822 stolus
2262 2766 2340 2819 ait
2378 2783 2389 2817 :
2424 2763 2557 2818 Mihi
2601 2772 2778 2818 autem
2815 2762 2952 2816 absit
2994 2761 3215 2831 gloriari
3269 2759 3369 2814 nisi
3407 2758 3463 2811 in
3491 2774 3658 2810 cruce

2060 2856 2272 2910 Domini
2314 2855 2480 2908 nostri
2507 2853 2636 2909 Jesu
2662 2850 2889 2916 Christi,
2924 2865 3018 2921 per
3053 2866 3204 2921 quem
3248 2850 3378 2902 mihi
3416 2846 3658 2902 mundus

2061 2949 2344 3017 cruciﬁxus
2374 2955 2449 3002 est
2471 2955 2519 3000 et
2547 2961 2639 3016 ego
2670 2944 2866 2998 mundo
2905 2940 3048 3015 (Gal.
3073 2941 3173 3012 Vl).
3207 2940 3321 2994 Non
3353 2940 3406 2993 in
3427 2937 3657 3008 propria

387 3052 478 3108 Dei
513 3051 863 3120 accipientes,
907 3048 1032 3103 facti
1078 3028 1422 3112 sumusﬁlii,
1464 3050 1536 3101 ita
1567 3047 1622 3100 in
1656 3047 1959 3101 libertatem
1988 3081 2032 3142 Ο
2057 3038 2267 3108 iustitia
2296 3037 2516 3109 gloriari
2547 3036 2707 3090 debet
2728 3034 3044 3098 monachus,
3070 3031 3156 3087 vel
3184 3032 3238 3086 in
3267 3031 3512 3085 doctrina
3544 3028 3656 3083 ali-

383 3144 453 3196 «ιε
485 3140 747 3195 servitute
772 3137 989 3202 mutati,
1020 3138 1261 3191 haeredes
1287 3138 1458 3191 simus
1484 3137 1578 3190 Dei
1615 3136 1794 3190 Patris
1813 3176 1827 3201 ,
1871 3150 1964 3191 co-

383 3229 628 3286 haeredes
673 3234 853 3281 autem
895 3225 1022 3280 Jesu
1054 3227 1258 3281 Christi
1303 3225 1397 3279 lilii
1439 3225 1573 3294 ejus.
1614 3223 1746 3278 Nam
1776 3224 1965 3280 etalio

388 3325 505 3378 loco
549 3319 693 3373 idem
731 3318 809 3372 ait
840 3316 1130 3387 Apostolus
1169 3314 1363 3389 (Colos.
1396 3315 1470 3387 1):
1512 3313 1724 3370 Gratias
1756 3325 1964 3386 agentes

391 3411 498 3464 Deo
531 3410 684 3463 Patri
709 3410 798 3481 qui
823 3409 1008 3478 dignos
1035 3425 1128 3461 nos
1157 3406 1277 3475 fecit
1292 3409 1345 3461 in
1359 3415 1558 3477 partem
1584 3406 1739 3460 sortis
1764 3413 1967 3459 sancto-

389 3515 504 3552 rum
531 3499 585 3552 in
610 3498 827 3552 lumine.
867 3497 1002 3552 Pars
1041 3497 1202 3553 sortis
1233 3505 1574 3562 sanctorum,
1619 3494 1966 3566 congregatio

391 3601 475 3647 est
502 3591 760 3655 adunata,
785 3598 844 3644 et
866 3590 919 3644 in
948 3605 1056 3644 una
1082 3591 1339 3645 societate
1362 3590 1570 3659 juncta,
1591 3588 1830 3642 omnium
1857 3585 1967 3639 ele-

391 3690 626 3743 ctorum,
645 3682 785 3736 sicut
809 3689 863 3735 et
886 3680 1012 3734 alibi
1033 3681 1192 3736 dicit:
1231 3680 1334 3734 Vos
1357 3691 1530 3733 autem
1552 3679 1813 3732 Dominus
1831 3677 1968 3730 mul—

391 3772 585 3842 tiplicet
617 3771 667 3842 (1
699 3770 878 3823 Thess.
913 3768 1021 3839 ιιι),
1059 3769 1405 3834 subauditur,
1437 3770 1492 3823 in
1523 3783 1746 3822 numero
1771 3768 1968 3822 electo-

397 3877 516 3916 rum
541 3876 785 3924 suorum,
816 3870 874 3913 ut
901 3861 1017 3913 sitis
1037 3861 1205 3913 sancti
1231 3869 1278 3913 et
1313 3859 1656 3923 immaculati,
1682 3859 1734 3913 in
1765 3859 1969 3929 gremio

395 3953 602 4008 scilicet
635 3952 946 4021 congregati
982 3960 1312 4006 sanctorum.
1345 3951 1432 4006 Fit
1471 3967 1600 4022 ergo
1637 3967 1765 4022 pars
1809 3953 1983 4008 sortis.

393 4055 705 4101 sanctorum
731 4047 785 4100 in
807 4045 1009 4100 lumine
1025 4061 1038 4110 ;
1057 4053 1113 4099 et
1135 4041 1435 4099 illustratur
1462 4060 1493 4098 a
1515 4045 1736 4109 lumine,
1757 4045 1971 4115 quando

394 4137 452 4190 ﬁt
479 4136 533 4190 in
565 4135 803 4201 Christo,
837 4143 893 4190 et
932 4136 1234 4191 illustralur
1260 4151 1289 4189 a
1329 4134 1568 4201 Christo,
1598 4135 1724 4204 quia
1751 4137 1887 4192 solet
1917 4139 1969 4192 in

400 4235 548 4279 sorte
571 4224 860 4280 luereditas
886 4225 1201 4296 signiﬁcari,
1227 4224 1368 4278 sicut
1393 4224 1652 4292 scriptum
1683 4235 1793 4279 est:
1820 4225 1973 4280 Sorte

396 4315 571 4369 divisit
613 4316 688 4369 eis
733 4324 929 4370 terram
972 4316 1029 4369 in
1075 4314 1312 4384 funiculo
1357 4313 1738 4369 distributionis
1787 4314 1968 4386 (Psal.

2063 3146 2190 3200 qua,
2215 3131 2312 3184 sed
2337 3131 2390 3183 in
2424 3128 2528 3183 fide
2557 3127 2734 3183 crucis
2757 3125 2986 3188 Christi,
3011 3139 3110 3193 per
3134 3137 3295 3191 quem
3329 3120 3434 3175 sibi
3461 3119 3660 3174 omnia

2065 3231 2247 3292 sperat
2270 3220 2467 3275 dimitti
2495 3226 2734 3288 peccata.
2767 3217 2951 3271 Mutuo
2987 3230 3118 3285 ergo
3159 3213 3262 3268 sibi
3289 3212 3486 3266 mortui
3525 3225 3663 3266 esse

2064 3311 2281 3374 debent,
2312 3317 2367 3363 et
2397 3309 2629 3363 mundus
2653 3306 2917 3362 monacho
2937 3345 2953 3369 ,
2995 3312 3050 3360 et
3089 3302 3386 3358 monachus
3418 3300 3661 3356 mundo.

2065 3400 2134 3453 Et
2160 3397 2295 3453 nihil
2331 3396 2717 3466 concupiscam
2762 3396 2920 3451 debet
2962 3396 3263 3449 monachus
3292 3405 3480 3446 eorum
3526 3405 3664 3460 quae

2067 3499 2194 3546 sunt
2220 3489 2430 3554 mundi,
2461 3503 2564 3543 nec
2601 3488 2835 3542 mundus
2860 3487 3060 3541 habere
3089 3484 3249 3541 debet
3277 3482 3419 3554 quod
3449 3495 3664 3536 concu-

2065 3584 2237 3654 piscat
2262 3580 2315 3634 in
2341 3579 2624 3634 monacho.
2656 3577 2815 3633 Solus
2840 3592 2965 3647 ergo
2985 3583 3165 3644 potest
3185 3575 3240 3628 in
3264 3587 3426 3628 cruce
3444 3570 3664 3626 Christi

2069 3673 2288 3746 gloriari
2315 3691 2328 3726 :
2369 3673 2459 3743 qui
2483 3671 2619 3725 tollit
2653 3687 2793 3736 eam,
2821 3680 2868 3724 et
2891 3670 3126 3739 sequitur
3153 3665 3510 3720 Saluatorem:
3547 3663 3662 3729 Qui

2069 3764 2325 3833 eruci/igit
2368 3779 2578 3816 carnem
2615 3777 2768 3815 suam
2807 3776 2924 3815 cum
2958 3759 3096 3814 uitiis
3122 3766 3169 3810 et
3195 3755 3662 3823 concupiscentiis,

2068 3856 2156 3926 qui
2179 3863 2416 3908 mortuus
2445 3861 2520 3907 est
2547 3852 2765 3916 mundo,
2795 3860 2842 3905 et
2883 3866 2988 3904 non
3014 3845 3393 3916 contemplatur
3434 3861 3496 3898 ea
3535 3861 3664 3914 qua:

2072 3944 2332 4008 ridentur,
2357 3943 2446 3996 sed
2468 3959 2584 4012 quae
2609 3957 2713 3995 non
2737 3940 2980 3995 videntur
2997 3948 3046 3994 et
3066 3947 3261 3993 ceterna
3287 3945 3406 3990 sunt
3427 3933 3660 4008 (Matth.

2071 4051 2194 4101 xw;
2229 4031 2348 4089 Cal.
2380 4049 2433 4099 v;
2464 4033 2526 4086 ΙΙ
2555 4031 2677 4087 Cor.
2708 4030 2808 4103 ιν).

2633 4142 2861 4198 CAPUT
2901 4141 3084 4196 LXIX.

2071 4237 2149 4290 De
2169 4251 2228 4289 eo
2257 4234 2396 4305 quod
2426 4233 2640 4289 Domini
2669 4249 2868 4313 semper
2895 4250 2927 4285 a
2967 4231 3234 4285 monachis
3273 4231 3665 4284 annuntientur

2740 4311 2785 4355 υἱ
2792 4311 2970 4355 rtutes.

396 4407 619 4478 uxvn).
654 4408 908 4462 Dicamus
936 4407 1064 4476 quia
1103 4407 1242 4461 sicut
1276 4405 1452 4460 omnis
1476 4404 1770 4460 electorum
1795 4421 1966 4476 popu-
1993 4421 2046 4481 Β
2145 4397 2282 4452 Hinc
2302 4395 2496 4450 Petrus
2523 4394 2795 4465 apostolus
2829 4394 2939 4447 ait:
2974 4391 3040 4445 Ut
3068 4394 3285 4446 virtutes
3327 4392 3664 4445 annuntietis

401 4494 504 4561 lus,
532 4510 659 4565 pars
685 4505 741 4551 et
769 4496 1040 4552 funiculus
1063 4496 1396 4550 haereditatis
1425 4495 1638 4549 Domini
1681 4505 1793 4561 est,
1824 4495 1972 4550 Scri-

402 4596 559 4655 ptura
604 4589 856 4642 dicente:
902 4587 1038 4641 Pars
1082 4597 1256 4640 autent
1304 4587 1515 4641 Domini
1553 4587 1775 4657 populus
1816 4587 1972 4655 ejus:

400 4675 567 4729 Iacob
589 4675 856 4745 funiculus
876 4677 1196 4730 ha’reditatis
1217 4677 1330 4746 ejus
1345 4677 1523 4747 (Deut.
1547 4676 1740 4745 xnu).
1756 4676 1831 4730 lla
1847 4690 1976 4745 pars

398 4776 453 4822 ct
481 4765 764 4820 hereditas
792 4766 954 4820 sortis
983 4774 1292 4820 sanctorum
1319 4766 1430 4835 ipse
1463 4765 1720 4821 Dominus
1745 4772 1856 4830 est,
1883 4765 1975 4834 qui

401 4856 634 4926 dixitgad
660 4855 839 4910 Aaron
865 4875 878 4910 :
911 4855 1025 4926 Ego
1049 4873 1171 4926 pars
1207 4867 1256 4911 et
1295 4857 1574 4911 haereditas
1603 4866 1694 4910 tua
1724 4857 1778 4908 in
1804 4856 1975 4910 medio

400 4946 633 5016 ﬁliorum
657 4945 826 5000 Israel
855 4945 1044 5018 (Num.
1071 4947 1250 5017 xvtu).
1280 4946 1390 5001 Nos
1414 4955 1592 5001 autem
1617 4962 1737 5000 cum
1762 4954 1976 5016 aposto-

403 5037 472 5091 lis
497 5044 552 5091 et
575 5037 827 5091 omnibus
851 5037 1054 5092 sanctis
1082 5037 1394 5092 societatem
1431 5038 1688 5092 habentes
1712 5055 1727 5090 :
1764 5036 1976 5092 Gratias

401 5137 608 5199 agentes
631 5126 740 5180 Deo
768 5125 940 5192 Patri,
965 5143 1171 5182 oremus
1197 5138 1254 5181 ut
1273 5128 1456 5197 dignos
1480 5143 1572 5181 nos
1595 5128 1755 5196 faciat
1781 5129 1835 5182 in
1854 5144 1976 5198 par-

402 5229 503 5272 tem
532 5217 688 5271 sortis
719 5225 1018 5270 sanctorum
1046 5217 1100 5270 in
1130 5216 1325 5272 lumine
1351 5216 1573 5289 (Coloss.
1605 5217 1669 5289 ι),
1699 5218 1751 5272 id
1771 5226 1887 5283 est,
1917 5226 1979 5272 ut

401 5324 529 5379 pars
551 5317 606 5362 et
630 5321 752 5362 sors
771 5315 828 5360 et
861 5307 1149 5362 haereditas
1182 5308 1394 5364 Domini
1423 5324 1544 5364 esse
1569 5324 1892 5374 mereamur,
1924 5317 1980 5362 et

404 5401 580 5468 ipsum
628 5397 918 5452 Dominum
967 5396 1304 5453 Salvatorem
1344 5407 1585 5453 nostrum
1637 5399 1690 5452 in
1736 5407 1882 5452 sorte
1923 5407 1981 5451 et

405 5488 720 5543 haereditate
752 5487 1080 5557 sempiterna
1123 5487 1350 5542 feliciter
1391 5488 1796 5557 possideamus,
1835 5497 1890 5541 et
1924 5487 1977 5540 in

408 5579 624 5646 lumine,
656 5580 712 5635 id
735 5589 817 5636 est
854 5581 910 5635 in
948 5580 1065 5651 ipso
1107 5589 1164 5634 et
1207 5595 1304 5650 per
1339 5581 1515 5649 ipsum
1561 5580 1876 5647 illuminati,
1924 5580 1978 5634 in

407 5679 668 5726 atternum
695 5669 880 5727 felices
915 5685 1344 5740 permaneamus.
1692 5658 1700 5664 ’

2071 4491 2183 4559 ejus
2211 4489 2299 4560 qui
2333 4488 2396 4543 de
2434 4487 2654 4541 tenebris
2694 4503 2782 4539 vos
2813 4485 3008 4539 vocarit
3039 4485 3095 4538 in
3134 4482 3446 4536 admirabile
3474 4482 3668 4536 lumen

2073 4598 2224 4636 suum
2255 4580 2305 4653 (l
2335 4581 2480 4634 Petr.
2507 4578 2592 4649 ιι).
2625 4579 2778 4633 Sicut
2805 4578 2948 4631 enim
2980 4577 3017 4630 ii
3043 4577 3134 4645 qui
3164 4576 3230 4630 de
3257 4574 3512 4645 Egyptia
3541 4590 3665 4630 ser—

2074 4675 2245 4728 vitute
2273 4673 2482 4728 liberati
2507 4679 2635 4727 sunt
2658 4684 2755 4740 per
2783 4669 3000 4739 Moysen
3021 4709 3036 4732 ,
3069 4681 3286 4722 carmen
3325 4667 3664 4736 triumphale

2075 4772 2197 4835 post
2218 4764 2504 4818 transitum
2531 4762 2698 4816 maris
2729 4760 2917 4824 Rubri,
2947 4769 3002 4815 et
3026 4761 3330 4814 demersum
3353 4757 3664 4814 Pharaonis

2077 4854 2372 4910 exercitum
2395 4893 2411 4916 ,
2451 4851 2679 4907 Domino
2721 4857 3073 4906 cantaverunt
3099 4847 3296 4918 (Exod.
3329 4846 3456 4918 xv);
3498 4849 3578 4902 ita
3607 4859 3662 4905 et

2077 4959 2176 4998 nos
2201 4950 2412 5012 oportet
2438 4951 2560 5011 post
2592 4948 2866 5009 acceptam
2895 4939 2950 4992 in
2978 4939 3246 5007 baptismo
3277 4937 3659 4992 remissionem

2075 5043 2444 5106 peccatorum,
2480 5033 2669 5103 dignas
2713 5029 2990 5085 beneficiis
3015 5028 3323 5082 cmlestibus
3360 5029 3665 5096 rependere

2077 5126 2299 5198 gratias,
2335 5133 2390 5179 et
2418 5125 2535 5195 ejus
2555 5136 2770 5192 semper
2792 5119 3110 5175 annuntiare
3132 5119 3376 5173 virtutes.
3405 5117 3464 5172 Si
3490 5119 3663 5172 virtu-

2078 5227 2159 5271 tes
2189 5232 2312 5270 snas
2331 5216 2672 5285 omnipotens
2698 5213 2838 5266 Deus
2862 5218 3084 5275 tacent,
3110 5209 3289 5264 nullus
3314 5217 3658 5280 agnosceret.

2079 5309 2258 5362 nullus
2287 5315 2513 5360 amaret.
2548 5306 2787 5360 Virtutes
2813 5319 2944 5372 ergo
2979 5317 3106 5357 suas
3131 5303 3435 5366 annuntiat,
3465 5316 3574 5356 non
3600 5308 3664 5356 nt

2081 5399 2328 5454 laudibus
2353 5399 2468 5453 suis
2491 5398 2606 5466 ipse
2633 5397 2901 5468 proficiat,
2929 5396 3022 5451 sed
3049 5403 3110 5448 ut
3137 5395 3171 5448 ii
3192 5395 3284 5463 qui
3312 5392 3456 5448 hunc
3482 5394 3534 5447 in
3559 5409 3658 5448 sua

2082 5489 2238 5544 laude
2267 5497 2658 5558 cognoverunt,
2691 5487 2756 5541 ad
2793 5493 3105 5556 perpetuam
3127 5483 3499 5539 haereditatem
3529 5499 3659 5552 per-

2081 5579 2316 5634 veniant.
2349 5576 2527 5649 [Greg.
2546 5618 2560 5641 ,
2611 5579 2802 5634 Moral.
2847 5577 2884 5631 ι.
2916 5593 3066 5640 xvm,
3096 5594 3142 5631 e.
3171 5575 3251 5647 5.]
3281 5575 3484 5630 Idcirco
3513 5575 3657 5632 Dens

2083 5669 2267 5724 laudes
2296 5684 2420 5723 suas
2449 5669 2668 5734 iudicat,
2697 5678 2757 5723 ut
2783 5668 3056 5724 valeamus
3085 5682 3206 5722 eum
3235 5665 3514 5720 audientes
3552 5678 3650 5718 co-
