3960 6206
274 328 384 385 605

1489 321 1791 378 DIADEHA
1831 323 2338 382 MONACHORUM.

3435 331 3540 390 666

274 458 552 518 gnoseere,
599 448 987 512 cognoscentes
1017 454 1232 506 mare,
1279 447 1524 496 amantes
1561 441 1736 511 sequi,
1764 456 1847 496 se-
1875 446 1928 504 Α
1951 442 2217 508 conlusio,
2275 444 2371 500 sed
2402 461 2599 516 magna
2629 443 2791 500 debet
2818 445 3066 502 ﬁdelibus
3093 459 3213 502 esse
3251 448 3528 519 gloriatio.

270 545 499 607 quentes
536 534 784 604 adipisci,
812 533 1175 603 adipiscentes
1200 548 1331 588 vero
1356 531 1472 600 ejus
1498 533 1704 588 visione
1728 548 1852 602 per-

267 628 398 681 frui.
436 625 574 680 Hinc
612 625 882 694 Propheta
919 625 1034 679 ait:
1085 623 1339 678 Virtutem
1378 640 1592 693 operum
1634 639 1852 677 suorum

268 717 604 772 annuntiabit
629 716 824 787 popula
851 732 971 782 suo,
1001 726 1058 770 ut
1084 717 1169 770 det
1203 716 1310 770 illis
1335 717 1691 774 hwreditatem
1727 734 1851 787 gen-

269 814 402 866 tium
439 809 611 882 (Psal.
653 809 763 882 cx).
794 809 872 865 Ac
897 812 943 865 si
969 818 1156 880 aperte
1181 811 1363 865 dicat:
1404 809 1610 864 ideirco
1637 809 1852 864 fortitu-

264 904 448 958 dinem
471 919 582 957 suze
597 903 926 971 operationis
947 903 1206 966 insinuat,
1225 908 1286 954 ut
1305 916 1423 955 eam
1445 900 1535 968 qui
1559 900 1846 966 audierint,

265 995 424 1048 donis
453 993 828 1064 spiritualibus
864 993 1151 1048 ditescant.
1201 992 1260 1046 In
1306 991 1676 1060 spiritualibus
1703 991 1852 1044 enim

263 1083 427 1138 donis
452 1083 740 1152 proiicere,
771 1091 855 1138 est
881 1083 1038 1152 digne
1061 1083 1114 1136 in
1139 1082 1248 1136 Deo
1275 1080 1568 1144 ambulare,
1597 1088 1653 1134 et
1673 1080 1737 1133 de
1761 1080 1850 1134 die

263 1175 320 1227 in
351 1175 493 1228 diem
524 1174 579 1226 in
609 1173 901 1227 virtutibus
927 1172 1130 1228 sanctis
1155 1170 1453 1240 proﬁcere,
1481 1172 1652 1225 donec
1674 1169 1740 1222 ad
1768 1171 1850 1224 vi-

262 1264 474 1318 sionem
518 1262 921 1331 Omnipotentis
959 1262 1134 1315 valeat
1173 1260 1490 1330 pervenire,
1534 1267 1596 1313 ut
1637 1260 1849 1314 dicatur

262 1371 390 1410 cum
421 1355 635 1410 caeteris
662 1355 867 1409 sanctis
889 1355 957 1408 de
991 1354 1119 1408 illo:
1161 1353 1319 1406 Ibunt
1347 1353 1412 1406 de
1442 1354 1629 1406 virtute
1665 1353 1720 1405 in
1744 1353 1849 1405 virs

260 1455 449 1510 tatem,
463 1454 512 1498 et
523 1445 778 1499 videbitur
790 1443 936 1497 Deus
948 1443 1165 1497 deorum
1185 1442 1239 1497 in
1259 1442 1388 1497 Sion
1403 1441 1572 1513 (Psal.
1594 1441 1844 1512 Lxxnn).

259 1535 356 1590 Ille
377 1536 629 1590 videlicet
657 1535 929 1590 videbitur
956 1549 987 1588 a
1011 1534 1167 1588 nobis
1196 1535 1252 1588 in
1280 1533 1429 1597 Sion,
1459 1533 1514 1587 id
1547 1542 1629 1588 est
1653 1533 1706 1586 in
1727 1548 1846 1601 spe-

259 1625 536 1682 culatione
561 1642 813 1695 superna,
844 1627 935 1694 qui
964 1641 1064 1680 nos
1084 1626 1300 1679 vocavit
1341 1627 1394 1679 in
1437 1641 1593 1680 suum
1620 1640 1844 1695 regnum

257 1725 316 1770 ct
343 1716 594 1785 gloriam.
624 1717 847 1772 Vocavit
870 1717 1020 1786 prius
1047 1731 1144 1786 per
1172 1716 1356 1780 ﬁdem,
1380 1724 1570 1786 postea
1598 1731 1728 1770 vero
1749 1733 1844 1771 vo-

1953 531 2203 589 Cbristus
2226 536 2392 602 enim,
2419 537 2497 590 ait
2520 536 2830 606 Apostolus,
2855 537 3026 607 factus
3053 549 3128 592 est
3162 539 3310 593 nobis
3323 540 3538 608 justitia

1954 623 2008 693 (Ι
2053 622 2174 678 Cor.
2219 624 2282 698 ι).
2340 625 2459 682 Pati
2507 641 2636 698 ergo
2697 644 2794 698 pro
2840 628 3077 694 Christo,
3120 631 3231 699 pati
3272 639 3360 686 est
3404 648 3534 702 pro-

1953 723 2073 782 pter
2101 715 2388 784 justitiam.
2413 715 2567 773 Baati
2587 723 2733 775 enim
2759 718 2855 790 (ait
2882 721 3162 792 Dominus)
3185 725 3276 792 qui
3304 740 3539 791 persecu-

1950 807 2144 860 tionem
2167 809 2444 877 patiantur
2468 819 2678 880 propter
2689 811 2977 880 justitiam,
3017 814 3268 881 quoniam
3296 816 3531 883 ipsorum

1949 905 2024 948 est
2057 911 2269 965 regnum
2293 897 2541 952 calorum
2564 899 2778 969 (Matth.
2830 901 2908 970 v).
2938 901 3356 957 Confundantur
3400 920 3532 976 ergo

1951 986 2023 1041 illi
2048 990 2139 1058 qui
2165 1001 2387 1061 propter
2407 993 2673 1063 justitiam
2695 1005 3094 1065 persequuntur
3123 997 3350 1062 electos,
3396 999 3526 1067 quia

1947 1092 2042 1133 eos
2090 1083 2367 1150 cruciatus
2413 1093 2692 1154 exspectat
2727 1095 2983 1142 mter-nus.
3031 1087 3150 1142 Non
3185 1088 3526 1143 confundan-

1949 1176 2040 1223 tur
2068 1170 2250 1237 electi,
2293 1175 2490 1243 quibus
2517 1190 2617 1244 pro
2644 1176 2901 1230 brevibus
2929 1178 3372 1233 tribulationibus
3397 1193 3530 1250 gau-

1947 1260 2095 1315 dium
2146 1271 2428 1328 acternum,
2485 1266 2690 1334 pariter
2743 1267 3005 1321 caelorum
3047 1268 3317 1322 tribuetur
3345 1276 3402 1322 et
3440 1283 3529 1323 re-

1946 1363 2132 1418 gnum.
2169 1351 2306 1406 Hinc
2360 1352 2554 1407 Petrus
2589 1355 2666 1408 ait
2708 1375 2720 1408 :
2765 1354 2826 1410 Si
2875 1355 3001 1425 quid
3029 1357 3274 1424 patimini
3321 1366 3532 1427 propter

1936 1439 2227 1508 justitiam,
2263 1441 2403 1495 beati
2448 1442 2502 1512 (I
2536 1441 2683 1497 Patr.
2714 1443 2819 1514 in}.
2857 1444 2972 1499 Non
3003 1445 3200 1509 solum,
3229 1445 3427 1512 inquit,
3453 1445 3530 1498 nil

1944 1532 2096 1586 vobis
2133 1539 2311 1596 meet,
2343 1534 2436 1602 qui
2472 1534 2674 1588 bonum
2728 1535 3056 1588 facientibus
3104 1536 3245 1587 mala
3287 1536 3523 1605 irrogat;

1946 1623 2040 1676 sed
2081 1624 2247 1677 etiam
2289 1639 2411 1678 cum
2453 1639 2551 1679 vos
2590 1633 2811 1694 propter
2853 1626 2987 1678 bona
3041 1640 3162 1694 qua:
3213 1633 3530 1679 exsecratur

1949 1715 2123 1769 hostis
2177 1715 2500 1785 insequitur,
2539 1731 2758 1770 causam
2813 1717 2967 1772 vobis
3027 1717 3249 1787 majoris
3296 1718 3526 1771 beatitu-

256 1807 407 1860 cavit
431 1822 530 1875 per
575 1807 808 1876 speciem
826 1846 841 1870 ,
881 1807 1096 1875 quando
1121 1806 1422 1860 videbimus
1449 1820 1573 1860 eum
1602 1805 1739 1859 facie
1774 1805 1842 1859 ad
1872 1807 1918 1866 Β
1945 1801 2086 1856 dinis
2126 1813 2366 1871 praestat,
2423 1819 2546 1859 cum
2575 1806 2848 1872 patientiae
2895 1815 3090 1861 vestra:
3113 1807 3256 1861 vires
3282 1817 3523 1863 exercet.

254 1899 476 1964 faciem,
510 1909 563 1954 et
601 1901 749 1955 illam
785 1900 1195 1956 desiderabilem
1243 1901 1523 1956 audiemus
1548 1917 1735 1956 vocem
1763 1901 1842 1955 (11-

253 1990 468 2044 oculis:
507 1987 707 2054 Venite,
723 1990 976 2044 benedicti
1001 1987 1179 2045 Patris
1200 1990 1322 2056 mei,
1337 1991 1583 2060 percipite
1603 2007 1838 2060 regnum,

251 2081 395 2150 quod
416 2079 559 2134 vobis
582 2090 825 2150 paratum
850 2091 924 2135 est
947 2080 1012 2134 ab
1033 2083 1234 2152 origine
1254 2082 1436 2136 mundi
1453 2081 1664 2154 (Matth.
1688 2083 1837 2155 xxv).

251 2168 310 2222 ln
331 2184 444 2238 quo
468 2185 634 2239 regno
653 2178 708 2225 et
727 2169 897 2239 gloria
917 2178 1120 2226 aiterna
1142 2180 1196 2226 et
1218 2173 1329 2227 vita
1351 2182 1535 2228 manet
1557 2182 1836 2244 perpetua.

251 2259 456 2315 Beatus
475 2259 578 2315 .lob
602 2261 668 2315 de
692 2262 793 2316 hac
818 2264 1226 2318 annuntiatione
1244 2265 1527 2330 virtutum,
1549 2265 1650 2320 sub
1669 2266 1838 2335 ﬁgura

251 2349 633 2419 Redemptoris
659 2352 832 2406 nostri
859 2352 965 2406 ait:
999 2352 1181 2418 Terra,
1214 2371 1277 2407 ne
1300 2355 1504 2424 operias
1531 2357 1837 2425 sanguinem

248 2454 427 2491 meum
458 2438 601 2509 (Job.
625 2438 759 2510 xw).
782 2438 984 2513 [Creg.,
1016 2441 1268 2496 HoralJ.
1304 2460 1422 2508 xm,
1451 2461 1498 2498 c.
1529 2443 1646 2516 23.]
1672 2445 1837 2500 Terra

248 2545 492 2599 namque
529 2532 842 2602 sanguinem
867 2533 1068 2588 Christi
1096 2549 1201 2588 non
1229 2536 1468 2604 operuit:
1499 2536 1626 2606 quia
1651 2544 1837 2591 sancta

248 2619 499 2673 Ecclesia
525 2620 910 2690 redemptionis
937 2638 1051 2678 sua:
1077 2626 1397 2694 mysterium
1419 2626 1474 2679 in
1493 2627 1706 2681 cunctis
1723 2625 1837 2694 jam

248 2710 443 2764 mundi
470 2711 712 2778 partibus
734 2713 1063 2780 praedicavit.
1087 2713 1203 2782 Ipse
1225 2715 1368 2769 enim
1391 2715 1607 2786 sanguis
1626 2716 1838 2770 redem-

248 2800 461 2869 ptionis
492 2801 586 2868 qui
615 2801 865 2866 sumitur,
894 2802 1101 2858 clamor
1127 2805 1298 2859 nostri
1327 2804 1704 2873 Redemptoris
1731 2813 1833 2860 est.

251 2891 402 2958 Ergo
429 2899 490 2945 ut
515 2902 914 2949 sacramentum
960 2895 1252 2950 Dominicis
1291 2897 1558 2966 passionis
1586 2897 1640 2950 in
1680 2897 1835 2952 nobis

251 2997 364 3036 non
391 2983 466 3036 sit
495 2983 750 3050 otiosum,
776 2984 1038 3040 debemus
1062 2986 1262 3040 imitari
1302 3001 1423 3055 qua:
1462 2989 1746 3053 sumimus,
1781 2994 1837 3043 e’t

250 3075 558 3145 pradicare
580 3077 790 3130 caneris
816 3092 936 3145 quae
963 3091 1306 3132 veneramur.
1330 3077 1468 3133 Hinc
1491 3079 1684 3134 iterum
1708 3079 1834 3134 bea-

1949 1894 2064 1963 ipse
2102 1895 2297 1949 iterum
2343 1896 2518 1950 dicit:
2551 1894 2742 1949 Melius
2788 1905 2862 1950 est
2906 1897 3044 1950 enim
3103 1896 3228 1950 bene
3274 1888 3536 1967 facientes.

1947 1984 2013 2054 (si
2061 1984 2179 2038 velit
2223 1985 2461 2040 voluntas
2524 1984 2644 2055 Dei)
2698 1986 2813 2054 pati
2867 2002 3024 2055 quam
3079 1986 3216 2039 male
3272 1987 3526 2055 facientes

1945 2073 2154 2144 (Ibid.).
2208 2073 2333 2129 Haec
2381 2076 2649 2130 sententia
2677 2074 2890 2128 illorum
2921 2075 3310 2130 monachorum
3346 2075 3528 2130 stult-i-

1942 2165 2072 2220 tiam
2122 2167 2318 2237 arguit,
2359 2167 2451 2236 qui
2498 2182 2623 2222 cum
2666 2182 2763 2237 pro
2793 2167 2968 2237 culpis
3011 2177 3312 2237 arguuntur
3354 2184 3384 2222 a
3414 2169 3526 2223 fra-

1941 2258 2134 2319 tribus,
2160 2259 2247 2313 vcl
2291 2259 2460 2313 etiam
2490 2261 3058 2325 exeommunicantur,
3117 2260 3386 2329 patienter
3414 2275 3523 2315 non

1941 2347 2190 2402 tolerant.
2248 2347 2306 2402 Si
2343 2364 2474 2404 vero
2529 2350 2648 2404 sine
2701 2339 2883 2418 culpa,
2929 2349 3013 2404 vel
3057 2351 3344 2404 verborum
3392 2365 3524 2404 eon-

1941 2435 2208 2502 tumelias,
2256 2436 2343 2491 vel
2390 2437 2620 2492 adversa
2659 2452 2888 2506 quaeque
2925 2439 3208 2507 patiuntur
3245 2453 3275 2492 a
3311 2453 3522 2508 prapo-

1939 2529 2076 2594 sitis,
2106 2545 2232 2584 mox
2258 2530 2325 2584 ad
2353 2530 2692 2585 iracundiam
2717 2539 3086 2600 prorumpunt
3125 2547 3137 2583 :
3171 2539 3226 2585 et
3248 2531 3337 2600 qui
3367 2539 3523 2586 antea

1938 2621 2260 2676 videbantur
2296 2622 2523 2686 innoxii,
2572 2636 2672 2690 per
2709 2623 3102 2692 impatientiam
3138 2629 3192 2677 et
3219 2639 3524 2677 murmura—

1940 2711 2102 2765 tionis
2145 2711 2426 2765 audaciam
2471 2711 2769 2780 culpabiles
2810 2727 2872 2767 se
2905 2713 3138 2767 reddunt
3207 2719 3262 2767 et
3303 2715 3518 2768 noxios.

1936 2800 2004 2854 Et
2036 2800 2170 2854 mihi
2213 2801 2261 2854 si
2293 2801 2513 2855 daretur
2547 2802 2738 2870 optio,’
2766 2802 2982 2856 mallem
3025 2801 3259 2871 judicari
3303 2811 3397 2857 aut
3425 2804 3523 2857 ad-

1935 2905 2092 2946 versa
2139 2891 2253 2960 pati
2289 2891 2406 2946 sine
2427 2891 2602 2961 culpa,
2657 2906 2823 2961 quam
2869 2905 2994 2945 cum
3031 2891 3189 2960 culpa
3238 2893 3520 2962 subjacere

1933 2979 2251 3035 verberibus
2285 2979 2370 3034 vel
2399 2980 3074 3036 excom'municattonibus.
3110 2980 3212 3048 Qui
3233 2981 3377 3036 enim
3427 2983 3518 3052 ju-

1935 3077 2053 3123 stus
2077 3076 2134 3122 et
2178 3069 2298 3124 sine
2323 3068 2483 3139 culpa
2505 3070 2728 3138 patitur,
2782 3069 3058 3124 Christum
3095 3071 3371 3136 imitatur;
3425 3071 3518 3140 qui

249 3174 343 3221 tus
367 3165 468 3220 Job
497 3168 610 3221 ait:
650 3165 832 3238 Neque
858 3168 1088 3221 inveniat
1113 3167 1284 3222 locum
1309 3169 1364 3222 in
1404 3178 1452 3223 te
1481 3168 1679 3223 latendi
1724 3169 1834 3224 cla-
1861 3153 1905 3215 C
1935 3173 2066 3214 vero
2086 3159 2141 3212 in
2180 3157 2407 3229 ﬂagellis
2445 3159 2763 3228 corripitur,
2799 3159 3062 3213 latronem
3095 3159 3246 3212 illum
3276 3159 3522 3213 imitatur

249 3272 376 3311 mor
415 3273 561 3311 meus
605 3255 749 3328 (Job.
795 3258 928 3327 1m).
961 3257 1162 3313 Locum
1201 3259 1345 3313 enim
1389 3258 1589 3314 latendi
1629 3258 1834 3314 clamor

1939 3249 2028 3318 qui
2075 3249 2131 3302 in
2177 3263 2340 3304 cruce
2383 3247 2660 3303 Christum
2702 3249 2959 3318 cognovit
3015 3257 3070 3303 et
3120 3256 3244 3317 post
3292 3263 3519 3302 crucem

249 3351 372 3419 ejus
404 3353 460 3406 in
489 3351 642 3407 nobis
668 3353 893 3416 invenit,
919 3353 961 3407 si
993 3354 1094 3407 hoe
1113 3353 1254 3423 quod
1283 3368 1438 3407 mens
1459 3352 1830 3420 creditlingua

1939 3340 1986 3393 in
2032 3339 2346 3408 paradisum
2390 3355 2515 3393 cum
2565 3337 2782 3393 Christo
2811 3339 3052 3392 intravit.
3119 3339 3219 3404 Qui
3247 3353 3377 3393 vero
3419 3351 3521 3394 nec

253 3453 452 3499 (atem.
486 3443 592 3498 sed
619 3459 686 3499 ne
712 3445 766 3498 in
793 3444 948 3498 nobis
977 3444 1182 3498 clamo,-
1205 3445 1321 3513 ejus
1346 3444 1544 3508 lateat,
1576 3452 1744 3498 τεειει
1770 3453 1830 3498 ιιι
1931 3431 2074 3486 inter
2120 3431 2328 3501 ﬂagella
2366 3431 2579 3485 desistit
2617 3446 2648 3483 a
2690 3430 2883 3498 culpis,
2934 3430 3215 3484 sinistrum
3261 3431 3515 3484 imitatur

252 3536 627 3604 unusquisque
650 3536 804 3604 juxta
838 3533 1110 3589 modulum
1136 3549 1292 3589 suum
1317 3533 1690 3588 viviﬁcationis
1717 3547 1830 3588 sua:

251 3630 572 3699 mysterium
602 3627 861 3696 proximis
884 3627 1144 3681 notiﬁcet.

818 3717 1044 3774 CAPUT
1080 3717 1246 3772 LXX.

250 3808 331 3862 De
372 3825 433 3861 eo
465 3809 604 3877 quod
656 3813 905 3861 donatum
941 3808 1008 3861 sit
1063 3807 1260 3861 sanctis
1313 3808 1424 3876 pati
1457 3821 1552 3876 pro
1593 3805 1823 3860 Christo.

191 3890 194 3892 ’
321 3899 417 3954 Sic
442 3901 582 3954 inter
605 3908 798 3954 ctetera
833 3899 1030 3954 Paulus
1075 3898 1350 3968 apostolus
1378 3898 1456 3952 ait
1492 3916 1504 3950 :
1550 3897 1704 3951 Vobis
1732 3898 1829 3951 do-

249 3999 438 4044 natum
467 4000 540 4043 est
570 4004 665 4060 pro
692 3989 918 4055 Christo,
946 3999 1003 4042 ut
1035 4006 1139 4043 non
1160 3988 1328 4043 solum
1351 3990 1407 4042 in
1430 4004 1548 4042 eum
1577 3989 1823 4054 credatis,

247 4079 344 4134 sed
370 4081 529 4134 etiam
565 4089 619 4133 ut
647 4096 740 4150 pro
777 4079 870 4133 illo
898 4081 1173 4150 patiamini
1215 4077 1384 4149 (Phil.
1417 4078 1481 4150 ι).
1523 4079 1824 4134 Notandum

248 4173 397 4242 quod
431 4181 488 4226 et
508 4172 643 4226 ﬁdes
658 4187 763 4241 qua
800 4173 855 4229 in
888 4172 1162 4228 Christum
1191 4171 1484 4236 credimus,
1535 4180 1591 4225 et
1620 4171 1826 4240 passio-

248 4279 354 4319 nes
403 4278 541 4332 quas
585 4278 684 4333 pro
719 4263 811 4317 illo
842 4264 1097 4333 patimur,
1143 4278 1175 4316 a
1203 4263 1311 4316 Deo
1349 4261 1510 4316 Patre
1535 4277 1634 4331 pro
1671 4262 1828 4316 Chri-

247 4361 341 4408 sto
373 4354 529 4408 nobis
563 4354 850 4408 donantur.
892 4353 1009 4407 Non
1053 4353 1198 4407 enim
1245 4352 1390 4418 aliis,
1426 4353 1521 4406 sed
1572 4352 1828 4405 amatori-

1929 3520 2215 3584 latronem,
2251 3521 2344 3588 qui
2381 3529 2603 3588 propter
2639 3527 2861 3586 peccata
2901 3520 2955 3572 in
2992 3534 3207 3573 crucem
3249 3521 3514 3585 ascendit,

1928 3620 1983 3664 et
2009 3621 2128 3680 post
2145 3625 2362 3664 crucem
2405 3609 2459 3662 in
2491 3617 2753 3663 tartarum
2796 3609 2925 3661 ruit.
2973 3607 3120 3661 Dixit
3145 3615 3331 3661 sancta
3381 3607 3520 3678 Syn-

1928 3704 2117 3758 cletice
2142 3702 2429 3769 :Quamvis
2453 3701 2769 3756 concidatur
2781 3699 3424 3769 corpusinﬁrmitatibus,
3462 3705 3518 3754 et

1925 3793 2121 3848 validis
2152 3793 2514 3848 inﬁammetur
2555 3792 2816 3858 febribus,
2864 3808 2971 3847 non
2997 3791 3221 3847 deﬁcias
3269 3793 3323 3847 in
3361 3806 3518 3861 pres-

1927 3884 2092 3948 suris,
2107 3883 2202 3938 sed
2218 3884 2390 3953 magis
2411 3884 2602 3954 gaude,
2625 3883 2750 3951 quia
2773 3882 3078 3937 visitavitte
3093 3882 3351 3936 Dominus
3366 3889 3419 3935 et
3439 3882 3519 3937 di-

1925 3989 2040 4038 ces,
2061 3973 2336 4044 Castigans
2354 3974 2622 4043 castigavit
2638 3989 2719 4026 me
2739 3973 3017 4037 Dominus,
3043 3983 3092 4026 et
3109 3975 3264 4027 morti
3290 3990 3393 4025 non
3413 3981 3497 4026 tra

1926 4065 2059 4117 didit
2086 4080 2168 4117 me
2193 4060 2366 4135 (Psal.
2398 4062 2586 4134 cxvn).
2620 4061 2678 4117 Si
2704 4061 2910 4117 ferrum
2923 4079 3004 4124 es,
3030 4078 3185 4132 spera
3212 4061 3514 4116 adhibitum

1925 4156 2020 4211 tibi
2059 4157 2257 4226 ignem.
2311 4155 2518 4210 Aurum
2571 4169 2654 4221 es,
2715 4155 2810 4208 sed
2853 4169 2952 4223 per
2997 4155 3172 4224 ignem
3233 4153 3516 4222 probatior

1925 4245 2034 4299 eris
2066 4244 2120 4315 (1
2168 4242 2315 4297 Petr.
2356 4243 2416 4314 I).
2469 4243 2623 4310 Quod
2667 4245 2712 4298 si
2739 4243 2920 4313 justus
2945 4259 3006 4298 es
3048 4250 3102 4298 et
3135 4243 3250 4298 hzec
3287 4242 3511 4312 pateris,

1926 4336 1992 4390 de
2043 4337 2254 4406 magnis
2297 4336 2366 4390 ad
2392 4333 2595 4402 majora
2625 4337 2986 4407 prompveris.
3009 4335 3367 4405 interrogavit
3392 4333 3513 4402 qui-

247 4445 359 4498 bus
386 4443 610 4510 Christi,
653 4459 753 4514 pro
785 4445 1004 4500 Christo
1043 4445 1154 4515 pati
1207 4445 1541 4500 conceditur.
1597 4444 1750 4499 Unde
1772 4452 1899 4515 et_
1929 4425 2053 4480 dam
2096 4425 2268 4480 ῖηιθτ
2315 4439 2518 4488 senem:
2581 4426 2767 4480 dicens
2801 4444 2813 4478 ⁵
2845 4426 2940 4480 Dic
2991 4426 3124 4479 mihi
3173 4439 3332 4478 “nam
3391 4438 3506 4515 re"?

247 4551 362 4590 non
402 4537 559 4591 nobis
598 4505 672 4591 in.
706 4505 1059 4606 passionibus-
1096 4554 1194 4607 pro
1247 4537 1465 4593 Christo
1513 4505 1906 4602 dolendum,D
1931 4530 2095 4584 quam
2141 4515 2468 4607 °P§wdia“"_
2516 4524 2572 4570 et
2617 4515 2935 4607 νίνθῖη-Ρθτ
2975 4529 3116 4607 θεῷ·
3169 4515 3236 4568 Et
3286 4515 3424 4607 di?"
3457 4514 3506 4568 ei

247 4625 351 4679 sed
375 4626 544 4680 multo
577 4629 747 4698 magis
774 4637 858 4682 est
885 4629 1224 4699 gaudendum
1250 4631 1408 4684 nobis
1456 4641 1512 4684 et
1558 4632 1833 4687 exsultan-

247 4718 385 4770 dum
428 4733 441 4767 :
477 4714 614 4780 Quia
641 4727 688 4772 et
716 4719 938 4788 apostoli
982 4720 1124 4774 ibant
1164 4721 1448 4790 gaudentes
1489 4737 1521 4775 a
1557 4734 1832 4793 conspectu

247 4807 488 4871 concilii,
519 4811 764 4879 quoniam
789 4811 934 4881 digni
960 4811 1125 4865 habiti
1165 4821 1286 4865 sunt
1310 4828 1405 4882 pro
1455 4816 1661 4868 nomine
1702 4817 1833 4870 Jesu

245 4897 625 4957 contumeliam
659 4902 768 4969 pati
813 4900 949 4971 (Act.
992 4903 1071 4970 v).
1118 4901 1234 4956 Non
1283 4901 1456 4956 solum
1497 4904 1628 4957 nihil
1677 4906 1834 4962 bonis

246 4997 438 5052 nocet,
488 4989 578 5056 qui
622 4991 820 5044 bonum
867 4990 1190 5046 facientibus
1246 4992 1388 5045 mala
1442 4993 1676 5063 irrogat;
1732 4995 1826 5049 sed

246 5079 420 5134 etiam
477 5093 698 5135 causam
745 5080 966 5149 majoris
1021 5082 1369 5136 beatitudinis
1432 5082 1538 5137 illis
1580 5093 1823 5154 praestat,

241 5171 403 5240 juxta
428 5169 557 5223 illud
588 5171 950 5240 evangelicum
978 5191 990 5224 :
1018 5172 1169 5226 Beati
1191 5174 1277 5242 qui
1316 5176 1722 5242 persecutionem
1745 5193 1834 5245 pa-

248 5261 462 5313 tiuntur
500 5270 711 5330 propter
728 5262 1020 5330 justitiam,
1061 5263 1310 5332 quoniam
1355 5264 1587 5332 ipsorum
1629 5274 1705 5318 est
1752 5282 1832 5318 re-

247 5371 416 5424 gnum
451 5355 698 5409 calorum
728 5355 942 5426 (Matth.
978 5355 1050 5427 v).
1088 5356 1225 5410 Hinc
1246 5365 1301 5410 et
1331 5357 1458 5411 alibi
1485 5357 1683 5411 Paulus
1707 5359 1784 5412 ait
1815 5376 1828 5411 :

252 5443 338 5497 0b
364 5462 524 5515 quam
544 5461 759 5499 causam
779 5447 936 5500 etiam
962 5447 1072 5500 hare
1096 5447 1286 5516 patior,
1337 5447 1428 5501 sed
1473 5464 1576 5501 non
1611 5448 1833 5516 confun-

250 5538 356 5591 dor
406 5537 494 5606 (II
535 5537 668 5590 Tim.
711 5538 772 5609 ι).
825 5536 908 5592 01)
957 5553 1120 5606 quam
1158 5553 1376 5593 causam
1441 5539 1590 5603 dicit,
1633 5539 1685 5592 id
1724 5549 1828 5603 est,

251 5637 480 5699 propter
515 5628 951 5697 pnedicationem
980 5629 1273 5700 Evangelii,
1342 5640 1398 5683 et
1435 5628 1591 5683 ﬁdem
1615 5629 1829 5684 Domini

254 5721 432 5774 nostri
477 5718 604 5775 Jesu
648 5719 869 5776 Christi.
918 5719 1024 5775 Pro
1067 5719 1284 5775 Christo
1334 5719 1475 5775 enim
1527 5719 1672 5789 pati,
1724 5736 1830 5774 non

1936 4619 2120 4660 senex.
2162 4604 2221 4660 Si
2260 4605 2503 4674 potueris
2541 4605 2921 4659 contumeliam
2977 4605 3088 4674 pati
3117 4613 3172 4658 et
3213 4605 3508 4668 sustinere,

1935 4713 2188 4768 magnum
2217 4697 2447 4761 esthoc,
2483 4703 2538 4750 et
2559 4710 2721 4764 super
2748 4711 2936 4756 omnes
2961 4697 3208 4750 virtutes.
3251 4695 3352 4762 Qui
3378 4711 3510 4750 con-

1935 4797 2194 4858 temptum
2217 4795 2271 4842 et
2287 4787 2536 4854 injuriam
2560 4795 2614 4842 et
2633 4788 2886 4842 damnum
2904 4787 3175 4855 patienter
3190 4786 3314 4852 fert,
3331 4796 3508 4856 potest

1937 4880 2116 4934 salvus
2144 4893 2285 4933 esse.

2505 4987 2730 5041 CAPUT
2753 4986 2936 5040 LXXI.

1935 5082 2013 5136 De
2047 5098 2104 5135 eo
2149 5081 2287 5151 quod
2331 5079 2567 5134 Christus
2613 5077 3009 5159 pro_dilectione
3054 5088 3232 5132 nostra
3290 5080 3507 5134 tradidit

2550 5156 2900 5217 semetipsum.

2009 5261 2148 5315 Dicit
2190 5261 2334 5315 enim
2363 5259 2561 5313 Paulus
2593 5257 2866 5326 apostolus
2897 5276 2910 5311 :
2949 5255 3132 5312 Gratia
3160 5260 3300 5313 vobis
3330 5269 3376 5312 et
3405 5271 3508 5326 pas

1934 5371 1967 5408 a
1989 5353 2099 5406 Deo
2129 5353 2288 5406 Patre
2313 5359 2511 5414 nostra,
2535 5359 2582 5402 et
2607 5348 2830 5401 Domino
2850 5349 2975 5402 Jesu
2995 5349 3220 5413 Christo,
3250 5349 3339 5419 qui
3365 5347 3505 5398 dedit

1933 5445 2258 5513 semetipsum
2287 5459 2380 5512 pro
2411 5440 2633 5512 peccatis
2665 5441 2854 5494 nostris
2879 5439 3022 5512 (Gal.
3059 5441 3119 5513 ι).
3141 5441 3278 5493 Hinc
3303 5446 3355 5491 et
3377 5436 3502 5490 alibi

1934 5538 2045 5606 ipse
2098 5535 2174 5589 ait
2207 5553 2219 5588 :
2265 5533 2367 5598 Qui
2391 5531 2571 5586 dilexit
2599 5549 2714 5604 nos,
2746 5541 2794 5584 et
2816 5534 3032 5586 tradidit
3063 5533 3388 5598 semetipsum
3410 5544 3504 5596 pro

1934 5628 2079 5681 nobis
2109 5625 2323 5696 (Ephes.
2367 5624 2440 5695 v).
2484 5623 2538 5677 lu
2579 5632 2784 5680 tantum
2823 5625 2962 5678 enim
2986 5621 3231 5676 Christus
3260 5626 3506 5672 nostram

1934 5718 2120 5772 dilexit
2153 5717 2339 5780 vitam,
2398 5722 2455 5768 ut
2494 5731 2592 5783 pro
2629 5716 2716 5768 illa
2771 5729 2922 5768 suam
2968 5718 3192 5780 poneret
3243 5709 3503 5766 animam.
