3960 6206
403 295 506 356 667

1683 286 2037 343 SMABAGDI
2072 286 2249 340 ABBA
2257 286 2365 342 TIS

403 412 569 472 Dedit
618 411 762 468 enim
818 409 1166 477 semetipsum
1228 406 1488 461 Dominus
1529 401 1687 458 Jesus
1729 401 1980 458 Christus
2007 407 2059 466 Α
2083 402 2169 456 die
2202 417 2309 472 quo
2351 401 2611 471 haptizati
2647 417 2834 458 sumus
2876 409 2932 457 et
2959 401 3287 469 conﬁrmati,
3329 404 3664 474 accepimus,

405 503 602 568 morti,
644 511 706 557 ut
748 516 846 556 nos
884 517 916 554 a
961 497 1200 568 periculo
1252 497 1447 550 mortis
1480 495 1736 564 eriperet,
1783 503 1838 548 et
1868 508 1988 547 ere-

404 604 530 666 ptos
567 593 711 648 Patri
752 592 805 644 in
843 589 981 644 ﬁlios
1006 588 1305 657 adoptaret.
1345 586 1589 641 Mortuus
1612 594 1698 641 est
1729 599 1984 653 namque,

409 701 477 741 ne
502 701 599 740 nos
647 683 784 737 mori
828 682 1164 735 timeremus.
1213 678 1558 742 Resurrexit,
1588 686 1650 731 ut
1673 686 1728 733 et
1760 691 1990 745 nosper

409 792 531 831 eum
562 787 844 842 resurgere
867 772 1143 825 valeamus
1172 788 1184 822 :
1211 768 1420 838 Eripuit
1444 769 1509 822 de
1531 767 1774 845 presenti
1795 765 1989 820 stucqu

411 882 631 936 nequam
663 864 803 935 (Gal.
837 879 876 924 ι,
909 864 986 933 '7),
1017 871 1079 916 ut
1103 862 1262 916 nobis
1309 861 1536 931 gloriam
1577 859 1782 928 pariter
1811 865 1868 912 et
1910 857 1993 909 vi-

410 966 522 1012 tam
565 957 790 1010 donaret
832 962 1108 1008 aeternam.
1160 952 1270 1007 Nos
1300 952 1446 1008 enim
1471 950 1641 1005 Filius
1672 949 1768 1003 Dei
1795 947 1992 1016 eripuit

412 1063 442 1103 a
490 1057 706 1118 raptore
733 1047 940 1115 iniquo,
986 1053 1047 1099 ut
1088 1045 1310 1115 proprio
1333 1057 1433 1096 nos
1467 1041 1718 1096 redderet
1742 1039 1988 1093 Domino.

413 1136 567 1193 Tunc
616 1137 814 1191 etenim
845 1135 1094 1190 Christus
1142 1148 1241 1199 nos
1265 1131 1464 1201 eripuit
1489 1131 1556 1185 de
1598 1129 1860 1201 praesenti
1895 1143 1995 1182 sre-

415 1229 536 1282 culo
585 1241 839 1296 nequam,
889 1241 1012 1279 cum
1044 1233 1288 1278 nostram
1317 1222 1373 1276 in
1420 1222 1567 1275 vitiis
1596 1220 1913 1282 contritam,
1939 1218 1996 1271 in

416 1318 692 1372 meliorem
746 1315 974 1370 mutavit
1007 1313 1194 1368 vitam.
1227 1311 1708 1367 Conversationem
1749 1319 1994 1363 nostram

415 1416 626 1462 tantum
682 1406 908 1460 mutavit
935 1405 991 1458 in
1030 1403 1225 1458 melius
1270 1402 1552 1472 erexitque
1585 1392 1894 1464 sublimius,
1937 1406 1997 1452 ut

418 1512 540 1552 cum
574 1495 742 1554 Paulo
771 1495 951 1549 dicere
977 1493 1246 1561 possimus
1278 1507 1292 1544 :
1326 1492 1525 1548 Nostra
1555 1501 1730 1544 autem
1778 1506 1994 1544 conver-

417 1586 551 1641 satio
579 1586 633 1637 in
659 1582 798 1639 ctelis
819 1592 892 1636 est
938 1579 1156 1652 (Philip.
1201 1581 1306 1652 ιιι).
1352 1581 1542 1635 Merito
1592 1595 1721 1648 ergo
1756 1595 1910 1634 suam
1943 1586 2000 1634 et

418 1693 606 1732 eorum
646 1673 1114 1730 conversationem
1157 1673 1211 1725 in
1254 1671 1406 1727 caelis
1445 1687 1564 1726 esse
1607 1671 1736 1725 dicit
1776 1669 1995 1732 Paulus,

2089 492 2230 560 quod
2250 491 2437 560 utique
2491 489 2720 546 ﬁdeliter
2759 505 2980 546 servare
3023 492 3302 547 debemus.
3363 493 3478 549 Hoc
3499 495 3670 566 igitur

2088 582 2366 652 signaculo
2416 584 2587 638 sancti
2619 582 2875 652 Spiritus,
2916 583 3039 638 ideo
3067 584 3159 652 qui
3210 585 3386 640 credit
3415 585 3554 653 Deo,
3581 589 3667 643 si-

2089 680 2284 742 gnatur
2311 671 2380 726 ab
2409 672 2531 737 illo;
2585 681 2645 726 ut
2698 679 2882 727 servet
2913 679 2984 727 ct
3027 675 3283 728 ostendat
3328 675 3457 730 illud
3491 677 3549 731 in
3579 678 3670 735 die

2089 762 2474 830 redemptionis
2513 778 2709 832 purum
2754 769 2917 831 atque
2961 764 3256 828 sincerum,
3311 773 3368 818 et
3415 766 3563 831 nulla
3600 783 3670 822 ex

2087 860 2240 922 parte
2292 852 2615 906 mutilatum.
2659 851 2813 906 Unde
2849 862 2906 908 et
2940 852 3177 908 Joannes
3217 855 3493 922 apostolus
3551 857 3667 911 ait:

2090 939 2158 992 Et
2203 940 2380 993 unctio
2445 941 2603 1010 quam
2647 941 2917 1007 accepistis
2959 941 3024 994 ab
3063 959 3124 996 eo
3175 953 3385 996 maneat
3430 945 3487 997 in
3526 945 3673 1000 vobis

2093 1029 2145 1100 (I
2178 1029 2339 1084 Joan.
2364 1032 2448 1101 ιι).
2498 1030 2577 1085 Ac
2605 1031 2651 1085 si
2694 1032 2937 1087 diceret:
2970 1033 3084 1088 Hoc
3123 1033 3349 1089 Domino
3378 1034 3678 1104 adiuvante

2091 1128 2395 1189 procurate,
2422 1129 2482 1174 ut
2507 1119 2739 1190 Spiritus
2765 1124 2940 1178 sancti
2981 1127 3233 1195 gratiam,
3288 1142 3453 1196 quam
3493 1128 3549 1182 in
3577 1128 3674 1183 ba-

2092 1211 2290 1279 ptismo
2325 1215 2604 1266 consecuti
2634 1214 2786 1278 estis,
2817 1214 3081 1284 integram
3118 1224 3303 1270 vestro
3322 1217 3378 1271 in
3420 1219 3592 1274 corde
3617 1229 3674 1275 et

2093 1317 2318 1372 corpore
2356 1306 2602 1369 servetis,
2640 1313 2695 1359 et
2745 1306 2848 1360 hoc
2891 1306 2961 1360 sit
2983 1306 3239 1377 Spiritum
3276 1307 3435 1363 nolite
3477 1312 3674 1365 exstin-

2093 1409 2248 1462 guere
2277 1406 2324 1444 ι.
2362 1394 2547 1448 Potest
2576 1395 2758 1450 unctio
2794 1395 2931 1463 ejus,
2980 1396 3046 1451 de
3083 1387 3188 1464 qua
3224 1396 3462 1454 Joannes
3503 1400 3675 1469 loqui-

2095 1493 2199 1548 tur,
2235 1494 2293 1539 et
2327 1485 2552 1554 spiritus
2587 1487 2653 1541 de
2681 1503 2787 1556 quo
2815 1486 3014 1541 Paulus
3041 1487 3192 1552 dicit,
3208 1491 3466 1560 Spiritum
3517 1490 3677 1544 nolite

2094 1575 2443 1644 exstinguere,
2498 1576 2613 1645 ipsa
2649 1577 2745 1630 Dei
2775 1575 3024 1632 Charitas
3049 1579 3298 1648 intelligi,
3326 1596 3445 1649 quae
3477 1581 3677 1648 ili/fun-

2097 1663 2242 1716 ditur
2268 1665 2320 1718 in
2378 1665 2622 1720 cordibus
2669 1669 2859 1721 nostris
2909 1686 3001 1738 per
3033 1668 3289 1740 Spiritum
3317 1681 3563 1724 sanctum
3587 1675 3676 1741 qui

419 1769 530 1836 qui,
571 1767 769 1821 relictis
810 1764 1059 1825 terrenis,
1090 1771 1204 1817 toto
1229 1763 1497 1817 desiderio
1527 1761 1769 1830 cogitant
1791 1761 1858 1816 de
1886 1775 2000 1815 cm-

2103 1753 2254 1808 datus
2299 1764 2372 1808 est
2418 1756 2564 1809 nobis
2612 1755 2784 1826 (Rom.
2828 1757 2903 1828 v).
2942 1759 3072 1825 Quae
3096 1760 3359 1816 citissime
3387 1761 3456 1814 ad
3493 1761 3681 1816 obser—

419 1858 664 1923 lestibus,
707 1866 764 1910 et
790 1863 970 1909 mente
1011 1868 1146 1923 pura
1177 1847 1339 1922 atque
1371 1852 1584 1917 devota,
1636 1867 1742 1907 non
1781 1867 1842 1906 ea
1876 1866 1998 1920 qua:

419 1957 549 2004 sunt
589 1955 803 2003 terrena
845 1954 902 1999 et
955 1944 1177 2008 caduca,
1234 1944 1330 1998 scd
1384 1958 1448 1998 ea
1511 1944 1824 1998 desiderant
1878 1956 1999 2010 quae

421 2047 549 2095 sunt
573 2037 814 2094 cmlestia
855 2043 911 2090 et
937 2044 1161 2090 aeterna.
1191 2033 1452 2089 Voluntas
1479 2034 1622 2087 enim
1652 2033 1754 2088 fuit
1780 2033 1875 2086 Dei
1898 2031 2000 2085 Pa-

420 2131 542 2194 tris,
591 2137 651 2182 ut
682 2126 940 2181 Dominus
967 2123 1126 2179 Jesus
1164 2123 1414 2179 Christus
1441 2139 1539 2194 pro
1567 2123 1769 2178 nostris
1820 2124 2000 2178 trade-

421 2229 574 2276 retur
615 2220 870 2290 peccatis.
921 2218 989 2272 Et
1031 2217 1282 2272 voluntas
1327 2216 1429 2272 fuit
1469 2217 1671 2272 Christi
1711 2225 1771 2270 ut
1820 2217 2000 2270 Patris

424 2313 626 2366 faceret
663 2309 1013 2373 voluntatem,
1055 2305 1379 2363 sicut'idem
1419 2308 1682 2362 Dominus
1725 2322 1823 2376 per
1859 2307 1997 2362 Pro-

421 2405 638 2472 plietam
689 2402 854 2456 dicit:
885 2398 952 2454 Ut
997 2401 1222 2469 facerem
1269 2399 1592 2454 voluntatem
1641 2409 1808 2463 tuam,
1852 2399 1997 2452 Deus

421 2511 588 2560 meus,
616 2492 756 2549 volui
784 2490 954 2564 (Psal.
982 2491 1194 2562 XXXIX).
1223 2491 1399 2562 Ipsius
1417 2493 1552 2546 enim
1582 2508 1763 2545 sumus
1790 2491 1998 2561 factura

422 2587 585 2640 creati
624 2587 681 2638 in
727 2583 936 2638 Christo
959 2583 1113 2649 Jesu,
1143 2584 1199 2637 in
1245 2584 1484 2652 operibus
1517 2583 1686 2646 bonis,
1714 2599 1832 2653 qua:
1861 2599 2002 2651 prte-

417 2675 626 2744 ραι-αυξτ
649 2673 812 2738 Deus,
843 2683 900 2726 ut
921 2673 975 2726 in
996 2672 1108 2726 illis
1129 2671 1454 2727 ambulemus
1509 2672 1728 2742 (Ephes.
1772 2670 1856 2733 ιι).
1883 2670 1999 2726 Hoc

421 2773 528 2831 est,
568 2766 709 2836 quod
759 2765 1011 2830 vivimus,
1071 2765 1216 2834 quod
1255 2779 1560 2834 speramus,
1610 2764 1754 2833 quod
1797 2763 1999 2818 intelli-

421 2856 617 2927 gimus,
668 2865 722 2910 et
761 2855 984 2911 credere
1024 2869 1332 2923 possumus,
1375 2856 1544 2924 ipsius
1565 2862 1667 2918 est,
1709 2855 1834 2924 quia
1885 2855 2000 2923 ipse

421 2955 504 3001 est
523 2946 772 3002 conditor
805 2957 1014 3010 noster,
1050 2961 1149 3000 nos
1175 2953 1353 3000 autem
1380 2944 1588 3000 factura
1629 2944 1746 3012 ejus
1783 2961 1993 3000 sumus.

421 3037 502 3091 Ad
547 3038 648 3092 hoc
689 3037 838 3092 enim
879 3052 980 3091 nos
1031 3036 1199 3091 creati
1227 3035 1462 3091 dicimur
1511 3037 1564 3088 in
1591 3034 1809 3090 Christo
1844 3033 2000 3102 Jesu,

2101 1846 2277 1901 vanda
2301 1847 2401 1902 Dei
2430 1849 2682 1904 mandata
2713 1865 2808 1904 cor
2827 1852 2968 1919 quod
2999 1852 3186 1920 implet
3209 1851 3526 1913 inﬂammat.
3562 1869 3683 1921 quae

2103 1952 2320 2006 aprave
2362 1938 2666 1994 viventibus
2705 1955 2802 2008 per
2843 1941 3026 1995 odium
3065 1949 3121 1995 et
3161 1941 3422 1996 invidiam
3475 1943 3684 1996 exstin-

2100 2029 2281 2096 guitur
2317 2036 2482 2098 atque
2519 2030 2864 2085 discordiam.
2919 2033 3291 2104 Exstinguitur
3351 2042 3408 2090 et
3456 2035 3684 2104 spiritus

2099 2118 2529 2186 prtedicatorum,
2586 2123 2680 2189 qui
2737 2123 3084 2179 audientibus
3130 2124 3320 2180 salutis
3382 2127 3688 2195 praedicant

2100 2208 2344 2275 verbum,
2377 2226 2408 2263 a
2445 2211 2952 2279 contradicentium,
2983 2216 3350 2270 resistentium
3377 2224 3434 2271 et
3457 2231 3689 2288 exaspe-

2102 2300 2338 2354 rantium
2364 2300 2566 2355 malitia
2597 2303 2924 2368 auditorum,
2971 2303 3047 2357 ita
3073 2313 3133 2358 ut
3159 2307 3332 2376 magis
3377 2321 3475 2361 eos
3504 2316 3686 2363 tacere

2100 2389 2283 2455 libeat,
2335 2407 2496 2459 quam
2539 2394 2836 2462 praedicare
2875 2381 3103 2451 delectet
3137 2413 3150 2450 :
3183 2406 3238 2450 et
3274 2399 3346 2452 ita
3393 2398 3454 2452 ﬁt
3494 2409 3556 2453 ut
3591 2415 3688 2468 per

2099 2489 2565 2555 exasperationem
2611 2489 2917 2544 auditorum
2961 2493 3411 2560 praedicatoribus
3461 2493 3686 2547 tollatur

2100 2578 2342 2632 verbum.
2373 2579 2524 2634 Unde
2550 2588 2604 2634 et
2624 2581 2891 2636 Ezechieli
2944 2584 3206 2639 Dominus
3244 2586 3320 2639 ait
3350 2603 3364 2638 :
3397 2586 3686 2639 Adliterere

2102 2668 2294 2737 faciam
2319 2668 2552 2739 linguam
2596 2679 2742 2724 tuam
2775 2672 2954 2742 palato
2985 2682 3095 2738 tuo,
3141 2685 3190 2729 et
3213 2677 3315 2730 eris
3359 2687 3562 2739 mutus,
3591 2693 3684 2729 nec

2099 2759 2252 2828 quasi
2301 2760 2381 2813 vir
2433 2760 2716 2830 objurgans
2740 2801 2757 2825 ,
2807 2763 2933 2832 quia
2987 2763 3172 2817 domus
3238 2781 3560 2834 exasperatis
3609 2774 3688 2818 est

2103 2847 2319 2918 (Ezech.
2358 2849 2462 2920 ιιι).
2500 2851 2658 2905 Venit
2683 2852 2901 2920 quidam
2954 2868 3120 2909 senex
3166 2854 3233 2909 ad
3274 2855 3442 2909 alium
3491 2871 3686 2910 senem

2101 2947 2156 2993 et
2181 2939 2318 2994 dixit
2338 2957 2475 2997 unus
2500 2957 2568 2996 ex
2593 2943 2672 2998 eis
2698 2961 2710 2996 :
2742 2943 2856 3014 Ego
2878 2955 3121 3000 mortuus
3149 2961 3268 3001 sum
3308 2947 3437 3002 huic
3464 2948 3686 3003 saeculo.

2100 3027 2249 3081 Alter
2277 3043 2406 3082 vero
2446 3030 2582 3084 dixit
2624 3032 2715 3085 ei:
2750 3031 2827 3086 Ne
2855 3033 3096 3089 conﬁdas
3127 3037 3180 3090 in
3222 3039 3533 3107 temetipso,
3595 3040 3693 3093 do-

423 3127 587 3181 creati
632 3127 816 3194 utique
857 3141 961 3180 non
993 3127 1121 3194 quia
1165 3133 1290 3179 ante
1346 3141 1453 3178 non
1494 3125 1715 3191 fuimus,
1766 3126 1862 3180 sed
1908 3141 1996 3180 re-
2025 3124 2069 3186 ρ
2101 3130 2202 3172 nec
2236 3132 2399 3172 exeas
2449 3120 2516 3173 de
2556 3135 2783 3190 corpore
2810 3123 2936 3178 isto.
2988 3125 3127 3191 Quia
3156 3126 3282 3180 situ
3306 3137 3559 3182 mortuus
3607 3143 3690 3193 es,

423 3219 533 3272 uati
586 3219 640 3270 in
674 3217 912 3280 Christo,
957 3224 1012 3271 et
1048 3219 1216 3273 creati
1261 3218 1319 3270 in
1358 3217 1614 3286 operibus
1653 3218 1832 3284 bonis,
1883 3233 2006 3287 quas

423 3307 748 3376 praeparavit
787 3307 927 3360 Deus
970 3315 1030 3360 ut
1076 3307 1131 3360 in
1164 3307 1271 3362 illis
1304 3305 1661 3361 ambulemus.
1716 3307 1782 3361 In
1831 3308 2006 3362 chari-

401 3407 530 3472 'tate
571 3397 796 3450 radicati
829 3406 878 3450 et
927 3397 1136 3466 fundati
1167 3397 1383 3471 (Ephes.
1414 3397 1521 3468 ιιι).
1577 3395 2006 3454 CharitasChri-

424 3497 538 3543 stus
581 3496 686 3552 est,
729 3496 783 3543 et
812 3489 866 3542 in
897 3489 1185 3554 charitate,
1229 3489 1282 3543 id
1311 3497 1416 3554 est,
1456 3489 1509 3542 in
1532 3487 1752 3545 Christo
1775 3490 2005 3545 radicati

423 3588 477 3634 et
523 3579 826 3634 lundatiita
853 3593 974 3635 esse
1003 3580 1280 3644 debemus,
1319 3588 1380 3633 ut
1415 3580 1471 3632 in
1509 3578 1625 3647 ejus
1677 3595 1863 3636 amore
1913 3580 2005 3635 ﬁr-

427 3670 589 3725 miter
610 3684 1017 3738 perseveremus
1043 3688 1056 3722 :
1090 3668 1514 3722 Fundamentum
1531 3671 1671 3722 enim
1687 3670 1832 3724 aliud
1855 3687 2004 3724 nemo

429 3768 595 3826 potest
621 3775 831 3828 ponere,
856 3768 1046 3828 printer
1083 3759 1137 3811 id
1178 3757 1316 3828 quod
1344 3759 1570 3827 positum
1617 3769 1715 3825 est,
1765 3761 1905 3830 quod
1929 3769 2005 3815 est

428 3848 668 3903 Christus
707 3847 863 3902 Iesus
894 3847 946 3919 (Ι
973 3846 1095 3901 Cor.
1153 3846 1256 3917 ιιι).
1297 3845 1577 3901 Veritatem
1611 3859 1785 3902 autem
1814 3849 2008 3918 facien-

427 3951 503 3994 tes
531 3941 588 3993 in
634 3940 912 4004 charitate,
957 3955 1250 3992 crescamus
1286 3940 1343 3992 in
1386 3937 1478 3991 illo
1515 3955 1608 4008 per
1659 3940 1854 4006 omnia,
1914 3939 2004 4009 qui

425 4039 500 4086 est
534 4039 688 4100 caput
732 4028 970 4084 Christus
1003 4029 1216 4102 (Ephes.
1260 4029 1355 4099 ιν).
1408 4030 1621 4086 Veritas
1670 4031 1816 4086 enim
1848 4030 2008 4087 Chri-

429 4132 548 4178 stus
580 4133 687 4188 est,
741 4132 797 4178 et
847 4123 1088 4178 charitas
1143 4122 1394 4178 Christus
1440 4130 1546 4188 est,
1594 4131 1650 4178 et
1669 4126 1903 4193 Iustitia,
1953 4134 2010 4181 et

430 4212 816 4278 sanctiﬁcatio,
853 4221 907 4267 et
941 4228 1048 4281 pax
1081 4211 1329 4268 Christus
1373 4221 1459 4267 est
1505 4212 1557 4284 (I
1606 4213 1730 4268 Cor.
1781 4216 1842 4288 ι).
1903 4216 2005 4284 Qui

429 4316 560 4372 ergo
613 4303 730 4357 haec
783 4303 963 4357 omnia
1019 4318 1139 4372 qua:
1181 4302 1432 4358 Christus
1488 4312 1588 4367 est,
1643 4305 1798 4372 facit,
1853 4307 2006 4362 insu-

2108 3206 2336 3262 Satanas
2359 3221 2605 3264 mortuus
2631 3227 2741 3267 non
2770 3222 2872 3268 est.
2907 3213 3055 3269 Dixit
3084 3216 3251 3271 abbas
3273 3217 3464 3273 Pastor
3497 3237 3509 3271 :
3545 3219 3694 3286 Quia

2106 3311 2322 3368 semper
2351 3299 2513 3354 homo
2542 3301 2901 3358 humilitatem
2949 3313 3002 3359 et
3054 3307 3305 3361 timorem
3359 3307 3457 3362 Dei
3496 3308 3579 3362 ita
3613 3309 3698 3364 in-

2105 3387 2443 3443 cessabiliter
2470 3391 2742 3459 respirare
2770 3392 2950 3458 debet,
2983 3396 3124 3450 sicut
3146 3396 3350 3461 ﬂatum,
3398 3413 3569 3466 quem
3601 3413 3696 3452 na-

2109 3478 2258 3532 ribus
2283 3479 2507 3533 attrahit
2540 3481 2625 3534 vel
2647 3483 2867 3538 emittit.
2905 3485 3052 3540 Dixit
3078 3487 3272 3541 iterum
3309 3506 3321 3540 :
3352 3488 3489 3553 Quia
3525 3487 3699 3556 proji-

2107 3583 2232 3622 cere
2261 3583 2320 3623 se
2339 3569 2393 3622 in
2429 3580 2722 3639 conspectu
2744 3573 2862 3638 Dei,
2911 3583 2968 3630 et
2991 3591 3098 3630 non
3122 3577 3359 3645 seipsum
3401 3577 3695 3640 exwllere,

2106 3665 2162 3710 et
2188 3657 2404 3712 mittere
2429 3668 2554 3727 post
2580 3667 2791 3730 tergum
2827 3665 3103 3733 propriam
3140 3671 3473 3726 voluntatem
3512 3664 3698 3721 ferra-

2108 3757 2287 3804 menta
2327 3759 2456 3807 sunt
2477 3753 2673 3821 quibus
2707 3757 2888 3810 anima
2916 3767 3193 3827 operatur.

2728 3865 2954 3922 CAPUT
2993 3868 3202 3923 LXXIII

2394 3955 2470 4009 De
2493 3956 2675 4010 nociva
2705 3960 3009 4013 curiositate
3034 3962 3423 4016 monachorum.

2178 4044 2375 4100 Paulus
2411 4045 2684 4116 apostolus
2723 4047 2856 4102 dicit
2891 4063 2906 4101 :
2936 4048 3199 4119 Rogamus
3222 4060 3395 4104 autem
3432 4066 3551 4114 vos,
3587 4050 3703 4118 fra-

2108 4145 2232 4199 tres,
2286 4145 2342 4188 ut
2381 4137 2543 4205 quieti
2568 4137 2705 4202 sitis,
2745 4148 2794 4192 et
2835 4150 3059 4193 vestrum
3107 4143 3368 4210 negotium
3415 4142 3620 4210 agatis,
3653 4151 3701 4195 et

2107 4226 2390 4294 aperemini
2422 4227 2660 4281 manibus
2691 4231 2872 4282 vestris
2913 4229 2964 4300 (I
2999 4229 3173 4284 Thess.
3225 4230 3321 4301 ιγ).
3364 4232 3445 4284 Ac
3468 4231 3516 4285 si
3548 4231 3704 4287 dice-

2108 4321 2191 4368 ret
2216 4333 2228 4368 :
2253 4315 2334 4369 Ab
2367 4318 2515 4370 omni
2553 4333 2650 4373 vos
2677 4319 3066 4388 inquietudinis
3111 4330 3166 4376 et
3209 4323 3556 4378 curiositatis
3608 4324 3704 4379 ab-

428 4406 526 4461 per
560 4400 616 4447 et
642 4393 893 4447 mandata
937 4393 1056 4463 ejus
1098 4394 1364 4458 custodit,
1409 4394 1695 4449 veritatem
1753 4395 1902 4462 facit,
1949 4406 2006 4452 et
2031 4473 2077 4485 ﬁ
2107 4405 2304 4460 stinete
2336 4407 2492 4474 vitio,
2547 4421 2608 4463 ut
2649 4411 2818 4480 quieti
2849 4410 2999 4476 facti,
3036 4421 3276 4467 vestrum
3326 4415 3503 4484 agatis
3535 4429 3705 4485 nego-

432 4482 487 4536 in
527 4481 809 4546 charitate,
842 4483 1001 4539 idest
1027 4485 1084 4538 in
1109 4483 1343 4550 Christo,
1377 4487 1614 4553 quotidie
1643 4489 1859 4542 crescit.

1001 4594 1226 4650 CAPUT
1264 4595 1467 4650 LXXII.

435 4679 512 4734 De
557 4697 616 4735 eo
646 4680 785 4750 quod
833 4679 1110 4750 Apostolus
1154 4684 1272 4737 ait:
1317 4684 1579 4755 Spiritum
1614 4687 1780 4743 nolite
1808 4693 2012 4744 exstin-

1141 4768 1324 4822 gnere.

510 4839 586 4893 Ac
625 4841 670 4894 si
694 4841 837 4895 dicat
861 4859 873 4895 :
899 4841 1136 4912 Spiritus
1161 4846 1334 4899 sancti
1359 4849 1606 4916 gratiam,
1632 4864 1794 4918 quam
1832 4851 2014 4919 bapti—

437 4929 543 4982 zati
593 4944 690 4998 per
744 4946 935 4987 manus
969 4933 1365 5003 impositionem
1421 4947 1475 4992 et
1501 4940 1809 4995 chrismatis
1849 4957 2008 4996 acce-

437 5019 593 5089 pistis
632 5021 958 5089 unctionem,
998 5025 1163 5081 nolite
1208 5042 1373 5096 prave
1396 5031 1626 5086 vivendo
1664 5032 2011 5103 exstinguere

438 5107 492 5176 (Ι
541 5107 693 5164 Thes.
738 5112 824 5182 v);
876 5115 969 5169 sed
1023 5131 1144 5170 eam
1181 5119 1446 5189 integram
1489 5131 1544 5176 et
1594 5123 1905 5178 inviolatam
1954 5126 2010 5178 in

439 5208 620 5255 vestro
646 5203 807 5258 corde
836 5213 891 5259 et
917 5221 1144 5277 corpore
1173 5220 1405 5266 servate.
1438 5212 1588 5267 Unde
1637 5214 1708 5269 ad
1750 5215 2013 5287 Ephesios

441 5291 582 5347 idem
603 5293 681 5347 ait
702 5293 990 5362 Apostolus
1016 5316 1028 5351 :
1059 5297 1237 5354 Nolite
1258 5304 1568 5357 contristare
1590 5302 1846 5374 Spiritum
1891 5323 2017 5360 san—

439 5388 582 5435 ctum
620 5381 742 5448 Dei,
791 5385 847 5438 in
883 5401 985 5455 quo
1024 5389 1216 5458 signati
1253 5392 1376 5445 estis
1418 5394 1474 5446 in
1514 5394 1598 5448 die
1650 5396 2016 5466 redemptionis

443 5469 660 5543 (Ephes.
719 5474 791 5547 ιν)
829 5477 1208 5561 :signaculum
1263 5483 1406 5538 enim
1447 5486 1619 5540 sancti
1676 5480 1913 5558 Spiritus
1959 5489 2014 5541 in

2029 4473 2083 4532 Ῑ)
2112 4493 2268 4548 tium.
2322 4495 2415 4550 llic
2454 4473 2622 4568 igitur
2666 4473 2826 4555 suum
2863 4473 3290 4573 agitvnegotium,
3336 4473 3429 4572 q‘ui
3477 4473 3704 4574 postpo-

2112 4586 2218 4641 sito
2265 4589 2596 4646 curiositatis
2627 4593 2780 4659 vitio,
2819 4593 2885 4647 de
2911 4595 3087 4649 salute
3123 4611 3217 4649 sua
3241 4605 3324 4649 est
3350 4596 3704 4651 incessanter

2113 4676 2392 4732 sollicitus.
2447 4679 2582 4734 Nam
2632 4681 2722 4736 ille
2770 4685 3064 4738 monachus
3097 4684 3331 4739 alienum
3377 4685 3496 4754 agit
3535 4701 3704 4756 nego-

2114 4769 2270 4834 tium,
2318 4772 2408 4838 qui
2439 4772 2772 4828 curiositatis
2809 4774 2940 4829 vitio
2989 4791 3144 4830 suam
3194 4776 3396 4830 oblitus
3437 4777 3698 4830 vitiosam

2115 4860 2382 4916 discutere
2407 4863 2600 4925 vitam,
2630 4862 2859 4916 alienam
2892 4864 3217 4935 investigare
3257 4864 3492 4919 sollicite
3521 4874 3700 4920 curat.

2119 4949 2271 5004 Unde
2299 4959 2354 5005 et
2381 4950 2449 5004 ad
2477 4955 2694 5006 eosdem
2722 4953 2777 5006 in
2807 4954 3041 5008 secunda
3093 4955 3232 5009 idem
3267 4956 3346 5009 ait
3389 4955 3634 5024 Epistula
3684 4973 3697 5007 :

2117 5038 2426 5094 Audiuimus
2463 5043 2601 5095 enim
2632 5043 2884 5111 quosdam
2930 5045 3067 5097 inter
3108 5062 3195 5098 vos
3241 5045 3575 5099 ambulantes
3620 5047 3699 5099 in-

2114 5133 2304 5202 quiete,
2336 5132 2466 5186 nihil
2485 5144 2778 5203 aperantes,
2811 5134 2901 5188 sed
2927 5135 3130 5188 curiose
3157 5147 3366 5205 agentes
3397 5135 3485 5205 (11
3516 5135 3699 5190 Thess.

2117 5221 2222 5291 ιιι).
2257 5221 2314 5276 ln
2339 5223 2443 5278 hac
2461 5223 2610 5277 brevi
2653 5225 2921 5278 sententia
2948 5225 3116 5278 multa
3153 5225 3353 5281 Paulus
3395 5227 3700 5281 monacho-

2117 5327 2238 5364 rum
2279 5312 2625 5380 reprehendit
2675 5312 2824 5377 vitia,
2867 5312 3295 5383 inquietudinem
3342 5314 3602 5370 videlicet
3647 5321 3703 5368 et

2119 5401 2446 5456 otiositatem
2471 5409 2526 5455 et
2547 5401 2942 5468 curiositatem,
2970 5409 3024 5456 et
3055 5401 3473 5470 multiloquium,
3510 5407 3564 5457 in
3595 5418 3700 5472 quo

2071 5551 2094 5564 κ
2119 5490 2413 5545 secundum
2438 5489 2782 5546 Salomonem
2826 5489 3008 5561 (Prov.
3037 5490 3091 5559 ι)
3148 5507 3256 5546 non
3300 5491 3558 5562 cﬁ‘ugitur
3576 5508 3700 5564 pec-

515 5608 704 5699 :Quid
728 5611 800 5666 sit
831 5610 1090 5684 Spiritum
1141 5617 1465 5686 exstinguere
1522 5617 1745 5688 pulchre
1802 5622 2036 5677 ostendit
2110 5619 2529 5693 Chrysostomus
2582 5624 2635 5678 in
2703 5625 2875 5694 Epist.
2903 5627 2970 5681 ad
3030 5626 3246 5693 Thcss.,
3281 5644 3400 5699 cap.
3461 5645 3535 5695 v,
3604 5621 3698 5685 ho-

447 5676 561 5732 mil.
585 5680 671 5734 ll.
