3960 6206
299 319 402 374 669

1509 310 1812 368 DIADESSA
1854 313 2352 372 MONACHORUM.

3446 322 3551 378 670

299 441 515 494 catum;
548 428 864 496 inquietudo
891 442 1039 498 ergo,
1083 441 1202 495 quae
1221 435 1277 480 et
1299 425 1404 480 alio
1434 427 1651 480 nomine
1701 425 1878 480 curio—
1905 428 1956 486 Α
1981 441 2044 479 su
2099 426 2300 483 Christi
2349 435 2430 482 est
2479 429 2810 484 denuntiata.
2853 427 2920 482 Et
2959 427 3206 496 quamvis
3258 432 3552 499 apostolica

299 523 432 579 sitas
457 521 778 591 appellatur,
825 518 1029 588 grande
1056 526 1140 572 est
1167 518 1376 582 vitium,
1420 532 1540 587 quae
1561 530 1660 572 nec
1681 531 1878 585 corpus

298 612 559 680 quietum,
607 623 707 662 nec
755 609 990 661 animam
1039 607 1262 660 dimittit
1304 621 1424 661 esse
1469 608 1586 660 sine
1631 615 1873 676 peccato.

299 702 434 756 Duxn
469 700 612 754 enim
647 697 875 752 sollicite
905 697 1131 749 aliorum
1169 697 1358 750 domos
1385 697 1602 760 circuit,
1641 696 1722 749 vel
1749 695 1878 749 alie.

299 807 365 846 na
405 797 526 844 acta
566 789 781 843 curiose
831 787 1118 856 perquirit,
1163 787 1350 855 procul
1390 786 1552 842 dubio
1601 787 1654 840 in
1694 785 1877 840 multis

297 879 538 934 offendit.
596 877 730 931 Nam
779 875 1108 930 curiositatis
1142 875 1334 928 vitium
1377 874 1746 928 indesinenter
1781 888 1874 928 co—

298 974 522 1027 mitatur
559 979 616 1025 et
661 968 853 1023 otium.
910 965 1160 1020 Otiositas
1202 976 1376 1019 autem
1411 965 1628 1019 inimica
1657 973 1733 1018 est
1761 965 1874 1016 ani-

295 1082 393 1119 mle
423 1062 593 1136 (Eccl.
622 1060 840 1130 nstin).
871 1059 1056 1113 Melius
1099 1069 1182 1114 est
1210 1074 1338 1127 ergo
1371 1058 1648 1113 monachis
1669 1065 1727 1110 ut
1747 1057 1875 1112 obe-

295 1157 506 1210 dientes
536 1155 646 1208 sint
673 1152 978 1220 prmpositis
1000 1152 1112 1205 suis
1151 1152 1216 1206 ad
1256 1165 1469 1205 omnem
1506 1149 1870 1204 obedientiam

297 1245 547 1300 utilitatis
585 1257 716 1304 suae,
741 1251 795 1296 et
823 1256 944 1295 cum
975 1240 1206 1304 silentio,
1260 1239 1315 1293 id
1333 1247 1417 1294 est
1462 1239 1530 1293 ab
1557 1239 1703 1292 omni
1739 1237 1871 1290 vitio

295 1334 681 1406 inquietudinis
729 1341 782 1388 et
818 1332 1170 1394 curiositatis,
1220 1338 1274 1384 et
1302 1329 1646 1383 verbositatis
1682 1328 1868 1391 alieni,

295 1427 544 1481 manibus
582 1431 869 1492 operantes
897 1437 1052 1476 suum
1100 1436 1292 1490 panem
1324 1419 1669 1480 manducent,
1705 1426 1759 1470 et
1787 1419 1869 1471 in-

294 1515 536 1583 telligant
572 1514 637 1567 de
661 1512 852 1581 seipsis
888 1511 1020 1564 illud
1039 1509 1447 1578 Psalmographi
1475 1507 1676 1562 dictum
1703 1526 1716 1560 :
1739 1506 1870 1576 Ope-

292 1622 349 1656 ra
377 1618 630 1656 manuum
656 1611 870 1653 tuarum
899 1599 1242 1652 manducabis
1273 1613 1290 1650 :
1319 1597 1498 1649 beatus
1523 1612 1598 1660 es,
1639 1604 1688 1648 et
1742 1594 1867 1646 bene

289 1697 382 1750 tibi
405 1698 502 1749 erit
529 1693 702 1765 (Psal.
734 1693 956 1762 cum).
988 1693 1210 1747 Dicebat
1234 1692 1452 1763 quidem
1483 1703 1645 1745 senex
1685 1707 1698 1742 :
1736 1688 1866 1742 Pro-

289 1797 474 1857 pterea
525 1801 630 1842 nun
676 1783 1010 1852 proﬁcimus,
1069 1783 1197 1853 quia
1251 1782 1523 1836 nescimus
1578 1755 1944 1832 mensurasB

289 1888 530 1942 nostras,
585 1892 759 1947 neque
785 1876 1096 1946 patientiam
1129 1874 1390 1929 habemus
1411 1872 1464 1925 in
1514 1885 1677 1940 opere
1717 1868 1862 1938 quod

287 1971 624 2040 ceperimus;
660 1967 753 2022 sed
782 1967 897 2021 sine
941 1965 1124 2020 labore
1155 1964 1332 2032 aliquo
1375 1963 1599 2015 virtutes
1620 1959 1868 2013 volumus

287 2059 588 2130 possidere.
622 2055 843 2112 Dicebat
868 2046 1281 2117 abbas‘Pastor,
1332 2051 1474 2122 quod
1501 2050 1668 2104 abbas
1692 2048 1863 2103 Isido-

291 2166 382 2204 rus
411 2149 676 2202 allocutus
707 2147 778 2200 sit
807 2144 1096 2215 aliquando
1124 2144 1334 2212 plebem
1368 2141 1594 2194 fratrum
1619 2137 1805 2194 dicens
1840 2157 1852 2191 :

289 2238 528 2300 Fratres,
583 2235 824 2304 nunquid
865 2249 971 2288 non
1015 2233 1080 2286 ad
1111 2229 1466 2285 laborandum
1512 2228 1760 2283 venimus
1813 2229 1866 2282 in

289 2331 466 2385 locum
506 2327 693 2384 hunc?
748 2327 812 2380 Et
835 2341 975 2379 nunc
1002 2324 1158 2378 video
1205 2323 1330 2391 quia
1369 2322 1546 2375 nullus
1592 2319 1682 2373 hic
1715 2319 1869 2373 labor

289 2431 389 2477 est.
436 2421 548 2491 Ego
591 2419 776 2488 igitur,
805 2417 1025 2470 dimissa
1055 2413 1228 2482 plebe,
1268 2412 1404 2466 vado
1439 2412 1529 2464 ubi
1570 2419 1653 2464 est
1691 2410 1865 2474 labor,

288 2519 344 2568 ct
363 2511 456 2565 ubi
487 2524 596 2564 non
623 2507 838 2561 invenio
869 2505 1130 2573 requiem.
1174 2501 1470 2568 Quemdam
1499 2514 1681 2553 senem
1706 2513 1864 2567 roga-

289 2604 418 2657 bant
463 2599 658 2654 l‘ratrcs
685 2607 738 2651 ut
770 2597 1074 2666 quiesceret
1097 2603 1125 2647 'a
1158 2593 1306 2664 gravi
1331 2591 1530 2654 labore,
1571 2590 1658 2643 ille
1688 2600 1865 2642 autem

290 2690 570 2760 respondit
607 2689 686 2743 eis
715 2707 728 2741 :
755 2687 974 2742 Credite
1022 2684 1177 2746 mihi,
1229 2681 1347 2746 ﬁlii,
1406 2680 1549 2750 quod
1592 2679 1865 2732 Abraham

289 2779 594 2850 pmnitebit,
649 2792 772 2831 cum
826 2775 1019 2829 viderit
1059 2788 1252 2842 magna
1305 2777 1358 2824 et
1405 2769 1665 2839 praeclara
1726 2769 1864 2822 dona

290 2873 428 2935 Dei,
482 2870 625 2939 quod
677 2867 907 2938 amplius
957 2881 1065 2920 non
1119 2862 1282 2919 fuerit
1326 2863 1379 2916 in
1444 2861 1717 2915 laboribus
1770 2860 1864 2914 de-

291 2971 550 3019 certatus.

852 3046 1078 3103 CAPUT
1117 3043 1349 3098 LXXIV.

612 3140 687 3194 De
708 3139 886 3210 regula
921 3138 984 3190 ab
1011 3135 1260 3206 apostolis
1311 3135 1501 3203 posita.

364 3233 500 3286 Hinc
541 3230 739 3284 Paulus
758 3227 1031 3298 apostolus
1061 3226 1137 3278 ait
1169 3243 1181 3276 :
1225 3223 1531 3292 Quicunque
1553 3221 1687 3273 hanc
1715 3237 1866 3290 regu-

291 3326 399 3379 lam
449 3324 612 3378 secuti
663 3322 885 3391 fuerint,
925 3334 1029 3388 pax
1073 3331 1226 3386 super
1264 3313 1382 3367 illos
1423 3323 1469 3366 et
1511 3310 1865 3364 misericordia

293 3413 436 3474 (Gal.
471 3413 570 3484 γι).
601 3411 856 3466 Doctrina
880 3408 974 3462 Dei
995 3405 1239 3475 qumdam
1268 3402 1447 3472 regula
1471 3400 1734 3455 sermonis
1761 3406 1864 3464 est,

292 3519 412 3575 quae
443 3505 584 3557 inter
605 3502 750 3572 justa
780 3497 989 3566 judicat
1010 3505 1066 3550 et
1090 3495 1290 3564 injusta
1322 3511 1334 3545 :
1367 3506 1530 3561 quam
1570 3489 1661 3558 qui
1712 3505 1868 3543 secu-

296 3601 379 3646 tus
421 3589 599 3653 fuerit,
650 3587 868 3642 habebit
905 3598 1093 3654 pacem
1119 3583 1172 3636 in
1211 3582 1518 3650 semetipso,
1555 3594 1675 3647 qua:
1707 3593 1865 3632 exsu-

292 3689 450 3750 perat
475 3694 688 3734 omnem
717 3691 959 3740 sensum,
983 3683 1037 3728 et
1065 3679 1186 3742 post
1229 3685 1416 3740 pacem
1440 3667 1870 3723 misericordiam

293 3778 674 3838 consequetur.
729 3765 878 3820 Nova
917 3771 1167 3819 creatura
1195 3771 1278 3815 est
1301 3758 1576 3829 generatio
1603 3756 1867 3812 Christia-

295 3878 382 3926 na,
425 3862 551 3930 quia
577 3859 826 3914 Christus
857 3872 1026 3911 novus
1054 3857 1215 3910 homo
1242 3841 1388 3907 venit
1413 3853 1465 3905 in
1498 3851 1772 3913 mundum,
1811 3857 1867 3905 et

293 3967 432 4007 nova
459 3959 730 4021 praecepta
765 3948 908 4003 dedit
951 3946 1175 4009 mundo,
1228 3953 1283 3998 et
1325 3959 1484 4013 super
1520 3942 1867 3999 observantes

293 4058 356 4096 ea
385 4055 492 4110 pax
541 4047 594 4093 et
637 4037 1027 4093 misericordia.
1072 4033 1209 4088 Item
1252 4034 1368 4102 ipse
1410 4032 1699 4101 Apostolus
1746 4033 1863 4086 ait:

301 4129 671 4184 Verumtamen
699 4127 766 4180 ad
795 4127 932 4198 quod
954 4126 1298 4196 pervenimus,
1322 4133 1378 4176 ut
1405 4124 1540 4178 idem
1563 4123 1863 4193 sapiamus,

291 4231 340 4274 et
370 4221 425 4274 in
448 4219 627 4273 eadem
667 4232 1064 4288 permaneamus
1096 4214 1277 4284 regula
1303 4211 1525 4286 (Philip.
1551 4212 1654 4282 ιιι),
1679 4213 1732 4265 id
1760 4220 1868 4276 est,

295 4319 354 4365 ut
401 4311 456 4364 in
496 4305 798 4361 ministerio
835 4304 958 4358 ﬁdei
988 4317 1418 4372 permaneamus,
1451 4301 1519 4354 ad
1547 4300 1690 4369 quod
1715 4298 1866 4353 Chri-

294 4408 377 4453 sto
403 4403 631 4451 vocante
652 4395 1018 4464 pervenimus,
1053 4400 1108 4446 et
1145 4391 1280 4445 nihil
1301 4399 1455 4446 extra
1484 4390 1680 4462 regula:
1704 4389 1866 4444 disci-

294 4489 496 4557 plinam
520 4488 573 4541 in
601 4485 1012 4540 conversatione
1037 4483 1161 4538 ﬁdei
1187 4484 1486 4552 sapiamus,
1517 4483 1612 4538 sed
1645 4483 1746 4537 hoc
1773 4497 1864 4536 sa-

296 4580 508 4648 piamus
554 4577 696 4646 quod
721 4591 1005 4630 commune
1031 4576 1102 4630 sit
1143 4583 1198 4630 et
1221 4577 1544 4640 modestum,
1598 4576 1651 4629 in
1699 4590 1864 4630 evan-

292 4671 468 4740 gelica
499 4669 726 4723 veritate
767 4677 822 4722 et
849 4668 902 4721 in
931 4669 1121 4722 eadem
1168 4667 1289 4722 ﬁdei
1325 4667 1509 4737 regula
1548 4683 1870 4736 permanea-

295 4773 440 4811 mus.
491 4755 696 4826 Regula
736 4756 839 4810 hoc
873 4755 928 4808 in
975 4755 1094 4809 loco
1139 4756 1272 4810 ﬁdes
1313 4765 1538 4810 vocatur
1568 4755 1867 4812 Catholica.

295 4845 506 4916 Regula
551 4860 680 4899 vero
707 4845 775 4898 ab
795 4860 859 4898 eo
893 4845 1036 4914 quod
1067 4853 1212 4900 recte
1242 4846 1422 4904 ducat.
1477 4854 1533 4899 et
1554 4854 1698 4899 recte
1722 4854 1874 4916 regat

296 4946 384 4992 est
419 4937 582 4990 dicta.
630 4935 783 4991 Unde
804 4944 858 4990 et
879 4935 968 4988 illa
1016 4936 1234 4988 Patrum
1264 4935 1532 4999 instituta,
1581 4949 1700 5004 quae
1722 4943 1870 4991 recte

298 5030 486 5082 vivere
530 5028 861 5083 Catholicam
910 5027 1104 5082 docent
1147 5026 1444 5080 Ecclesiam
1493 5041 1728 5081 canones
1780 5042 1874 5082 vo-

299 5125 514 5171 cantur.
561 5115 745 5170 Canon
785 5125 963 5168 autem
997 5113 1200 5178 Graace,
1225 5114 1414 5168 Latine
1444 5115 1628 5183 regula
1650 5114 1868 5170 dicitur.

301 5206 441 5261 Hinc
460 5213 517 5259 et
545 5204 670 5258 alibi
705 5203 902 5258 Paulus
948 5203 1024 5257 ait
1051 5223 1062 5256 :
1091 5203 1472 5258 Denuntiamus
1499 5214 1671 5258 autem
1707 5205 1870 5270 vobis,

301 5296 518 5364 fratres,
569 5294 625 5348 in
671 5293 876 5347 nomine
920 5293 1131 5346 Domini
1178 5294 1342 5346 nostri
1380 5293 1508 5346 Iesu
1558 5291 1775 5359 Christi,
1817 5305 1874 5348 ut

303 5385 624 5442 subtrahatis
664 5401 748 5438 vos
784 5384 849 5436 ab
884 5385 1022 5438 omni
1046 5383 1209 5452 fratre
1238 5383 1462 5453 inquiete
1503 5383 1802 5439 ambulante
1826 5394 1873 5438 et

303 5479 604 5533 inordinate
633 5475 717 5547 (II
767 5475 946 5529 Thess.
984 5475 1088 5544 ιιι).
1140 5475 1246 5528 lsta
1275 5473 1610 5528 denuntiatio
1649 5487 1754 5527 non
1790 5482 1875 5527 est

305 5568 375 5621 ab
403 5563 740 5620 auditoribus
765 5563 1215 5634 parvipendenda,
1249 5563 1375 5632 quia
1395 5561 1558 5632 regali
1585 5572 1669 5615 est
1692 5571 1877 5617 aucto-

307 5656 472 5714 ritate
504 5654 713 5719 fulcita,
751 5655 964 5720 quando
993 5655 1044 5708 in
1070 5653 1283 5708 nomine
1328 5651 1535 5707 Domini
1587 5652 1754 5706 nostri
1791 5650 1876 5707 Je-

1977 517 2241 572 charitate
2269 519 2339 573 sit
2357 519 2534 587 plena,
2571 520 2950 576 auctoritatem
2975 526 3157 573 tamen
3197 521 3439 577 continet
3467 538 3553 581 re-

1976 607 2142 676 giam,
2180 623 2300 677 qum
2329 607 2563 662 ﬁdelium
2586 609 2828 662 omnium
2852 607 3142 663 salubriter
3177 618 3453 664 catervam
3477 612 3548 667 ad

1977 704 2178 750 rectam
2223 699 2527 752 animarum
2559 697 2807 767 perducit
2835 697 3096 766 regulam.
3142 698 3234 752 Ait
3267 700 3450 754 enim:
3481 698 3550 755 Ut

1974 787 2291 841 subtrahatis
2315 803 2402 841 vos
2425 789 2489 840 ab
2513 789 2653 840 omni
2701 788 2870 856 fratre
2897 788 3123 856 inquiete
3151 789 3476 855 ambulante,
3499 801 3550 844 et

1974 896 2077 932 non
2099 880 2381 933 secundum
2402 881 2754 945 traditionem,
2805 897 2964 951 quam
2992 893 3300 951 acceperunt
3327 901 3360 936 a
3394 884 3546 939 nobis

1974 969 2059 1039 (Il
2086 969 2374 1040 Thess.tn).
2401 971 2536 1025 llinc
2549 972 2924 1026 auctoritatem
2952 972 3166 1025 ﬁrmam
3192 974 3553 1030 subtrahendi

1972 1073 2031 1113 se
2067 1075 2098 1112 a
2121 1065 2302 1128 pravis
2331 1059 2634 1115 hominibus
2659 1061 2728 1115 ab
2755 1060 2996 1129 apostolo
3038 1069 3350 1115 sanctorum
3376 1078 3546 1118 acce—

1970 1150 2051 1218 pit
2093 1149 2351 1204 Ecclesia.
2404 1149 2664 1219 Regulam
2712 1157 2894 1204 autem
2935 1151 3072 1206 bene
3109 1151 3438 1215 ambulandi,
3492 1153 3548 1208 id

1969 1248 2073 1303 est,
2093 1243 2258 1306 bene,
2282 1250 2339 1296 et
2370 1241 2540 1310 juste,
2577 1251 2632 1296 et
2657 1241 2744 1312 pie
2767 1243 3001 1306 vivendi,
3032 1244 3370 1298 tradiderunt
3417 1245 3552 1300 ﬁde—

1969 1332 2111 1386 libus
2152 1333 2402 1402 apostoli,
2441 1348 2602 1402 quam
2645 1335 2884 1387 omnium
2913 1333 3148 1388 ﬁdelium
3168 1335 3336 1403 debet
3367 1342 3554 1389 tenere

1969 1422 2199 1476 ﬁrmiter
2227 1423 2487 1488 Ecclesia,
2519 1439 2637 1493 quae
2658 1425 2725 1478 ad
2754 1424 2969 1477 illorum
2991 1438 3146 1478 suam
3173 1425 3286 1478 vult
3310 1425 3554 1494 dirigere-

1967 1516 2152 1566 vitam.
2192 1513 2350 1567 Istius
2370 1529 2498 1583 ergo
2524 1513 2720 1582 regula:
2759 1527 2971 1576 norma,
3005 1513 3257 1567 omnibus
3282 1514 3547 1568 Christia—

1967 1603 2072 1667 nis,
2113 1603 2354 1672 ipsorum
2394 1602 2760 1670 apostolorum
2811 1601 2956 1656 facta
2992 1611 3076 1655 est
3115 1602 3249 1655 vita.
3303 1602 3456 1657 Unde
3490 1612 3556 1657 et.

1967 1691 2212 1760 sequitur
2245 1709 2256 1745 :
2291 1690 2402 1760 Ipsi
2450 1691 2588 1744 enim
2635 1691 2782 1744 scitis
2824 1690 3265 1761 quemadmodum
3314 1700 3558 1761 oporteat-

1969 1801 2057 1839 vos
2092 1784 2291 1836 imitari
2322 1798 2414 1836 nos
2438 1781 2650 1851 (lbid.).
2684 1781 2761 1834 Ac
2785 1781 2830 1835 si
2855 1782 3060 1835 diceret
3085 1799 3097 1832 :
3123 1781 3258 1846 Quia
3289 1780 3403 1848 jam
3442 1781 3552 1837 fre-

1969 1882 2197 1943 quenter
2222 1882 2276 1926 et
2317 1872 2500 1926 verbis
2540 1871 2692 1926 vobis
2717 1871 3067 1940 prtediximus
3095 1879 3151 1925 et
3182 1871 3446 1941 exemplis
3465 1886 3551 1926 os-

1971 1963 2261 2027 tendimus,
2290 1963 2411 2016 ideo
2451 1970 2636 2016 notum
2681 1971 2764 2016 est
2805 1961 2956 2016 vobis
2995 1963 3264 2031 quomodo
3304 1970 3555 2031 oporteat.

1968 2067 2065 2106 vos
2098 2051 2299 2105 imitari
2325 2067 2442 2106 nos.
2480 2051 2736 2106 Libenter
2769 2060 2947 2105 tamen
2970 2051 3132 2105 facite
3177 2052 3318 2120 quod
3365 2053 3556 2105 horta-

1970 2161 2110 2210 mur,
2151 2145 2253 2198 sia
2291 2145 2447 2200 nobis
2481 2145 2739 2198 traditam
2779 2143 2904 2198 ﬁdei
2955 2143 3120 2197 vultis
3160 2152 3349 2197 tenere
3398 2158 3553 2213 regu-

1969 2234 2095 2288 lam.
2133 2235 2279 2288 Dixit
2326 2234 2545 2302 quidam
2576 2249 2779 2288 senex:
2807 2233 3080 2302 Scriptum
3125 2241 3230 2297 est,
3273 2234 3460 2287 Justus
3492 2244 3548 2286 ut

1967 2325 2142 2395 palma
2168 2325 2374 2394 ﬂorebit
2413 2324 2584 2395 (Psal.
2629 2324 2757 2394 xei).
2799 2323 3078 2394 Signiﬁcat
3111 2333 3290 2378 autem
3320 2325 3408 2379 hic
3431 2339 3548 2380 ser-

1970 2429 2058 2467 mo
2082 2413 2280 2467 bonum
2313 2423 2512 2477 actum,
2541 2413 2731 2477 altum,
2757 2421 2812 2467 et
2844 2422 3072 2476 rectum,
3095 2421 3150 2466 et
3175 2413 3406 2471 dulcem.
3447 2413 3542 2468 Est

1968 2502 2113 2555 enim
2141 2502 2193 2554 iu
2217 2502 2396 2572 palma
2420 2518 2586 2555 unum
2610 2502 2904 2556 incardium
2942 2509 2996 2557 et
3026 2502 3198 2570 ipsum
3229 2503 3544 2568 candidum,

1967 2605 2182 2646 omnem
2215 2593 2419 2647 habens
2466 2593 2831 2662 operationem
2865 2594 2918 2647 in
2953 2609 3028 2648 se.
3074 2594 3340 2649 Similiter
3367 2604 3547 2649 autem

1967 2688 2022 2736 et
2047 2683 2101 2734 in
2131 2682 2248 2736 viro
2262 2681 2410 2750 justo
2448 2683 2713 2752 reperitur
2741 2699 2905 2737 unum
2942 2684 2990 2735 ei
3015 2692 3068 2737 et
3107 2683 3336 2752 simplex
3369 2684 3559 2738 inesse

1967 2787 2080 2834 cor,
2123 2773 2190 2825 ad
2231 2771 2398 2825 Deum
2431 2774 2802 2826 tantummodo
2837 2774 3154 2842 respiciens.
3222 2773 3318 2826 Est
3366 2781 3549 2827 autem

1965 2871 2022 2917 et
2074 2861 2274 2926 album,
2329 2863 2533 2916 habens
2581 2862 3032 2918 illuminationem
3080 2863 3227 2926 ﬁdei,
3277 2871 3333 2916 ct
3371 2862 3550 2916 omnis

1966 2953 2210 3022 operatio
2237 2949 2370 3019 justi
2402 2953 2453 3006 in
2487 2953 2650 3008 corde
2691 2953 2859 3022 ipsius
2887 2962 2989 3008 est.
3033 2952 3167 3006 Nam
3212 2961 3265 3007 et
3319 2967 3559 3008 acumen.

1971 3041 2312 3096 stimulorum
2354 3042 2471 3112 ejus
2499 3042 2760 3097 adversus
2794 3042 3066 3097 diabolum
3107 3050 3192 3096 est
3241 3055 3556 3112 propugna-

1892 3107 1938 3168 Ο
1971 3133 2174 3188 culum.

2477 3210 2486 3217 '
2520 3202 2745 3258 CAPUT
2785 3200 2994 3257 LXXV.

2360 3291 2425 3345 Ut
2448 3291 2719 3363 vigilantes
2754 3293 2858 3346 sint
2887 3293 3149 3352 monachi.

2037 3405 2235 3460 Paulus
2272 3404 2545 3474 apostolus
2594 3419 2690 3458 nos
2720 3405 2972 3459 admonet
3000 3406 3188 3460 dicens
3221 3419 3236 3457 :
3271 3405 3392 3458 Non
3417 3405 3540 3461 dor—

1967 3498 2191 3549 miamus
2212 3495 2346 3548 sicut
2367 3493 2561 3558 caeteri,
2585 3493 2675 3546 sed
2697 3493 2966 3563 vigilemus
2986 3493 3038 3564 (Ι
3065 3493 3240 3548 Thess.
3259 3495 3336 3564 v).
3360 3495 3417 3550 Id
3440 3505 3542 3556 est,

1968 3600 2074 3638 non
2105 3583 2435 3639 dormiamus
2462 3582 2602 3636 sicut
2627 3581 2804 3636 caeteri
2830 3581 3094 3645 inﬁdeles,
3119 3581 3322 3650 injusti,
3350 3583 3544 3652 iniqui,

1963 3675 2057 3743 qui
2113 3673 2430 3744 ignorantia:
2451 3681 2507 3726 et
2536 3671 2778 3742 corporis
2812 3687 3001 3726 somno
3023 3671 3286 3741 depressi,
3328 3682 3384 3727 et
3412 3688 3542 3742 pec-

1966 3773 2210 3820 catorum
2259 3778 2481 3818 suorum
2503 3763 2642 3817 mole
2686 3757 2917 3830 gravati,
2948 3762 3077 3831 quid
3128 3762 3233 3816 illis
3278 3763 3332 3817 in
3361 3763 3544 3818 futuro

1967 3857 2180 3912 eveniat
2213 3856 2510 3925 praevidere
2537 3870 2643 3909 non
2674 3855 2874 3908 valent.
2916 3854 3018 3921 Qui
3044 3863 3150 3908 tam
3174 3855 3409 3924 graviter
3434 3863 3549 3910 tur-

1965 3949 2212 4019 piterque
2232 3947 2526 4008 dormiunt,
2585 3954 2644 3999 ut
2667 3947 2733 4000 ad
2757 3947 2838 4000 sui
2879 3945 3179 4000 custodiam
3209 3945 3389 3998 cordis
3413 3959 3537 3999 oeu-

1963 4040 2044 4096 los
2083 4054 2190 4093 non
2234 4037 2514 4107 aperiant;
2550 4035 2642 4104 qui
2689 4035 2820 4088 nihil
2869 4035 2934 4088 de
2983 4027 3163 4087 futura
3198 4033 3390 4102 gloria,
3447 4035 3544 4088 sed

1967 4115 2179 4197 semper
2214 4125 2282 4180 de
2313 4124 2567 4194 praesenti
2614 4123 2853 4192 cogitant
2901 4123 3030 4174 vita.
3072 4119 3187 4174 Non
3214 4121 3280 4174 de
3302 4121 3368 4175 iis
3419 4137 3542 4189 qum

1965 4231 2072 4271 non
2107 4215 2357 4270 videntur
2383 4222 2437 4267 et
2464 4221 2665 4267 aeterna
2694 4219 2844 4276 sunt,
2897 4212 2989 4266 sed
3017 4224 3232 4280 semper
3261 4211 3328 4266 de
3353 4212 3420 4266 iis
3453 4226 3548 4267 co—

1968 4307 2145 4374 gitant
2175 4319 2309 4374 quae
2332 4304 2604 4367 videntur,
2648 4311 2703 4357 et
2722 4303 2925 4357 caduca
2951 4311 3006 4356 et
3053 4303 3372 4371 temporalia
3397 4311 3548 4358 sunt.

1966 4397 2075 4451 Nos
2101 4404 2281 4450 autem
2304 4410 2407 4449 non
2429 4394 2569 4448 sicut
2592 4393 2667 4447 illi
2694 4393 3046 4458 dormiamus,
3082 4393 3176 4447 sed
3240 4395 3546 4464 vigilemus.

1968 4486 2106 4540 Hinc
2135 4499 2232 4539 nos
2256 4491 2311 4538 et
2354 4482 2564 4538 Marcus
2596 4481 2924 4551 evangelista
2969 4482 3258 4537 salubriter
3298 4485 3552 4539 admonet

1968 4576 2153 4630 dicens
2187 4593 2199 4628 :
2239 4572 2460 4643 Vigilate
2491 4589 2636 4642 ergo,
2658 4572 2783 4642 quia
2823 4574 3029 4626 nescitis
3055 4573 3266 4643 quando
3295 4574 3551 4628 Dominus

1968 4666 2157 4721 veniat.
2184 4663 2266 4720 Ne
2288 4680 2405 4718 cum
2426 4664 2620 4718 venerit
2645 4673 2867 4734 repente,
2892 4665 3116 4718 inveniat
3154 4681 3241 4718 vos
3284 4665 3550 4719 dormien-

1972 4767 2046 4810 tes
2099 4754 2294 4826 (Μαῖα.
2339 4755 2494 4824 χιιι).
2535 4753 2688 4812 Beati
2735 4754 2869 4807 servi
2893 4753 2992 4819 illi,
3032 4770 3160 4824 quos
3198 4770 3316 4806 cum
3359 4755 3550 4807 venerit

1974 4845 2252 4910 Dominus,
2277 4843 2526 4898 invenerit
2556 4843 2828 4912 vigilantes
2856 4841 3007 4912 (Luc.
3027 4841 3142 4912 xu).
3171 4841 3368 4912 Vigilat
3384 4844 3552 4907 enim,

1977 4937 2069 5006 qui
2096 4937 2162 4990 ad
2183 4943 2457 5004 aspectum
2514 4933 2627 4988 veri
2672 4933 2891 4988 luminis
2916 4934 3098 4988 oculos
3144 4944 3362 5003 apertos
3387 4942 3550 4989 tenet.

1977 5025 2189 5097 Vigilat,
2220 5025 2310 5094 qui
2331 5032 2510 5079 servat
2527 5021 2799 5090 operando
2813 5024 2954 5091 quod
2975 5024 3163 5078 credit.
3191 5024 3412 5094 Vigilat,
3446 5023 3538 5092 qui

1977 5131 2008 5169 a
2043 5131 2101 5171 se
2123 5114 2362 5184 corporis
2394 5121 2449 5167 et
2486 5111 2823 5182 negligentia:
2859 5113 3112 5166 tenebras
3152 5113 3381 5182 repellit.
3413 5112 3552 5166 Hinc

1978 5214 2033 5258 et
2053 5205 2179 5259 alibi
2201 5202 2341 5258 idem
2366 5203 2442 5256 ait
2470 5200 2778 5271 apostolus:
2813 5200 2933 5256 Sive
2963 5201 3258 5272 vigilemus,
3287 5205 3391 5258 sive
3417 5204 3546 5256 dor-

1977 5296 2221 5359 miamus,
2262 5292 2420 5347 simul
2441 5308 2559 5346 cum
2579 5291 2787 5346 Christo
2827 5294 3058 5347 vivamus
3090 5292 3136 5364 (1
3169 5293 3349 5347 Thess.
3382 5293 3456 5362 v).
3489 5291 3548 5345 Id

1971 5392 2076 5447 est,
2101 5383 2214 5436 sive
2245 5381 2522 5452 vigilemus
2550 5382 2618 5436 ad
2643 5381 2942 5437 custodiam
2970 5389 3167 5438 nostra:
3197 5382 3405 5447 salutis,
3429 5380 3546 5435 sive

1973 5473 2300 5528 dormiamus
2322 5487 2351 5525 a
2379 5473 2583 5528 nocivis
2622 5473 2781 5542 hujus
2817 5475 2996 5530 SiBCllil
3031 5473 3195 5537 curis,
3231 5471 3388 5526 simul
3417 5486 3543 5526 eum

1973 5563 2064 5616 illo
2094 5562 2355 5627 vivamus,
2381 5563 2433 5617 id
2459 5572 2562 5629 est,
2582 5577 2793 5632 semper
2817 5565 2868 5617 in
2909 5563 3120 5616 Christo
3139 5569 3193 5614 et
3222 5575 3346 5614 cum
3398 5559 3551 5615 Chri-

1975 5660 2059 5707 sto
2095 5652 2262 5707 sitnus
2299 5674 2308 5708 :
2338 5655 2428 5724 qui
2450 5671 2546 5724 pro
2582 5653 2728 5707 nobis
2761 5661 2994 5706 mortuus
3041 5659 3136 5710 est.
3166 5660 3211 5705 et
3261 5651 3545 5706 resurrexit
