3960 6206
412 338 510 399 ϐτί

1693 331 1970 389 SMARAG
1978 332 2045 387 Dl
2078 322 2373 385 ABBATIS
3573 322 3676 378 672

413 453 625 523 (Ibid).
664 453 743 509 De
771 453 877 507 hac
892 448 1096 507 salubri
1124 448 1435 520 vigilatioue
1460 456 1516 503 et
1543 447 1885 511 dormitione,
1929 444 1984 498 in
2012 446 2064 505 Α
2088 440 2325 496 ferarum
2347 439 2554 497 similes
2595 454 2798 496 sumus.
2831 437 2935 494 Sed
2964 439 3010 494 si
3037 438 3291 495 inimicus
3336 440 3483 509 quod
3511 454 3675 497 suum

412 543 651 601 Canticis
681 543 1016 599 canticorum
1066 540 1321 597 Salomon
1359 540 1470 595 ait:
1502 539 1614 609 Ego
1664 538 1893 603 dormio,
1931 546 1980 591 et

412 654 505 691 cor
538 646 710 690 meum
745 632 926 703 vigilat
951 631 1128 704 (Cant.
1172 634 1249 704 vi).
1280 632 1361 688 Ac
1405 634 1451 687 si
1486 632 1692 687 diceret
1722 648 1735 685 :
1767 630 1983 698 Quanto

411 724 587 795 magis
606 737 637 777 a
660 723 893 777 terrenis
915 720 1062 775 velut
1096 722 1370 776 dormiens
1390 722 1611 791 quiesco
1635 722 1803 787 curis,
1832 729 1985 777 tanto

409 813 632 870 liberius
676 826 773 867 cor
805 825 983 867 meum
1016 813 1082 866 ad
1131 813 1212 866 sui
1256 812 1765 883 contemplationem
1794 810 1985 882 vigilat

408 905 689 961 creatoris.
716 904 808 958 illa
836 905 980 958 enim
1012 903 1192 958 anima
1224 905 1280 958 in
1307 913 1568 958 aeternum
1604 918 1817 974 semper
1857 917 1983 958 cum

407 990 637 1049 Domino
656 991 817 1056 vivet,
835 1006 955 1061 qua!
980 991 1057 1045 illi
1085 992 1173 1047 hic
1200 1006 1296 1062 per
1314 993 1656 1049 dilectionem
1678 994 1980 1053 adherenS.

407 1100 438 1138 a
473 1092 629 1156 tergo
652 1082 768 1151 ejus
785 1096 1060 1151 nunquam
1087 1084 1310 1139 recedit.
1342 1083 1495 1140 Unde
1518 1093 1574 1139 et
1602 1085 1858 1139 Dominus
1899 1083 1985 1137 in-

406 1177 563 1245 quit:
596 1174 699 1240 Qui
724 1173 893 1243 diligit
921 1190 1021 1239 me,
1054 1190 1135 1227 nte
1156 1184 1423 1246 regnatur.
1474 1174 1553 1228 Et
1568 1175 1656 1229 ubi
1705 1190 1799 1245 ego
1837 1190 1978 1239 sum,

402 1268 513 1322 illic
534 1278 584 1322 et
607 1258 847 1321 minister
879 1283 1024 1320 meus
1046 1267 1143 1319 erit
1165 1265 1346 1337 (Joan.
1383 1265 1503 1338 xu).
1532 1265 1590 1320 ld
1616 1275 1720 1330 est,
1768 1280 1980 1319 mecum

404 1356 460 1412 in
501 1365 763 1427 perpetuo
788 1357 998 1420 vivens,
1049 1370 1262 1424 semper
1284 1356 1550 1425 gloriosus
1579 1362 1636 1408 et
1662 1354 1982 1409 immortalis

402 1447 669 1517 regnabit.
715 1446 862 1499 Dixit
910 1446 1080 1500 abbas
1113 1446 1415 1516 Evagrius:
1461 1445 1518 1499 Si
1541 1442 1729 1499 deﬁcis
1775 1444 1978 1508 animo,

400 1552 498 1592 ora
545 1538 686 1592 sicut
724 1537 987 1606 scriptum
1006 1545 1110 1591 est.
1168 1536 1276 1590 Ora
1305 1545 1484 1590 autem
1516 1551 1642 1590 cum
1674 1536 1889 1598 timore,
1925 1541 1983 1588 et

404 1634 637 1680 tremore
671 1634 727 1679 et
745 1626 954 1691 labore,
1003 1626 1182 1681 sobrie
1219 1634 1276 1680 et
1303 1618 1609 1696 vigilanter.
1650 1625 1730 1678 Ita
1765 1631 1975 1693 oportet

399 1728 559 1769 orare
600 1716 836 1771 maxime
877 1725 1102 1787 propter
1157 1718 1445 1788 malignos,
1489 1725 1545 1771 et
1580 1718 1838 1787 nequitiis
1879 1730 1979 1771 va-

398 1809 608 1869 cantes,
636 1804 934 1861 invisibiles
964 1807 1216 1861 inimicos
1260 1815 1500 1872 nostros,
1550 1808 1640 1877 qui
1672 1822 1771 1861 nos
1791 1807 1846 1860 in
1873 1808 1978 1861 hoc
2006 1806 2052 1864 B

397 1894 669 1962 pracipue
699 1895 961 1965 impedire
997 1897 1267 1951 nituntur.
1302 1897 1449 1952 Dixit
1479 1898 1674 1951 iterum
1703 1914 1717 1950 :
1749 1897 1977 1963 Quando

397 1981 656 2051 cogitatio
680 1985 951 2038 contraria
999 1985 1053 2039 in
1099 1986 1266 2041 corde
1304 1994 1396 2041 tuo
1450 1987 1680 2051 venerit,
1710 1987 1822 2041 noli
1872 1986 1978 2041 alia

395 2085 495 2140 pro
545 2071 668 2127 aliis
719 2088 819 2143 per
870 2077 1173 2131 orationem
1223 2091 1505 2147 quaerere,
1563 2078 1660 2132 sed
1713 2078 1979 2132 adversus

395 2173 517 2215 eam
546 2174 667 2232 qua:
697 2170 749 2219 te
770 2164 1067 2237 impugnat,
1098 2166 1336 2237 gladium
1356 2166 1722 2238 lacrymarum
1747 2179 1975 2222 exacue.

937 2277 1167 2334 CAPUT
1197 2279 1431 2335 LXXVI.

893 2348 969 2403 De
1003 2366 1178 2421 pugna
1215 2352 1487 2405 virtutum.

463 2435 625 2508 (Isid.
659 2438 750 2493 lib.
783 2455 825 2494 ιι
855 2439 1032 2507 Sent.,
1061 2459 1109 2496 ε.
1134 2441 1252 2513 37.)
1302 2444 1453 2499 Tunc
1479 2444 1581 2499 viri
1610 2445 1784 2500 sancti
1823 2457 1983 2499 vera-

394 2528 512 2584 cius
538 2545 569 2584 a
595 2531 852 2587 vitiorum
897 2533 1199 2589 colluvione
1238 2535 1615 2603 deterguntur,
1647 2536 1776 2589 dum
1804 2534 1874 2589 ab
1900 2536 1981 2594 eis

392 2627 582 2674 contra
630 2621 837 2691 singula
887 2623 1020 2677 vitia
1063 2625 1296 2679 virtutes
1344 2624 1570 2694 singulae
1603 2631 1976 2694 opponuntur.

392 2707 529 2765 Nam
557 2712 818 2769 adversus
836 2714 1069 2783 impetus
1096 2716 1350 2770 vitiorum
1378 2717 1669 2772 contrariis
1688 2716 1985 2772 virtutibus

390 2811 475 2860 est
498 2805 884 2875 pugnandum:
937 2816 1125 2861 contra
1177 2806 1445 2862 luxuriam
1496 2808 1638 2863 enim
1666 2809 1849 2864 cordis
1897 2820 1982 2868 est

390 2894 694 2949 adhibenda
742 2896 1039 2962 munditia;
1094 2906 1286 2952 contra
1329 2899 1535 2964 odium,
1592 2898 1812 2953 dilectio
1839 2915 1980 2970 prte-

389 2984 666 3053 paranda;
698 2995 888 3041 contra
908 2988 1270 3055 iracundiam,
1294 2990 1555 3058 patientia
1584 2991 1975 3061 proponenda;

390 3084 579 3128 contra
623 3076 896 3142 timorem,
944 3077 1139 3132 fiducia
1168 3087 1252 3133 est
1288 3078 1624 3144 adhibenda;
1655 3089 1847 3134 contra
1874 3082 1977 3135 tri-

2082 540 2187 597 est,
2222 530 2410 604 exigit,
2441 546 2543 587 nos
2578 544 2793 601 quoque
2834 530 2978 600 quod
3008 538 3252 584 nostrum
3288 539 3394 597 est,
3444 532 3678 602 implere

2082 621 2359 677 debemus.
2406 621 2725 677 insistemus
2751 621 3005 685 orationi,
3029 629 3088 676 et
3132 621 3386 677 inimicus
3429 621 3675 695 fugatur.

2083 711 2226 769 Vaca
2255 714 2591 768 meditationi
2619 713 2738 777 Dei,
2768 719 2824 766 et
2846 712 3037 766 vincis.
3076 710 3491 768 Perseverantia
3520 714 3673 780 boni,

2082 806 2308 860 victoria
2358 814 2462 860 est.
2513 803 2697 869 Certa,
2756 812 2812 859 et
2872 805 3243 859 coronaberis.
3303 804 3455 860 Dixit
3503 807 3679 861 abbas

2080 895 2317 951 Joannes
2341 913 2357 948 :
2388 895 2523 961 Quia
2538 894 2704 965 janua
2733 894 2827 949 Dei
2850 902 2933 950 est
2953 893 3254 961 humilitas,
3279 904 3335 948 et
3359 905 3550 963 patres
3576 910 3681 966 per

2082 985 2281 1040 multas
2325 984 2676 1039 contumelias
2719 984 2848 1048 acti,
2894 984 3194 1052 gaudentes
3231 985 3579 1039 intraverunt
3618 985 3678 1040 in

2082 1077 2357 1132 civitatem
2399 1078 2519 1142 Dei,
2548 1078 2675 1146 quia
2709 1077 2986 1131 humilitas
3012 1083 3069 1131 et
3094 1077 3258 1132 timor
3284 1076 3381 1131 Dei
3408 1086 3680 1147 superant

2080 1185 2269 1225 omnes
2304 1171 2549 1224 virtutes.
2596 1169 2765 1225 Debet
2811 1184 2939 1239 ergo
2968 1170 3267 1224 monachus
3310 1180 3437 1224 ante
3483 1171 3677 1226 omnia

2081 1257 2438 1312 humilitatem
2467 1258 2689 1312 habere.
2737 1255 2850 1312 Hoc
2877 1257 3025 1312 enim
3051 1258 3195 1313 inter
3213 1266 3335 1312 octo
3368 1257 3678 1313 beatitudi-

2081 1361 2179 1403 nes
2200 1348 2436 1416 primum
2465 1346 2763 1402 Salvatoris
2809 1349 3145 1413 mandatum,
3195 1347 3467 1403 dicentis:
3516 1347 3678 1403 Beati

2079 1453 2331 1506 pauperes
2358 1437 2568 1508 spiritu,
2611 1438 2857 1508 quoniam
2893 1438 3126 1508 ipsorum
3153 1446 3230 1493 est
3258 1455 3476 1510 regnum
3508 1438 3679 1493 creto-

2081 1531 2196 1569 rum
2218 1515 2433 1586 (Matth.
2455 1516 2528 1585 v).

2607 1592 2832 1651 CAPUT
2869 1594 3130 1651 LXXVII.

2393 1674 2471 1727 De
2510 1674 2631 1728 odio
2662 1684 2710 1728 et
2735 1677 3051 1729 correctione
3092 1674 3349 1745 fraterna.

2148 1752 2347 1808 Paulus
2376 1754 2650 1823 apostolus
2677 1754 2789 1808 ait:
2843 1753 2903 1809 Si
2947 1756 3062 1825 quis
3109 1764 3282 1807 autem
3313 1771 3415 1808 non
3448 1755 3678 1809 obaudit

2083 1844 2234 1904 verba
2257 1855 2433 1899 nostro
2458 1863 2549 1915 per
2578 1845 2890 1916 Epistolam,
2919 1847 3057 1899 hunc
3086 1854 3280 1910 notate,
3307 1855 3357 1899 et
3393 1862 3497 1899 non
3522 1861 3670 1900 com-

2083 1934 2406 1988 misceamini
2432 1951 2549 1989 cum
2578 1934 2693 2002 illo,
2737 1945 2795 1989 ut
2834 1935 3229 2005 confundatur:
3255 1946 3305 1990 et
3331 1936 3491 1991 nolite
3514 1941 3684 2008 quasi

2080 2025 2351 2078 inimicum
2387 2024 2684 2079 existimare
2717 2023 2891 2090 illum,
2929 2024 3020 2078 sed
3049 2008 3312 2096 corripite,
3343 2035 3401 2079 ut
3444 2025 3679 2094 fratrem

2083 2112 2169 2186 (II
2202 2112 2380 2169 Thess.
2407 2114 2514 2186 ιιι).
2543 2115 2623 2170 Ac
2646 2114 2691 2170 si
2711 2114 2916 2169 diceret
2940 2133 2952 2168 :
2978 2106 3043 2169 Si
3065 2130 3189 2170 eum
3214 2117 3513 2172 auctoritas
3545 2117 3686 2186 Epi-

2082 2204 2232 2260 stulae
2272 2212 2472 2259 nostrae
2514 2221 2620 2260 nou
2646 2204 2889 2275 corrigit,
2927 2220 3024 2275 per
3058 2205 3266 2260 litteras
3292 2214 3504 2260 vestras
3549 2208 3678 2276 quis

2083 2295 2153 2350 sit
2184 2296 2301 2365 ipse
2330 2296 2486 2350 nobis
2525 2294 2821 2360 notificate,
2863 2303 2924 2351 ut
2951 2312 2981 2349 a
3012 2296 3166 2351 nobis
3206 2298 3557 2365 corripiatur,
3589 2297 3679 2351 vel

2081 2384 2244 2438 etiam
2271 2399 2370 2453 per
2414 2394 2658 2440 nostram
2708 2384 2999 2454 Epistolam
3044 2386 3573 2442 excommunicetur.
3610 2387 3678 2442 Et

2081 2488 2178 2529 vos
2200 2490 2306 2529 non
2330 2476 2787 2531 commisceamini
2825 2476 3006 2531 taudiu
3047 2490 3169 2532 cum
3196 2478 3678 2534 excommunicato

2083 2562 2255 2618 donec
2286 2564 2544 2620 obediens
2569 2567 2853 2636 praeceptis
2886 2568 3192 2621 consentiat
3231 2566 3544 2637 apostolicis
3570 2586 3588 2635 ;
3612 2581 3674 2626 et

2084 2652 2164 2707 sic
2191 2653 2259 2708 ab
2301 2654 2566 2724 utrisque,
2597 2670 2628 2709 a
2656 2655 2812 2710 nobis
2855 2655 3104 2734 videlicet
3143 2663 3199 2711 et
3237 2672 3268 2710 a
3294 2657 3447 2711 vobis
3476 2656 3673 2712 confu-

2084 2757 2197 2809 sus,
2221 2742 2436 2799 tandem
2464 2744 2750 2814 aliquando
2777 2747 3080 2817 resipiscat,
3108 2755 3165 2801 et
3189 2747 3507 2802 emendatus
3526 2764 3685 2818 pra-

2084 2833 2255 2902 ceptis
2299 2835 2499 2890 nostris
2541 2835 2775 2891 obediat.
2810 2827 3070 2906 Apertum
3115 2837 3219 2893 hoc
3252 2838 3309 2893 in
3350 2838 3469 2895 loco
3512 2839 3675 2911 Apo-

2084 2920 2254 2976 stolus
2283 2921 2375 2977 dat
2416 2922 2692 2990 indicium,
2741 2932 2801 2979 ut
2826 2941 2950 2980 cum
2978 2930 3441 2985 excommunicato
3474 2947 3585 2986 nec
3614 2933 3673 2987 in

2085 3017 2233 3075 actu,
2256 3026 2356 3066 nec
2398 3012 2452 3066 in
2495 3012 2742 3079 consilio,
2772 3028 2872 3069 nec
2913 3014 2966 3068 in
2998 3014 3178 3085 aliquo
3214 3018 3674 3075 commisceamur

2084 3100 2377 3155 consortio.
2407 3100 2465 3154 lu
2494 3117 2601 3156 uno
2622 3104 2918 3174 eodemque
2946 3104 3163 3160 homine
3188 3114 3243 3160 et
3267 3107 3673 3164 fraternitatem

389 3165 616 3261 ξῑίίίξιῐητ
651 3163 905 3233 gaudium
942 3174 1025 3220 θεῖ
1050 3167 1444 3261 δξίξιίδθηρυφί
1472 3176 1661 3223 οοηιη
1698 3169 1966 3237 θοθάίθιην
1997 3153 2043 3216 C
2074 3187 2231 3240 simul
2261 3153 2484 3258 diligere
2503 3153 3673 3261 Et};

389 3253 679 3318 fortitudo;
721 3262 909 3308 contra
949 3257 1254 3324 avaritiam,
1280 3257 1534 3331 largitas;
1560 3269 1751 3317 contra
1779 3278 1970 3333 super-

388 3344 563 3407 biam,
620 3345 895 3402 humilitas
941 3356 1026 3403 est
1074 3351 1391 3418 opponenda
1436 3366 1452 3405 :
1513 3353 1699 3424 sicque
1743 3355 1968 3426 singulae

389 3432 614 3487 virtutes
646 3435 922 3489 nascentia
975 3444 1164 3491 contra
1198 3451 1260 3493 se
1286 3439 1417 3493 vitia
1449 3441 1768 3511 reprimunt.
1814 3440 1965 3497 Libi-

389 3523 570 3576 dinem
617 3524 763 3579 enim
790 3521 1115 3581 abstinentia
1157 3527 1360 3593 domat,
1389 3531 1516 3599 quia
1557 3539 1822 3601 quantum
1846 3547 1967 3588 cor-

385 3626 488 3680 pus
518 3612 692 3666 inedia
735 3611 1021 3684 frangitur,
1052 3622 1260 3671 tantum
1301 3631 1452 3673 meus
1485 3619 1555 3673 ab
1587 3619 1778 3674 illicito
1804 3634 1968 3691 appe.

387 3704 489 3756 titu
511 3711 814 3757 revocatur.
855 3704 923 3758 Et
948 3706 1208 3761 adversus
1248 3708 1385 3762 iram
1411 3708 1693 3763 tolerantia
1719 3710 1958 3765 dimicat.

386 3789 449 3843 Et
482 3804 771 3843 maerorem
815 3793 1051 3847 tristitia:
1093 3808 1217 3862 spes
1259 3797 1447 3850 aeterni
1500 3799 1679 3867 gaudii
1722 3790 1960 3869 superat.

384 3879 452 3931 Et
481 3892 642 3946 quem
685 3880 899 3932 turbata
930 3896 1083 3936 mens
1127 3883 1194 3935 de
1223 3884 1580 3940 exterioribus
1624 3886 1805 3953 allicit,
1845 3888 1964 3942 dul-

383 3968 519 4023 cedo
561 3969 834 4025 interioris
885 3973 1284 4041 tranquillitatis
1324 3975 1462 4029 linit.
1509 3976 1786 4033 Adversus
1823 3979 1963 4034 invi-

384 4063 525 4117 diam
552 4072 888 4132 praeparatur
910 4066 1172 4131 charitas,
1202 4075 1257 4120 et
1295 4068 1557 4123 adversus
1586 4070 1680 4124 ira:
1709 4070 1958 4127 incendia

382 4152 811 4208 mansuetudinis
854 4153 1138 4209 adhibetur
1175 4156 1555 4226 tranquillitas.
1604 4157 1739 4213 Cum
1786 4160 1956 4215 domi-

380 4244 473 4297 nio
496 4243 752 4298 vitiorum
777 4245 1218 4311 contradicimus,
1245 4261 1368 4301 cum
1398 4248 1693 4318 iniquitati,
1715 4264 1835 4318 qua:
1859 4265 1958 4306 nos

379 4347 411 4385 a
446 4332 558 4387 Deo
592 4341 827 4402 separat,
874 4335 1220 4401 reluctamur,
1270 4351 1394 4391 cum
1435 4340 1807 4395 consuetudini
1843 4343 1959 4396 vio—

380 4420 554 4476 lenter
579 4424 896 4488 resistimus,
946 4434 1005 4479 et
1050 4426 1315 4480 desideria
1362 4442 1615 4496 perversa
1659 4430 1952 4497 calcantes,

378 4520 567 4565 contra
595 4512 709 4567 hinc
728 4511 818 4580 jus
847 4514 1003 4568 nobis
1027 4513 1290 4571 libertatis
1319 4516 1570 4586 ingenita:
1598 4519 1950 4582 vindicamus,

380 4600 634 4653 vitiorum
680 4602 982 4670 agminibus
1016 4604 1282 4658 acerrimo
1329 4605 1579 4661 conﬂictu
1628 4610 1952 4675 resistimus,

377 4706 502 4746 cum
527 4692 712 4761 culpas
737 4691 1046 4760 paenitendo
1092 4696 1443 4762 percutimus,
1482 4706 1536 4751 et
1572 4700 1811 4755 maculas
1838 4716 1954 4756 sor-

378 4780 525 4834 dium
550 4778 763 4834 tletibus
802 4780 1062 4845 lavamus,
1100 4782 1312 4838 fortiter
1337 4794 1525 4840 contra
1549 4787 1683 4842 vilia
1717 4789 1950 4846 relucta-

377 4884 519 4921 mur.
566 4868 712 4922 Dixit
738 4869 903 4925 abbas
925 4871 1171 4941 Agathon
1200 4892 1212 4926 :
1262 4873 1397 4940 Quia
1445 4879 1736 4933 secundum
1764 4880 1953 4935 volun-

377 4965 544 5010 tatem
574 4966 765 5011 meam'
797 4974 1067 5029 nunquam
1109 4963 1359 5027 dormivi,
1408 4966 1649 5021 retinens
1688 4969 1741 5024 in
1789 4972 1952 5027 corde

376 5049 637 5103 adversus
658 5065 983 5121 quemquam
1004 5053 1243 5108 dolorem
1270 5072 1283 5107 :
1313 5069 1488 5125 neque
1508 5057 1689 5112 dimisi
1715 5062 1952 5117 dormire

376 5139 540 5192 alium
571 5141 857 5195 habentem
904 5144 1189 5198 adversum
1226 5159 1312 5200 me
1347 5146 1567 5216 aliquid.
1610 5149 1757 5204 Dixit
1782 5151 1950 5209 abbas

375 5229 715 5285 Macharius:
753 5231 868 5304 Age
896 5232 1241 5301 ﬁducialitcr,
1267 5252 1301 5291 ο
1341 5237 1437 5304 ﬁli,
1467 5254 1591 5294 nam
1632 5249 1687 5296 et
1715 5257 1815 5313 ego
1853 5259 1952 5314 per

373 5321 561 5392 viginti
585 5336 757 5378 annos
780 5339 887 5377 non
912 5337 1068 5392 pane,
1097 5342 1204 5381 non
1229 5343 1388 5397 aqua,
1417 5345 1525 5386 non
1551 5342 1763 5397 somno,
1787 5335 1947 5388 satia-

374 5424 462 5468 tus
495 5429 635 5470 sum.
663 5412 864 5470 Panem
888 5415 1103 5486 quidem
1126 5428 1406 5487 pensatum
1434 5422 1722 5491 accipiens,
1745 5438 1941 5493 aquam
2044 5443 2187 5515 νηι),

375 5516 500 5557 vero
536 5505 604 5559 ad
650 5519 980 5572 mensuram,
1029 5520 1219 5563 somno
1263 5519 1461 5573 autem,
1515 5512 1812 5581 parietibus
1856 5529 1943 5569 me

375 5588 635 5646 duntaxat
660 5593 942 5661 inclinans,
982 5596 1255 5665 surripere
1282 5598 1555 5668 paululum
1598 5598 1937 5656 festinabam.

378 5674 517 5731 Dixit
543 5679 708 5736 abbas
745 5681 1015 5739 Isidorus:
1049 5684 1107 5740 Si
1136 5685 1488 5755 cogitationes
1512 5700 1615 5741 non
1657 5687 1935 5758 habemus,

2071 3284 2153 3331 est
2180 3278 2322 3347 quod
2353 3278 2522 3333 frater
2564 3287 2667 3347 est,
2718 3281 2862 3336 aliud
2891 3283 3033 3351 quod
3073 3283 3299 3339 vitiosus
3344 3294 3427 3340 est
3473 3286 3671 3342 homo.

2069 3369 2369 3441 Diligamus
2401 3386 2530 3443 ergo
2568 3373 2622 3426 in
2649 3388 2714 3428 eo
2745 3372 3141 3429 fraternitatem
3167 3384 3430 3443 nostram,
3455 3386 3511 3432 et
3534 3380 3672 3434 odio

2070 3460 2368 3514 habeamus
2396 3461 2745 3517 vitiositatem
2793 3463 2931 3533 ejus.
2978 3465 3373 3535 Persequamur
3400 3467 3455 3522 in
3481 3484 3553 3523 eo
3583 3472 3671 3525 vi-

2070 3551 2225 3616 tium,
2251 3558 2305 3607 et
2333 3553 2678 3608 emendatum
2708 3562 2768 3609 ut
2796 3557 3153 3626 nosmetipsos
3192 3557 3477 3626 diligamus
3506 3575 3668 3616 cum.

2068 3639 2206 3696 Hinc
2254 3641 2446 3696 beatus
2492 3642 2784 3715 Gregorius
2830 3646 2938 3699 ait:
2990 3645 3173 3708 (Hom.
3200 3644 3354 3700 37in
3377 3647 3666 3721 Evang.):

2068 3728 2162 3784 Sic
2188 3730 2267 3786 sic
2293 3732 2550 3786 nimirum
2597 3734 2861 3804 proximis
2907 3737 3104 3790 nostris
3130 3736 3387 3793 exhibere
3427 3740 3538 3793 odii
3573 3741 3669 3797 di-

2066 3822 2391 3877 scretionem
2434 3824 2711 3889 debemus,
2752 3833 2811 3878 ut
2864 3826 2919 3880 in
2957 3826 3036 3881 eis
3082 3835 3137 3880 et
3172 3827 3459 3897 diligamus
3506 3831 3667 3898 quod

2064 3909 2308 3965 homines
2336 3918 2478 3977 sunt,
2526 3919 2580 3965 et
2617 3912 2910 3968 habeamus
2933 3913 3059 3968 odio
3083 3914 3225 3983 quod
3260 3915 3314 3969 in
3346 3914 3443 3969 Dei
3489 3918 3666 3974 nobis

2064 3999 2258 4054 itinere
2291 3999 2590 4056 obsistunt;
2626 4002 2773 4058 Dixit
2816 4004 3032 4073 quidam
3060 4020 3264 4060 senex:
3310 4006 3447 4074 Quia
3489 4009 3666 4067 debet

2064 4090 2227 4145 homo
2257 4091 2588 4149 mortiﬁcare
2617 4096 2853 4163 seipsum
2882 4097 2950 4151 ab
2987 4098 3131 4152 omni
3175 4114 3235 4153 re
3258 4101 3421 4165 mala,
3468 4104 3662 4172 prius-

2062 4195 2225 4248 quam
2275 4182 2589 4252 egrediatur‘
2611 4185 2677 4239 de
2723 4200 2968 4255 corpore,
3018 4195 3073 4241 et
3123 4204 3228 4243 non
3278 4188 3437 4243 laedat
3479 4191 3659 4248 ullum

2061 4273 2352 4328 hominem.
2384 4275 2450 4330 Et
2492 4277 2594 4331 nisi
2623 4278 2873 4332 habuerit
2899 4278 3060 4333 homo
3090 4280 3153 4334 .in
3186 4282 3346 4336 corde
3374 4297 3473 4337 suo
3501 4285 3655 4354 quod

2058 4373 2311 4433 peccator
2337 4374 2438 4426 est.
2472 4367 2613 4420 Deus
2658 4384 2764 4423 non
2804 4369 3054 4423 exaudiet
3099 4384 3242 4424 eum.
3282 4369 3419 4437 Quid
3463 4382 3552 4427 eSt
3596 4375 3655 4428 iu

1981 4483 2035 4541 Ι)
2060 4455 2224 4508 corde
2250 4456 2471 4520 habere,
2494 4459 2635 4528 quod
2661 4468 2913 4528 peccator
2938 4459 3061 4515 est?
3088 4458 3145 4514 Id
3172 4468 3275 4526 est,
3303 4463 3351 4517 si
3375 4465 3500 4533 quis
3519 4480 3657 4536 sup-

2061 4552 2242 4612 portat
2290 4554 2510 4614 peccata
2554 4563 2671 4613 sua,
2712 4558 2769 4604 et
2812 4566 2917 4605 non
2962 4550 3109 4605 videt
3148 4561 3367 4622 peccata
3407 4558 3651 4624 proximi

2061 4634 2164 4687 sui.
2193 4634 2418 4702 Quando
2444 4638 2585 4691 enim
2617 4638 2883 4694 dimiserit
2911 4641 3072 4695 homo
3105 4642 3434 4699 voluntatem
3463 4662 3646 4714 suam,

2061 4731 2187 4779 tunc
2233 4725 2281 4778 ei
2332 4726 2769 4781 reconciliabitur
2797 4729 2960 4796 Deus,
2986 4738 3040 4784 et
3069 4732 3293 4800 suscipit
3331 4739 3649 4791 orationem

2058 4812 2192 4882 ejus.
2233 4812 2289 4868 Si
2341 4815 2486 4868 enim
2536 4818 2974 4887 conspexerimus
3019 4831 3240 4891 peccata
3288 4832 3499 4889 nostra,
3531 4842 3644 4882 non

2056 4904 2300 4960 videmus
2333 4917 2549 4976 peccata
2576 4911 2826 4979 proximi.
2862 4910 3095 4966 Stultitia
3128 4922 3214 4968 est
3247 4915 3390 4970 enim
3428 4917 3639 4973 homini

2050 4994 2269 5049 habenti
2297 5007 2566 5051 mortuum
2594 5015 2771 5066 suum,
2796 5008 2850 5055 et
2891 5003 3080 5057 relicto
3106 5019 3192 5069 co,
3223 5004 3375 5060 abire
3413 5015 3473 5060 et
3506 5006 3641 5061 ﬂere

2051 5095 2321 5141 mortuum
2350 5090 2583 5158 proximi
2614 5091 2697 5145 sui
2732 5110 2745 5144 :
2785 5090 3009 5156 Quando
3037 5095 3175 5148 enim
3204 5111 3390 5149 manus
3418 5096 3640 5154 Domini

2050 5175 2236 5228 occidit
2289 5194 2439 5231 omne
2495 5180 2897 5251 primogenitum
2945 5184 2998 5237 in
3048 5194 3188 5239 terra
3232 5183 3476 5256 JJggpti,
3529 5208 3635 5244 non

2049 5277 2161 5321 erat
2187 5268 2396 5334 domus,
2424 5270 2479 5324 in
2502 5287 2605 5342 qua
2631 5288 2733 5326 non
2764 5273 2968 5342 jaceret
3012 5287 3247 5331 mortuus
3273 5276 3473 5350 (Exod.
3506 5284 3631 5352 xu).

2051 5354 2173 5410 Non
2197 5359 2333 5411 enim
2356 5368 2431 5413 est
2458 5359 2611 5414 homo
2633 5363 2722 5432 qui
2747 5364 2901 5430 vivat,
2929 5375 2977 5418 et
3008 5382 3111 5420 non
3155 5377 3325 5436 peccet
3352 5366 3477 5439 (III
3498 5368 3627 5441 Reg.

2229 5445 2608 5528 Unusquisque
2629 5464 2759 5519 ergo
2798 5460 3093 5520 mortuum,
3142 5454 3197 5510 id
3224 5463 3308 5511 est
3342 5470 3631 5528 peccatum

2047 5536 2223 5587 suum,
2239 5524 2494 5594 plangere
2515 5527 2692 5582 debet.

2118 5602 2402 5659 Peccatum
2431 5605 2574 5660 enim
2603 5613 2873 5662 mortuum
2912 5608 3041 5664 dicit
3066 5611 3345 5682 propheta,
3385 5613 3479 5668 ubi
3506 5615 3621 5670 ait:

2048 5693 2151 5759 Qui
2196 5693 2401 5749 lavatur
2451 5713 2482 5748 α
2529 5705 2753 5764 mortuo,
2812 5707 2859 5751 ct
2901 5698 3086 5754 iterum
3128 5703 3295 5773 tangit
3331 5715 3616 5768 mortuum,
