3960 6206
273 284 377 339 675

1469 275 1768 331 DlADE-MA
1811 274 2318 328 Μυωλωιυιιυω.

3425 275 3534 329 στι

272 402 327 458 id
353 408 456 462 est,
505 397 596 465 qui
641 394 846 464 plangit
895 400 1198 462 peccatum,
1248 399 1302 444 et
1339 390 1531 444 iterum
1569 385 1856 442 committit
1881 390 1932 446 Α
1957 393 2177 453 peccata
2206 393 2393 441 nostra
2435 384 2688 442 dicuntur
2732 387 2997 452 membra,
3023 387 3151 456 quia
3179 402 3277 458 per
3299 391 3541 445 membra

274 496 574 563 peccatum,
609 485 739 538 nihil
782 484 993 554 pro/icit
1031 483 1221 536 lavatio
1248 481 1361 550 ejus
1397 480 1587 551 (Eccli.
1611 479 1817 548 xxmv).

809 596 1034 652 CAPUT
1089 595 1367 650 LXXVIII.

381 670 449 726 Ut
474 670 661 724 mentis
689 668 890 722 lumbos
916 667 1203 721 succinctos
1234 666 1418 720 habeat
1441 665 1745 718 monachus.

343 763 536 815 Petrus
551 758 827 828 apostolus
847 757 923 811 ait
943 775 954 809 :
981 756 1204 826 PrOpter
1222 754 1361 825 quod
1381 754 1630 807 succincti
1652 750 1855 804 lumbos

273 853 462 906 mentis
493 859 675 904 vestra’
716 847 772 901 in
816 848 1052 910 veritate,
1108 846 1269 899 sobrii
1301 845 1525 914 perfecte
1569 851 1774 911 sperate
1801 843 1857 894 in

273 957 388 994 cam
417 955 535 1008 quce
563 938 782 1005 offertur
806 936 948 990 vobis
974 936 1222 1004 gratiam,
1256 934 1309 986 in
1333 932 1696 987 reuelationem
1723 931 1853 984 Jesu

275 1027 472 1082 Christi
497 1026 548 1097 (1
563 1019 721 1079 'Petr.
747 1024 806 1094 I).
853 1025 928 1078 Ac
973 1025 1018 1078 si
1058 1024 1260 1078 diceret
1289 1009 1606 1077 monachis:
1645 1020 1857 1087 Quanto

274 1121 450 1188 major
475 1126 560 1172 est
584 1117 737 1172 vobis
757 1117 936 1186 gratia
965 1116 1248 1185 promissa,
1276 1124 1426 1170 tanto
1455 1114 1684 1183 amplius
1709 1113 1854 1183 digni

279 1226 396 1266 esse
427 1217 632 1272 curate,
662 1217 722 1261 ut
747 1223 866 1261 eam
903 1208 1184 1276 percipere
1213 1206 1458 1260 valeatis.
1497 1205 1563 1258 Et
1592 1213 1735 1260 recte
1769 1204 1854 1258 di—

276 1304 370 1363 cit,
417 1317 628 1370 sperare
675 1300 728 1350 in
776 1315 890 1352 eam
931 1313 1046 1368 qua
1096 1298 1316 1366 offertur
1346 1298 1488 1350 vobis
1521 1297 1770 1367 gratiam,
1799 1296 1855 1350 in

276 1390 638 1444 reuelationem
684 1389 895 1443 Domini
943 1389 1115 1444 nostri
1162 1390 1289 1444 Jesu
1338 1387 1572 1452 Christi;
1611 1387 1736 1456 quia
1763 1385 1856 1455 qui

274 1480 570 1534 succinctis
613 1477 808 1531 lumbis
859 1479 1074 1543 mentis,
1126 1478 1178 1532 id
1219 1486 1322 1543 est,
1364 1487 1418 1531 et
1448 1485 1626 1531 mente
1656 1484 1711 1529 et
1739 1490 1858 1529 cor-

273 1586 407 1642 pore
461 1577 640 1624 castus
700 1568 912 1622 Domini
970 1569 1256 1622 adventum
1308 1575 1604 1636 exspectat,
1661 1566 1856 1620 merito

273 1661 491 1734 quando
539 1658 824 1722 reveletur,
871 1667 1068 1726 sperat.
1101 1658 1237 1712 Hinc
1260 1665 1314 1713 et
1354 1657 1549 1713 Paulus
1587 1657 1857 1726 apostolus

275 1752 387 1804 ait:
434 1747 581 1802 State
615 1764 736 1817 ergo
780 1748 1032 1808 succincti
1075 1746 1276 1800 lumbos
1311 1755 1506 1800 vestros
1552 1747 1608 1800 in
1643 1747 1856 1800 veritate

277 1840 493 1911 (Ep/tes.
523 1839 621 1910 γι),
663 1840 718 1894 id
769 1846 871 1904 est,
920 1835 1144 1908 perfecti
1194 1845 1354 1901 state,
1403 1836 1611 1892 lumbos
1663 1836 1858 1890 mentis

274 1931 562 1996 succincti,
611 1931 714 1984 hoc
759 1936 860 1994 est,
907 1929 960 1982 in
987 1927 1131 1982 omni
1178 1927 1362 1997 praelio
1388 1927 1617 1980 viriliter
1644 1940 1858 1996 praepa-

275 2021 406 2083 rati,
435 2029 490 2074 et
516 2021 582 2073 ab
607 2019 855 2073 omnibus
885 2018 1030 2071 curis
1055 2017 1234 2072 saeculi
1261 2016 1513 2084 expediti.
1538 2016 1688 2080 Quod
1703 2015 1858 2084 juxta

276 2110 520 2166 membra
559 2109 739 2164 carnis
769 2117 822 2163 et
858 2107 1121 2176 corporis,
1167 2107 1344 2161 omnia
1389 2106 1628 2160 membra
1667 2105 1859 2158 animm

278 2204 331 2256 in
362 2201 662 2270 Scripturis
692 2208 951 2254 vocentur
977 2197 1108 2252 nulli
1158 2197 1376 2252 dubium
1405 2203 1506 2250 cst.
1562 2195 1638 2248 De
1662 2194 1858 2264 quibus

279 2306 450 2344 unum
491 2300 621 2359 puto
647 2304 767 2343 esse
791 2303 930 2342 nunc
979 2287 1300 2350 membrum,
1351 2285 1579 2346 lumbos,
1623 2298 1758 2352 quos
1800 2289 1862 2334 ut

278 2384 628 2452 accingamus
658 2397 687 2434 a
721 2380 954 2435 Veritate
983 2379 1314 2450 praecipitur.
1363 2377 1480 2432 Sint
1516 2375 1674 2428 lumbi
1708 2375 1859 2429 vestri

276 2471 567 2540 pra'cincti,
628 2479 676 2522 et
727 2469 953 2523 lucerna:
996 2469 1236 2522 ardentes
1293 2466 1441 2538 (Luc.
1469 2465 1590 2537 xu).
1647 2463 1782 2519 Hinc
1806 2472 1863 2519 et

275 2561 544 2630 propheta
589 2559 698 2613 ait:
741 2559 1007 2629 Accingite
1052 2559 1251 2613 lumbos
1297 2568 1486 2612 vestros
1519 2574 1674 2627 super
1702 2557 1862 2610 ubera

278 2661 452 2706 vestra
496 2649 628 2719 (Isa.
657 2647 852 2720 XXXII).
902 2648 980 2702 Ac
1019 2649 1064 2702 si
1091 2648 1271 2702 dicat:
1319 2647 1375 2701 In
1410 2647 1571 2700 corde
1612 2646 1863 2700 libidines

279 2748 552 2804 resecate,
584 2755 650 2794 ne
697 2739 936 2793 exterius
966 2740 1194 2807 turpiter
1227 2739 1280 2792 in
1329 2737 1742 2793 fornicationem
1773 2753 1864 2792 ca-

279 2830 442 2885 datis.
475 2829 607 2883 Nam
630 2838 810 2884 castus
835 2845 1062 2898 corpore
1089 2845 1194 2882 non
1237 2838 1414 2882 tamen
1443 2829 1625 2894 corde,
1659 2828 1862 2882 nullum

280 2921 565 2992 praemium
606 2920 768 2975 habet
815 2921 868 2974 in
915 2921 1352 2988 repromissione,
1399 2921 1526 2990 quia
1572 2921 1866 2975 secundum

281 3012 545 3066 Veritatis
574 3011 777 3065 dictum
805 3029 816 3064 ε
862 3009 964 3076 Qui
993 3011 1177 3065 viderit
1204 3009 1469 3064 mulierem
1511 3012 1580 3064 ad
1620 3013 1865 3080 concupi-

277 3101 531 3154 scendum
561 3118 675 3155 eam
716 3101 833 3170 jam
878 3102 1162 3155 moechatus
1205 3111 1280 3154 est
1326 3119 1440 3155 eam
1483 3103 1537 3155 in
1583 3102 1737 3155 corde
1766 3119 1860 3155 suo

281 3190 506 3263 (Matth.
527 3190 606 3254 γ),
639 3187 841 3262 [Greg.,
865 3190 956 3245 lib.
981 3209 1102 3257 vui,
1125 3210 1171 3246 c.
1201 3193 1284 3258 I9,
1316 3192 1480 3264 Man]
1513 3193 1568 3247 Si
1597 3209 1726 3263 ergo
1751 3194 1863 3262 pri-

280 3296 432 3335 mum
480 3279 864 3336 fornicationes
892 3283 1279 3351 prohibeantur
1311 3299 1340 3336 a
1383 3284 1568 3348 corde,
1600 3300 1704 3337 non
1737 3299 1866 3352 pro-

281 3379 546 3440 rumpunt
587 3372 640 3425 in
665 3387 849 3440 opere.
904 3371 1041 3425 Sunt
1069 3373 1306 3426 nonnulli
1346 3373 1618 3441 justorum
1663 3375 1755 3442 qui
1798 3373 1865 3427 ad

282 3462 854 3532 comprehendendum
920 3463 1129 3517 culmen
1195 3463 1546 3532 perfectionis
1611 3465 1864 3528 accincti,

283 3553 414 3606 dum
445 3551 637 3605 altiora
672 3552 898 3606 interius
927 3561 1204 3622 appetunt,
1236 3553 1471 3607 exterius
1499 3562 1690 3608 cuncta
1717 3554 1869 3608 dere-

282 3644 551 3714 linquunt,
583 3645 674 3712 qui
717 3645 877 3698 rebus
905 3644 1104 3700 habitis
1127 3660 1184 3700 se
1205 3646 1428 3711 nudant,
1455 3645 1622 3715 gloria
1649 3646 1870 3700 honoris

283 3751 345 3790 se
375 3734 695 3805 exspoliant,
722 3735 810 3804 qui
839 3736 1176 3790 internarum
1208 3737 1594 3791 desideriorum
1619 3753 1716 3807 per
1734 3737 1870 3791 assi-

283 3826 546 3880 duitatem
577 3841 633 3880 se
663 3827 822 3881 amici
851 3827 1098 3881 maeroris
1131 3827 1390 3893 afficiunt,
1439 3828 1638 3883 habere
1670 3831 1736 3883 de
1777 3843 1867 3882 ex-

286 3915 580 3970 terioribus
627 3917 1049 3971 consolationem
1087 3918 1294 3982 nolunt,
1344 3920 1432 3988 qui
1467 3920 1694 3974 internis
1740 3936 1868 3990 gau-

284 4008 391 4061 diis
431 4005 559 4059 dum
599 4015 776 4060 mente
823 4008 1160 4077 apprOpiant,
1214 4009 1377 4061 vitam
1430 4009 1482 4061 in
1531 4024 1587 4063 se
1633 4007 1872 4064 funditus

283 4111 564 4166 corporeae
592 4097 962 4151 delectationis
1006 4107 1218 4151 necant.
1271 4098 1487 4152 Talibus
1518 4114 1748 4167 namque
1774 4114 1872 4169 per

282 4187 515 4241 Paulum
543 4186 739 4242 dicitur
766 4206 778 4241 :
813 4187 1011 4240 Μογιιή
1039 4189 1174 4241 enim
1199 4189 1341 4253 estis,
1360 4200 1405 4240 et
1431 4190 1536 4241 vita
1559 4199 1725 4242 vestra
1751 4189 1872 4243 abs-

282 4275 498 4329 condita
541 4286 615 4329 est
662 4293 777 4328 cum
810 4275 1014 4330 Christo
1048 4278 1101 4330 in
1137 4277 1246 4330 Deo
1284 4276 1475 4350 (C0103.
1519 4278 1622 4350 tu).
1665 4279 1868 4334 llorum

1959 483 2146 530 nostra
2192 491 2289 530 sua
2319 477 2591 545 complent
2633 475 2828 543 cilicia,
2875 479 3070 548 quibus
3097 494 3196 534 nos
3239 480 3543 534 consentire

1955 563 2248 633 Apostolus
2277 568 2525 637 prohibet
2564 569 2748 624 dicens
2778 587 2791 622 :
2844 569 3026 640 Neque
3054 571 3338 626 eahibeatis
3373 586 3541 624 mem-

1958 656 2054 712 bra
2090 667 2258 712 vestra
2285 675 2435 712 arma
2462 659 2753 728 iniquitatis
2800 670 3032 730 peccato,
3073 661 3162 715 sed
3196 663 3428 716 exhibete
3449 678 3538 718 vos

1958 745 2070 801 Deo
2101 746 2280 817 (Rom.
2309 747 2404 818 vr).
2450 747 2641 804 Omnia
2673 751 2818 804 enim
2865 752 3188 820 generaliter
3223 762 3442 822 peccata
3485 762 3544 810 et

1956 837 2089 892 vitia
2122 851 2289 890 unum
2319 836 2513 890 diaboli
2555 836 2762 892 faciunt
2804 853 3022 908 corpus,
3051 840 3204 909 cujus
3233 842 3542 910 specialiter

1958 928 2075 982 haac
2103 943 2223 996 qua:
2247 936 2545 997 sequuntur
2566 929 2712 992 vitia,
2739 929 2992 986 dicuntur
3011 934 3272 986 mmbra.
3305 933 3454 988 Unde
3479 941 3538 988 et

1956 1021 2011 1074 in
2033 1019 2268 1088 Epistola
2299 1020 2557 1075 scribitur
2583 1021 2651 1075 ad
2674 1021 2976 1078 Romanos:
3009 1024 3244 1079 Scientes
3269 1026 3383 1089 hoc,
3410 1029 3537 1096 quia

1956 1123 2099 1168 vetus
2133 1113 2286 1167 homo
2327 1122 2500 1167 noster
2533 1113 2692 1168 simul
2739 1117 3021 1184 cruciﬁxus
3057 1127 3151 1180 est,
3201 1126 3258 1170 ut
3292 1118 3540 1171 destrua-

1954 1210 2044 1256 tur
2067 1219 2254 1272 corpus
2281 1204 2481 1272 peccati
2511 1202 2717 1275 (Ibid.),
2760 1205 2812 1259 id
2839 1215 2942 1271 est,
2970 1209 3195 1262 crimina
3223 1217 3386 1278 atque
3413 1225 3540 1278 pec—

1957 1301 2098 1357 cata,
2125 1308 2246 1362 qua:
2271 1293 2432 1347 simul
2464 1310 2631 1348 unum
2657 1309 2853 1364 corpus
2889 1299 3139 1367 appellat,
3167 1299 3309 1367 quod
3335 1298 3542 1353 destrui

1957 1383 2088 1437 dicit
2134 1397 2232 1452 per
2260 1383 2459 1437 bonam
2487 1384 2653 1437 vitam
2685 1393 2740 1439 et
2765 1385 2925 1440 fidem
2972 1388 3314 1443 catholicam.
3351 1388 3540 1443 Omnis

1957 1473 2102 1526 enim
2133 1473 2475 1526 immunditia
2508 1481 2563 1526 et
2590 1474 2754 1528 libido
2789 1489 2896 1528 uno
2938 1478 3154 1530 nomine
3180 1486 3404 1532 vocatur
3433 1479 3542 1532 for-

1957 1563 2177 1628 nicatio,
2219 1579 2339 1631 quae
2365 1564 2412 1618 si
2441 1563 2678 1632 primum
2723 1563 3002 1619 auferatur
3045 1581 3074 1619 a
3114 1567 3294 1621 cordis
3337 1569 3538 1638 cogita-

1960 1655 2128 1717 tione,
2144 1655 2447 1723 prorumpit
2461 1655 2515 1708 in
2531 1668 2686 1722 opus.
2714 1655 3095 1709 Verumtamen
3117 1657 3162 1710 si
3189 1645 3545 1712 delectatione

1961 1745 2048 1801 vel
2069 1760 2335 1800 consensu
2356 1744 2521 1799 fuerit
2546 1745 2762 1808 laetata,
2810 1745 2884 1798 ita
2905 1747 3103 1800 crescit
3142 1748 3197 1801 in
3240 1748 3542 1813 colubrum,

1960 1842 2020 1889 ut
2045 1835 2327 1889 mortifero
2363 1850 2518 1890 suum
2566 1834 2854 1890 laetantem
2875 1836 3088 1890 occidat
3125 1850 3349 1892 veneno.
3402 1838 3544 1908 Ergo

1959 1941 2066 1979 non
2104 1925 2353 1988 lactetur,
2390 1924 2488 1979 sed
2535 1923 2890 1978 mortificetur
2916 1939 2945 1977 a
2989 1925 3162 1990 nobis,
3214 1940 3282 1980 ne
3313 1926 3543 1980 mortifi-

1959 2029 2144 2068 cemur
2165 2015 2234 2068 ab
2255 2013 2364 2068 illa.
2397 2013 2754 2082 Cruciﬁgatur
2788 2029 2819 2068 a
2852 2014 3029 2078 nobis,
3069 2029 3137 2068 ne
3161 2015 3554 2085 crucifigamur-

1958 2107 2026 2160 ab
2053 2106 2162 2160 illa.
2193 2105 2330 2160 Hinc
2355 2112 2411 2160 et
2438 2104 2637 2158 Paulus
2661 2105 2858 2160 iterum
2889 2106 3020 2159 dicit
3047 2123 3075 2170 εἰ
3094 2104 3197 2169 Qui
3219 2115 3392 2161 autem
3415 2116 3543 2161 sunt

1959 2194 2176 2261 Christi,
2210 2213 2421 2250 carnem
2443 2212 2596 2250 suam
2619 2197 2990 2264 cruciﬁxerunt
3020 2214 3137 2250 cum
3167 2198 3301 2252 vitiis
3325 2209 3373 2253 et
3412 2216 3543 2255 con-

1960 2289 2289 2359 cupiscentiis
2318 2286 2462 2359 (Gal.
2499 2302 2532 2340 ν
2553 2287 2594 2360 ).
2629 2287 2686 2343 Si
2712 2289 2894 2342 omnia
2919 2287 3078 2342 simul
3108 2289 3238 2342 vitia
3281 2290 3543 2345 crucifixa

1961 2386 2106 2442 sunt,
2135 2387 2190 2432 et
2232 2393 2360 2433 caro
2393 2379 2547 2447 quasi
2592 2379 2646 2432 in
2681 2392 2843 2434 cruce
2884 2371 3123 2447 pendens
3160 2378 3295 2432 nihil
3343 2394 3544 2433 concu-

1960 2471 2141 2541 piscit,
2172 2480 2232 2525 ut
2261 2471 2391 2540 quid
2435 2471 2592 2525 nobis
2641 2469 2835 2540 legem,
2871 2485 2992 2538 quae
3018 2469 3146 2525 data
3192 2480 3276 2526 est
3320 2473 3386 2526 ad
3415 2473 3547 2526 vitia

1962 2562 2300 2616 coercenda?
2331 2561 2502 2616 Simul
2546 2559 2677 2614 illud
2727 2560 3020 2618 notandum
3051 2563 3195 2630 quod
3228 2577 3322 2616 eos
3350 2561 3550 2617 dixerit

1962 2651 2158 2705 Christi
2184 2665 2324 2714 esse,
2355 2651 2447 2719 qui
2482 2663 2699 2703 carnem
2743 2663 2895 2703 suam
2934 2664 3056 2702 cum
3083 2649 3227 2703 vitiis
3269 2657 3323 2703 et
3349 2645 3555 2704 conca?

1961 2739 2240 2808 piscentiis
2264 2737 2654 2800 crucifixerint,
2688 2746 2878 2791 contra
2906 2739 3026 2792 illos
3051 2739 3141 2806 qui
3180 2738 3348 2792 solam
3379 2738 3543 2793 fidem

1965 2829 2207 2884 sufficere
2253 2830 2608 2882 arbitrantur.
2658 2828 2783 2881 Fuit
2827 2829 3049 2897 quidam
3099 2844 3267 2884 senex
3319 2845 3550 2900 magnus

1967 2922 2110 2975 inter
2136 2920 2516 2989 prmvidentes,
2545 2920 2635 2989 qui
2687 2918 2987 2974 afﬁrmabat
3015 2921 3199 2975 dicens
3224 2935 3238 2973 :
3281 2921 3406 2989 quia
3435 2921 3548 2974 vir-

1967 3017 2134 3064 tutem
2166 3025 2325 3078 quam
2354 3010 2462 3064 vidi
2506 3015 2742 3063 stantem
2787 3023 2948 3076 super
2972 3009 3258 3078 baptisma,
3305 3011 3550 3065 eamdem

1966 3100 2075 3153 vidi
2103 3100 2264 3153 etiam
2303 3114 2466 3169 super
2490 3098 2869 3152 vestimentum
2912 3099 3184 3165 monachi,
3215 3104 3432 3169 quando
3459 3117 3551 3156 ac-

1965 3191 2097 3260 cipit
2149 3191 2391 3245 habitum
2441 3191 2793 3260 spiritualem.
2848 3190 3073 3247 Cuidam
3133 3193 3250 3247 seni
3298 3193 3422 3248 data
3468 3201 3554 3248 est

1966 3282 2138 3352 gratia
2165 3281 2380 3335 videndi
2411 3296 2531 3350 quae
2559 3280 2782 3346 ﬁebant,
2812 3289 2866 3335 et
2905 3281 3118 3336 dicebat
3143 3300 3156 3334 :
3189 3281 3323 3349 Quia
3364 3282 3472 3336 vidi
3497 3283 3551 3336 in

1966 3371 2214 3426 coenobio
2242 3370 2531 3439 aliquando
2581 3370 2932 3424 meditantem
2960 3370 3185 3424 fratrem
3215 3371 3268 3423 in
3296 3371 3452 3434 cella,
3496 3379 3553 3425 et

1968 3478 2094 3518 ecce
2141 3462 2351 3516 daemon
2395 3461 2618 3514 veniens
2668 3461 2848 3514 stabat
2882 3467 3035 3514 extra
3071 3459 3300 3523 cellam;
3330 3468 3386 3514 et
3423 3461 3551 3515 dum

1968 3553 2135 3607 frater
2161 3551 2249 3606 ille
2273 3551 2647 3613 meditaretur,
2679 3564 2784 3603 non
2805 3549 3132 3618 praevalebat
3152 3550 3360 3620 ingredi
3387 3567 3401 3603 :
3427 3565 3551 3604 cum

1969 3651 2148 3698 autem
2168 3649 2434 3697 cessasset
2461 3654 2492 3694 a
2523 3639 2853 3706 meditando,
2885 3647 3012 3696 tunc
3037 3640 3438 3711 ingrediebatur
3463 3639 3554 3695 ille

1969 3736 2178 3790 daemon
2207 3734 2260 3788 in
2285 3731 2495 3787 cellam.

2533 3821 2758 3877 CAPUT
2800 3821 3014 3876 LXXX.

2417 3912 2490 3966 De
2519 3913 2691 3982 gratia
2725 3911 3099 3981 lacrymarum.

2044 4005 2315 4074 Scriptum
2345 4010 2429 4057 est
2449 4004 2574 4071 quia
2604 4001 2720 4054 Axa
2744 4002 2850 4055 filia
2887 4001 3086 4071 Calepb
3115 4002 3397 4071 suspirans
3419 4002 3556 4059 dixit

1970 4097 2110 4169 patri
2140 4111 2237 4150 suo
2265 4114 2276 4146 :
2330 4094 2413 4146 Da
2444 4093 2569 4146 mihi
2617 4092 3039 4147 benedictionem.
3094 4093 3310 4147 Terram
3345 4104 3554 4147 austra-

1973 4189 2072 4242 lem
2097 4197 2144 4242 et
2169 4194 2402 4240 urentem
2417 4183 2605 4237 dedisti
2637 4183 2782 4248 mihi,
2805 4184 2968 4253 junge
2988 4193 3035 4238 et
3062 4185 3336 4255 irriguum.
3363 4185 3430 4238 Et
3457 4185 3551 4238 dc-

1973 4280 2049 4334 dit
2080 4279 2127 4332 ei
2157 4287 2303 4349 pater
2342 4293 2470 4330 suus
2512 4276 2771 4346 irriguum
2814 4278 3072 4346 superius,
3103 4287 3153 4331 et
3177 4279 3436 4347 irriguum
3467 4279 3551 4332 in-

284 4366 472 4434 itaque
500 4381 683 4419 vocem
713 4365 999 4420 Psalmista
1030 4376 1391 4436 expresserat,
1439 4384 1563 4422 cum
1612 4369 1862 4424 dicebat:
1894 4397 1945 4455 Ι)
1971 4371 2136 4441 [crius
2188 4367 2323 4440 (Jos.
2376 4367 2505 4437 xv);
2553 4369 2656 4422 hoc
2703 4367 3015 4438 significans
3053 4370 3196 4438 quod
3237 4386 3267 4424 a
3294 4370 3552 4425 Creatore

282 4453 622 4526 Concupiscit
672 4467 718 4509 et
770 4457 944 4526 deﬁcit
995 4459 1173 4511 anima
1220 4475 1332 4512 mea
1364 4460 1417 4510 in
1467 4461 1603 4512 atria
1656 4460 1869 4514 Domini

283 4545 464 4619 (Psal.
491 4547 738 4620 LXXXIII).
773 4547 1116 4618 Concupiscit
1161 4566 1288 4604 vero
1333 4560 1387 4604 et
1416 4552 1594 4606 deficit
1638 4554 1690 4606 in
1730 4554 1870 4608 atria

284 4638 402 4700 Dei,
448 4637 539 4705 qui
582 4653 702 4691 cum
742 4649 941 4692 aeterna
967 4640 1257 4705 desiderat,
1292 4641 1343 4693 in
1372 4657 1554 4695 amore
1601 4651 1870 4712 tempora-

284 4729 420 4782 lium
450 4744 555 4781 non
579 4729 852 4797 perdurat.
873 4729 1023 4801 {Huc
1047 4748 1205 4800 usque
1227 4729 1406 4802 Greg.]
1431 4731 1566 4784 Ilinc
1590 4732 1873 4788 Psalmista

285 4821 486 4874 iterum
513 4820 874 4890 dicitzDefetit
897 4823 951 4875 in
980 4821 1200 4875 salutari
1232 4834 1319 4876 tuo
1349 4826 1526 4876 anima
1554 4842 1666 4878 mea
1696 4823 1869 4894 (l’sal.

285 4910 502 4983 cxvun).
554 4909 608 4964 In
641 4911 862 4965 salutari
891 4929 1018 4983 ergo
1063 4913 1155 4966 Dci
1189 4914 1423 4966 animam
1462 4913 1590 4981 justi
1619 4915 1872 4979 deficere,

287 5013 376 5059 est
419 5005 706 5072 prmsentis
753 5006 876 5058 Viue
907 5005 1041 5058 bona
1072 5005 1388 5058 mternitatis
1424 5007 1684 5062 electione
1723 5009 1874 5062 desc-

285 5109 437 5157 rcrc,
490 5109 738 5148 mansura
784 5111 1045 5164 qumrere,
1081 5105 1134 5151 et
1184 5097 1236 5150 in
1284 5099 1442 5152 rebus
1497 5100 1875 5167 temporalibus

289 5186 542 5241 fiduciam
585 5202 691 5240 non
714 5186 934 5242 habere.

841 5277 1065 5333 CAPUT
1105 5279 1336 5333 LXXIX.

696 5361 768 5416 De
807 5363 1203 5430 morti/icatione
1229 5365 1486 5419 vitiorum.

365 5451 506 5507 Hinc
532 5452 730 5507 Paulus
758 5453 1029 5523 apostolus
1053 5455 1127 5508 ait
1153 5470 1166 5508 :
1197 5455 1252 5508 Μ
1256 5457 1512 5526 orti/icate
1536 5459 1766 5513 membra
1797 5477 1878 5514 ve-

284 5555 404 5600 stra
427 5562 544 5614 quin
578 5556 697 5598 sunt
721 5563 875 5616 super
899 5555 1114 5610 terram,
1148 5546 1566 5615 fornicationem,
1595 5552 1876 5606 immundi-

287 5635 450 5703 tiam,
497 5635 785 5702 libidinem,
818 5645 918 5691 ctc.
971 5635 1164 5708 (Calas.
1191 5640 1293 5709 ιιι).
1342 5639 1463 5695 ideo
1512 5643 1620 5696 haec
1656 5643 1779 5698 vitia
1821 5653 1875 5700 et

1973 4472 2028 4518 et
2064 4461 2224 4514 Patre
2250 4467 2436 4514 nostro
2464 4460 2597 4525 Deo,
2633 4475 2756 4516 cum
2802 4476 2995 4531 magno
3021 4463 3220 4531 gemitu
3265 4464 3551 4533 quaerenda

1970 4563 2053 4610 est
2079 4570 2109 4607 a
2135 4553 2291 4607 nobis
2318 4551 2681 4621 lacrymarum
2729 4553 2925 4622 gratia.
2978 4553 3115 4607 Sunt
3146 4569 3376 4624 namque
3419 4569 3555 4609 non-

1973 4647 2104 4701 nulli
2133 4645 2225 4714 qui
2247 4644 2360 4714 jam
2389 4645 2493 4698 alia
2519 4645 2730 4699 Domini
2755 4657 3118 4715 perceperunt
3145 4647 3305 4711 dona,
3337 4663 3456 4716 quae
3481 4647 3554 4701 si-

1973 4739 2264 4810 gnificabat
2309 4737 2560 4792 australis
2611 4745 2776 4802 terra,
2830 4738 2921 4792 sed
2968 4740 3141 4792 adhuc
3193 4740 3552 4810 lacrymarum

1975 4846 2082 4884 non
2123 4837 2448 4898 acceperunt
2490 4829 2739 4898 gratiam.
2787 4827 3050 4899 [Gregor.,
3086 4829 3176 4882 lib.
3214 4847 3273 4885 ιιι
3316 4830 3549 4898 Dialog.,

1974 4939 2018 4975 c.
2055 4918 2167 4990 54.]
2200 4921 2365 4974 Deum
2405 4920 2546 4974 enim
2573 4921 2764 4974 sitiens
2791 4919 2988 4983 anima,
3020 4922 3168 4989 prius
3195 4922 3387 4975 timore
3409 4937 3554 4976 com-

1975 5011 2248 5080 pungitur,
2289 5017 2412 5078 post
2438 5025 2641 5064 amore.
2691 5008 2847 5064 Prius
2875 5011 3016 5064 enim
3047 5027 3165 5066 sese
3203 5015 3255 5067 in
3299 5013 3551 5082 lacrymis

1977 5100 2160 5165 allicit,
2193 5101 2317 5168 quia
2373 5101 2499 5154 dum
2547 5100 2811 5154 malorum
2847 5117 3065 5158 suorum
3108 5107 3316 5172 recolit,
3347 5123 3444 5176 pro
3471 5105 3554 5158 his

1977 5195 2182 5262 perpeti
2228 5192 2485 5262 supplicia
2538 5201 2739 5247 aeterna
2769 5195 3122 5263 pertimescit.
3161 5199 3232 5251 At
3279 5213 3406 5252 vero
3430 5210 3552 5251 cum

1979 5282 2136 5352 longa
2179 5283 2430 5337 maeroris
2457 5283 2800 5339 anxictndine
2839 5284 3003 5340 fuerit
3049 5288 3275 5342 formido
3303 5301 3552 5342 consum-

1979 5387 2090 5448 pta,
2121 5378 2363 5446 quaedam
2398 5376 2512 5444 jam
2547 5379 2612 5432 de
2638 5380 3057 5449 prmsumptione
3102 5377 3267 5433 venia:
3294 5377 3552 5432 securitas

1981 5467 2245 5531 nascitur,
2280 5473 2334 5520 et
2363 5466 2416 5519 in
2444 5481 2632 5522 amore
2675 5468 2974 5524 cmlestium
3003 5469 3313 5539 gaudiorum
3343 5466 3553 5519 animus

1979 5556 2362 5615 inflammatur.
2412 5557 2481 5612 Et
2505 5559 2596 5628 qui
2644 5561 2794 5629 prius
2841 5560 3001 5614 flebat
3041 5573 3108 5612 ne
3155 5557 3440 5609 duceretur
3486 5560 3552 5609 ad

1980 5648 2316 5716 supplicium,
2373 5652 2715 5718 postmodum
2773 5650 2902 5704 ﬂere
2951 5647 3286 5702 amarissime
3341 5645 3554 5716 imipit,
