3960 6206
411 313 517 372 675

415 440 539 508 quia
580 430 828 490 diﬁ‘ertur
859 443 891 482 a
930 437 1117 495 regno.
1161 415 1568 487 Contemplator
1604 411 1806 467 etenim
1845 423 1997 464 mens
2024 411 2076 468 Α

419 503 509 600 qui
548 526 658 581 sint
680 522 756 577 illi
785 515 1014 587 angelici
1053 510 1232 575 chori,
1268 522 1389 577 quae
1429 503 1659 600 soci-etas
1674 506 1999 600 sauciorum

421 588 723 690 spirituum,
769 622 891 678 quae
935 601 1190 671 maiestas
1237 607 1454 653 materna:
1495 590 1720 647 visionis
1759 588 1853 642 Dei
1889 604 1902 640 :
1948 593 2003 639 et

423 685 650 778 amplius
673 701 882 773 plangit
905 697 1030 768 quia
1053 709 1084 748 a
1111 691 1270 747 bonis
1296 685 1625 759 perennibus
1645 685 1819 778 deest,
1841 691 2002 778 quam

342 803 347 809 '
422 768 585 854 ﬁebat
600 768 772 866 pri-us,
804 768 927 845 cum
953 786 1098 843 mala
1130 791 1332 840 aeterna
1372 778 1668 834 metuebat.
1722 772 1920 842 Sicque
1948 768 2008 822 lit

421 900 483 946 ut
520 863 760 960 perfecta
817 878 1159 951 compunctio
1203 871 1509 932 formidinis
1546 869 1728 922 trahat
1765 863 2006 960 animum

422 951 828 1049 compunctioni
856 969 1177 1028 dilectionis.
1227 965 1493 1034 Irriguum
1523 959 1720 1049 quippe
1761 951 2010 1049 superius

425 1040 624 1142 accipit
667 1068 867 1129 anima,
897 1077 1021 1119 cum
1065 1074 1184 1115 sese
1216 1057 1273 1111 in
1301 1052 1557 1122 lacrymis
1593 1045 1832 1104 ccelestis
1859 1040 2012 1142 regni

427 1135 698 1218 desiderio
751 1154 955 1222 afﬂigit.
1011 1151 1275 1220 Irriguum
1326 1159 1457 1198 vero
1518 1139 1742 1196 inferius
1798 1135 2012 1204 accipit,

429 1265 556 1305 cum
578 1245 778 1302 inferni
823 1240 1085 1312 supplicia
1134 1236 1310 1291 flendo
1344 1229 1702 1303 pertimescit.
1754 1224 2018 1280 Dicebant

433 1340 502 1393 de
523 1337 720 1391 abbate
739 1333 968 1388 Arsenio
989 1328 1130 1399 quod
1156 1335 1267 1381 toto
1289 1333 1529 1392 tempore
1551 1319 1672 1373 vita:
1695 1331 1806 1371 sua:
1827 1315 2020 1369 sedens

435 1427 505 1481 ad
535 1439 674 1494 opus
717 1435 996 1482 manuum,
1027 1429 1266 1486 pannum
1298 1412 1529 1467 habebat
1563 1410 1619 1463 in
1653 1407 1773 1461 sinu
1800 1409 2022 1474 propter

437 1493 728 1583 lacrvmas,
751 1524 872 1577 quae
895 1507 1086 1562 crebro
1109 1503 1400 1558 currebant
1428 1516 1494 1554 ex
1519 1498 1693 1554 oculis
1712 1495 1849 1565 ejus.
1879 1493 2025 1547 Dixit

439 1609 630 1659 sancta
671 1597 979 1668 Syncletice
1003 1613 1017 1648 :
1046 1594 1224 1647 Labor
1248 1601 1334 1646 est
1359 1599 1414 1644 ct
1439 1597 1718 1644 certamen
1748 1599 2020 1655 magnum,

443 1691 499 1746 in
525 1689 716 1760 primis
739 1687 831 1755 qui
867 1690 1254 1740 convertuntur
1277 1681 1344 1735 ad
1373 1680 1676 1742 Dominum,
1719 1683 1906 1746 postea
1931 1690 2027 1728 au-

1679 288 2035 349 SMARAGDI
2074 283 2366 343 ABBATIS

3577 273 3675 327 676

2099 413 2160 460 ut
2185 404 2281 458 ﬁlii
2313 403 2408 457 Dei
2434 412 2555 456 esse
2577 409 2942 458 mereremur,
2985 391 3263 447 consecuti
3295 406 3501 445 sumus.
3545 390 3677 448 IIinc

2103 497 2300 550 iterum
2329 493 2469 547 idem
2497 489 2731 545 Joannes
2759 488 2835 540 ait
2876 504 2890 538 :
2917 481 3251 544 Charissimi,
3293 499 3430 535 nunc
3453 481 3552 550 ﬁlii
3591 481 3682 535 Dei

2102 600 2306 646 sumus,
2330 592 2375 635 et
2404 579 2636 633 nondum
2664 575 2906 646 apparuit
2931 572 3059 643 quid
3089 573 3283 625 erimus
3307 570 3359 638 (1
3385 569 3553 624 Joan.
3579 570 3684 640 ιιι).

2107 674 2242 728 Hinc
2267 673 2464 727 iterum
2509 670 2623 738 ipse
2667 685 2680 720 :
2729 665 2796 719 Et
2823 680 2917 717 nos
2947 663 3283 732 cognovimus
3303 701 3316 724 ,
3351 670 3398 714 et
3425 661 3688 715 credimus

2107 765 2353 820 charitati
2370 805 2384 829 ,
2410 779 2567 834 quam
2591 760 2743 814 habet
2769 757 2910 811 Deus
2936 757 2989 809 in
3015 755 3163 809 nobis
3193 754 3244 828 (Ι
3265 754 3425 808 Joan.
3455 753 3554 822 tv).
3595 752 3694 808 Co-

2108 855 2391 927 gnovimus
2431 853 2558 922 quia
2605 849 2765 904 Jesus
2801 856 2886 902 est
2921 845 3093 900 Filius
3134 845 3266 908 Dei,
3302 852 3360 896 et
3382 844 3510 913 quia
3536 845 3697 898 Pater

2111 946 2262 1000 misit
2287 959 2409 998 eum
2439 941 2775 996 Salvatorem
2803 935 2988 991 mundi
3018 948 3032 986 :
3063 943 3110 986 et
3140 932 3400 985 credimus
3423 933 3695 996 charitati,

2111 1053 2270 1110 quam
2299 1036 2450 1090 habet
2477 1034 2617 1087 Deus
2643 1032 2699 1085 in
2725 1028 2894 1083 nobis.
2933 1025 3071 1092 Quia
3099 1023 3350 1078 videlicet
3371 1039 3499 1078 cum
3527 1023 3699 1077 habe-

2114 1136 2201 1184 ret
2217 1125 2478 1190 Unicum,
2507 1121 2680 1177 noluit
2712 1134 2834 1175 csse
2860 1131 3026 1171 unum
3045 1156 3058 1179 ,
3108 1114 3203 1169 sed
3228 1122 3290 1166 ut
3313 1111 3512 1168 fratres
3537 1112 3701 1166 habe-

2118 1227 2240 1282 ret,
2278 1215 2556 1286 adoptavit
2603 1213 2678 1266 illi
2720 1211 2891 1276 alios,
2937 1209 3029 1279 qui
3075 1223 3196 1264 cum
3240 1208 3332 1262 illo
3363 1207 3702 1276 possiderent

2118 1310 2284 1363 vitam
2311 1315 2594 1362 aeternam.
2622 1303 2772 1356 Dixit
2795 1302 2962 1355 abbas
2995 1298 3208 1363 Pastor,
3249 1298 3376 1367 quia
3404 1298 3704 1366 interroga-

2122 1399 2200 1452 vit
2225 1397 2444 1468 quidam
2477 1394 2646 1448 frater
2667 1392 2918 1446 abbatem
2947 1391 3280 1453 Poemenem,
3311 1388 3498 1442 dicens
3526 1406 3539 1440 :
3568 1386 3706 1454 Quid

2123 1497 2210 1544 est
2241 1485 2384 1557 quod
2413 1486 2465 1540 in
2503 1483 2794 1552 Evangelio
2820 1481 3078 1535 Dominus
3109 1479 3240 1533 dicit
3265 1496 3277 1531 :
3314 1477 3580 1546 Majorem
3613 1477 3708 1529 hac

2126 1581 2451 1634 charitatenr
2468 1592 2616 1630 nemo
2653 1575 2835 1639 habet,
2877 1589 3036 1643 quam
3071 1581 3128 1625 ut
3159 1571 3274 1642 quis
3301 1570 3535 1624 animam
3560 1585 3710 1623 suam

2127 1685 2222 1740 pro
2267 1669 2438 1722 amico
2477 1675 2639 1736 ponat
2684 1664 2865 1735 (Joan.
2895 1663 3009 1733 xv).
3052 1662 3333 1729 Quomodo
3361 1660 3422 1714 ﬁt
3447 1660 3588 1714 hoc?
3618 1660 3716 1714 Re-

441 1751 553 1838 tetn
581 1751 939 1835 inenarrabile
987 1777 1241 1846 gaudium
1289 1777 1507 1829 habent.
1559 1772 1711 1827 Sicut
1737 1771 1881 1826 enim
1927 1768 2018 1838 qui
2048 1757 2095 1814 B
2123 1756 2340 1827 spondit
2363 1770 2558 1810 senex:
2587 1754 2643 1809 Si
2673 1754 2795 1823 quis
2827 1753 2978 1807 audit
3013 1753 3241 1806 verbum
3286 1751 3485 1804 malum
3521 1767 3553 1804 a
3593 1767 3716 1820 pro-

445 1873 624 1941 ignem
657 1870 951 1924 accendere
974 1867 1187 1930 volunt,
1216 1869 1453 1935 primum
1483 1863 1838 1924 infamantur,
1870 1869 1925 1915 et
1950 1861 2030 1914 sic

442 1962 686 2016 obtinent
720 1959 862 2027 quod
889 1956 1098 2020 volunt,
1129 1956 1203 2009 ita
1226 1961 1440 2024 oportet
1465 1967 1564 2007 nos
1591 1953 1831 2006 divinum
1851 1951 2031 2019 ignem

445 2067 576 2107 cum
605 2050 862 2120 lacrymis
906 2056 1069 2116 atque
1097 2045 1375 2100 laboribus
1401 2043 1456 2096 iu
1495 2041 1652 2096 nobis
1684 2040 1817 2109 ipsis
1845 2053 2033 2093 accen-

445 2147 593 2202 dere.
630 2145 905 2215 Scriptum
929 2151 1015 2198 est
1037 2141 1182 2196 enim
1211 2139 1338 2209 quia
1376 2138 1518 2193 Deus
1544 2145 1720 2192 noster
1751 2137 1886 2207 ignis
1911 2152 2036 2189 con-

446 2253 656 2292 sumens
700 2244 775 2289 est
809 2234 989 2307 (Deut.
1017 2247 1111 2297 tv;
1143 2229 1302 2284 Hebr.
1334 2228 1454 2300 xu).
1487 2229 1633 2283 Dixit
1671 2242 1836 2282 senex
1860 2225 2040 2306 :Quo—

449 2328 610 2383 modo
645 2327 895 2381 umbram
940 2337 1226 2393 corporum
1274 2328 1586 2376 nostrorum
1623 2320 1824 2389 ubique
1865 2319 2041 2374 nobis-

449 2433 575 2472 cum
605 2413 1058 2476 cireumferimus,
1089 2413 1168 2466 sic
1193 2411 1452 2466 debemus
1481 2409 1665 2465 ﬂetum
1693 2425 1758 2465 ex
1787 2425 2041 2479 compun-

451 2508 632 2562 ctione
661 2505 862 2560 habere
887 2503 1168 2558 nobiscum
1193 2501 1501 2569 ubicunque
1528 2515 1733 2555 sumus.
1781 2500 1925 2555 Dixit
1953 2500 2043 2554 ab-

451 2598 552 2652 bas
577 2595 887 2667 Hyperitius
915 2613 928 2647 :
958 2593 1126 2648 Nocte
1166 2600 1223 2647 et
1249 2591 1338 2646 die
1363 2591 1574 2646 laborat
1605 2591 1922 2655 monachus,
1961 2591 2041 2644 vi-

453 2686 641 2758 gilans,
679 2686 732 2740 in
777 2683 1114 2739 orationibus
1158 2697 1504 2752 permanens,
1547 2696 1915 2752 compungens
1941 2697 2040 2736 au-

454 2785 565 2830 tem
591 2791 685 2831 cor
714 2791 891 2838 suum,
941 2775 1194 2844 producit
1237 2775 1530 2844 lacrymas,
1558 2781 1614 2826 et
1655 2772 1884 2828 celerius
1915 2787 2042 2842 pro-

454 2876 612 2922 vocat
653 2866 1081 2921 misericordiam
1112 2865 1226 2920 Dei.

981 2953 1211 3008 CAPUT
1263 2953 1506 3007 LXXXI.

568 3045 642 3100 De
678 3062 737 3101 eo
771 3045 910 3114 quod
940 3045 1110 3097 sancti
1138 3044 1382 3098 monachi
1410 3042 1510 3111 ﬁlii
1533 3042 1631 3095 Dei
1657 3052 1932 3096 vocantur.

2133 1850 2282 1904 ximo
2323 1863 2459 1912 suo,
2506 1855 2561 1902 et
2604 1863 2727 1902 cum
2773 1846 2944 1916 possit
2986 1846 3103 1915 ipse
3141 1844 3339 1899 similia
3367 1843 3713 1913 respondere,

2132 1949 2334 2014 pugnat
2359 1949 2538 1995 tamen
2570 1941 2622 1994 in
2649 1943 2811 1996 corde
2848 1954 2946 1994 suo
2979 1945 3196 2008 portare
3222 1936 3464 1990 laborem
3483 1977 3496 1999 ,
3526 1943 3585 1990 et
3612 1935 3716 1988 vim

2135 2035 2238 2090 sibi
2276 2034 2407 2088 facit
2443 2048 2511 2087 ne
2542 2031 2680 2086 forte
2711 2029 3034 2101 respondeat
3066 2028 3139 2082 illi
3181 2027 3381 2082 malum
3423 2035 3483 2079 nt
3520 2025 3721 2079 contri-

2137 2132 2245 2179 stet
2273 2124 2443 2187 illum,
2475 2123 2576 2177 iste
2601 2123 2722 2177 talis
2763 2121 3000 2175 animam
3037 2135 3193 2174 suam
3230 2118 3382 2188 ponit
3418 2132 3520 2186 pro
3550 2116 3722 2170 amico

2139 2231 2259 2271 suo.
2295 2214 2538 2285 Contigit
2563 2215 2854 2284 aliquando
2877 2213 3131 2268 abbatem
3157 2209 3304 2266 Pabo
3333 2211 3439 2265 iter
3461 2225 3589 2264 cum
3617 2208 3725 2263 fra-

2139 2305 2315 2360 tribus
2355 2306 2409 2358 in
2444 2312 2630 2375 partes
2671 2302 2891 2375 Egypti
2919 2302 3128 2367 facere,
3158 2310 3212 2357 et
3243 2301 3436 2356 videns
3460 2300 3725 2370 quosdam

2141 2396 2430 2452 smculares
2458 2397 2730 2460 sedentes,
2764 2394 2895 2449 dicit
2919 2394 2999 2449 eis
3027 2411 3038 2446 :
3068 2392 3307 2464 Surgite,
3339 2399 3394 2446 et
3421 2391 3655 2445 salutate
3675 2396 3732 2443 et

2142 2486 2461 2542 osculamini
2498 2487 2824 2550 monachos,
2851 2493 2911 2539 ut
2940 2483 3353 2540 benedicamini.
3393 2481 3738 2550 Frequenter

2144 2577 2288 2633 enim
2310 2593 2434 2632 cum
2461 2577 2572 2632 Deo
2607 2577 2920 2646 loquuntur,
2952 2584 3009 2631 et
3035 2584 3221 2630 sancta
3245 2583 3374 2629 sunt
3395 2589 3490 2629 ora
3517 2587 3738 2627 eorum.

2679 2667 2905 2724 CAPUT
2941 2666 3200 2721 LXXXII.

2147 2760 2301 2828 Quod
2326 2777 2390 2816 ea:
2417 2761 2694 2815 virtutibus
2719 2761 2930 2814 virtutes
2948 2800 2961 2824 ,
2999 2767 3048 2812 et
3072 2775 3136 2812 ex
3162 2759 3298 2812 vitiis
3321 2758 3443 2811 vitia
3467 2756 3741 2811 oriuntur.

2216 2853 2417 2909 Omnes
2463 2855 2694 2909 virtutes
2743 2853 2797 2907 in
2847 2860 3137 2922 conspectu
3179 2849 3488 2905 Conditoris
3528 2849 3743 2903 vicaria

2146 2961 2247 3016 0pc
2274 2960 2332 3000 se
2357 2944 2669 3008 sublevant,
2710 2950 2770 2996 ut
2801 2941 2949 3016 (quia
2975 2957 3082 2995 una
3109 2941 3282 2994 virtus
3308 2939 3426 2993 sine
3463 2937 3564 2990 alia
3585 2979 3598 3002 ,
3645 2939 3738 2991 vel

2151 3037 2292 3092 nulla
2322 3045 2404 3091 est
2432 3036 2682 3099 omnino,
2721 3033 2803 3089 vel
2841 3033 3086 3106 minima)
3119 3032 3358 3086 vicissim
3386 3047 3445 3085 se
3475 3046 3570 3084 sua
3601 3046 3747 3084 con-

529 3135 671 3190 IIinc
700 3133 958 3189 Dominus
986 3133 1062 3186 ait
1089 3150 1101 3184 :
1125 3132 1278 3185 Beati
1300 3132 1525 3202 paciﬁci,
1556 3132 1802 3201 quoniam
1825 3131 1925 3199 ﬁlii
1945 3130 2042 3186 Dei
2071 3122 2114 3182 C
2141 3127 2421 3198 iunctione
2458 3125 2700 3180 fulciant.
2752 3123 2908 3178 Nulla
2947 3125 3086 3178 bona
3132 3130 3259 3178 sunt
3291 3129 3516 3184 cetera,
3557 3121 3601 3174 si
3644 3137 3749 3174 oc-

456 3227 782 3282 vocabuntur
829 3224 1045 3296 (Matth.
1079 3225 1155 3293 v).
1215 3224 1272 3278 In
1319 3239 1453 3293 pace
1499 3222 1760 3292 perfectio
1789 3231 1904 3288 est,
1951 3225 2041 3279 ubi

458 3314 596 3372 nihil
632 3323 914 3386 repugnat.
978 3314 1042 3368 Et
1070 3314 1190 3369 ideo
1221 3313 1315 3368 ﬁlii
1342 3313 1438 3368 Dei
1469 3311 1679 3384 pacifici
1721 3321 1876 3377 sunt,
1909 3328 2044 3382 quo-

460 3408 605 3462 niam
634 3407 768 3460 nihil
794 3407 850 3460 in
879 3405 960 3459 eis
990 3405 1195 3459 resistit
1237 3404 1364 3457 Deo.
1398 3401 1618 3456 Paciﬁci
1659 3412 1838 3456 autem
1871 3402 1925 3455 in
1962 3417 2043 3456 sc-

461 3499 707 3569 tnetipsis
749 3505 908 3562 sunt,
937 3498 1030 3568 qui
1057 3511 1246 3552 omnes
1283 3495 1445 3550 animi
1487 3495 1568 3550 sui
1616 3504 1795 3549 motus
1828 3509 2044 3563 compo-

457 3597 667 3654 nentes,
699 3588 834 3644 ﬂunt
857 3603 1083 3660 regnum
1111 3587 1228 3641 Dei.
1263 3586 1321 3641 Si
1352 3586 1443 3640 ﬁlii
1475 3586 1571 3641 Dei
1601 3601 1808 3650 sumus,
1834 3585 2044 3653 pacilici

462 3697 584 3737 esse
609 3682 884 3736 debemus.
913 3679 1175 3734 Paciﬁcas
1200 3678 1345 3732 enim
1375 3691 1498 3731 esse
1519 3684 1734 3746 oportet
1758 3676 1851 3730 Dei
1885 3675 2043 3739 ﬁlius,

463 3782 519 3827 ct
545 3773 794 3836 humiles,
827 3780 1007 3826 mente
1036 3771 1229 3834 mites,
1267 3769 1429 3823 corde
1471 3767 1766 3836 simplices,
1797 3782 2048 3822 sermone

462 3876 650 3933 puros,
682 3862 863 3915 animo
905 3860 1219 3914 innocentes
1242 3899 1257 3922 ,
1281 3855 1503 3912 'allectu
1538 3857 1867 3921 concordes,
1915 3857 2050 3911 sibi-

464 3959 577 4005 met
624 3950 951 4004 unanimiter
995 3949 1349 4004 cohzerentcs.
1409 3946 1545 4002 Hinc
1573 3954 1626 4002 et
1653 3946 1891 4002 Joannes
1923 3963 2050 4017 apo-

463 4039 635 4095 stolus
660 4040 737 4093 ait
761 4058 773 4093 :
816 4037 996 4092 Videte
1019 4037 1226 4109 qualem
1249 4037 1563 4091 charitatem
1595 4037 1738 4092 dedit
1762 4037 1908 4092 nobis
1943 4037 2051 4090 Pa-

465 4140 566 4195 ter,
609 4140 665 4183 ut
712 4129 813 4198 ﬁlii
845 4129 939 4183 Dei
990 4129 1320 4183 nominemur
1361 4138 1410 4181 et
1458 4128 1624 4182 simus
1668 4128 1718 4200 (1
1745 4127 1906 4182 Joan.
1942 4127 2046 4198 ιιι).

465 4220 656 4291 Magna
687 4229 771 4276 est
799 4220 978 4289 gratia
1027 4219 1322 4274 conditoris
1360 4219 1529 4273 nostri
1565 4233 1727 4288 quam
1771 4219 1927 4274 nobis
1958 4219 2052 4273 do-

465 4311 634 4376 navit,
669 4319 726 4364 ιιι
751 4326 875 4366 eum
905 4325 1090 4365 amare
1128 4318 1182 4364 et
1217 4311 1529 4366 noverimus
1567 4317 1623 4364 et
1655 4311 1964 4379 possimus:
1997 4321 2052 4365 et

467 4401 541 4454 ita
577 4416 780 4466 amare,
809 4411 868 4455 ut
894 4411 1106 4469 patrem
1138 4401 1262 4466 ﬁlii,
1303 4417 1428 4457 cum
1464 4409 1519 4456 et
1559 4402 1662 4456 hoc
1686 4415 1940 4470 magnum
1967 4415 2053 4455 es-

466 4499 571 4556 set,
606 4491 652 4545 si
699 4491 778 4546 sic
821 4507 1006 4546 amare
1053 4492 1205 4546 illum
1248 4507 1532 4562 possemus
1569 4493 1839 4561 quomodo
1870 4490 2054 4569 ﬁdeles

468 4583 612 4637 servi
645 4592 830 4637 amant
865 4586 1114 4639 dominos
1149 4601 1295 4640 suos.
1347 4584 1592 4652 Qualiter
1623 4593 1804 4640 autem
1838 4585 1930 4639 ﬁlii
1959 4585 2052 4639 Dei

468 4669 608 4724 effici
639 4673 967 4736 debeamus,
1022 4673 1164 4728 idem
1213 4674 1448 4730 Joannes
1493 4683 1743 4730 testatur.
1789 4675 2053 4746 Quotquot

470 4766 643 4810 autem
671 4770 970 4829 receperunt
996 4777 1139 4827 eum,
1163 4761 1306 4816 dedit
1333 4763 1406 4818 eis
1429 4774 1738 4834 potestatem
1777 4763 1915 4832 ﬁlios
1960 4763 2058 4817 Dei

471 4849 587 4917 ﬁeri
609 4851 671 4904 iis
698 4853 786 4923 qui
813 4854 1028 4908 credunt
1062 4855 1118 4908 in
1154 4856 1360 4909 nomine
1397 4857 1510 4926 ejus
1543 4856 1724 4927 (Joan.
1755 4855 1817 4925 ι).
1860 4855 1963 4910 Per
1993 4856 2054 4910 li-

473 4938 592 4992 dem
623 4955 753 5010 ergo
794 4952 850 4997 ct
896 4943 1238 5000 dilectionem
1279 4944 1372 5000 ﬁlii
1412 4946 1506 5001 Dei
1537 4945 1816 5001 eﬁicimur.
1860 4945 2049 5016 Magna

474 5029 840 5087 benevolentia
870 5075 884 5097 ,
938 5051 1131 5104 magna
1180 5036 1554 5092 misericordia
1592 5048 1604 5089 :
1658 5035 1861 5091 Unicus
1896 5044 2055 5092 natus

477 5127 576 5182 est,
607 5131 660 5174 et
683 5123 854 5177 noluit
878 5141 1096 5180 manere
1125 5143 1284 5181 unus.
1341 5126 1447 5182 Sed
1474 5128 1615 5181 Deus
1646 5125 1874 5180 Unicum
1906 5141 2057 5180 eunt-

476 5210 705 5279 demque
734 5213 906 5282 ipsum
935 5229 1095 5284 quem
1133 5225 1422 5287 genuerat,
1467 5225 1520 5272 et
1547 5231 1645 5285 per
1668 5229 1828 5284 quem
1863 5225 2054 5269 cuncta

477 5309 783 5368 creaverat,
835 5304 982 5359 misit
1022 5307 1076 5360 in
1123 5307 1267 5362 hunc
1308 5307 1596 5372 mundum,
1655 5315 1714 5360 ut
1761 5322 1866 5361 non
1912 5316 2057 5362 esset

479 5407 647 5457 unus,
686 5392 780 5448 sed
819 5393 1017 5451 fratres
1044 5397 1268 5453 haberet
1295 5399 1600 5466 adoptatos.
1643 5397 1759 5452 Non
1784 5397 1928 5452 enim
1959 5412 2057 5451 nos

479 5481 591 5536 nati
639 5499 825 5540 sumus
859 5483 926 5539 de
964 5486 1074 5542 Deo
1114 5500 1221 5555 quo
1253 5487 1412 5542 modo
1451 5487 1540 5542 ille
1580 5486 1931 5558 Unigenitus,
1965 5486 2059 5541 sed

483 5572 719 5640 adoptati
751 5589 848 5642 per
885 5577 1116 5646 gratiam
1145 5574 1266 5645 ejus
1293 5592 1498 5631 sumus.
1555 5577 1632 5631 Ex
1665 5592 1888 5632 munere
1913 5577 2058 5632 enim

483 5662 662 5720 divino
683 5668 833 5734 prius
850 5678 1172 5738 potestatem
1199 5668 1502 5738 adoptionis
1528 5669 1851 5738 accepimus,
1874 5676 2060 5739 postea

2147 3215 2277 3272 culti
2303 3215 2499 3284 judicis
2527 3215 2698 3270 oculis
2736 3214 3007 3270 castitatis
3045 3213 3353 3267 testimonio
3386 3227 3492 3266 non
3533 3225 3746 3280 appro-

2145 3309 2361 3371 bentur,
2397 3308 2441 3361 si
2466 3308 2548 3360 vel
2569 3307 2882 3363 castitatem
2907 3305 3188 3360 humilitas
3202 3305 3436 3368 deserat,
3452 3303 3536 3357 vel
3555 3303 3752 3356 humi-

2148 3398 2353 3453 litatem
2376 3399 2599 3452 castitas
2624 3398 2914 3466 relinquat.
2937 3397 3092 3466 Apud
3118 3403 3393 3450 auctorem
3413 3393 3753 3449 humilitatis

2147 3497 2201 3544 et
2223 3489 2499 3544 munditia:
2525 3489 2782 3559 prodesse
2810 3488 2944 3542 nihil
2972 3487 3229 3557 prmvalet
3268 3486 3350 3539 vel
3389 3485 3623 3554 superba
3651 3501 3754 3539 ca-

2148 3580 2336 3644 stitas,
2373 3579 2458 3633 vel
2502 3579 2780 3633 humilitas
2820 3579 3120 3648 inquinata.
3161 3576 3252 3633 Sic
3280 3578 3411 3632 vitio
3437 3577 3628 3630 vitium
3665 3578 3754 3648 gi-

2149 3673 2352 3743 gnitur,
2403 3673 2482 3727 sic
2522 3673 2697 3726 virtus
2743 3673 2944 3725 virtute
2989 3672 3294 3741 concipitur
3342 3669 3521 3742 [Isid.,
3557 3668 3657 3722 lib.
3708 3686 3751 3722 ιι

2152 3762 2346 3835 Sent.].
2388 3763 2466 3817 Ex
2505 3763 2636 3817 vitio
2673 3764 2816 3817 enim
2849 3763 3043 3817 vitium
3075 3763 3333 3834 gignitur,
3372 3763 3510 3816 sicut
3546 3763 3600 3815 in
3639 3761 3757 3814 Da-

2153 3855 2262 3920 vid,
2295 3854 2386 3924 qui
2413 3855 2537 3908 dum
2581 3869 2686 3908 non
2734 3854 2958 3908 evitavit
2999 3854 3355 3920 adulterium,
3403 3854 3759 3924 perpetravit

2155 3944 2504 3999 homicidium
2533 3941 2620 4013 (II
2650 3942 2776 4013 Reg.
2809 3943 2909 4015 χι).
2947 3943 3078 3998 Item
3116 3944 3290 3998 virtus
3323 3944 3521 3997 virtute
3554 3943 3757 3996 conci-

2151 4036 2320 4104 pitur,
2363 4023 2508 4089 sicut
2537 4051 2633 4104 per
2658 4036 2912 4090 virtutem
2947 4035 3270 4106 evangelicae
3307 4034 3753 4105 przcdieationis,

2152 4131 2410 4183 virtutem
2435 4129 2681 4198 martyrii
2707 4129 2932 4198 apostoli
2958 4137 3296 4184 meruerunt.
3347 4128 3491 4182 Dixit
3517 4136 3761 4182 sanctus

2154 4221 2452 4292 Gregorius
2476 4221 2600 4289 quia
2634 4222 2751 4275 lucc
2774 4220 2880 4275 tria
2907 4221 3075 4291 exigit
3108 4221 3250 4275 Deus
3280 4221 3347 4274 ab
3379 4220 3525 4275 omni
3558 4219 3761 4274 homi-

2156 4328 2222 4367 ne
2253 4314 2344 4383 qui
2381 4321 2467 4368 est
2504 4313 2830 4384 baptismum
2865 4323 3208 4375 consecutus,
3235 4313 3288 4366 id
3317 4318 3420 4375 est,
3461 4310 3621 4364 ﬁdem
3663 4327 3764 4365 re-

2158 4413 2301 4459 ctam
2325 4421 2391 4460 ex
2424 4414 2534 4460 tota
2558 4406 2737 4460 anima
2765 4413 2820 4460 ct
2842 4405 3063 4470 virtute,
3103 4405 3297 4475 lingua:
3343 4403 3760 4458 continentiam

2157 4503 2211 4548 et
2233 4495 2539 4550 castitatem
2573 4496 2837 4565 corporis.
2879 4496 3026 4550 Dixit
3059 4496 3226 4549 abbas
3261 4495 3562 4562 Evagrius:
3593 4492 3762 4547 Men-

2156 4593 2268 4638 tem
2301 4593 2573 4640 errantem
2601 4586 2684 4640 vel
2711 4593 2992 4640 nutantem
3028 4585 3223 4640 solidat
3251 4585 3413 4638 lectio
3439 4591 3496 4638 et
3521 4582 3755 4653 vigiliae,

2156 4684 2212 4729 et
2257 4676 2454 4732 oratio.
2513 4675 3024 4746 Concupiscentiam
3062 4691 3192 4730 vero
3230 4687 3570 4729 marcescere
3610 4671 3762 4728 facit

2157 4766 2388 4831 esuries,
2425 4775 2481 4821 et
2507 4767 2676 4831 labor,
2705 4775 2760 4822 et
2790 4766 3041 4822 solitudo.
3089 4763 3426 4819 lracundiam
3452 4771 3630 4816 autem
3665 4776 3764 4814 re-

2157 4860 2346 4928 primit
2367 4860 2687 4928 psalmodia,
2732 4867 2787 4914 et
2815 4859 3229 4929 longanimitas,
3264 4864 3316 4911 et
3341 4854 3753 4910 misericordia.

2160 4949 2267 5003 Sed
2287 4950 2401 5005 hzcc
2421 4951 2739 5020 opportunis
2762 4951 3098 5020 temporibus
3119 4959 3173 5004 et
3197 4948 3467 5005 mensuris
3489 4947 3762 5014 congruis

2160 5039 2436 5094 adhibitis.
2480 5039 2609 5105 Quae
2635 5049 2816 5095 autem
2845 5057 2950 5095 non
2983 5049 3306 5111 opportune,
3332 5038 3417 5092 vel
3446 5039 3564 5093 sine
3596 5053 3757 5091 men-

2160 5144 2286 5184 sura
2318 5128 2473 5190 liunt.
2503 5131 2568 5184 ad
2596 5146 2822 5200 parvum
2859 5139 3070 5200 tempus
3097 5131 3404 5200 proﬁciunt.

2673 5218 2902 5276 CAPUT
2957 5220 3235 5275 LXXXIII.

2502 5309 2644 5376 Quid
2669 5311 2737 5364 sit
2760 5311 2950 5382 conﬁgi
2973 5309 3170 5367 Christi
3197 5311 3384 5364 cruci?

2235 5399 2452 5456 Tollens
2475 5401 2773 5456 monachus
2807 5419 3024 5458 crucem
3051 5417 3237 5464 suam,
3266 5409 3321 5456 et
3355 5399 3630 5455 Christum
3667 5413 3760 5455 se-

2167 5505 2338 5560 quens
2362 5491 2703 5546 mortiﬁcatis
2730 5493 2989 5547 membris
3020 5507 3182 5562 super
3204 5499 3426 5555 terram,
3465 5500 3522 5544 et
3551 5489 3763 5546 mundo

2166 5589 2441 5644 mortuus,
2490 5589 2547 5636 ct
2574 5582 2945 5653 eonﬁgnratus
2981 5581 3143 5636 morti
3177 5579 3306 5636 Jesu
3335 5579 3574 5642 Christi.
3614 5587 3673 5634 et
3701 5581 3760 5635 in

2168 5670 2313 5742 ligno
2341 5672 2631 5732 Dominica:
2654 5675 2922 5744 passionis
2947 5673 3165 5739 allixus,
3196 5673 3285 5727 hic
3311 5670 3604 5737 conﬁgitur
3628 5685 3765 5724 cru-
