3960 6206
311 322 413 380 ϐῗἸ

1505 322 1808 380 omnem
1849 289 2378 381 ιιοΝΑοιιοιιυιιζ

3447 338 3552 394 678

309 441 358 496 ei
391 437 615 495 Christi.
653 436 754 504 Qui
782 437 1008 508 vestigia
1033 437 1151 505 ejus
1176 438 1248 492 ita
1281 446 1540 502 sectatur,
1573 445 1634 492 ut
1659 450 1889 492 conver-
1913 439 1966 498 Α
1989 437 2167 491 eentia
2216 437 2354 492 bona
2392 445 2449 492 et
2477 451 2632 508 pura,
2677 441 2997 511 simplicitas
3038 453 3148 501 tota
3191 454 3247 502 et
3287 446 3420 505 ﬁdes
3447 466 3555 506 non

309 534 576 589 sationem
608 531 750 584 illius
774 531 972 584 imitari
1004 531 1194 598 possit,
1226 538 1286 584 ut
1315 531 1386 586 sit
1414 538 1728 584 mansuetus
1747 529 1888 583 sicut

308 625 399 679 ille
429 623 550 688 fuit,
595 630 652 676 et
699 621 846 676 mitis
876 630 932 674 et
959 621 1177 674 humilis
1207 622 1398 686 corde,
1438 621 1753 675 verberatus
1779 635 1886 674 non

308 713 659 784 respondeat,
690 711 1007 766 maledictus
1031 726 1138 764 non
1167 711 1548 775 remaledicat,
1584 709 1680 764 sed
1703 709 1888 763 vincat

259 824 280 834 ί
308 807 360 859 in
386 804 693 859 humilitate
724 802 1062 872 superbiam;
1093 803 1195 856 iste
1223 818 1346 856 cum
1384 801 1548 857 Paulo
1580 801 1760 856 dicere
1790 816 1887 870 po-

308 904 454 950 test:
489 894 698 947 Christo
747 893 1032 961 cruci/imus
1072 909 1187 946 sum
1228 893 1371 946 cruci
1394 931 1410 954 ,
1453 900 1533 955 et,
1572 893 1683 946 vivo
1710 901 1886 944 autem

303 986 415 1054 iam
445 1001 549 1037 non
572 999 690 1052 ego,
721 981 843 1036 vivit
868 998 984 1035 vero
1005 983 1060 1034 in
1083 997 1164 1035 me
1189 980 1425 1035 Christus
1462 978 1605 1050 (Cal.
1635 981 1719 1049 ιι).
1751 981 1886 1034 Bea-

309 1086 393 1130 tus
441 1074 778 1143 multumque
822 1072 951 1127 felix
980 1073 1071 1141 qui
1110 1073 1325 1128 vivente
1365 1074 1419 1127 in
1455 1087 1515 1128 se
1544 1071 1762 1126 Christo
1789 1086 1885 1140 per

305 1165 545 1236 singulas
573 1164 870 1227 orationes,
899 1163 1251 1231 cogitationes
1275 1171 1331 1218 et
1364 1178 1550 1232 opera,
1585 1171 1766 1232 potest
1802 1161 1885 1215 di-

303 1271 451 1319 cere,
494 1254 627 1308 Vivit
664 1255 720 1308 in
746 1271 829 1307 me
854 1251 1201 1318 Christus,et,
1229 1253 1366 1318 quod
1389 1253 1497 1306 vivo
1515 1293 1529 1317 ,
1553 1253 1606 1305 in
1635 1251 1740 1320 ﬁde
1771 1251 1882 1304 vivo

308 1343 438 1398 Filii
467 1344 560 1398 Dei
590 1343 641 1413 (1
647 1341 952 1413 bid.).Vivit
971 1351 1152 1396 autem
1176 1343 1229 1396 in
1249 1357 1315 1397 eo
1335 1342 1581 1397 Christus
1603 1343 1655 1396 in
1675 1357 1782 1411 quo
1803 1342 1882 1395 vi-

305 1435 383 1487 vit
406 1434 691 1502 sapientia,
702 1433 934 1502 justitia,
950 1432 1172 1496 veritas,
1187 1432 1564 1496 sanctiﬁcatio,
1582 1448 1684 1502 pax
1703 1440 1756 1484 et
1773 1431 1882 1485 for-

307 1522 502 1586 titudo,
531 1531 848 1590 caztermque
875 1523 1124 1586 virtutes,
1154 1537 1288 1590 quas
1315 1525 1406 1590 qui
1429 1537 1533 1576 non
1565 1522 1746 1585 habet,
1771 1536 1880 1575 non

306 1623 487 1683 potest
520 1615 732 1678 dicere,
768 1615 889 1667 vivit
918 1615 972 1667 in
998 1630 1078 1667 me
1098 1613 1356 1668 Christus.
1411 1613 1553 1668 Vivit
1585 1629 1714 1668 vero
1744 1621 1800 1666 et
1823 1613 1878 1666 in

305 1718 374 1758 eo
427 1703 714 1766 Christus,
755 1703 848 1772 qui
899 1703 1121 1773 vestigia
1161 1712 1400 1758 sectatur
1451 1703 1586 1772 ejus,
1636 1711 1692 1758 et
1732 1702 1877 1757 nulla

1988 528 2132 583 ﬁcta.
2173 529 2265 585 Illa
2289 539 2372 585 est
2399 533 2584 600 procul
2615 533 2776 590 dubio
2797 539 3126 594 conscientia
3150 541 3307 605 bona,
3333 542 3424 597 ubi
3447 560 3555 598 non
3611 593 3622 605 ,

1985 627 2071 672 est
2096 619 2349 675 vitiorum
2391 625 2662 678 accusatio
2701 626 2808 680 ulla
2830 668 2848 686 ,
2899 644 3060 697 quam
3092 646 3194 686 nec
3227 635 3434 702 peccati
3466 650 3552 690 re-

1987 707 2201 762 mordet
2239 709 2394 777 culpa
2416 750 2430 775 ,
2464 727 2566 766 nec
2613 714 2900 769 criminum
2949 718 3118 774 moles
3158 729 3405 787 accusat;
3434 739 3556 792 qum

1986 795 2191 851 nullum
2219 799 2354 862 odit,
2385 801 2516 854 nulli
2541 814 2720 867 nocet,
2761 804 2892 858 nulli
2916 807 3180 874 detrahit,
3212 810 3413 866 nullum
3439 827 3557 867 mo-

1985 885 2163 951 lestat,
2192 888 2321 942 nulli
2350 890 2583 957 invidet,
2629 894 2722 947 sed
2756 896 3008 952 omnibus
3033 906 3116 952 est
3144 901 3352 964 suavis,
3378 903 3556 957 omni-

1983 976 2085 1030 bus
2112 977 2366 1043 innocua,
2407 981 2570 1046 mitis,
2627 984 2884 1052 paciﬁca,
2935 996 3096 1057 atque
3120 989 3370 1062 benigna.
3407 994 3555 1050 Dixit

1984 1065 2152 1120 abbas
2195 1067 2443 1137 Agathon
2490 1089 2502 1124 :
2554 1073 2671 1128 Non
2714 1076 2874 1130 debet
2913 1081 3208 1136 monachus
3243 1085 3555 1152 permittere

1983 1157 2331 1212 conscientiae
2375 1176 2485 1215 sua:
2527 1170 2587 1216 ut
2617 1173 2831 1220 accuset
2869 1182 2991 1222 eum
3037 1170 3093 1223 in
3121 1187 3443 1242 quacunque
3471 1191 3548 1230 re.

1982 1244 2284 1316 Intelligere
2313 1264 2442 1320 ergo
2467 1251 2664 1306 debent
2687 1257 2938 1312 monachi
2977 1265 3035 1312 ut
3062 1260 3202 1314 sicut
3226 1263 3400 1332 angeli
3427 1277 3550 1318 cum

1984 1334 2180 1390 timore
2204 1344 2262 1391 et
2289 1346 2521 1394 tremore
2553 1341 2784 1412 hymnos
2821 1358 3076 1402 canentes
3104 1351 3363 1406 assistunt
3389 1352 3552 1407 Crea-

1984 1425 2108 1490 tori,
2133 1428 2209 1480 ita
2239 1437 2296 1482 et
2321 1432 2572 1486 monachi
2601 1434 2798 1489 debent
2819 1437 2873 1490 in
2895 1439 3208 1506 psalmodiis
3233 1456 3419 1496 coram
3441 1443 3550 1497 Deo

1982 1529 2105 1568 cum
2133 1525 2278 1571 metu
2305 1528 2358 1573 et
2385 1522 2549 1575 corde
2577 1539 2712 1592 puro
2741 1527 3037 1581 consistere
3079 1536 3321 1598 tempore
3351 1535 3550 1588 oratio-

1981 1606 2085 1666 nis.
2126 1605 2388 1662 Gloriatio
2439 1625 2569 1680 ergo
2612 1615 2881 1678 monachi,
2933 1624 2989 1669 et
3025 1616 3140 1670 laus
3176 1618 3229 1671 in
3265 1629 3552 1688 conspectu

1979 1696 2292 1766 angelorum
2349 1708 2406 1754 et
2446 1701 2742 1768 hominum,
2791 1706 3096 1772 humilitas,
3147 1719 3200 1764 et
3239 1711 3553 1780 simplicitas

306 1792 494 1847 mundi
518 1793 953 1861 concupiscentia
979 1793 1207 1861 capitur,
1228 1802 1289 1847 ut
1316 1794 1428 1848 Deo
1447 1793 1652 1856 vivens,
1680 1793 1879 1847 mundo
1905 1793 1954 1852 B
1981 1789 2180 1843 cordis.
2228 1789 2488 1846 Gloriatio
2536 1796 2824 1862 monachi,
2878 1801 3234 1856 mansuetudo
3284 1802 3470 1858 cordis
3497 1812 3554 1858 et

308 1891 554 1936 mortuus
577 1882 859 1936 videatur:
892 1879 1154 1946 Quoniam
1190 1899 1339 1936 omne
1362 1883 1501 1953 quod
1543 1892 1616 1936 est
1644 1883 1698 1936 in
1724 1899 1878 1935 mun-

306 1972 396 2033 do,
425 1971 842 2040 concupiscentia
885 1971 1060 2025 carnis
1087 1980 1186 2036 est,
1234 1981 1282 2025 et
1313 1972 1729 2041 concupiscentia
1754 1988 1877 2024 ocu-

305 2065 499 2128 lorum,
531 2073 580 2118 et
615 2064 856 2134 superbia
884 2064 1000 2118 vitm
1033 2063 1085 2135 (Ι
1109 2064 1270 2118 Joan.
1298 2063 1380 2136 ιι).
1422 2063 1668 2118 Monachi
1695 2072 1876 2117 autem

306 2154 571 2210 habentes
600 2154 802 2210 victum
837 2162 894 2209 et
931 2154 1311 2210 vestimentum
1337 2193 1353 2219 ,
1396 2154 1481 2208 his
1523 2153 1722 2207 debent
1755 2167 1876 2207 esse

305 2243 549 2298 contenti
577 2283 593 2307 ,
641 2243 766 2312 quia
813 2251 868 2298 et
907 2259 937 2298 a
980 2243 1262 2298 monachis
1295 2249 1610 2298 extraneum
1631 2251 1688 2296 et
1713 2258 1743 2296 a
1772 2242 1876 2297 ﬁde

306 2335 467 2389 debet
503 2349 624 2390 esse
659 2334 890 2389 alienum
919 2335 1179 2404 quidquid
1215 2334 1282 2388 de
1312 2335 1415 2389 hoc
1445 2333 1645 2388 mundo
1677 2347 1876 2387 concu-

305 2424 536 2492 piscitur
563 2424 645 2479 vel
675 2424 1026 2489 desideratur,
1057 2440 1180 2478 nam
1208 2423 1535 2494 superﬂuum
1555 2431 1661 2478 est.
1705 2423 1875 2478 Inter-

305 2523 528 2584 rogatus
556 2516 772 2584 quidam
796 2531 962 2570 senex
985 2531 1015 2570 a
1035 2516 1206 2573 fratre
1231 2518 1358 2586 quid
1387 2515 1586 2571 faceret
1613 2524 1672 2570 ut
1696 2517 1875 2571 salvus

301 2612 468 2667 esset,
503 2603 592 2659 ille
619 2603 922 2673 exspolians
967 2620 1027 2660 se
1072 2606 1390 2661 vestimento
1418 2621 1536 2673 suo,
1574 2615 1628 2660 et
1653 2607 1876 2676 cingens

302 2695 518 2750 lumbos
538 2711 682 2759 suos,
705 2704 865 2766 atque
885 2698 1177 2753 extendens
1203 2713 1395 2753 manus
1415 2714 1560 2763 suas,
1583 2699 1719 2753 dixit
1742 2714 1756 2751 :
1784 2698 1876 2752 Sic

301 2787 466 2842 debet
512 2788 804 2843 monachus
846 2789 1022 2844 nudus
1065 2803 1184 2843 esse
1221 2789 1290 2843 ab
1339 2788 1484 2842 omni
1520 2786 1747 2841 materia
1774 2801 1874 2840 sa:-

300 2877 447 2942 culi,
501 2887 556 2932 et
596 2878 912 2950 cruciﬁgere
953 2894 1011 2933 se
1047 2880 1307 2934 adversus
1352 2879 1683 2933 tentationes
1710 2886 1872 2946 atque

298 2970 596 3024 certamina
647 2971 850 3025 mundi.
920 2971 1067 3025 Dixit
1113 2972 1281 3026 abbas
1325 2969 1639 3040 Hyperitius
1683 2986 1695 3021 :
1733 2966 1872 3035 Quia

299 3067 454 3126 grata
480 3067 562 3114 est
588 3059 699 3115 Deo
725 3061 979 3115 monachi
1005 3061 1308 3115 obedientia
1327 3100 1343 3123 ,
1391 3075 1551 3129 quam
1579 3058 1669 3127 qui
1701 3057 1873 3127 possi-

1977 1879 2269 1935 silentium.

2498 1973 2724 2030 CAPUT
2771 1976 3030 2033 LXXXV.

1979 2060 2046 2114 Ut
2095 2063 2278 2118 divites
2312 2065 2414 2138 sint
2443 2067 2686 2138 nionachi
2713 2067 2766 2138 in
2791 2069 3028 2138 operibus
3057 2071 3235 2136 bonis,
3274 2081 3324 2127 et
3343 2075 3550 2130 thesau-

2289 2135 2452 2187 rizent
2477 2136 2576 2188 sibi
2603 2135 3002 2203 fundamentum
3029 2139 3218 2194 bonum

2048 2242 2315 2309 Monacbi,
2347 2245 2438 2314 qui
2484 2247 2677 2302 divites
2713 2264 2818 2303 non
2847 2259 2972 2304 sunt
3001 2251 3055 2305 in
3101 2255 3263 2308 rebus
3298 2257 3546 2319 terrenis,

1975 2331 2170 2385 divites
2199 2345 2319 2387 esse
2344 2333 2541 2388 debent
2577 2335 2631 2388 in
2659 2337 2946 2394 virtutibus
2967 2343 3170 2397 sanctis
3211 2351 3266 2398 et
3295 2347 3552 2413 operibus

1975 2421 2153 2485 bonis,
2182 2422 2308 2490 quia
2344 2439 2450 2478 non
2484 2425 2755 2491 carnales,
2788 2429 2882 2482 sed
2919 2430 3227 2498 spiritualcs
3261 2434 3461 2489 divitia:
3489 2435 3551 2490 li-

1975 2510 2170 2566 berant
2201 2513 2440 2568 animam
2482 2515 2536 2569 in
2568 2517 2654 2570 die
2681 2519 2932 2574 vindictae
2954 2530 3009 2576 et
3037 2523 3276 2579 ultionis.
3320 2527 3472 2582 Unde
3499 2537 3552 2582 et

1978 2596 2231 2654 Salomon
2259 2601 2372 2654 ait:
2413 2600 2536 2655 Non
2561 2605 2845 2672 proderunt
2876 2609 3072 2663 divitia:
3100 2611 3153 2664 in
3194 2613 3279 2666 die
3311 2614 3548 2669 ultionis.

1973 2688 2197 2743 Iustitia
2220 2700 2395 2744 autem
2426 2691 2666 2746 liberabit
2692 2713 2724 2748 a
2749 2708 2915 2751 morte
2951 2698 3132 2770 (Prov.
3169 2703 3265 2773 ιιι).
3333 2705 3550 2759 Funda-

1973 2787 2215 2833 mentum
2238 2781 2382 2834 enim
2410 2783 2552 2850 quod
2577 2784 2706 2837 dicit
2737 2784 2956 2852 bonum,
2986 2791 3097 2845 sive
3118 2791 3389 2848 Christum
3409 2835 3424 2859 ,
3473 2798 3550 2850 si-

1973 2884 2039 2922 ve
2062 2869 2324 2924 bonorum
2367 2887 2591 2942 operum
2633 2875 2901 2942 signiﬁcat
2939 2881 3239 2946 praemium,
3278 2885 3422 2951 quod
3448 2887 3550 2940 sibi

1975 2961 2343 3027 unusquisque
2379 2963 2678 3017 monachus
2714 2964 2850 3019 bene
2889 2975 2946 3020 et
2984 2967 3128 3035 juste
3157 2971 3388 3026 vivendo
3435 2975 3552 3030 the-

1977 3051 2216 3106 saurizat
2244 3052 2295 3105 in
2322 3053 2478 3117 coelo,
2522 3062 2581 3107 ut
2607 3055 2714 3111 illic
2750 3055 2888 3112 bene
2921 3056 3194 3126 fundatus,
3223 3064 3374 3132 quasi
3399 3081 3544 3119 mons

298 3125 413 3213 det,
445 3152 586 3218 quod
615 3152 786 3220 poscit
809 3151 1115 3216 exauditur,
1147 3162 1201 3205 et
1227 3167 1348 3206 cum
1379 3125 1573 3204 ﬁducia
1598 3125 1872 3204 Crucilixo
1898 3125 1942 3187 Ο
1976 3143 2130 3209 Sion,
2169 3162 2269 3200 non
2300 3157 2564 3200 moveatur
2586 3148 2640 3200 in
2665 3157 2913 3202 a‘ternum
2950 3149 3064 3219 (Ps.
3095 3152 3297 3222 cxxtv).
3350 3153 3551 3208 Domus

299 3243 520 3296 astabit.
563 3243 776 3297 Etenim
810 3244 1066 3300 Dominus
1107 3245 1186 3298 sic
1216 3243 1362 3298 venit
1398 3245 1465 3296 ad
1490 3255 1730 3305 crucem,
1769 3240 1872 3294 sci-

295 3331 469 3389 licet:
497 3331 696 3388 Factus
733 3333 975 3388 obediens
1007 3350 1167 3404 usque
1187 3333 1256 3387 ad
1283 3342 1499 3386 mortem
1525 3330 1692 3402 (Phil.
1732 3328 1816 3400 ιι).

815 3445 1041 3500 CAPUT
1077 3444 1356 3499 LXXXIV.

373 3531 445 3590 Ut
477 3537 723 3590 monachi
761 3554 854 3591 cor
879 3537 1103 3660 [inhiant
1136 3553 1322 3606 purum
1354 3546 1402 3590 et
1432 3536 1801 3590 conscientiam

881 3657 886 3660 .
1017 3624 1194 3660 onum.

881 3657 886 3660 .
985 3624 1194 3662 bonum.

373 3694 582 3750 Clamat
615 3698 758 3752 enim
796 3698 950 3753 nobis
977 3696 1260 3768 Scriptura
1287 3697 1509 3752 dicens:
1554 3695 1704 3750 Finis
1736 3711 1872 3765 pra:-

296 3787 431 3855 cepti
463 3795 538 3842 est
576 3786 806 3842 charitas
841 3789 905 3842 de
941 3788 1096 3842 corde
1135 3805 1266 3858 puro
1300 3796 1350 3841 et
1386 3786 1700 3840 conscientia
1736 3786 1871 3840 bona

297 3875 355 3947 (Ι
382 3875 512 3931 Tim.
541 3877 604 3950 ι).
642 3877 793 3934 Finis
821 3879 971 3943 dicit,
1010 3880 1062 3934 id
1092 3887 1196 3945 est,
1224 3877 1485 3950 perfectio
1523 3877 1776 3948 praecepti
1816 3885 1873 3932 et

296 3968 463 4022 totius
507 3969 659 4039 legis.
723 3969 972 4025 Charitas
999 3985 1129 4041 ergo
1158 3987 1279 4040 quae
1308 3986 1409 4026 nos
1442 3971 1640 4025 charos
1681 3970 1791 4025 Deo
1816 3978 1872 4023 et

292 4057 606 4114 hominibus
649 4059 815 4124 facit,
861 4069 916 4114 ct
956 4061 1113 4116 istius
1145 4061 1326 4116 surculi
1364 4069 1779 4129 contemptores,
1807 4075 1873 4116 ac

293 4147 565 4201 bonorum
610 4149 847 4203 omnium
896 4158 1196 4216 amatores,
1244 4150 1365 4204 fons
1393 4159 1477 4204 est
1513 4150 1751 4206 omnium
1775 4150 1873 4204 bo-

290 4251 512 4300 norum,
539 4246 593 4292 et
618 4239 770 4310 origo
795 4240 1206 4305 charismatum,
1253 4249 1308 4296 et
1340 4250 1656 4296 cunctarum
1694 4239 1874 4310 perfe-

289 4327 406 4382 ctio
433 4328 715 4384 virtutum.
755 4329 860 4385 Cor
885 4339 1064 4386 autem
1092 4346 1286 4400 purum
1320 4331 1448 4386 illud
1471 4339 1555 4385 est
1580 4331 1670 4385 ubi
1695 4329 1872 4386 nullus
1919 4349 1922 4352 ’

291 4416 451 4472 dolus
477 4426 593 4483 est,
639 4434 739 4473 nec
765 4419 984 4490 aliquod
1021 4421 1362 4475 machinatur
1396 4421 1629 4484 malum;
1671 4421 1762 4475 ubi
1800 4421 1871 4475 si-

274 4505 514 4560 mulatio
543 4506 711 4571 nulla,
733 4505 826 4560 sed
853 4514 962 4561 tota
986 4506 1196 4575 puritas
1209 4514 1423 4576 regnat;
1445 4507 1537 4562 ubi
1561 4521 1672 4560 non
1697 4507 1862 4561 corde

275 4597 430 4650 aliud
453 4605 692 4660 tenetur,
709 4606 763 4652 et
779 4597 926 4652 aliud
944 4611 1039 4652 ore
1059 4597 1367 4667 profertur;
1406 4596 1499 4654 ubi
1517 4613 1627 4653 non
1653 4599 1865 4652 inveni-

277 4698 376 4742 tur
400 4687 532 4740 illud
565 4703 578 4742 :
605 4687 752 4742 Vana
772 4689 1087 4755 locutisunt,
1105 4691 1462 4760 unusquisque
1485 4690 1867 4758 adproximum

273 4777 616 4849 suum(l’sal.
637 4780 734 4850 xi).
755 4781 902 4835 Beati
918 4782 1054 4835 enim
1084 4781 1278 4835 mundo
1299 4782 1478 4848 corde,
1494 4783 1744 4852 quoniam
1770 4782 1870 4852 ipsi

281 4870 457 4923 Deum
521 4871 763 4924 videbunt
821 4871 1029 4940 (.lfatth.
1068 4872 1142 4940 v).
1201 4871 1267 4924 Et
1302 4871 1548 4926 innocens
1599 4871 1864 4937 manibus,

277 4973 334 5018 et
370 4965 568 5016 mundo
608 4965 785 5024 corde,
817 4965 901 5018 hic
921 4966 1148 5034 accipiet
1181 4965 1595 5018 benedictionem
1625 4981 1657 5017 a
1689 4963 1872 5018 Domi-

278 5070 357 5108 no
381 5052 556 5118 (Psal.
589 5055 770 5122 xxiii).
805 5056 1155 5110 Conscientia
1187 5057 1333 5110 enim
1363 5056 1454 5110 illa
1490 5049 1631 5110 bona
1667 5063 1770 5119 est,
1817 5060 1871 5109 in

287 5147 404 5198 qua
432 5148 538 5185 non
565 5141 690 5186 sunt
724 5148 885 5203 opera
915 5143 1155 5199 mortua,
1197 5135 1290 5190 sed
1316 5133 1383 5188 ab
1409 5135 1659 5190 omnibus
1683 5150 1872 5205 pecca«

290 5231 474 5274 torum
505 5223 750 5278 sordibus
795 5233 879 5278 est
923 5225 1197 5280 mundata.
1237 5225 1390 5281 Unde
1425 5234 1477 5281 et
1521 5226 1588 5280 ad
1617 5224 1871 5280 Hebraeos

288 5311 493 5366 Paulus
518 5313 794 5380 apostolus
823 5315 900 5369 ait
925 5334 936 5368 :
987 5314 1089 5381 Qui
1114 5333 1207 5386 per
1242 5315 1494 5387 Spiritum
1523 5326 1762 5371 sanctum
1791 5333 1872 5371 se-

287 5408 568 5474 metipsum
600 5409 780 5462 obtulit
811 5410 1203 5464 immaculatum
1231 5410 1361 5474 Deo,
1387 5420 1435 5464 et
1459 5410 1723 5464 mandavit
1749 5426 1872 5462 con-

283 5499 565 5553 scientiam
595 5511 826 5556 nostram
851 5503 915 5556 ab
945 5504 1184 5572 operibus
1229 5505 1451 5558 mortuis
1477 5502 1664 5573 (Hebr.
1692 5502 1790 5574 ιχ),
1819 5502 1874 5556 id

287 5598 397 5650 est,
428 5594 682 5659 peccatis.
728 5593 901 5663 Opera
938 5595 1080 5649 enim
1111 5605 1321 5648 mortua
1349 5593 1721 5664 intelliguntur
1747 5608 1873 5662 pec-

286 5688 439 5736 cata.
480 5681 555 5738 lbi
605 5699 732 5754 ergo
775 5696 856 5741 est
889 5687 1220 5743 conscientia
1270 5687 1428 5753 bona,
1482 5685 1570 5740 ubi
1604 5693 1686 5740 est
1723 5684 1874 5738 inna-

1973 3236 2110 3288 enim
2135 3249 2313 3289 nostra
2342 3246 2555 3300 (eterna,
2586 3254 2687 3290 non
2710 3254 2867 3290 manu
2894 3239 3035 3307 facta
3064 3238 3147 3308 (II
3174 3240 3296 3294 Cor.
3325 3243 3403 3313 v),
3431 3259 3550 3314 qua:

1971 3327 2128 3381 bonis
2157 3327 2411 3396 operibus
2438 3329 2736 3382 :ediﬁcatur
2768 3329 2820 3382 in
2861 3330 2999 3383 cmlo
3021 3370 3034 3392 ,
3077 3332 3119 3384 si
3153 3349 3312 3400 supra
3352 3343 3553 3402 petram

1973 3415 2194 3488 (Matth.
2224 3416 2343 3488 vn),
2372 3417 2424 3470 id
2447 3425 2531 3470 est
2551 3434 2710 3486 supra
2743 3417 3018 3472 Christum
3041 3459 3056 3482 ,
3106 3419 3268 3474 fuerit
3308 3422 3550 3486 fundata,

1971 3524 2002 3562 a
2043 3509 2243 3562 nullius
2291 3509 2720 3576 supervenientis
2768 3510 2969 3578 impetu
3024 3511 3262 3579 patietur
3316 3513 3548 3567 ruinam.

1971 3598 2243 3654 Christum
2285 3599 2431 3654 enim
2478 3599 2642 3655 habet
2687 3599 3099 3654 fundamentum
3125 3641 3140 3665 ,
3188 3600 3310 3654 ideo
3349 3601 3550 3656 nullius

1972 3689 2184 3743 timebit
2229 3688 2537 3758 impulsum.
2596 3689 2906 3744 Thesaurus
2929 3691 3072 3744 enim
3101 3699 3349 3746 terrenus
3369 3732 3384 3754 ,
3416 3693 3574 3766 quia!

1971 3777 2246 3834 Christum
2277 3795 2384 3834 non
2409 3780 2572 3835 habet
2599 3780 2653 3834 in
2684 3778 3054 3845 fundamento,
3081 3796 3111 3835 a
3143 3781 3442 3838 latronibus
3467 3783 3549 3838 ef-

1971 3866 2178 3922 foditur
2218 3877 2275 3922 et
2319 3867 2550 3923 furatur.
2607 3869 2914 3925 Tbesaurus
2949 3885 3076 3925 vero
3114 3872 3205 3941 qui
3245 3872 3300 3926 in
3331 3872 3482 3927 cmlis
3519 3889 3549 3928 a

1972 3959 2177 4013 sanctis
2215 3959 2496 4014 monachis
2533 3959 2948 4018 thesaurizatur,
2993 3960 3117 4028 quia
3145 3960 3422 4014 Christum
3456 3962 3552 4015 ha-

1972 4045 2062 4101 bet
2096 4047 2149 4100 in
2193 4046 2574 4109 fundamento,
2623 4063 2725 4101 nec
2755 4047 3008 4101 effoditur
3046 4063 3076 4101 a
3118 4047 3418 4102 latronibus
3451 4064 3550 4103 nec

1973 4134 2202 4190 furatur.
2269 4135 2341 4189 lbi
2391 4136 2534 4188 enim
2585 4151 2684 4190 nos
2729 4135 2843 4204 ipse
2874 4135 3134 4189 Dominus
3179 4136 3546 4191 Ibesaurizare

1966 4228 2163 4298 jubet,
2211 4246 2331 4285 eum
2377 4230 2512 4284 dicit
2557 4248 2568 4283 :
2619 4230 2991 4284 Thesaurizate
3018 4231 3156 4284 vobis
3190 4231 3461 4286 thesauros
3493 4233 3548 4288 in

1973 4319 2120 4384 caelo,
2149 4320 2240 4374 ubi
2268 4336 2358 4374 nec
2387 4336 2588 4390 wrugo,
2629 4337 2719 4375 nec
2746 4321 2883 4375 tinea
2911 4324 3242 4389 exterminat,
3277 4341 3368 4378 nec
3406 4324 3547 4393 fures

1976 4413 2257 4482 e/fodiunt,
2299 4421 2389 4466 aut
2419 4412 2668 4480 furantur
2699 4413 2910 4485 (Matth.
2940 4413 3038 4483 vi).
3077 4414 3151 4468 lbi
3179 4423 3232 4470 et
3259 4417 3548 4486 Apostolus

1973 4518 2157 4556 veram
2205 4518 2306 4557 nos
2350 4503 2628 4558 denuntiat
2664 4505 3070 4573 apprehendere
3107 4508 3304 4572 vitam;
3339 4507 3382 4562 si
3416 4508 3543 4561 dum

1971 4595 2204 4649 vivimus
2227 4595 2280 4649 in
2310 4595 2592 4664 presenti,
2630 4596 2858 4652 sollicite
2890 4597 3102 4652 Domini
3129 4598 3547 4653 custodierimus

1967 4693 2260 4754 praecepta.
2300 4683 2450 4740 .Sine
2491 4685 2654 4740 dubio
2699 4685 2774 4739 illi
2819 4702 3004 4740 veram
3044 4688 3211 4741 vitam
3246 4687 3548 4757 apprehen-

1967 4777 2102 4830 dunt
2121 4775 2175 4828 in
2196 4773 2375 4829 futuro
2403 4775 2620 4840 saeculo,
2648 4776 2739 4844 qui
2763 4776 2938 4832 adhuc
2966 4777 3203 4832 viventes
3233 4777 3284 4831 in
3318 4776 3539 4840 mundo,

1968 4869 2078 4924 illic
2113 4870 2375 4924 honorum
2417 4884 2637 4925 suorum
2674 4886 2895 4940 cperum
2933 4871 3172 4940 quotidie
3197 4871 3548 4940 sibimetipsis

1973 4958 2211 5013 condunt
2263 4959 2595 5014 thesaurum.
2666 4959 2803 5015 Hinc
2843 4972 2898 5015 et
2942 4961 3067 5014 alili
3113 4962 3370 5031 scriptum
3423 4969 3543 5017 est:

1973 5048 2120 5105 Pone
2143 5051 2447 5105 thesaurum
2471 5061 2618 5105 tuum
2656 5051 2710 5104 in
2737 5054 3006 5120 pra‘ceptis
3030 5051 3283 5104 Altissimi
3299 5091 3312 5114 ,
3345 5059 3393 5104 et
3419 5067 3544 5120 pro-

1973 5141 2108 5193 derit
2134 5140 2226 5192 tibi
2255 5142 2420 5210 magis
2443 5157 2600 5211 quam
2629 5156 2818 5192 aurum
2842 5139 3032 5210 (Eccli.
3053 5140 3547 5207 xXIx).Thesaurus

1974 5232 2117 5286 enim
2178 5240 2425 5286 terrenus
2469 5231 2682 5285 divitias
2728 5239 2910 5285 servat
2963 5231 3201 5287 fallaces.
3234 5232 3544 5286 Thesaums

1974 5337 2102 5376 vero
2129 5320 2365 5376 caalestis
2385 5322 2550 5375 vitam
2584 5335 2768 5375 veram
2792 5324 2996 5391 pariter
3024 5331 3290 5394 prmparat
3322 5327 3378 5374 et
3393 5327 3546 5373 aeter-

1973 5424 2118 5462 nam.
2186 5408 2266 5462 Ad
2315 5409 2775 5477 comparationem
2819 5411 2965 5465 enim
3013 5410 3170 5463 istius
3225 5403 3548 5460 transitoria:

1975 5501 2097 5556 vitae
2126 5500 2212 5553 illa
2243 5500 2442 5554 dicitur
2470 5517 2598 5555 vera
2637 5503 2746 5555 vita
2795 5503 2848 5557 in
2892 5519 2996 5572 qua
3041 5498 3327 5554 virtutibus
3355 5495 3549 5552 divites

1977 5592 2248 5655 monachi,
2273 5591 2326 5644 in
2356 5599 2614 5661 perpetuo
2647 5592 2874 5647 feliciter
2898 5605 3018 5644 cum
3054 5588 3269 5642 Christo
3298 5593 3547 5655 regnant.

1978 5684 2126 5739 Abiit
2164 5681 2452 5746 aliquando
2499 5682 2790 5738 Zacharias
2832 5681 2898 5734 ad
2927 5679 3176 5732 abbatem
3225 5692 3382 5731 suum
3429 5674 3551 5747 Syl-
