3960 6206
431 336 535 394 679

1721 310 2000 370 SMARAG
2009 311 2071 366 Dl
2111 308 2401 364 ABBATIS

3590 297 3689 355 680

431 465 660 516 vanum,
707 456 762 505 et
797 444 1000 502 invenit
1021 456 1146 497 eum
1171 439 1224 494 in
1255 451 1479 493 excessu
1511 433 1708 489 mentis
1727 473 1742 496 ,
1772 437 1826 486 et
1846 440 2009 486 erant
2035 429 2087 486 Α
2112 432 2227 478 tum
2256 433 2469 516 tempus
2486 437 2562 516 ac
2581 421 2817 474 laborem
2847 418 2913 472 ad
2944 416 3174 516 patriam
3207 428 3371 481 quam
3413 412 3698 516 desideras

431 558 623 599 manus
654 542 770 612 ejus
809 547 1048 593 extensa:
1077 534 1130 587 in
1162 531 1390 594 coelum;
1422 536 1478 583 et
1503 541 1628 582 cum
1649 524 1877 578 vidisset
1906 524 2003 587 ita,

431 632 631 690 clausit
657 630 856 685 ostium
879 633 936 680 et
963 624 1116 680 exiit.
1159 621 1228 676 Et
1264 621 1474 674 intrans
1498 616 1645 672 circa
1673 616 1860 669 horam
1889 627 2010 667 sex-

405 696 546 778 'tam
575 728 736 789 atque
769 731 998 781 nonam,
1030 713 1236 768 invenit
1267 724 1391 765 eum
1422 707 1611 762 eodem
1634 703 1811 758 modo.
1854 700 2010 756 Circa

437 809 703 865 decimam
745 821 874 860 vero
898 806 1088 860 horam
1113 799 1379 870 pulsavit,
1421 805 1477 850 et
1509 796 1784 864 ingressus
1804 790 2016 845 invenit

433 913 564 954 eum
597 897 986 967 quiescentem,
1018 901 1072 948 et
1097 891 1228 947 dicit
1257 889 1306 944 ei
1344 907 1356 940 :
1397 886 1536 954 Quid
1565 883 1800 939 habuisti
1829 882 2011 946 hodie,

443 987 641 1042 Pater?
670 986 774 1054 Qui
801 985 938 1040 dixit
961 983 1013 1038 ei
1047 999 1061 1036 :
1091 980 1400 1034 Infirmatus
1427 991 1546 1030 sum
1567 973 1745 1038 hodie,
1775 971 1874 1026 ﬁli.
1923 970 2015 1024 Ille

440 1095 575 1134 vero
611 1087 800 1133 tenens
834 1075 1002 1145 pedes
1025 1071 1171 1140 ejus,
1203 1068 1416 1124 dicebat
1445 1085 1460 1120 :
1486 1065 1603 1119 Non
1639 1071 1694 1118 te
1723 1062 2011 1125 dimittam,

437 1168 541 1222 nisi
570 1166 892 1223 iudicaveris
932 1162 1065 1217 mihi
1107 1159 1238 1229 quid
1281 1156 1481 1211 vidisti.
1536 1150 1899 1222 Responditei
1929 1163 2018 1204 se-

437 1273 543 1313 nex
569 1274 584 1310 :
616 1258 726 1327 Ego
754 1257 810 1310 in
836 1253 1032 1308 omium
1056 1258 1245 1320 raptus
1269 1263 1410 1311 sum,
1439 1253 1494 1300 et
1516 1244 1625 1298 vidi
1651 1241 1877 1312 gloriam
1899 1239 2014 1304 Dei,

435 1354 494 1400 et
517 1345 625 1400 illic
647 1344 771 1400 steti
801 1355 972 1410 usque
997 1339 1177 1403 modo,
1205 1346 1262 1391 et
1283 1351 1429 1390 nunc
1457 1333 1714 1388 dimissus
1739 1345 1878 1384 sum.

953 1454 1181 1511 CAPUT
1217 1451 1499 1507 LXXXVI.

439 1550 518 1604 Dc
544 1551 814 1604 mansione
843 1556 1038 1600 (eterna
1060 1559 1178 1612 qua:
1221 1560 1252 1624 ις
1286 1541 1393 1593 Deo
1438 1547 1736 1609 prwparata
1779 1544 1854 1589 est
1898 1551 2020 1588 san-

519 1645 546 1664 .
1178 1622 1295 1666 etis.

516 1710 675 1764 Omni
722 1707 960 1762 custodia
987 1719 1247 1758 servemus
1293 1717 1385 1756 cor
1423 1708 1659 1753 nostrum
1695 1694 1879 1768 (Prov.
1919 1697 2019 1767 IV),

2110 515 2417 586 pervenies.
2477 513 2570 568 Sic
2607 521 2692 567 est
2727 526 2948 581 regnum
2981 508 3280 571 caelorum,
3323 515 3380 561 et
3412 507 3701 576 paradisus

2111 605 2454 668 deliciarum,
2483 613 2540 658 et
2565 599 2941 657 desiderabilis
2961 598 3140 667 patria
3165 597 3560 652 monachorum
3577 635 3593 660 ,
3629 597 3697 650 ad

2113 711 2272 765 quam
2298 711 2393 765 per
2420 695 2718 758 orationes,
2749 703 2804 746 et
2839 691 3081 761 vigilias,
3103 687 3309 759 jejunia
3331 695 3389 743 et
3410 687 3700 743 continen-

2115 787 2267 853 tiam,
2295 803 2393 856 per
2419 786 2690 856 lacrymas
2731 791 2788 838 et
2819 782 3209 846 obedientiam,
3245 795 3343 848 per
3365 780 3696 834 charitatem

2113 888 2169 935 et
2196 880 2674 949 perseverantiam,
2702 893 2802 948 per
2838 875 3198 930 humilitatem
3237 880 3295 928 et
3311 872 3616 942 justitiam,
3649 881 3704 924 et

2115 970 2160 1024 si
2189 985 2310 1038 qua:
2354 977 2484 1024 sunt
2528 969 2650 1023 alite
2682 968 2913 1020 virtutes
2935 1006 2950 1030 ,
3004 964 3338 1035 pervenitur.
3396 963 3525 1017 Haec
3558 963 3702 1016 enim

2117 1069 2244 1116 sunt
2289 1061 2600 1115 mansiones
2654 1074 2754 1128 per
2801 1073 2942 1128 quas
2989 1058 3057 1112 ad
3100 1072 3324 1126 regnum
3376 1055 3604 1111 caeleste
3649 1063 3703 1107 et

2117 1151 2293 1206 Deum
2316 1150 2532 1206 Patrem
2556 1159 2816 1204 venturos
2841 1163 2940 1203 nos
2969 1163 3090 1204 esse
3119 1148 3406 1203 credimus.
3447 1146 3580 1201 Haec
3596 1161 3705 1200 ser-

2117 1256 2218 1305 va,
2270 1255 2338 1294 ne
2367 1241 2558 1295 timeas
2592 1240 2806 1294 initium
2836 1241 2992 1295 bonze
3023 1239 3121 1293 viae
3155 1239 3465 1308 suscipere,
3502 1252 3626 1307 qua:
3643 1245 3704 1292 te

2120 1333 2189 1386 ad
2214 1331 2384 1388 vitam
2412 1333 2675 1401 perducat
2702 1339 2982 1385 aiter-nam.

2627 1421 2854 1478 CAPUT
2893 1419 3198 1475 LXXXVIII.

2445 1512 2720 1577 Quomodo
2751 1512 2930 1566 beatus
2967 1511 3188 1580 eﬁicitur
3216 1511 3388 1562 homo.

2195 1601 2397 1656 Beatus
2427 1602 2520 1670 qui
2563 1601 2689 1655 odio
2730 1600 2982 1654 habuerit
3010 1601 3154 1652 hunc
3180 1600 3470 1660 mundum,
3504 1607 3564 1652 et
3586 1607 3708 1653 tan-

2127 1691 2408 1745 tummodo
2436 1689 2718 1744 meditatio
2751 1688 2868 1758 ejus
2904 1689 3065 1743 fuerit
3094 1689 3147 1742 in
3176 1688 3312 1741 Deo.
3384 1688 3585 1744 Beatus
3616 1689 3712 1758 qui

444 1800 680 1854 fusti-es:
714 1803 1090 1866 exSpectantes
1131 1789 1582 1846 Patremtamilias
1616 1787 1893 1842 Christum
1919 1787 2025 1840 Do-
2052 1778 2100 1836 B
2127 1791 2441 1836 exsecratus
2476 1780 2640 1835 fuerit
2663 1787 2945 1850 peccatum
2986 1787 3042 1833 et
3093 1779 3357 1834 malitiam
3379 1820 3392 1840 ,
3442 1787 3496 1832 et
3541 1781 3711 1834 Deum

442 1892 648 1945 minum
703 1903 765 1941 ac
809 1888 976 1940 Deum
1021 1891 1262 1937 nostrum
1304 1898 1317 1932 :
1371 1878 1474 1943 Qui
1521 1894 1640 1931 cum
1684 1877 1824 1930 dives
1869 1885 2020 1940 esset,

443 1990 654 2054 propter
702 1989 936 2032 nostram
979 1973 1202 2028 salutem
1243 1985 1442 2040 pauper
1481 1969 1651 2036 factus
1676 1976 1752 2021 est
1789 1965 1875 2038 (II
1898 1965 2021 2020 Cor.

444 2071 592 2140 vm),
630 2077 692 2124 ut
741 2084 838 2123 nos
882 2066 1191 2122 divitiarum
1238 2074 1457 2116 suarum
1501 2058 1676 2113 socios
1719 2057 1945 2120 faceret,
1972 2063 2028 2110 et

444 2160 732 2218 inefi‘abilis
787 2158 982 2213 futura:
1034 2154 1217 2226 gloriae
1259 2150 1555 2222 participes
1606 2147 2022 2202 demonstraret.

445 2253 601 2309 Hunc
621 2267 750 2321 ergo
779 2251 1006 2320 diligere
1050 2247 1169 2302 sine
1217 2241 1622 2298 intermissione
1659 2238 1939 2303 debemus,
1969 2246 2030 2290 ut

447 2349 518 2402 ab
542 2347 660 2416 ipso
685 2359 901 2414 quoque
923 2341 1073 2411 diligi
1097 2353 1423 2402 mereamur,
1447 2344 1503 2389 et
1524 2350 1648 2389 eum
1671 2333 1760 2388 illo
1787 2333 1842 2386 in
1872 2346 2028 2384 man-

447 2438 659 2494 sionem
687 2436 857 2500 illam,
887 2449 1006 2503 qua:
1036 2431 1179 2501 apud
1207 2431 1422 2490 Patrem
1465 2436 1766 2498 praeparata
1804 2433 1888 2480 est
1913 2440 2041 2510 san:

449 2530 574 2594 etis,
599 2528 967 2586 introeamus;
1009 2523 1105 2578 ubi
1128 2520 1614 2590 contemplabimur
1634 2533 1850 2573 omnem
1874 2523 2030 2570 natu-

447 2633 568 2672 ram
591 2616 906 2687 angelorum
949 2623 1007 2668 et
1052 2611 1520 2681 archangelorum,
1567 2609 1829 2662 virtutum
1857 2615 1912 2660 et
1938 2619 2033 2674 po-

453 2713 708 2762 testatum
733 2745 748 2770 ,
791 2714 848 2759 et
887 2701 1130 2758 omnium
1175 2707 1508 2755 sanctorum.
1569 2697 1686 2752 Illic
1717 2695 2035 2750 vocabimur

450 2795 551 2852 filii
575 2796 692 2861 Dei,
721 2795 830 2850 illic
857 2793 1168 2864 aperientur
1196 2789 1354 2845 nobis
1381 2797 1552 2860 portae
1579 2787 1767 2858 regni,
1791 2794 1848 2841 et
1869 2786 2034 2839 intra-

449 2888 630 2944 bimus
663 2888 720 2943 in
746 2885 1042 2956 penetralia
1073 2883 1283 2948 Patris,
1309 2881 1417 2937 illic
1445 2879 1726 2951 apparebit
1761 2877 1918 2932 nobis
1942 2875 2036 2931 Sol

450 2975 670 3046 iustitia:
706 2974 972 3030 Christus.
1045 2971 1166 3026 Illic
1216 2969 1612 3040 transformabit
1656 2967 1799 3022 Deus
1845 2981 2036 3036 corpus

452 3067 767 3121 humilitatis
803 3074 1028 3129 nostrae,
1069 3062 1337 3132 conforme
1365 3061 1564 3131 factum
1593 3057 1798 3129 corpori
1820 3056 2039 3128 clarita-

886 3154 990 3225 ιιι).
1014 3118 1516 3206 ἸιιὶσΙΥεηουιλὺὶιαν
1542 3118 1915 3218 εἱεαίαᾳκὶιὼ,
1944 3146 2040 3216 ju-
2064 3118 2110 3180 δ

454 3257 635 3302 uentus
662 3255 842 3299 nostra
893 3243 1066 3316 (Psal.
1094 3244 1189 3313 cn)
1208 3284 1222 3307 ,
1263 3243 1375 3298 illic
1400 3240 1762 3312 percipiemus
1781 3253 2038 3294 coronam

456 3337 909 3412 pulchritudinis,
945 3346 1002 3392 et
1038 3343 1246 3391 vestem
1267 3333 1620 3405 jucunditatis
1651 3333 1717 3387 de
1739 3347 1902 3386 manu
1935 3331 2040 3384 Do-

455 3431 611 3496 mini,
651 3437 706 3484 et
732 3429 974 3484 dicemus
1006 3428 1060 3481 in
1093 3426 1183 3480 illa
1209 3427 1335 3480 die:
1373 3425 1609 3479 Laetetur
1643 3424 1821 3478 anima
1852 3429 2039 3477 nostra

457 3520 512 3575 in
541 3521 799 3584 Domino,
841 3521 971 3590 quia
996 3518 1168 3572 induit
1197 3534 1290 3572 nos
1322 3517 1617 3571 vestimento
1648 3515 1834 3570 salutis
1869 3525 1918 3570 et
1945 3517 2040 3586 ju-

457 3611 638 3675 stitite,
685 3619 732 3664 et
781 3608 1124 3663 circumdedit
1170 3623 1263 3662 nos
1310 3607 1614 3661 indumento
1642 3605 1859 3660 lwtititc.
1901 3605 2041 3660 Tan-

459 3717 620 3772 quam
650 3716 838 3770 sponso
867 3701 1220 3768 circumponet
1252 3698 1398 3751 nobis
1426 3699 1638 3750 mitram
1658 3737 1672 3762 ,
1709 3710 1758 3751 et
1787 3707 2039 3769 tanquam

458 3805 708 3860 sponsam
736 3789 942 3842 ornabit
972 3805 1065 3842 nos
1099 3797 1405 3842 ornamento
1448 3787 1584 3858 (Is'a.
1616 3788 1750 3856 ut).
1779 3787 1900 3842 Illic
1932 3787 2041 3858 ful-

460 3880 691 3951 gebimus
719 3880 852 3932 sicut
878 3879 970 3932 Sol
990 3880 1048 3932 in
1072 3895 1230 3949 regno
1249 3876 1431 3932 Patris
1460 3880 1624 3932 nostri
1653 3878 1869 3947 (Matth.
1897 3879 2039 3950 xm),

465 3972 575 4026 illic
601 3971 927 4026 immortalia
965 3970 1160 4025 smcula
1195 3977 1251 4023 et
1281 3969 1655 4038 permanentia
1687 3970 2039 4024 inveniemus.

463 4063 575 4120 Illic
600 4063 888 4116 donabitur
924 4062 1080 4117 nobis
1111 4061 1230 4115 sine
1261 4061 1757 4130 perturbationibus
1784 4068 1838 4115 et
1864 4059 2041 4115 flucti-

464 4154 564 4209 bus
597 4153 871 4223 longitudo
897 4153 1137 4217 dierum,
1171 4152 1259 4206 ubi
1291 4167 1506 4221 semper
1540 4167 1643 4206 vox
1670 4151 1967 4205 laetantium
1990 4159 2045 4206 et

463 4248 851 4304 exsultantium
882 4247 1005 4301 erit.
1063 4246 1177 4300 Illic
1219 4247 1376 4300 nobis
1400 4253 1735 4314 praeparatus
1756 4252 1840 4298 est
1869 4243 2040 4309 locus,

463 4348 519 4394 et
545 4339 754 4393 mansio
801 4345 1005 4391 aeterna
1049 4337 1101 4389 in
1129 4336 1289 4390 domo
1311 4334 1524 4388 Domini
1559 4341 1616 4388 et
1647 4348 1803 4388 muro
1830 4334 1966 4401 ejus,
1991 4340 2042 4388 et

466 4445 662 4484 nomen
711 4429 1100 4498 sempiternum
1148 4427 1290 4496 quod
1331 4442 1439 4480 non
1487 4425 1772 4480 delebitur.
1813 4423 2045 4480 Oremus

465 4535 595 4590 ergo
622 4533 859 4588 semper,
911 4519 1109 4573 fratres
1132 4517 1468 4571 dilectissimi
1491 4558 1505 4583 ,
1541 4525 1602 4570 ut
1630 4515 1922 4571 transferat
1946 4531 2046 4571 nos

469 4608 728 4662 Dominus
758 4608 876 4675 pius
903 4614 1065 4676 atque
1090 4608 1353 4676 benignus
1381 4607 1434 4660 in
1469 4607 1614 4660 illam
1650 4607 1863 4660 beatam
1892 4621 2045 4675 spem

467 4705 525 4750 et
558 4696 882 4750 ineffabilem
911 4697 1151 4750 laetitiam
1179 4705 1232 4750 et
1270 4698 1603 4752 mansionem
1632 4707 1889 4751 teternam
1908 4739 1922 4762 ,
1955 4698 2046 4753 ubi

469 4794 553 4839 est
582 4801 794 4856 semper
817 4786 1052 4841 laudatio
1081 4794 1136 4841 et
1165 4787 1472 4852 exsultatio,
1503 4797 1558 4842 et
1576 4786 1885 4855 jucunditas
1906 4805 2047 4843 sem-

449 4875 702 4944 piterna.
744 4876 801 4930 Si
829 4877 1102 4932 desideras
1123 4893 1242 4932 esse
1271 4877 1528 4943 scelestis,
1559 4894 1774 4948 semper
1796 4896 1914 4950 qua:
1939 4889 2047 4934 ter-

388 5005 393 5009 .
475 4979 601 5018 rena
631 4973 757 5019 sunt
784 4980 1070 5022 exsecrare
1099 4976 1157 5021 et
1188 4968 1433 5036 despice,
1472 4968 1834 5037 perfectorum
1863 4985 2044 5026 exem-

473 5055 558 5125 pla
586 5066 796 5109 sectare
819 5097 832 5120 ,
867 5067 921 5111 et
970 5059 1208 5113 imitator
1236 5060 1428 5114 existe.
1469 5059 1548 5113 Ne
1573 5061 1778 5130 cogites
1814 5061 1956 5115 intra
1993 5070 2046 5117 te

473 5148 659 5201 dicens
688 5167 698 5201 :
732 5148 929 5202 Multus
954 5158 1036 5203 est
1077 5151 1230 5204 labor
1259 5152 1518 5221 propositi
1555 5160 1716 5220 atque
1747 5153 2043 5209 institutio-

474 5238 559 5292 nis
605 5239 962 5294 monachatus
1005 5241 1208 5301 nostri;
1265 5256 1365 5311 ego
1401 5250 1580 5296 autem
1612 5258 1728 5296 sum
1759 5258 1961 5312 parvus
1990 5255 2046 5300 et

475 5330 756 5395 inlirmus,
797 5345 906 5384 non
936 5331 1087 5385 valeo
1121 5333 1174 5385 in
1209 5334 1311 5387 hoc
1335 5334 1611 5403 proposito
1643 5335 1959 5390 consistere.
1999 5335 2045 5392 Ο

475 5423 823 5478 dilectissime
867 5421 1057 5489 frater,
1107 5425 1341 5496 intelligo
1387 5443 1505 5497 qua:
1545 5429 1686 5483 dico.
1729 5428 1785 5483 Si
1815 5430 2050 5486 volueris

477 5514 742 5583 proﬁcisci
781 5515 836 5568 in
884 5513 1096 5585 longam
1136 5516 1408 5586 regionem
1435 5558 1449 5582 ,
1499 5533 1606 5573 non
1650 5520 1855 5588 poteris
1890 5520 2052 5575 unius

479 5603 624 5658 home
675 5606 847 5675 spatio
885 5607 1051 5662 totius
1096 5607 1195 5662 viae
1242 5608 1524 5664 intervalla
1568 5625 1922 5678 concurrere,
1955 5613 2050 5668 sed

480 5694 745 5761 gradatim
781 5697 1020 5765 quotidie
1040 5697 1256 5768 perticis
1277 5699 1610 5755 mansionem
1629 5741 1643 5769 ,
1685 5711 1738 5756 ct
1765 5713 1888 5772 post
1914 5704 2049 5758 mul-

2129 1873 2302 1928 solum
2330 1871 2624 1942 benignum
2647 1911 2663 1936 ,
2705 1879 2761 1924 et
2795 1871 2942 1940 pium
2978 1869 3230 1924 dilexerit
3269 1868 3712 1938 Redemptorem,

2127 1972 2186 2018 et
2208 1971 2390 2018 castos
2406 1961 2611 2032 jugiter
2639 1969 2695 2016 et
2719 1968 2937 2015 sanctos
2959 1961 3212 2014 habuerit
3235 1960 3525 2029 cogitatus.
3577 1959 3719 2014 Bea-

2129 2063 2219 2108 tus
2261 2054 2356 2123 qui
2410 2054 2480 2108 ab
2519 2054 2773 2108 omnibus
2815 2051 3035 2120 pollutis
3082 2051 3504 2120 cogitationibus
3550 2048 3720 2104 fuerit

2129 2144 2456 2198 emundatus
2481 2184 2496 2208 ,
2545 2151 2601 2196 et
2650 2158 2756 2196 non
2807 2141 2976 2196 fuerit
3005 2142 3058 2195 in
3097 2141 3280 2196 mundi
3322 2141 3479 2196 istius
3502 2143 3721 2197 actibus

2133 2233 2473 2304 implicatus:
2503 2235 2599 2289 sed
2623 2248 2690 2287 ex
2722 2234 2934 2304 integro
2955 2233 3099 2288 liber
3128 2233 3180 2288 in
3214 2234 3466 2294 Domino,
3501 2235 3573 2288 ab
3602 2250 3723 2287 om-

2133 2323 2292 2378 nibus
2313 2323 2500 2378 mundi
2522 2324 2678 2378 istius
2693 2324 2925 2394 negotiis
2945 2324 3252 2379 vanissimis
3277 2323 3558 2378 liberatus.
3587 2323 3724 2377 Bea-

2134 2422 2220 2468 tus
2247 2414 2340 2483 qui
2377 2428 2592 2483 semper
2628 2415 2944 2469 recordatus
2970 2413 3134 2468 fuerit
3161 2416 3227 2470 de
3249 2415 3335 2469 die
3363 2415 3453 2468 illa
3483 2424 3724 2470 tremen-

2135 2503 2222 2565 da,
2273 2510 2329 2557 et
2376 2501 2718 2558 festinaverit
2759 2503 3122 2573 lacrymarum
3175 2504 3412 2560 fontibus
3444 2506 3624 2570 ablui,
3671 2518 3726 2561 et

2135 2592 2331 2646 animae
2359 2607 2471 2648 suae
2500 2592 2723 2647 vulnera
2753 2607 2969 2662 semper
2993 2609 3211 2649 curare.
3247 2594 3453 2650 Beatus
3477 2596 3570 2664 qui
3601 2595 3726 2650 fue-

2136 2683 2210 2736 rit
2234 2682 2461 2738 efl‘ectus
2491 2690 2748 2752 tanquam
2766 2685 2958 2750 nubes,
2985 2685 3053 2740 ad
3082 2685 3459 2755 proferendam
3482 2686 3729 2756 pluviam

2139 2772 2537 2842 lacrymarum,
2583 2788 2684 2843 per
2721 2789 2856 2843 quas
2891 2775 3064 2845 possit
3093 2776 3436 2845 exstinguere
3471 2774 3731 2831 ﬂammas

2137 2863 2380 2918 omnium
2409 2863 2664 2919 vitiorum
2708 2881 2722 2917 τ
2771 2865 2966 2920 Beatus
3009 2867 3101 2936 qui
3150 2867 3492 2922 ambulaverit
3537 2869 3594 2922 in
3647 2869 3732 2923 eia

2138 2954 2514 3010 mandatorum
2563 2955 2776 3010 Domini
2821 2955 2992 3028 (Psal.
3045 2958 3259 3026 cxmt),
3307 2968 3363 3015 et
3410 2961 3465 3014 in
3509 2962 3728 3016 sanctis

2140 3045 2396 3119 operibus
2416 3046 2620 3118 jugiter
2644 3057 2996 3104 conversatus
3024 3091 3038 3115 ,
3089 3051 3491 3107 immaculatam
3535 3067 3734 3108 serva-

2141 3139 2284 3194 verit
2319 3140 2559 3195 animam
2602 3155 2776 3195 suam.
2814 3140 3012 3197 Beatus
3049 3144 3143 3213 qui
3187 3161 3241 3198 in
3281 3145 3440 3200 bonis
3468 3145 3734 3215 operibus

2140 3230 2384 3300 quotidie
2410 3244 2509 3300 per
2549 3240 2793 3286 sanctam
2843 3233 3078 3288 creverit
3120 3234 3480 3305 disciplinam,
3517 3236 3737 3291 habens

2141 3321 2196 3374 in
2226 3321 2456 3376 Domino
2477 3335 2628 3389 spem
2659 3330 2897 3387 certam,
2946 3331 3007 3377 ut
3031 3325 3211 3379 videat
3237 3341 3359 3380 eum
3387 3326 3443 3379 in
3477 3325 3738 3382 claritate

2142 3425 2263 3475 sua,
2295 3417 2350 3464 et
2377 3425 2563 3480 regno,
2587 3418 2644 3465 et
2673 3411 2864 3481 gloria.
2903 3413 3102 3470 Beatus
3129 3415 3218 3483 qui
3250 3416 3562 3470 meminerit
3588 3433 3735 3488 prai-

2143 3503 2286 3571 cepti
2318 3501 2532 3557 Domini
2587 3511 2642 3559 et
2688 3506 2943 3561 mandata
2978 3507 3096 3576 ejus
3125 3507 3353 3563 sollicite
3382 3510 3734 3575 custodierit,

2142 3605 2202 3648 ut
2226 3603 2478 3664 operetur
2504 3604 2560 3651 et
2600 3597 2749 3651 vivat
2779 3599 2831 3652 in
2864 3600 2966 3655 eis.
3027 3601 3221 3655 Beatus
3251 3603 3339 3672 qui
3367 3605 3612 3672 posuerit
3647 3622 3737 3658 cu-

2141 3683 2369 3737 stodiam
2398 3685 2478 3737 ori
2503 3702 2600 3739 suo
2618 3726 2632 3749 ,
2661 3695 2709 3740 et
2745 3689 2938 3744 ostium
2971 3689 3381 3744 circumstantia:
3410 3689 3573 3745 labiis
3603 3694 3734 3756 suis,

2143 3782 2201 3826 ut
2229 3791 2335 3827 non
2369 3775 2592 3830 declinet
2623 3778 2678 3831 in
2716 3778 2869 3832 verba
2897 3778 3114 3833 malitia:
3139 3777 3312 3852 (Psal.
3354 3781 3501 3852 cn).
3555 3781 3738 3838 Multis

2143 3865 2286 3919 enim
2313 3866 2487 3922 modis
2514 3866 2659 3921 beati
2686 3866 2992 3924 eﬂiciuntur
3017 3871 3282 3934 homines,
3315 3871 3457 3925 sicut
3471 3872 3532 3926 in
3559 3873 3738 3930 Evan-

2144 3957 2287 4026 gelio
2314 3959 2576 4014 Dominus
2602 3959 2679 4014 ait
2717 3978 2730 4014 :
2775 3961 2926 4016 Beati
2951 3980 3204 4033 pauperes
3226 3965 3414 4034 spiritu
3432 4005 3447 4027 ,
3479 3968 3738 4035 quoniam

2143 4048 2376 4116 ipsorum
2405 4058 2482 4102 est
2521 4065 2738 4119 regnum
2771 4051 3038 4106 caelorum.
3090 4053 3242 4108 Beati
3273 4056 3450 4121 mites,
3479 4059 3737 4126 quoniam

2144 4141 2244 4211 ipsi
2281 4141 2615 4210 possidebunt
2651 4152 2866 4198 terram.
2905 4144 3059 4198 Beati
3101 4148 3192 4215 qui
3240 4147 3448 4217 lugent,
3480 4151 3740 4218 quoniam

2145 4231 2244 4299 ipsi
2273 4230 2700 4286 consolabuntur.
2759 4234 2910 4288 Beati
2959 4238 3049 4306 qui
3087 4239 3326 4292 esuriunt
3361 4248 3407 4291 et
3443 4241 3636 4294 sitiunt
3653 4241 3740 4310 ju—

2144 4320 2376 4382 stitiam,
2409 4320 2658 4389 quoniam
2687 4323 2785 4391 ipsi
2821 4324 3220 4378 saturabuntur.
3249 4325 3398 4380 Beati
3429 4329 3738 4382 misericor-

2147 4410 2260 4476 des,
2282 4416 2532 4491 quoniam
2558 4415 2657 4485 ipsi
2696 4416 3114 4469 misericordiam
3149 4427 3555 4487 consequentur.
3591 4419 3739 4474 Beati

2150 4503 2344 4558 mundo
2391 4507 2565 4570 corde,
2608 4508 2856 4578 quoniam
2900 4507 2998 4576 ipsi
3047 4506 3214 4561 Deum
3267 4509 3534 4563 videbunt.
3591 4511 3741 4565 Beati

2147 4594 2379 4664 paciﬁci,
2407 4597 2654 4666 quoniam
2682 4597 2783 4666 ﬁlii
2807 4597 2904 4651 Dei
2934 4598 3272 4652 vocabuntur.
3321 4597 3478 4653 Beati
3504 4603 3604 4671 qui
3631 4618 3741 4671 per-

2145 4685 2464 4739 secutionem
2491 4688 2766 4756 patiuntur
2791 4697 3004 4758 propter
3015 4688 3304 4757 justitiam,
3324 4692 3583 4760 quoniam
3605 4693 3741 4762 ipso-

2148 4790 2265 4828 rum
2293 4784 2370 4828 est
2395 4792 2611 4846 regnum
2637 4776 2884 4830 caelorum
2909 4777 3125 4849 (Matth.
3157 4779 3232 4844 v).

2637 4888 2864 4944 CAPUT
2892 4887 3219 4942 LXXXVIII.

2222 4976 2300 5030 De
2328 4977 2459 5031 hora
2490 4980 2658 5032 exitus
2687 4988 2734 5032 et
2762 4979 3088 5048 separatione
3121 4980 3313 5032 anima:
3358 4995 3389 5031 a
3425 4995 3670 5051 corpore.

2219 5065 2416 5121 Beatus
2443 5067 2534 5137 qui
2573 5083 2785 5136 semper
2812 5068 3064 5121 habuerit
3091 5067 3233 5122 diem
3274 5067 3454 5122 exitus
3481 5072 3572 5122 sui
3614 5077 3739 5122 ante

2149 5158 2353 5224 oculos,
2382 5168 2437 5213 et
2461 5159 2798 5214 festinaverit
2819 5160 2874 5212 in
2897 5157 2985 5212 illa
3017 5160 3148 5214 hora
3178 5167 3401 5228 paratus
3424 5170 3478 5214 et
3501 5162 3620 5215 sine
3646 5159 3740 5213 ali-

2149 5265 2256 5320 quo
2289 5252 2481 5306 timore
2523 5252 2727 5322 peccati
2759 5252 2841 5306 vel
2889 5266 3070 5321 pravae
3099 5251 3444 5306 conscientiae
3484 5252 3736 5308 inveniri.

2155 5342 2349 5397 Beatus
2379 5344 2470 5412 qui
2498 5343 2763 5398 invenerit
2794 5343 3045 5398 fiduciam
3075 5343 3129 5395 in
3157 5341 3247 5397 illa
3274 5343 3404 5397 hora
3432 5346 3612 5400 exitus
3636 5345 3734 5408 sui,

2153 5435 2367 5503 quando
2414 5435 2592 5489 anima
2615 5435 2956 5504 separabitur
2995 5450 3026 5487 a
3070 5449 3335 5503 corpore:
3369 5451 3495 5490 cum
3543 5451 3738 5506 magno

2151 5539 2385 5594 namque
2413 5532 2558 5578 metu
2616 5524 2932 5594 magnisque
2973 5523 3251 5578 doloribus
3303 5534 3608 5594 separatur.
3646 5523 3738 5576 Ve-

2152 5615 2301 5669 nient
2327 5616 2469 5670 enim
2501 5615 2677 5684 angeli
2726 5630 3006 5669 assumere
3035 5616 3291 5681 animam,
3313 5628 3373 5672 ct
3412 5618 3738 5686 separabunt

2151 5723 2271 5761 eam
2301 5723 2330 5761 a
2356 5723 2614 5779 corpore,
2648 5715 2704 5762 et
2749 5708 3043 5778 perducent
3074 5715 3201 5762 ante
3233 5707 3463 5763 tribunal
3512 5708 3738 5764 immor-
