3960 6198
201 317 406 375 καὶ

1497 325 1801 379 ῸΙΛΒΕΜΑ
1841 325 2343 386 MONACHORUM.

3461 347 3564 400 682

305 429 431 483 talis
454 435 514 482 et
537 427 806 484 metuendi
846 427 1060 499 judicis.
1098 430 1168 484 At
1191 431 1280 485 illa
1307 447 1611 488 memorans
1665 451 1886 504 operum
1916 443 1967 501 Α
1993 437 2097 504 Qui
2127 455 2257 496 vero
2285 441 2796 512 sibimetipsiuocet,
2814 450 3058 516 quamvis
3077 451 3198 507 aliis
3220 469 3327 510 non
3353 469 3566 527 noceat,

304 532 551 581 suorum,
575 518 962 582 contremiscit,
992 526 1049 574 et
1067 519 1250 575 videns
1275 530 1328 575 et
1361 524 1710 578 considerans
1731 532 1884 579 actus

303 623 456 672 suos,
487 623 584 677 pro
613 619 822 664 metuet
841 611 1879 685 timoreborrendoegredipertimescit.

302 699 509 754 Tamen
545 708 779 755 tremens
814 708 868 756 et
899 710 1143 758 metuens
1165 707 1233 759 ad
1257 714 1516 760 :eternum
1545 708 1719 776 pergit
1740 707 1884 776 judi-

293 790 468 844 cium.
506 790 655 846 Unde
679 793 910 848 sollicite
958 795 1117 848 debet
1145 797 1514 866 unusquisque
1543 797 1756 863 vivere,
1815 815 1883 854 ne

294 885 443 937 torte
469 883 520 935 in
549 882 921 952 iniquitatibus
951 884 1064 936 suis
1091 885 1349 954 rapiatur,
1376 886 1642 956 simulque
1666 887 1884 942 ﬁniatur

295 974 413 1028 vita
441 988 564 1027 cum
591 973 763 1042 culpa.
793 971 974 1041 (Isid.,
1000 972 1093 1026 lib.
1113 990 1173 1026 ut
1195 974 1367 1041 Sent.,
1385 993 1502 1045 cap.
1527 975 1639 1047 62.)
1657 977 1880 1032 Venturi

295 1065 447 1120 enim
495 1064 671 1117 exitus
725 1063 1026 1132 ignorantia
1059 1065 1267 1118 incerta
1298 1075 1410 1129 est,
1469 1075 1524 1120 et
1577 1067 1704 1121 dum
1744 1070 1880 1124 mori

293 1157 662 1225 quisquenon
707 1155 1003 1218 existimat,
1037 1154 1260 1209 tollitur.
1316 1155 1451 1209 Nam
1481 1157 1728 1212 incentor
1770 1159 1881 1214 dia-

290 1244 452 1298 bolus
480 1259 573 1298 eos
606 1259 738 1311 quos
783 1243 1025 1298 viventes
1063 1244 1308 1298 accendit
1358 1246 1427 1300 ad
1473 1246 1602 1300 vitia
1627 1287 1642 1312 ,
1700 1249 1881 1302 subito

285 1336 590 1388 morientes
619 1335 930 1403 pertrahere
955 1334 1142 1387 nititur
1169 1335 1237 1389 ad
1260 1344 1548 1402 tormenta,
1582 1347 1635 1390 et
1659 1348 1881 1407 repente

288 1425 428 1478 hora
453 1440 556 1493 qua
585 1424 853 1486 nesciunt,
883 1424 1175 1492 improviso
1205 1425 1352 1480 exitu
1387 1427 1690 1495 rapiuntur,
1720 1438 1881 1496 atque

286 1518 617 1571 absorbente
641 1515 922 1586 profundo,
951 1516 1227 1571 cruciandi
1257 1519 1475 1572 aeternis
1513 1519 1774 1588 gehennae
1801 1519 1881 1573 in-

281 1608 495 1662 cendiis
541 1609 887 1675 deputantur.
944 1606 1021 1660 De
1067 1607 1261 1675 quibus
1318 1608 1578 1677 scriptum
1608 1616 1729 1662 est:
1769 1607 1880 1660 Du-

281 1709 415 1753 cunt
447 1701 500 1752 in
537 1701 684 1753 bonis
724 1699 833 1753 dies
869 1716 1012 1764 suos,
1043 1709 1088 1752 et
1114 1699 1168 1752 in
1207 1710 1397 1769 puncto
1443 1699 1512 1753 ad
1551 1699 1757 1768 inferna
1789 1700 1879 1752 de-

1986 529 2244 586 innocens
2296 548 2401 588 non
2435 543 2537 588 est.
2571 536 2654 590 Dc-
2690 539 2908 607 propria
2958 542 3102 594 enim
3153 543 3460 603 innocentia
3511 552 3568 605 in

1987 621 2215 678 Domino
2246 625 2520 681 conlidens
2534 628 2719 692 David,
2749 631 2925 685 aiebat
2951 647 2963 685 :
2986 631 3182 689 Judica
3208 654 3306 702 me,
3326 639 3564 707 Domine,

1983 715 2232 783 quoniam
2260 729 2352 786 ego
2379 716 2432 769 in
2460 717 2756 770 innocentia
2795 737 2907 774 mea
2945 721 3208 790 ingressus
3237 717 3352 781 sum
3372 770 3386 793 ,
3438 741 3485 784 et
3512 733 3566 786 in

1983 801 2210 857 Domino
2239 819 2486 873 sperans,
2533 823 2636 860 non
2662 807 2970 875 inﬁrmabor
2995 811 3327 888 (Psithxxv).
3363 819 3430 874 Et
3465 822 3560 877 itc~

1984 907 2104 945 rum
2132 912 2146 946 :
2179 895 2292 965 Ego
2319 905 2490 949 autem
2524 898 2577 950 in
2619 899 2916 953 innocentia
2947 920 3062 956 mea
3114 906 3379 977 ingressus
3407 930 3519 966 sum
3547 957 3559 975 ,

1986 985 2182 1038 redime
2208 1001 2311 1049 me,
2335 995 2382 1039 et
2412 988 2655 1042 miserere
2682 991 2783 1043 mei
2889 991 3092 1064 (Ibid.).
3216 998 3286 1053 Et
3335 1000 3564 1058 ίηιρι-ιιο-

1983 1087 2117 1142 guns
2142 1073 2581 1147 Dominum,quis
2610 1079 2864 1134 habitaret
2893 1084 2946 1135 in
2960 1085 3293 1142 tabernaculo
3322 1107 3439 1157 suo,
3471 1105 3566 1148 aut

1981 1164 2096 1233 quis
2127 1167 2465 1236 requiesceret
2512 1168 2566 1222 in
2593 1180 2767 1224 monte
2812 1182 2993 1226 sancto
3037 1176 3152 1246 ejus
3209 1176 3382 1249 (Psal.
3412 1183 3566 1245 xrv)’

1982 1269 2302 1323 responsum
2330 1259 2535 1313 audivit
2573 1260 2817 1314 divinum
2835 1261 3028 1318 dicens
3057 1283 3068 1317 :
3105 1265 3364 1322 Innocens
3398 1274 3565 1325 mani-

1983 1346 2076 1398 bus
2102 1357 2147 1400 et
2179 1348 2373 1402 mundo
2395 1352 2579 1415 corde,
2629 1354 2720 1422 qui
2748 1370 2850 1406 non
2881 1358 3074 1426 accepit
3098 1358 3152 1410 in
3175 1376 3308 1414 vano
3332 1364 3565 1416 animam

1982 1455 2156 1504 suam,
2190 1457 2281 1493 nec
2320 1441 2523 1509 juravit
2555 1445 2610 1496 in
2649 1443 2769 1497 dolo
2805 1448 3044 1514 proximo
3069 1465 3186 1502 suo.
3216 1450 3320 1503 Hic
3348 1454 3565 1523 accipiet

1983 1528 2391 1584 benedictionem
2421 1550 2453 1584 a
2488 1532 2734 1598 Domino,
2759 1545 2805 1586 et
2828 1535 3243 1592 misericordiam
3268 1557 3300 1592 a
3336 1542 3444 1596 Deo
3479 1562 3564 1597 sa-

1981 1619 2145 1674 lutari
2165 1638 2260 1675 suo
2287 1621 2456 1694 (Psal.
2486 1623 2663 1693 χχιιι).
2694 1623 2772 1697 (Ι.
2813 1623 3025 1696 Chrys.,
3067 1645 3224 1683 term.
3256 1633 3319 1686 de
3346 1633 3562 1706 Ioseph.

1982 1709 2131 1762 vend.
2165 1727 2196 1762 a
2225 1710 2406 1783 fratr.)
2426 1711 2632 1778 Gaude,
2665 1714 2992 1781 innocentia,
3017 1726 3072 1771 et
3095 1719 3336 1785 exsulta;
3370 1725 3562 1793 gaude,

281 1791 539 1843 scendunt
559 1781 700 1860 (Job'
724 1790 857 1861 XXI).
877 1789 1170 1843 Pravorum
1193 1789 1335 1843 enim
1360 1789 1566 1842 animas
1595 1790 1872 1842 hominum
1904 1784 1948 1842 Β
1977 1799 2221 1869 inquam,
2249 1781 2606 1874 quiarubique
2647 1804 2814 1860 illmsa
2862 1820 2921 1862 es
2949 1848 2963 1872 ,
3019 1809 3218 1878 ubique
3263 1781 3489 1868 secura:
3519 1816 3564 1870 si

283 1888 552 1950 apostataa
601 1880 776 1948 angeli
820 1880 1100 1950 excipiunt
1140 1895 1169 1934 a
1222 1894 1447 1948 corpore
1484 1888 1781 1946 exeuntes,
1812 1888 1872 1935 ut

281 1975 403 2028 sint
431 1975 511 2028 eis
541 1973 641 2044 ipsi
691 1982 924 2027 tortores
953 1972 1008 2026 in
1045 1972 1220 2041 pmnis
1249 1973 1338 2041 qui
1362 1970 1580 2026 fuerunt
1619 1967 1871 2027 suas'ores

275 2068 340 2124 in
396 2071 560 2123 vitiis.
627 2068 813 2123 Finem
863 2085 992 2124 vero
1024 2068 1294 2140 justorum
1344 2070 1605 2138 optimum
1657 2069 1870 2124 vocatio

280 2159 575 2232 tranquilla
591 2175 974 2230 nonnunquam
998 2160 1363 2225 commendat,
1396 2167 1456 2214 ut
1483 2173 1549 2212 ex
1579 2176 1644 2214 eo
1667 2160 1864 2214 intelli-

279 2262 482 2322 gantur
495 2253 560 2307 ad
576 2260 882 2306 sanctorum
899 2251 1210 2323 angelorum
1226 2251 1496 2321 pertinere
1511 2251 1866 2316 consortium,

280 2360 348 2399 ex
386 2359 494 2412 quo
522 2345 589 2398 ab
631 2344 734 2398 hoc
788 2357 1018 2413 corpore
1068 2343 1185 2397 sine
1211 2342 1343 2397 dura
1369 2343 1653 2397 vexatione
1676 2341 1872 2397 tollun—

279 2447 391 2490 tur.
429 2435 578 2491 Unde
599 2444 652 2490 et
687 2450 785 2505 pro
812 2434 1008 2489 talibus
1034 2434 1280 2504 quamvis
1307 2433 1484 2504 pietas
1503 2433 1688 2504 jubeat
1717 2432 1866 2500 ﬂere,

273 2525 419 2580 ﬁdes
453 2534 630 2578 tamen
665 2533 809 2578 vetat
853 2523 1057 2595 lugere.
1087 2523 1168 2578 Illi
1189 2523 1337 2578 enim
1382 2523 1865 2593 suntdcplorandi,

273 2631 417 2686 quos
445 2615 758 2668 barathrum
777 2613 1039 2668 absorbet
1063 2612 1286 2678 inferni,
1319 2628 1425 2667 non
1469 2627 1604 2683 quos
1634 2613 1754 2667 aula
1783 2613 1870 2666 la:-

271 2705 562 2760 tilicandos
591 2704 788 2774 excipit
816 2703 1068 2773 paradisi.
1088 2701 1340 2773 Legimus
1355 2703 1420 2757 de
1448 2703 1680 2772 quodam
1711 2717 1861 2768 sene,

269 2797 372 2867 qui
400 2813 521 2851 cum
550 2805 851 2851 moreretur
877 2797 934 2850 in
985 2795 1173 2866 Scythi
1193 2836 1207 2861 ,
1235 2795 1712 2850 circumdederunt
1755 2795 1866 2850 fra-

275 2898 396 2944 tres
426 2888 620 2942 lectmn
651 2887 770 2956 ejus
791 2928 806 2952 ,
855 2893 926 2942 et‘
944 2889 1242 2942 vestierunt
1265 2903 1386 2941 eum
1414 2927 1428 2952 ,
1485 2895 1542 2941 et
1581 2895 1866 2955 cmperunt

269 2979 429 3035 ﬂere.
463 2979 553 3034 llle
583 2987 762 3033 autem
795 2977 1006 3048 aperuit
1025 2977 1230 3044 oculos,
1271 2985 1327 3031 et
1352 2976 1491 3031 risit.
1522 2975 1736 3045 Adjecit
1762 2976 1863 3031 ite-

271 3089 397 3126 rum
426 3073 626 3126 ridere.
660 3069 773 3125 Hoc
805 3071 968 3124 etiam
995 3069 1197 3124 factum
1234 3079 1319 3125 est
1343 3069 1522 3124 tertio.
1552 3067 1706 3136 Quod
1735 3083 1858 3123 cum

1977 1893 2226 1958 tentaris,
2249 1893 2496 1963 proficis;
2536 1897 2581 1950 si
2611 1897 2934 1965 humiliaris,
2955 1901 3218 1970 erigaris;
3261 1903 3304 1958 si
3333 1921 3561 1976 pugnas,

1971 1979 2173 2047 vincis;
2205 1982 2250 2036 si
2281 1983 2566 2050 occideris,
2591 1988 2889 2042 coronaris.
2911 1988 2988 2043 Tu
3023 1991 3076 2043 in
3105 1993 3363 2047 servitute
3393 1995 3562 2050 libera

1970 2085 2052 2137 es,
2077 2072 2132 2125 in
2164 2073 2416 2142 periculis
2439 2083 2548 2130 tuta
2577 2117 2593 2142 ,
2643 2077 2699 2130 in
2725 2081 2966 2135 custodia
3023 2082 3164 2136 lmta.
3231 2083 3349 2139 Tibi
3386 2087 3564 2140 omnis

1973 2170 2156 2217 reatus
2180 2162 2470 2231 addicitur,
2505 2167 2598 2222 tibi
2629 2168 2879 2225 universa
2897 2171 3100 2226 malitia
3125 2172 3457 2245 subjugatur.
3488 2177 3563 2233 Te

1969 2259 2222 2320 potentes
2274 2253 2564 2320 honorant,
2608 2258 2911 2328 suscipiunt
2956 2263 3252 2333 principes,
3282 2279 3561 2337 magnates

1970 2342 2283 2410 exquirunt,
2317 2345 2482 2399 etiam
2514 2346 2588 2400 illi
2626 2356 2677 2402 te
2705 2364 3092 2420 nonnunquam
3129 2354 3442 2411 desiderant
3465 2360 3560 2428 qui

1969 2433 2310 2504 impugnant.
2344 2435 2463 2492 Tibi
2493 2438 2620 2492 boni
2667 2449 2878 2509 parent,
2908 2442 3034 2496 mali
3063 2444 3324 2500 invident.
3373 2448 3560 2504 Zelant

1973 2527 2176 2594 mmuli,
2206 2528 2410 2585 inimici
2433 2533 2810 2598 succumbunt,
2839 2549 2939 2589 nec
2966 2552 3200 2607 unquam
3237 2541 3439 2609 poteris
3482 2543 3560 2596 vi-

1967 2614 2110 2668 ctrix
2137 2631 2242 2669 non
2273 2632 2417 2682 esse,
2444 2619 2657 2673 etiamsi
2695 2621 2791 2674 tibi
2825 2623 2968 2677 inter
3004 2625 3250 2682 homines
3287 2627 3454 2697 judex
3475 2629 3559 2699 ju-

1967 2712 2083 2760 stus
2117 2704 2368 2761 defuerit.
2393 2707 2656 2764 Dicebant
2685 2711 2751 2766 de
2772 2714 2968 2769 abbate
2991 2714 3159 2773 Paulo
3185 2722 3325 2788 quod
3349 2731 3560 2778 teneret

1965 2796 2216 2852 manibus
2243 2806 2483 2855 cerastas
2513 2801 2606 2871 qui
2645 2802 2897 2858 dicuntur
2921 2809 3155 2874 cornuti,
3183 2819 3236 2864 et
3270 2823 3553 2882 serpentes

1965 2894 2020 2940 et
2043 2887 2257 2958 aspides
2283 2897 2445 2960 atque
2507 2893 2843 2962 scorpiones.
2877 2905 2932 2950 et
2986 2898 3266 2956 scindebat
3316 2919 3411 2958 eos
3457 2921 3558 2976 per

1963 2977 2222 3030 medium.
2255 2976 2514 3035 Videntes
2561 2990 2742 3038 autem
2791 2983 2908 3041 bmc
2956 2986 3174 3054 fratres,
3214 2993 3555 3051 satisfacien-

1964 3075 2046 3122 tes
2081 3069 2131 3124 ei
2177 3069 2584 3141 interrogabant
2619 3089 2763 3141 eum,
2798 3077 3074 3135 dicentes:
3104 3081 3201 3137 Dic
3231 3085 3387 3140 nobis
3421 3089 3553 3158 quid

269 3163 526 3218 viderent
561 3161 776 3228 fratres,
811 3168 1135 3233 rogaverunt
1165 3176 1290 3216 eum
1322 3162 1567 3217 dicentes
1595 3179 1606 3215 :
1637 3160 1735 3217 Dic
1763 3177 1861 3218 no—
1887 3131 1931 3193 Ο
1962 3170 2218 3230 operatus
2245 3178 2305 3218 es
2331 3173 2392 3218 ut
2415 3165 2690 3234 acciperes
2716 3169 2944 3238 gratiam
2977 3171 3171 3228 istam?
3198 3173 3298 3241 Qui
3327 3177 3403 3232 ait
3427 3131 3510 3235 eis
3534 3198 3551 3236 :

270 3254 381 3317 bis,
404 3253 561 3318 abba,
593 3266 781 3321 quare,
819 3253 972 3307 nobis
1022 3251 1292 3318 flentibus,
1324 3259 1380 3306 tu
1408 3252 1588 3308 rides?
1625 3252 1695 3308 Et
1722 3252 1860 3308 dixit

269 3344 356 3399 eis
389 3361 401 3396 :
432 3343 613 3397 Primo
640 3343 754 3407 risi,
783 3343 907 3412 quia
941 3357 1038 3397 vos
1093 3341 1290 3398 timetis
1325 3351 1574 3398 mortem.
1606 3343 1856 3400 Secundo

271 3434 395 3498 risi,
423 3433 546 3502 quia
573 3448 678 3487 non
707 3434 837 3487 estis
883 3431 1077 3502 parati.
1113 3431 1294 3488 Tertio
1322 3441 1501 3489 autem
1539 3435 1673 3501 risi,
1728 3435 1853 3505 quia

270 3539 342 3579 ex
372 3525 555 3578 labore
581 3524 648 3578 ad
682 3523 922 3594 requiem
957 3524 1114 3578 vado.
1159 3522 1272 3578 Hoc
1305 3540 1428 3578 cum
1460 3523 1708 3591 dixisset,
1738 3533 1853 3579 sta-

271 3616 372 3671 tim
397 3614 594 3670 clausit
614 3613 800 3670 oeulos
827 3629 991 3668 senex
1022 3615 1076 3668 in
1110 3623 1358 3669 mortem.
1389 3614 1652 3670 Dicebant
1691 3624 1747 3670 et
1787 3618 1853 3671 de

267 3707 470 3762 abbate
497 3705 650 3777 Sysoi
676 3705 820 3775 quod
857 3705 910 3759 iu
938 3705 1025 3759 die
1069 3705 1411 3761 dormitionis
1439 3721 1549 3760 suae
1599 3722 1720 3761 cum
1769 3721 1853 3762 se-

268 3796 466 3850 derent
493 3795 633 3850 circa
672 3809 796 3850 eum
822 3793 1040 3860 fratres,
1067 3794 1336 3863 splenduit
1376 3806 1634 3864 tanquam
1666 3794 1748 3850 sol
1775 3794 1853 3849 fa-

265 3887 387 3942 cies
422 3885 559 3955 ejus,
591 3895 646 3940 et
667 3887 804 3940 dixit
832 3886 901 3941 ad
921 3901 1015 3941 eos
1038 3903 1050 3938 :
1084 3885 1244 3949 Ecce,
1275 3885 1442 3940 abbas
1467 3885 1736 3942 Antonius
1762 3901 1852 3941 ve-

265 3979 371 4032 nit.
405 3978 472 4032 Et
492 3985 609 4048 post
631 3977 904 4047 paululum
928 3993 1141 4031 rursum
1163 3977 1388 4032 dieiteis
1415 3995 1429 4031 :
1458 3978 1620 4044 Ecce,
1649 3979 1850 4033 chorus

264 4067 656 4138 prophetarum
701 4066 867 4122 venit.
900 4065 968 4120 Et
997 4065 1198 4120 iterum
1241 4066 1473 4136 amplius
1515 4065 1681 4123 facies
1732 4069 1850 4139 ejus

265 4157 622 4226 resplenduit,
651 4165 708 4212 et
733 4157 868 4212 dixit
893 4174 906 4210 :
933 4157 1096 4221 Ecce,
1123 4157 1320 4212 chorus
1360 4157 1730 4227 apostolorum
1757 4174 1850 4214 ve-

261 4252 381 4316 nit;
415 4260 470 4306 ει
496 4251 782 4321 dupliciter
807 4249 1018 4306 refulsit
1060 4252 1236 4307 adhuc
1266 4251 1434 4310 facies
1457 4251 1595 4320 ejus,
1629 4262 1685 4307 et
1720 4267 1848 4309 ecce

263 4345 385 4413 ipse
408 4358 531 4398 cum
557 4343 822 4413 aliquibus
850 4343 1188 4412 loquebatur.
1215 4344 1497 4415 Deprecati
1517 4352 1645 4399 sunt
1665 4354 1846 4400 autem

1960 3252 2228 3324 Ignoscite
2252 3255 2402 3321 mihi,
2431 3256 2640 3313 Patres.
2676 3257 2734 3312 Si
2757 3262 2878 3330 quis
2909 3265 3210 3332 possederit
3258 3271 3551 3336 puritatem

1959 3352 2016 3401 et
2041 3346 2422 3413 innocentiam,
2447 3349 2628 3403 omnia
2673 3351 3032 3422 subjiciuntur
3086 3355 3171 3419 ei,
3224 3358 3364 3412 sicut
3389 3359 3549 3429 Adae,

1957 3439 2174 3506 quando
2201 3446 2315 3492 erat
2339 3438 2389 3492 in
2419 3441 2668 3508 paradiso
2701 3450 2828 3496 ante
2859 3446 3362 3512 praevaricationem
3393 3467 3547 3506 man-

1957 3529 2067 3582 dati
2099 3529 2288 3583 divini.

2565 3619 2792 3678 CAPUT
2835 3623 2944 3679 XC.

2277 3709 2418 3774 Quid
2443 3712 2510 3766 sit
2540 3713 2873 3782 sancti/itare
2895 3716 3178 3787 jejunium.

2025 3799 2160 3866 Quia
2217 3798 2512 3871 jejunantis
2570 3805 2780 3859 Domini
2842 3807 3100 3864 victorias
3158 3825 3539 3884 recensentes,

1955 3892 2285 3962 triumphum
2311 3904 2513 3950 nostrae
2552 3897 2742 3952 salutis
2763 3902 3102 3969 agnovimus.
3123 3901 3324 3974 jejunio
3351 3919 3542 3965 nostra

1953 3983 2229 4054 religionis
2269 3985 2670 4041 sanetilicemus
2725 3989 3016 4059 obsequiis.
3057 3991 3196 4060 Quid
3248 4006 3424 4052 autem
3457 4009 3541 4054 est

1950 4074 2124 4139 aliud,
2179 4076 2508 4145 sancti/imre
2554 4077 2821 4146 jejunium
2870 4079 3026 4149 (Joel.
3055 4081 3135 4151 ι),
3192 4084 3294 4139 nisi
3343 4085 3538 4154 jejunii

1949 4180 2113 4219 causa
2153 4173 2338 4220 sancta
2362 4165 2520 4230 velle,
2535 4164 2684 4234 justa
2714 4166 2914 4235 facere,
2946 4170 3128 4240 iniqua
3151 4175 3343 4229 vitare.
3398 4177 3538 4232 San-

1949 4255 2152 4310 ctificat
2175 4255 2266 4310 ille
2284 4254 2573 4324 jejunium,
2599 4258 2688 4326 qui
2717 4256 2964 4314 ﬂammas
3001 4261 3274 4319 saevientis
3316 4266 3536 4323 iracun-

1948 4347 2067 4412 di:e,
2093 4356 2390 4402 mansueta:
2419 4349 2616 4403 mentis
2653 4349 3020 4419 placabilitate
3050 4355 3353 4428 restinguit.
3390 4357 3530 4416 San-

257 4435 417 4489 illum
465 4449 622 4489 senes
652 4473 667 4500 ,
723 4426 998 4488 dicentes:
1039 4435 1172 4491 Cum
1195 4451 1303 4506 quo
1324 4437 1592 4508 loqueris,
1646 4439 1846 4495 Pater?
1869 4475 1922 4533 D
1947 4437 2148 4493 ctiﬁcat
2168 4437 2468 4508 jejunium,
2512 4440 2603 4508 qui
2655 4441 2994 4499 lascivientes
3027 4426 3240 4503 oculos:
3262 4452 3406 4522 turpi
3461 4455 3533 4510 ab

261 4527 370 4595 Qui
399 4528 536 4583 dixit
560 4528 640 4583 eis
664 4547 677 4581 :
709 4528 845 4583 Ecce
875 4528 1048 4598 angeli
1073 4539 1337 4585 venerunt
1363 4533 1608 4601 accipere
1654 4547 1760 4598 me,
1785 4541 1840 4588 et

260 4631 400 4687 rogo
433 4624 495 4671 ut
537 4616 777 4672 dimittar
803 4618 1063 4687 paenitere
1090 4620 1380 4675 modicum.
1424 4620 1620 4676 Dicunt
1647 4623 1697 4677 ei
1746 4639 1836 4678 se—

261 4709 486 4764 niores:
517 4707 632 4764 Non
666 4709 872 4780 indiges
890 4711 1226 4780 pmnitentia,
1251 4712 1432 4766 Pater.
1477 4713 1623 4768 Dixit
1657 4723 1836 4770 autem

259 4799 414 4855 illis:
445 4797 584 4856 Vere
613 4800 797 4856 nescio
845 4801 1129 4871 meipsum,
1153 4803 1236 4856 vel
1283 4803 1496 4859 initium
1541 4806 1837 4875 sumpsisse

258 4891 580 4962 ptmitendi.
616 4893 684 4948 Et
702 4901 1067 4963 cognoverunt
1089 4909 1277 4949 omnes
1299 4895 1424 4964 quia
1444 4895 1720 4966 perfectus
1745 4913 1832 4952 es-

260 4989 364 5036 set.
389 4981 455 5036 Et
488 4997 674 5038 rursus
718 4983 900 5038 subito
945 4982 1084 5038 facta
1121 4993 1207 5039 est
1230 4985 1397 5040 facies
1424 4986 1540 5056 ejus
1565 4989 1720 5046 sicut.
1733 4989 1834 5055 sol,

258 5079 319 5125 et
343 5071 637 5127 timuerunt
665 5087 874 5128 omnes.
903 5072 1050 5128 Dixit
1071 5086 1252 5130 autem
1279 5077 1359 5132 eis
1388 5095 1400 5131 :
1435 5079 1622 5134 Videte
1641 5119 1654 5144 ,
1708 5095 1836 5135 ecce

255 5162 521 5220 Dominus
569 5164 718 5219 venit
767 5163 990 5218 dicens:
1020 5163 1272 5220 Auferam
1321 5165 1455 5238 [AL,
1485 5167 1693 5239 auerte]
1741 5186 1837 5224 vas

257 5253 390 5310 mihi
437 5254 719 5310 electionis
740 5256 932 5311 eremi.
949 5255 1014 5311 Et
1034 5258 1288 5312 continuo
1304 5259 1536 5314 reddidit
1559 5260 1831 5328 spiritum.

257 5341 327 5397 Et
355 5342 499 5400 facto
521 5343 727 5416 fulgore
754 5345 992 5415 repletus
1041 5355 1126 5401 est
1161 5356 1304 5404 totus
1356 5349 1505 5403 locus
1555 5350 1642 5405 ille
1669 5351 1834 5406 odore

256 5434 567 5489 suavitatis.

770 5525 999 5583 CAPUT
1036 5527 1322 5584 LXXXIX.

791 5665 800 5674 .
841 5616 917 5671 De
954 5619 1274 5675 innocentia.

326 5705 421 5764 ille
451 5723 576 5765 vere
604 5710 862 5764 innocens
883 5719 967 5765 est
996 5711 1086 5780 qui
1114 5727 1216 5767 nec
1248 5714 1367 5769 aliis
1392 5729 1488 5772 nec
1517 5713 1612 5772 sibi
1654 5726 1830 5774 nocet.

737 5805 1009 5864 Parnm.
1065 5801 1194 5866 Cll.

1947 4537 2170 4598 aspectu
2200 4529 2426 4584 habenis
2468 4531 2735 4587 castitatis
2762 4534 2976 4588 avertit.
3007 4534 3319 4608 (Maximus,
3343 4543 3529 4602 Itomil.

1947 4619 1998 4683 i,
2030 4619 2094 4672 de
2123 4619 2324 4689 jejunio
2374 4617 2848 4694 Quadragesimaz.)
2875 4622 3190 4682 Sanctiﬁcat
3235 4631 3522 4706 jejunium,

1944 4709 2035 4778 qui
2072 4709 2439 4763 conviciorum
2459 4711 2640 4780 jacula
2663 4722 2816 4769 scuto
2855 4717 3131 4785 patientiae
3168 4737 3485 4792 repercussa
3507 4771 3524 4796 ,

1943 4801 2222 4869 dispergit.
2259 4800 2576 4858 Sanctiﬁcat
2611 4802 2897 4876 jejunium,
2927 4810 3017 4879 qui
3062 4812 3382 4884 litigantium
3433 4831 3524 4876 tu-

1945 4892 2143 4945 multus
2167 4891 2373 4962 pacifici
2401 4897 2666 4950 sermonis
2693 4906 2748 4952 et
2792 4895 2988 4968 lingua:
3012 4903 3375 4971 prudentioris
3403 4921 3524 4967 arte

1939 4984 2252 5051 compescit.
2294 4982 2610 5041 Sanctiﬁcat
2655 4985 2952 5057 jejunium,
2986 4994 3079 5062 qui
3127 5010 3522 5071 consurgentes

1939 5075 1992 5129 in
2026 5077 2315 5146 semetipso
2338 5088 2619 5134 vanarum‘
2645 5081 3032 5151 cogitationum
3059 5089 3243 5158 spinas
3289 5107 3521 5168 evange-

1937 5170 2042 5225 lico
2070 5171 2311 5226 sulcante
2335 5187 2572 5238 vomere,
2602 5173 2749 5230 velut
2773 5177 2992 5244 quidam
3026 5185 3265 5249 pectoris
3287 5187 3368 5241 sui
3395 5204 3520 5243 ara-

1938 5270 2038 5324 tor,
2063 5263 2284 5318 excidit.
2313 5261 2627 5319 Sanctificat
2643 5264 2929 5336 jejunium,
2958 5273 3047 5342 qui
3078 5273 3290 5344 inopias
3318 5294 3517 5349 egeno-

1939 5367 2057 5406 rum
2087 5366 2184 5422 pro
2207 5355 2508 5423 quantitate
2535 5355 2846 5413 substantiae
2866 5375 2974 5414 suae
2995 5363 3302 5420 miserantis
3324 5382 3516 5423 manus

1935 5445 2269 5502 immanitate
2285 5447 2507 5502 solatur.
2533 5448 2789 5518 Apprime
2803 5454 3106 5507 sanctificat
3123 5455 3211 5508 ille
3223 5455 3512 5524 jejunium,

1935 5538 2024 5606 qui
2055 5553 2151 5608 per
2173 5540 2353 5594 omnia
2383 5541 2667 5610 prteceptis
2692 5542 2884 5598 divinae
2913 5543 3045 5611 legis
3084 5544 3320 5598 intentus
3344 5585 3359 5610 ,
3399 5547 3516 5605 dia.

1939 5627 2107 5683 bolica
2135 5644 2166 5683 a
2191 5630 2350 5684 corde
2371 5646 2471 5685 suo
2498 5633 2702 5700 respuit
2750 5641 3097 5685 tentamenta.
3126 5631 3193 5685 Et
3237 5633 3375 5700 ideo,
3403 5636 3516 5696 fra—

1938 5727 2047 5773 tres
2070 5719 2392 5784 cliarissimi,
2431 5721 2476 5776 si
2514 5721 2761 5776 volumus
2788 5723 2896 5775 Deo
2946 5721 3136 5786 placita
3166 5725 3420 5786 exhibere
3437 5734 3520 5805 je.

2988 5813 3067 5872 2‘2
