3960 6206
389 308 493 365 683

1682 284 1963 347 SMARAG
1973 283 2037 339 Dl
2074 276 2368 337 ABBATIS

3571 267 3668 326 ω

325 408 333 416 .
380 424 562 497 iunia,
589 422 760 478 simus
799 418 852 473 iu
884 417 989 472 Me
1021 413 1210 479 [οι-ωε,
1240 411 1295 465 in
1334 408 1554 478 judiciis
1573 404 1735 476 justi,
1764 404 1819 459 in
1846 401 1981 458 ami—
2009 402 2059 462 Α
2087 393 2371 452 domestici
2400 390 2726 497 efﬁciantur,
2755 397 3035 497 ‘quatcnus
3071 393 3260 490 sancta
3303 382 3490 454 hujus,
3513 391 3574 437 ut
3599 384 3675 439 di-

388 478 520 571 citia
549 478 766 577 fideles,
795 511 848 565 in
877 506 1089 579 injuriis
1112 504 1378 575 patientes
1400 540 1416 566 ,
1467 499 1523 553 in
1546 493 1985 553 contentionibus
2085 497 2233 544 ctum
2263 494 2365 547 est,
2400 480 2881 579 epulatione
2906 478 3268 579 inveniamur.

389 605 680 670 moderati,
710 600 1038 672 refugientes
1088 590 1451 665 turpiloquia,
1499 589 1759 643 adversus
1799 584 1980 654 iniqua

388 703 723 757 constantes,
746 692 801 747 in
831 688 1097 746 conviviis
1144 686 1331 751 sobrii,
1365 686 1421 740 in
1450 679 1817 751 voluptatibus
1850 691 1983 732 con-

388 790 650 851 tinentes,
673 785 728 840 in
751 783 1023 841 charitate
1044 778 1340 850 simplices,
1364 778 1506 831 inter
1536 770 1792 829 subdolos
1818 765 1984 829 cauti,

387 878 740 935 condolentcs
768 876 1036 939 tristibus,
1072 870 1488 928 contumacibus
1528 865 1884 926 resistentes,
1930 860 1988 914 in

389 969 793 1041 suspicionibus
838 965 988 1038 parci
1004 945 1032 1030 ‘,
1088 963 1229 1017 inter
1256 959 1578 1029 maliloquos
1608 953 1794 1018 taciti,
1844 950 1989 1005 inter

388 1061 622 1117 humiles
651 1057 972 1128 coaequales.
1000 1054 1057 1110 Si
1098 1049 1406 1122 bujusmodi
1450 1045 1747 1103 virtutibus
1800 1049 1988 1097 nostra

390 1151 722 1207 voluerimus
749 1146 1095 1204 sanctiﬁcare
1115 1143 1343 1216 jejunia,
1374 1141 1648 1195 tribuente
1670 1135 1900 1191 Domino
1921 1132 1990 1188 ad

390 1243 741 1299 festivitatem
782 1238 1061 1295 Paschalis
1105 1236 1331 1306 gratim,
1380 1240 1437 1286 et
1485 1230 1555 1285 ad
1593 1227 1788 1301 gaudia
1828 1224 1992 1280 coale—

390 1336 554 1391 stium
581 1333 1006 1404 promissionum
1032 1328 1336 1385 indubitata
1368 1322 1581 1386 ﬁducia,
1612 1328 1667 1374 et
1706 1318 1990 1373 conscien-

393 1429 470 1483 tia
490 1428 696 1482 lzetiore
722 1425 1023 1479 veniemus.

987 1550 1214 1607 CAPUT
1252 1547 1387 1604 XCI.

849 1643 989 1711 Quid
1014 1644 1081 1698 sit
1115 1641 1242 1695 bene
1261 1639 1531 1709 jejunare.

2653 570 2881 627 CAPUT
2920 569 3099 625 XCIII.

2088 666 2164 721 De
2186 684 2244 721 eo
2272 665 2411 737 quod
2437 664 2606 737 omnis
2634 663 2827 737 e.'ectu_s
2849 671 3004 732 atque
3029 659 3291 737 perfectus
3320 658 3611 737 monachus
3629 664 3678 710 et

2158 728 2334 800 homo,
2364 744 2411 789 et
2442 734 2655 798 vitulus,
2687 742 2736 786 et
2780 731 2883 797 leo,
2908 728 2956 785 et
2995 728 3173 800 aquila
3196 728 3495 799 ﬁguraliter
3521 730 3612 784 sit.

2157 827 2344 883 Omnis
2375 827 2578 881 etenim
2600 825 2805 880 electus
2827 832 2990 892 atque
3035 823 3088 875 in
3126 822 3214 875 via
3246 820 3460 875 Domini
3501 819 3682 892 peric--

2089 927 2208 973 ctus
2228 926 2283 972 et
2307 919 2467 973 homo
2488 925 2542 971 et
2563 916 2764 971 vitulus
2783 957 2797 980 ,
2845 923 2900 971 ct
2939 914 3022 969 leo
3065 915 3248 976 simul,
3282 922 3336 969 et
3367 914 3549 983 aquila
3578 921 3682 969 est.

2090 1009 2263 1065 Homo
2292 1009 2436 1064 enim
2462 1006 2727 1063 rationale
2768 1014 2853 1062 est
2886 1005 3108 1060 animal.
3159 1004 3373 1060 Vitulus
3399 1015 3582 1061 autem
3632 1006 3686 1061 in

2090 1100 2417 1156 sacrificium
2449 1100 2676 1155 mactari
2718 1098 2875 1153 solet.
2908 1098 3019 1153 Leo
3048 1114 3179 1153 vero
3196 1096 3351 1153 fortis
3380 1109 3465 1153 est
3488 1098 3683 1161 bestia.

2092 1193 2234 1247 sicut
2259 1191 2518 1262 scriptum
2560 1198 2683 1246 est:
2717 1188 2821 1244 Leo
2870 1190 3193 1260 for.‘issimns
3238 1190 3527 1245 bestiarum
3554 1232 3566 1254 ,
3619 1193 3688 1246 ad

2086 1287 2290 1343 nullius
2313 1288 2513 1357 pavebit
2541 1304 2814 1341 occursant
2832 1283 3017 1358 (Prov.
3040 1287 3193 1358 xxx).
3209 1287 3403 1358 Aquila
3429 1289 3494 1343 ad
3517 1288 3687 1343 subli-

2092 1383 2200 1436 mia
2229 1388 2440 1446 cvorat,
2488 1389 2544 1436 et
2587 1381 2997 1436 irreverberatis
3030 1381 3204 1436 oculis
3242 1370 3374 1436 sol-is
3401 1382 3569 1437 radiis
3607 1383 3692 1437 in-

2094 1459 2283 1527 tendit.
2316 1472 2504 1529 Omnis
2535 1472 2719 1542 itaque
2745 1472 2834 1541 qui
2896 1473 2950 1525 in
2978 1471 3189 1526 ratione
3233 1471 3506 1542 perfectus
3561 1482 3687 1539 est,

2096 1563 2257 1616 homo
2286 1569 2386 1616 est.
2423 1561 2487 1639 Et
2510 1562 2764 1631 quoniam
2795 1562 3146 1632 semetipsum
3172 1563 3240 1617 ab
3290 1562 3452 1632 hujus
3499 1564 3693 1619 mundi

2094 1652 2369 1722 voluptate
2398 1652 2708 1717 mortificat,
2747 1651 2947 1706 vitulus
2976 1663 3079 1706 est.
3112 1652 3249 1719 Quia
3280 1668 3411 1707 vero
3445 1654 3561 1724 ipsa
3590 1670 3690 1709 sua

466 1759 838 1832 Bcncjejuuat
865 1757 1171 1826 quicunque
1198 1751 1434 1807 esuriem
1465 1763 1640 1814 suam,
1660 1744 1992 1814 refcctipau-
2021 1759 2070 1819 Β
2099 1756 2399 1816 spontanea
2440 1745 2860 1800 mortificationc
2885 1754 3076 1800 contra
3104 1744 3332 1829 adversa
3367 1747 3551 1801 omnia
3583 1745 3698 1802 for-

392 1844 542 1927 pcris
572 1854 826 1908 satietate
847 1854 1137 1904 sustentat.
1171 1844 1315 1899 Bene
1335 1841 1550 1911 jejunat
1578 1841 1671 1911 qui
1709 1835 1873 1893 divini
1902 1850 1994 1890 re-

392 1946 708 2004 cordatione
726 1942 913 2008 judicii
960 1938 1312 2017 semetipsum
1344 1934 1645 1997 refrenans,
1672 1931 1740 1986 ab
1765 1929 1911 1985 omni
1937 1944 1997 1984 se

393 2038 775 2093 illecebrarum
828 2032 1105 2102 voluptate
1129 2027 1434 2098 suspendit.
1463 2026 1609 2078 Bene
1640 2020 1869 2091 jejunat,
1902 2018 1996 2089 qui

395 2143 616 2183 carnem
645 2140 799 2181 suam
829 2124 1085 2178 vitiorum
1144 2118 1385 2191 germina
1428 2112 1819 2187 pullulanlem,
1874 2124 1999 2165 san-

395 2227 607 2273 ctarum
638 2213 989 2271 meditatione
1033 2211 1315 2273 virtutum,
1359 2214 1414 2263 et
1452 2202 1767 2259 sobrietatis
1813 2211 1999 2254 amore

395 2310 646 2380 castigat.
678 2307 824 2361 Bene
848 2302 1081 2375 jejunat,
1109 2301 1201 2371 qui
1236 2299 1506 2354 fraternas
1528 2294 1756 2366 injurias
1783 2289 1999 2380 pacifici

397 2377 881 2469 pectorislenilate
908 2389 1153 2446 dimittit.
1195 2386 1446 2459 (Maxim.
1478 2381 1710 2446 hom.5,
1740 2380 1804 2434 de
1846 2377 2001 2449 Jeju-

398 2493 486 2551 nio
516 2483 873 2559 Quadrages.)
895 2483 1280 2541 Gratissimum
1304 2480 1418 2533 Deo
1438 2478 1447 2485 ’
1466 2474 1642 2531 defert
1689 2471 1956 2542 jejunium
1981 2511 1997 2537 ,

396 2579 489 2651 qui
522 2586 759 2633 mentem
784 2590 938 2629 suam
979 2589 1008 2627 a
1047 2570 1230 2644 pravis
1263 2566 1700 2640 cogitationibus,
1729 2561 1917 2618 oculos
1968 2574 1997 2614 a

396 2670 854 2742 concupiscentia,
890 2667 1133 2737 linguam
1156 2675 1454 2731 manusque
1478 2673 1509 2712 a
1534 2658 1629 2712 lite
1651 2654 1906 2711 custodit.
1932 2652 2001 2707 Et

397 2765 478 2820 sic
496 2762 760 2835 jejunium
783 2767 1027 2815 nostrum
1043 2753 1345 2812 sanctificet
1368 2750 1613 2815 castitas,
1627 2754 1786 2804 ornet
1800 2744 2004 2816 patien-

400 2854 495 2919 tia,
520 2851 827 2923 benignitas
871 2848 1072 2911 foveat,
1121 2842 1496 2901 misericordia
1543 2839 1813 2899 lzetificet,
1854 2850 2002 2892 com—

400 2944 616 2999 iuendct
634 2941 1009 3005 humilitas,ut
1030 2937 1247 3009 gemino
1268 2936 1502 3008 quodam
1526 2930 1772 3002 corporis
1812 2926 2005 2983 animi-

400 3050 507 3107 que
529 3032 736 3105 jejunio
748 3032 942 3087 divinze
957 3046 1055 3086 nos
1080 3029 1271 3102 gratim
1297 3041 1513 3096 semper
1534 3021 1998 3079 commendemus.

967 3164 1197 3221 CAPUT
1240 3161 1399 3217 XCII.

404 3257 482 3315 De
508 3275 567 3312 eo
592 3268 731 3328 quoa
765 3265 1024 3328 scriptum
1069 3262 1144 3307 est
1168 3265 1185 3303 :
1213 3250 1365 3328 Multi
1408 3250 1480 3305 ab
1523 3248 1749 3328 Oriente
1775 3259 1857 3328 _et
1905 3247 2005 3304 Oc-

474 3319 691 3384 cidente
714 3319 938 3381 venient
960 3364 977 3389 ,
1032 3331 1088 3378 ct
1114 3322 1434 3377 recumbent
1459 3336 1581 3376 cum
1625 3319 1926 3389 Abraham,
1949 3329 2005 3373 et

472 3399 648 3464 Isaac,
672 3405 728 3452 et
745 3395 913 3451 Jacob
941 3394 997 3449 in
1031 3408 1196 3465 regno
1223 3391 1483 3475 caelorum
1512 3389 1730 3462 (Matth.
1766 3388 1906 3462 vin).

480 3512 636 3567 Multi
660 3511 859 3566 venient
881 3509 947 3564 ab
976 3507 1190 3564 Oriente
1210 3517 1261 3561 et
1291 3505 1592 3572 Occidente,
1617 3514 1663 3560 et
1687 3504 2003 3571 recumbent,

408 3620 514 3660 non
544 3602 834 3659 carnaliter
846 3600 1113 3670 jaceutes,
1145 3599 1238 3655 sed
1276 3596 1634 3669 spiritualiter
1664 3596 2004 3666 requiescen-

411 3709 524 3762 tes;
549 3712 654 3751 non
683 3694 1053 3771 temporaliter
1066 3699 1337 3762 potantes,
1355 3690 1450 3745 sed
1471 3698 1676 3745 aeterne
1698 3688 2002 3760 epulantes.

413 3786 724 3842 llecumbent
752 3786 807 3840 in
835 3801 992 3854 regno
1014 3784 1134 3848 Dei,
1162 3783 1251 3839 ubi
1279 3782 1371 3837 lux
1415 3790 1471 3837 et
1500 3783 1732 3852 species,
1758 3782 1850 3837 ubi
1871 3781 2005 3837 laeti-

412 3878 487 3933 tia
507 3885 563 3932 et
585 3875 896 3940 exsultatio,
913 3873 1004 3930 ubi
1026 3872 1196 3943 gloria
1220 3880 1276 3926 et
1296 3872 1625 3937 benedictio,
1643 3871 1735 3926 ubi
1757 3870 1844 3927 lux
1873 3885 2004 3925 ocu—

409 3973 586 4028 torum
615 3976 670 4024 et
692 3967 1003 4039 longrevitas
1031 3966 1157 4020 vita:
1184 3972 1401 4021 auertite
1426 3981 1439 4018 :
1466 3962 1557 4018 ubi
1585 3977 1777 4019 omnes
1805 3961 2007 4033 jucun-

412 4063 632 4126 dantur,
658 4059 749 4114 ubi
783 4073 976 4115 omnes
1001 4057 1259 4129 gaudent,
1283 4054 1377 4110 ubi
1418 4053 1611 4109 Patres
1651 4052 1729 4108 illi
1756 4052 1901 4109 beati
1929 4067 2010 4107 re-

411 4161 706 4224 cumbunt;
736 4157 826 4212 ubi
847 4170 1037 4212 omnes
1059 4151 1730 4226 prophetae-requiescunt,
1757 4149 1849 4204 ubi
1872 4164 2008 4220 apo-

413 4250 539 4308 stoli
564 4256 621 4306 et
661 4247 1009 4320 evangelista:
1058 4259 1227 4316 super
1255 4244 1519 4315 gloriosos
1549 4242 1740 4300 sedent
1761 4242 2006 4306 thronos,

414 4344 506 4400 ubi
531 4341 817 4398 multitudo
854 4348 1159 4411 martyrum
1209 4336 1261 4391 iu
1288 4336 1463 4408 gloria
1489 4343 1696 4391 :eterna
1725 4332 2009 4403 gloriatur,

416 4434 506 4490 ubi
537 4433 827 4504 copiositas
847 4431 1119 4502 virginum
1153 4427 1208 4482 in
1237 4426 1436 4482 saecula
1469 4424 1740 4490 exsultat,
1786 4430 2014 4495 portans

417 4541 678 4581 coronam
710 4522 1069 4579 immaculata:
1099 4519 1452 4589 virginitatis.
1478 4518 1844 4589 (Aug.,'serm.
1874 4516 1923 4577 l,
1947 4514 2012 4569 de

420 4616 550 4681 festo
579 4615 812 4670 omnium
837 4611 1186 4681 sanctorum.)
1218 4610 1263 4666 O
1289 4609 1586 4665 dulcissimi
1632 4607 1855 4674 fratres,
1878 4622 2015 4661 una-

423 4706 586 4761 nimis
602 4705 911 4770 conventio,
941 4702 1135 4759 hilaris
1160 4702 1528 4772 congregatio,
1553 4699 1761 4773 fulgens
1787 4698 2014 4769 conjun-

421 4801 550 4855 ctio.
581 4801 662 4856 lta
682 4808 768 4856 est
804 4816 834 4856 a
865 4798 1065 4856 sarculo
1113 4797 1450 4867 beneplacita
1478 4806 1536 4853 et
1556 4797 1871 4853 annuntiata
1917 4813 2016 4854 ex-

422 4890 663 4956 sultatio,
693 4891 796 4946 ista
823 4889 893 4945 ab
914 4890 1072 4945 initio
1098 4898 1321 4944 narrata
1348 4889 1583 4960 requies.
1607 4889 1666 4943 In
1681 4888 1841 4943 istam
1859 4887 2013 4944 festi-

427 4989 625 5036 narunt
650 4981 731 5037 ire
752 4996 942 5038 omnes
974 4981 1264 5036 Dominum
1283 4979 1587 5050 diligentes,
1618 4979 1686 5034 ad
1714 4980 1873 5035 istam
1903 4980 2016 5035 col-

425 5076 667 5147 liguntur
690 5089 881 5131 omnes
905 5091 971 5130 ex
1019 5075 1271 5147 gentibus
1305 5073 1531 5129 Domino
1557 5073 1861 5139 credentes,
1892 5072 2018 5128 reli-

426 5169 733 5241 giositatem
760 5176 1061 5234 servantes,
1078 5170 1134 5224 in
1158 5183 1280 5225 eam
1307 5175 1361 5224 et
1387 5181 1691 5223 nosomnes
1705 5181 2012 5237 pergamus.

426 5262 472 5317 O
500 5260 736 5334 religiosi
766 5259 863 5315 filii
886 5259 1003 5323 Dei,
1028 5261 1096 5315 ad
1126 5261 1286 5316 istam
1314 5260 1461 5315 omni
1506 5259 1705 5316 virtute
1733 5268 1915 5313 nostra
1941 5257 2019 5312 fe-

427 5355 711 5410 stinemus.
740 5352 883 5409 Nihil
933 5366 1033 5407 nos
1054 5360 1296 5416 revocet,
1323 5350 1458 5405 nihil
1514 5365 1614 5405 nos
1648 5350 1907 5413 retardet,
1940 5348 2022 5402 ni-

432 5445 505 5498 tiil
544 5460 644 5501 nos
675 5443 932 5515 impediat
959 5443 1027 5498 ad
1052 5443 1156 5499 hoc
1180 5442 1539 5499 desiderabile
1561 5457 1853 5511 properare
1886 5455 2023 5495 con-

430 5535 651 5590 vivium.
683 5533 911 5591 Omnem
943 5533 1322 5606 negligentiam
1343 5548 1374 5587 a
1419 5534 1576 5588 nobis
1604 5531 1886 5601 pellamus,
1909 5545 2022 5586 om-

437 5638 665 5694 nemque
688 5625 949 5681 desidiam
970 5624 1039 5679 ab
1065 5624 1269 5689 animo,
1296 5633 1352 5679 et
1370 5623 1615 5692 corporis
1638 5621 2021 5692 impedimenta

438 5728 467 5764 a
497 5716 651 5769 nobis
671 5716 1039 5787 projiciamus,
1077 5725 1138 5773 ut
1164 5714 1324 5786 hujus
1350 5714 1705 5772 beatitudinis
1724 5722 1778 5769 et
1810 5711 2018 5782 requiei

2102 1839 2384 1893 litudinem
2406 1837 2719 1893 securitatis
2748 1836 2930 1903 habet,
2963 1835 3050 1892 leo
3086 1845 3190 1892 est.
3226 1836 3382 1892 Unde
3429 1838 3696 1908 scriptum

2098 1938 2180 1983 est
2207 1948 2218 1982 :
2256 1927 2445 1983 Justus
2467 1936 2642 1982 autem
2663 1928 2816 1999 quasi
2843 1927 2923 1981 leo
2956 1927 3245 1998 conﬁdens,
3270 1929 3466 1984 absone
3495 1938 3699 1984 terrore

2096 2020 2194 2073 erit
2219 2015 2400 2090 (Prov.
2419 2018 2634 2090 xxviii).
2653 2016 2788 2085 Quia
2803 2032 2935 2072 vero
2959 2018 3264 2074 sublimiter
3286 2019 3700 2091 contemplatur

2098 2126 2161 2165 ea
2192 2126 2313 2181 qua:
2343 2110 2585 2166 coelestia
2612 2118 2773 2182 atque
2801 2122 3007 2169 acterna
3036 2113 3379 2184 sunt,aquila
3402 2124 3508 2170 est.
3526 2115 3705 2188 Igitur

2100 2204 2353 2273 quoniam
2377 2203 2558 2274 justus
2595 2221 2695 2277 per
2716 2205 2982 2263 rationem
3002 2208 3190 2273 homo,
3218 2224 3317 2278 per
3360 2210 3503 2264 sacri
3514 2210 3700 2266 licium

2099 2295 2533 2351 mortificationis
2560 2313 2673 2353 suae
2698 2296 2921 2364 vitulus,
2947 2313 3044 2369 per
3065 2297 3441 2357 fortitudinem
3485 2302 3709 2358 securi-

2100 2386 2232 2442 tatis
2257 2387 2361 2454 leo,
2389 2403 2488 2460 per
2512 2389 3024 2460 contemplationem
3057 2407 3188 2447 vero
3216 2392 3450 2449 edicitur
3490 2395 3705 2464 aquila,

2102 2488 2251 2536 recte
2279 2497 2376 2552 per
2403 2481 2521 2537 lucc
2564 2492 2755 2538 sancta
2795 2481 3052 2538 animalia
3092 2484 3295 2555 signari
3325 2489 3712 2560 unusquisque

2100 2570 2376 2643 perfectus
2400 2580 2596 2643 potest.
2618 2571 2754 2641 Quia
2792 2575 3237 2643 omnisintcutio,
3258 2578 3547 2650 omnisque
3572 2596 3712 2636 con-

2103 2661 2381 2733 templatio
2407 2670 2717 2719 sanctorum
2760 2679 2922 2735 super
2950 2680 3008 2720 se
3043 2666 3236 2733 tendit,
3258 2674 3320 2723 ut
3371 2668 3503 2726 illud
3531 2671 3715 2740 possit

2103 2753 2329 2825 adipisci
2362 2754 2506 2824 quod
2535 2754 2589 2809 in
2618 2754 2934 2811 coelestibus
2963 2757 3188 2829 appetit.
3222 2755 3351 2815 Sive
3380 2760 3528 2815 enim
3560 2761 3715 2816 bono

2103 2845 2276 2915 operi,
2307 2860 2401 2901 seu
2426 2845 2633 2901 cmlesti
2668 2845 2909 2917 invigilct
2934 2836 3397 2919 contemplationi,
3433 2859 3564 2906 tuac
3607 2868 3712 2908 ve-

2105 2938 2304 2993 raciter
2327 2939 2431 2993 hoc
2457 2939 2600 3007 quod
2629 2938 2740 3009 agit
2792 2939 2994 2997 bonum
3019 2947 3103 2995 est
3148 2941 3367 3010 quando
3400 2942 3452 2996 ei
3490 2942 3718 3012 placere

2105 3030 2442 3102 concupiscit
2464 3046 2496 3085 a
2522 3046 2630 3102 quo
2676 3040 2779 3087 est.
2812 3031 2926 3099 Qua
2962 3033 3015 3087 in
3046 3048 3102 3088 re
3145 3036 3484 3104 pensandum
3511 3049 3596 3093 est
3655 3046 3720 3094 ut

2032 3124 2076 3186 C
2107 3136 2269 3177 omne
2317 3122 2518 3177 bonum
2550 3123 2690 3192 quod
2736 3123 2917 3193 agitur
2963 3138 3062 3193 per
3092 3124 3447 3182 intentionem
3494 3143 3722 3196 semper

2105 3212 2172 3266 ad
2198 3210 2442 3267 cmlcstia
2479 3211 2707 3268 levetur.
2741 3211 2912 3268 Electi
2957 3221 3139 3269 autem
3187 3215 3317 3284 quia
3358 3226 3411 3271 et
3460 3218 3516 3272 in
3566 3220 3720 3274 [iuno

2104 3318 2268 3374 opere
2293 3304 2650 3374 omnipotenti
2676 3305 2788 3361 Deo
2814 3304 3029 3375 placere
3057 3315 3338 3378 appetunt,
3369 3319 3425 3365 et
3445 3325 3545 3381 per
3568 3326 3715 3368 con-

2107 3393 2474 3465 templationis
2501 3396 2731 3466 gratiam
2758 3403 3017 3451 mternam
3042 3395 3157 3466 jam
3182 3397 3574 3455 beatitudinem
3608 3403 3714 3457 de-

2106 3495 2328 3558 gustare
2357 3487 2774 3557 concupiscunt,
2802 3485 2965 3557 facies
3013 3498 3061 3541 et
3108 3504 3305 3558 pennas
3349 3489 3577 3560 desuper
3626 3509 3730 3547 e1-

2106 3581 2327 3634 Iemlunt
2354 3579 2571 3652 (Ezeclt.
2600 3582 2661 3652 ι).
3202 3569 3206 3573 4

2684 3672 2913 3730 CAPUT
2951 3673 3133 3730 XCIV.

2107 3767 2185 3821 De
2198 3784 2256 3821 eo
2273 3766 2410 3837 quod
2424 3764 2703 3837 Apostolus
2717 3766 2818 3819 ait:
2832 3765 2905 3820 Ca
2914 3783 2974 3821 ro
2987 3766 3343 3837 concupiscit,
3358 3778 3462 3823 etc.
3480 3765 3606 3865 ίϐαι
3615 3770 3722 3841 .v).

2177 3878 2624 3949 Concupiscentia
2660 3879 2841 3934 carnis
2859 3888 2946 3935 est
2994 3887 3173 3935 motus
3200 3880 3400 3935 animze
3428 3881 3610 3951 turpis
3668 3881 3723 3938 in

2058 4039 2067 4047 ο
2111 3970 2359 4027 allectum
2406 3969 2639 4025 sordidae
2667 3969 3064 4028 delectationis.
3095 3970 3554 4043 Concupiscentia
3582 3988 3726 4032 rem

2110 4065 2333 4135 spiritus
2364 4072 2450 4120 est
2471 4064 2672 4121 ardens
2710 4065 2938 4121 intentio
2968 4066 3166 4122 mentis
3193 4066 3247 4120 in
3272 4065 3544 4122 desideria
3588 4081 3728 4124 san-

2110 4167 2213 4211 cta:
2233 4155 2468 4210 virtutis.
2484 4155 2588 4211 Ista
2613 4155 2717 4211 sibi
2744 4156 3147 4212 consentientes
3167 4156 3337 4211 mittit
3358 4157 3429 4211 ad
3461 4171 3720 4226 regnum,

2113 4249 2199 4303 illa
2265 4248 2333 4302 ad
2394 4246 2715 4318 supplicium
2778 4247 3188 4317 sempiternum.
3259 4245 3724 4317 Coucupiscmtia

2114 4353 2350 4410 namque
2375 4338 2557 4394 carnis
2584 4339 2819 4409 primum
2859 4337 3144 4394 illecebras
3170 4338 3427 4394 vitiorum
3473 4340 3531 4394 in
3564 4340 3723 4411 eog'-

2116 4430 2412 4485 tationibus
2444 4429 2634 4501 gignit.
2651 4429 3102 4500 Concupiscentia
3132 4444 3264 4485 vero
3284 4430 3515 4500 spiritus
3538 4448 3724 4488 coori-

2121 4524 2290 4579 trario
2340 4523 2697 4593 cogitationes
2771 4530 2990 4579 sanctas
3044 4523 3417 4579 indesinenter
3465 4528 3701 4596 opponit

2121 4615 2214 4670 lila
2254 4614 2448 4671 fabulis
2488 4614 2645 4668 vanis
2700 4612 3006 4670 oblectatur
3055 4623 3112 4669 et
3163 4615 3371 4681 verbis,
3401 4616 3507 4671 ista
3574 4616 3726 4674 Scri-

2121 4718 2403 4777 pturarum
2436 4707 2882 4762 meditationibus
2918 4716 3083 4778 atque
3105 4709 3411 4779 pmccptis.
3444 4707 3543 4764 llla
3598 4726 3726 4782 gan.

2123 4800 2215 4853 det
2266 4798 2590 4869 spectaculis
2646 4813 2829 4853 rerum
2887 4799 3263 4865 terrestrium,
3318 4799 3421 4854 ista
3474 4812 3723 4858 contan

2120 4890 2359 4959 platione
2400 4891 2705 4946 caelestium
2741 4891 3080 4962 gaudiorum.
3120 4890 3214 4945 l'lla
3258 4901 3475 4946 terrena
3524 4894 3721 4963 gaudia

2121 4980 2335 5050 quzcrit,
2365 4980 2469 5036 ista
2506 4985 2739 5052 gemitus
2766 4990 2823 5036 et
2847 4981 3080 5051 suspiria
3126 4981 3315 5036 trahit.
3345 4981 3439 5037 Illa
3493 4982 3551 5036 in
3575 5000 3723 5038 som-

2122 5091 2249 5129 num
2278 5083 2439 5145 atque
2469 5075 2744 5145 pigritiam
2792 5090 2993 5146 corpus
3032 5076 3260 5141 relaxat,
3303 5078 3408 5133 ista
3438 5077 3492 5131 in
3520 5078 3723 5150 vigiliis

2121 5174 2178 5219 et
2221 5166 2653 5236 competentibus
2689 5166 3031 5221 orationibus
3078 5167 3347 5223 elaborat.
3378 5168 3471 5223 illa
3501 5183 3605 5239 per
3645 5170 3723 5224 in-

2121 5259 2355 5330 gluviem
2388 5258 2659 5315 illecebris
2709 5259 2919 5314 ventris
2962 5267 3020 5314 et
3056 5258 3327 5315 desiderio
3363 5262 3602 5332 gutturis
3644 5260 3724 5315 in-

2123 5360 2339 5415 aestuat,
2374 5350 2473 5405 ista
2498 5349 2844 5419 semetipsum
2877 5346 3099 5418 jejuniis
3128 5357 3184 5405 et
3209 5349 3555 5406 abstinentiae
3596 5365 3721 5405 cm-

2123 5442 2358 5498 ciatihus
2385 5446 2642 5495 macerat.
2667 5438 2758 5493 llla
2777 5438 3003 5494 luxuriat
3028 5439 3242 5494 subdita
3265 5439 3504 5510 turpium
3529 5453 3720 5511 perpe-

2125 5533 2418 5587 trationum
2441 5529 2685 5597 allectus,
2711 5547 2848 5601 quos
2871 5530 3170 5586 intentione
3189 5530 3539 5603 cogitationis
3583 5530 3716 5601 agit,

2126 5622 2455 5694 perfectione
2478 5622 2773 5679 voluntatis
2817 5621 3035 5693 explere
3056 5622 3366 5689 contendit;
3406 5622 3510 5678 ista
3554 5618 3720 5675 casti«

2128 5713 2257 5770 tatis
2292 5723 2348 5770 ct
2398 5713 2671 5786 pudicitia:
2714 5717 3053 5771 honestatem
3098 5713 3289 5787 diligit.
3329 5713 3421 5769 Illa
3475 5712 3721 5771 avaritiae
