3960 6198
289 322 394 381 835

1467 315 1772 374 DIADEMA
1813 313 2318 401 lilOTiACIIORUM.

3447 320 3552 375 686

288 437 502 494 ﬂamma
529 449 804 496 succensa,
829 432 1031 504 appetit
1057 433 1264 488 lucrum
1288 474 1301 497 ,
1353 443 1405 487 et
1443 431 1578 501 fugit
1602 440 1634 486 lt
1656 446 1865 500 mpera—
1893 431 1938 488 Λ
1967 428 2107 482 hom.
2137 429 2216 500 4.)
2245 431 2384 485 Ante
2417 430 2609 486 faciem
2645 431 2842 501 quippe
2872 431 3170 496 ambulare,
3208 442 3290 489 est
3318 444 3553 493 anterio-

288 528 416 582 lium
448 528 642 580 damna
699 541 907 585 rerum;
952 525 1052 578 ista
1082 531 1432 578 contemnens
1476 523 1753 584 mundum,
1784 536 1871 575 so—

287 620 397 674 lum
439 619 539 672 sibi
575 619 811 672 vindieat
841 616 1134 671 Christum.
1175 616 1268 670 Illa
1301 616 1478 670 invida
1509 613 1712 668 nullum
1765 615 1868 670 sibi

283 711 618 780 superiorem
658 708 740 761 vel
778 709 1037 777 mqualem
1061 723 1180 763 esse
1206 707 1489 776 permittit,
1518 707 1612 760 sed
1655 707 1867 760 interno

282 800 454 854 livore
482 797 720 851 vulneris
744 797 809 850 de
835 805 1152 851 cunctorum
1192 794 1430 864 profectu
1462 793 1720 860 tabescit;
1763 794 1865 849 ista

277 893 347 946 de
363 897 682 945 cunctorum
711 889 1004 942 virtutibus
1028 889 1246 959 gaudet,
1277 895 1332 941 et
1355 886 1592 940 minores
1637 887 1738 958 sibi
1765 901 1865 955 pro

276 983 544 1037 eharitate
572 981 854 1051 praeponit.
874 980 965 1034 Illa
995 988 1301 1034 exazstuans
1330 978 1463 1033 nihil
1487 979 1865 1047 aequanimiter

274 1081 480 1142 portat,
505 1072 597 1126 sed
635 1071 946 1141 perturbata
986 1078 1164 1124 mente
1187 1085 1357 1139 usque
1383 1069 1449 1124 ad
1489 1084 1646 1124 voces
1673 1069 1866 1122 tumul-

276 1173 392 1216 tum
422 1161 654 1224 exaltat;
707 1161 808 1215 ista
855 1160 996 1214 nulla
1025 1162 1436 1230 exasperatione
1471 1171 1737 1226 movetur,
1769 1163 1864 1217 sed

273 1266 375 1320 per
400 1250 801 1319 tranquillitatis
830 1251 1295 1328 mansuetudinem
1319 1251 1590 1321 patienter
1607 1253 1859 1308 sustinet.

271 1341 366 1394 Illa
393 1341 608 1395 tristitia
636 1339 894 1404 inficitur,
925 1341 1052 1394 dum
1102 1341 1356 1410 qnzelibet
1389 1341 1614 1396 adversa
1647 1357 1864 1411 persen-

268 1434 439 1495 serit;
481 1433 580 1487 ista
611 1433 755 1486 nullo
779 1447 1011 1487 nuerorc
1035 1432 1316 1504 frangitur,
1337 1435 1431 1488 sed
1453 1434 1614 1488 etiam
1637 1435 1778 1489 mala
1795 1437 1860 1491 de

267 1522 535 1592 proximis
575 1531 818 1590 portans,
844 1522 912 1576 ab
944 1521 1202 1577 interiore
1231 1523 1426 1593 gaudio
1455 1539 1559 1578 non
1589 1533 1854 1579 movetur.

265 1613 363 1668 IIIa
390 1615 683 1668 ambitione
711 1614 974 1669 honorum
1027 1613 1286 1680 inficitur,
1309 1624 1361 1669 et
1398 1615 1646 1671 humanis
1689 1616 1860 1670 laudi-

265 1706 372 1758 bus
396 1703 480 1758 vel
509 1703 776 1758 illecebris
803 1719 956 1758 vanae
980 1703 1163 1774 gloriae
1207 1704 1501 1770 delinitur;
1545 1706 1644 1760 ista
1678 1707 1857 1760 humi-

266 1796 478 1850 Iitatem
514 1804 690 1860 amat,
717 1803 771 1851 et
795 1795 896 1850 soli
936 1795 1046 1850 Deo
1087 1812 1184 1850 suo
1219 1797 1309 1866 qni
1341 1797 1614 1867 inspector
1656 1798 1855 1853 mentis

262 1894 372 1952 est,
406 1887 620 1958 placere
650 1888 898 1943 delectat.
939 1887 1032 1941 IIIa
1066 1887 1247 1942 inﬂata
1293 1889 1561 1959 superbiae
1596 1887 1738 1945 fastu
1759 1905 1856 1945 cor

262 1979 526 2032 miserum
566 1978 774 2044 elevat;
823 1979 924 2034 ista
955 1994 1023 2034 ne
1057 1995 1085 2032 a
1113 1979 1437 2034 celsitudine
1466 1995 1563 2034 sua
1595 1992 1851 2046 corruat,

263 2083 441 2136 usque
486 2068 539 2120 in
581 2067 762 2122 infima
789 2069 1023 2138 seipsam
1053 2069 1318 2124 humiliat.
1377 2069 1483 2124 Sed
1511 2070 1641 2139 quid
1666 2070 1856 2140 plura?

259 2157 712 2227 Concupiscentia
735 2160 935 2223 carnis,
958 2160 1013 2214 in
1060 2161 1301 2214 omnium
1327 2161 1582 2215 vitiorum
1619 2161 1857 2215 multitu-

260 2248 449 2302 dinem
499 2249 602 2302 sibi
647 2250 1054 2305 consentientes
1079 2251 1408 2320 przecipitat.
1453 2249 1854 2319 Concupiscun-

260 2341 337 2392 tia
366 2355 497 2395 vero
537 2339 758 2408 spiritus
783 2349 1016 2396 mentem
1045 2341 1269 2407 lassam,
1293 2356 1361 2395 ne
1391 2338 1626 2405 deficiat,
1654 2355 1748 2410 spe
1771 2339 1852 2395 fu-

258 2439 404 2483 turae
427 2429 607 2500 glorise
627 2432 959 2486 corroborat.

834 2529 1062 2586 CAPUT
1095 2529 1256 2586 XCV.

258 2618 409 2684 Quid
427 2623 496 2674 sit
518 2621 738 2692 impetus
760 2621 996 2691 spiritus,
1040 2632 1089 2675 et
1117 2621 1244 2694 quid
1270 2623 1338 2676 sit
1383 2623 1604 2693 impetus
1653 2625 1848 2680 carnis.

331 2710 392 2764 In
422 2711 610 2765 electis
650 2719 706 2765 et
732 2711 974 2781 reprohis
1014 2712 1212 2766 diversi
1250 2722 1378 2767 sunt
1439 2713 1670 2782 impetus
1718 2731 1732 2766 :
1795 2715 1849 2769 in

254 2802 450 2858 electis
479 2803 727 2858 videlicet
754 2804 989 2872 impetus
1016 2804 1258 2873 spiritus,
1287 2806 1342 2860 in
1387 2807 1632 2877 reprobis
1683 2807 1852 2876 impe-

256 2904 349 2948 tus
377 2894 576 2948 carnis.
605 2894 841 2963 Impetus
861 2896 1059 2965 quippe
1083 2897 1266 2951 carnis
1297 2899 1364 2953 ad
1388 2897 1595 2962 odium,
1630 2899 1698 2952 ad
1739 2899 1851 2952 ela-

255 2986 490 3050 tionem,
531 2985 596 3040 ad
644 2986 1063 3054 immunditiam,
1096 2989 1163 3043 ad
1194 2989 1462 3059 rapinam,
1491 2990 1557 3044 ad
1611 2991 1850 3044 exterio-

254 3091 380 3130 rem
426 3075 674 3146 gloriam,
729 3077 1247 3145 ad-crndelitatem,
1296 3080 1362 3134 ad
1412 3080 1727 3150 perfidiam,
1781 3082 1848 3136 ad

252 3165 716 3234 desperationem,
778 3167 846 3222 ad
889 3167 1050 3233 iram,
1099 3169 1164 3222 ad
1218 3167 1420 3240 iurgia,
1453 3172 1520 3226 ad
1538 3171 1843 3241 voluptates

253 3260 506 3314 animum
534 3259 778 3329 impellit.
811 3259 1048 3330 Impetus
1073 3277 1201 3317 vero
1253 3263 1475 3332 spiritus
1505 3265 1572 3318 ad
1609 3265 1846 3319 charita-

255 3363 390 3416 tem,
419 3353 486 3406 ad
513 3342 892 3419 humilitatem,
923 3355 990 3408 ad
1016 3355 1427 3420 continentiam,
1453 3355 1844 3426 adlargilatcm

254 3444 666 3510 misericordizn,
699 3445 765 3499 ad
795 3445 1107 3502 interiorem
1148 3432 1493 3515 profectum,’
1533 3448 1598 3501 ad
1628 3448 1845 3517 pietatis

253 3550 459 3604 opera,
523 3536 592 3590 ad
637 3544 964 3591 :eternornm
1019 3536 1199 3604 fidem,
1248 3539 1316 3592 ad
1363 3552 1512 3609 spem
1566 3539 1846 3608 sequentis

255 3626 474 3698 gaudii,
541 3625 606 3680 ad
632 3627 970 3696 patientiam,
1005 3628 1072 3681 ad
1093 3641 1304 3697 pacem,
1333 3629 1402 3682 ad
1449 3628 1840 3683 consideratio-

255 3735 383 3773 nem
435 3719 558 3773 vit-.e
603 3719 924 3774 immortalis
967 3727 1024 3773 et
1052 3719 1324 3791 Iacrymas
1345 3728 1583 3774 mentem
1631 3728 1845 3790 pertra-

256 3814 358 3867 hit.
392 3812 543 3868 Unde
565 3827 788 3868 necesse
813 3821 897 3868 est
922 3821 982 3867 ut
1007 3828 1199 3883 magna
1241 3826 1457 3881 semper
1502 3827 1632 3867 cura
1664 3813 1844 3867 consi-

254 3904 453 3958 derare
480 3903 772 3959 debeamus
818 3904 871 3957 in
900 3918 1062 3959 omne
1105 3903 1248 3974 quod
1297 3903 1529 3973 agimus,
1589 3919 1696 3973 quo
1742 3920 1843 3959 nos

254 3993 493 4061 impetus
514 3993 678 4048 ducat
707 4011 719 4046 :
747 4001 927 4047 utrum
957 4001 1145 4049 nostra
1173 3992 1430 4064 cogitatio
1469 3994 1841 4064 pcrimpetum

252 4083 442 4138 carnis
463 4098 532 4136 an
564 4099 659 4154 per
689 4083 944 4153 impetum
988 4084 1214 4154 spiritus
1264 4084 1588 4154 impellatur.
1641 4085 1842 4139 Amare

252 4175 405 4229 cnim
441 4182 677 4239 terrena,
704 4175 1022 4244 temporalia
1068 4176 1288 4232 aeternis
1325 4191 1656 4247 praeponere,
1692 4184 1842 4230 exte-

251 4271 400 4322 riora
429 4269 569 4323 bona
599 4283 704 4323 non
742 4269 807 4324 ad
838 4284 995 4324 usum
1029 4269 1338 4324 necessaria
1376 4268 1600 4332 habere,
1647 4268 1740 4322 sed
1770 4267 1839 4322 ad

255 4357 588 4428 voluptatem
614 4360 1021 4429 concupiscere,
1047 4359 1306 4416 ultionem
1336 4361 1403 4416 de
1442 4359 1666 4414 inimico
1692 4373 1839 4428 qure-

1973 534 2030 573 ra
2059 528 2264 590 petere.
2295 521 2353 576 In
2378 523 2629 591 prasscnti
2657 536 2786 576 vero
2812 523 3206 589 ambularc,est
3229 526 3552 598 sibimetipsi

1967 611 2246 667 absentem
2291 627 2397 667 non
2427 628 2566 668 esse.
2598 613 2786 669 Omnis
2811 614 3011 668 etenim
3056 614 3238 683 justus
3270 619 3362 687 qui
3383 620 3553 676 vitam

1967 715 2122 755 suam
2148 701 2413 758 sollicitus
2437 704 2648 773 aspicit,
2670 711 2726 759 et
2755 703 3040 773 diligenter
3054 707 3361 762 considerat
3379 725 3553 779 quan-

1968 798 2081 844 tum
2111 793 2353 862 quotidie
2375 793 2429 847 in
2458 793 2614 848 bonis
2646 802 2876 859 crescat,
2911 802 3005 848 aut
3036 792 3270 852 fortasse
3288 809 3553 867 quantum

1966 899 1996 937 a
2021 884 2174 938 bonis
2203 883 2502 948 decrescat,
2533 885 2636 939 iste
2661 885 2788 955 quia
2813 900 2874 940 se
2899 893 3025 940 ante
3051 899 3109 940 se
3146 888 3321 956 ponit,
3367 903 3553 945 coram

1966 988 2024 1028 se
2054 973 2312 1038 ambulat,
2343 974 2541 1044 quippe
2567 975 2660 1044 qui
2680 974 2970 1044 vigilanter
2997 976 3142 1030 videt
3171 985 3349 1032 utrum
3367 990 3553 1050 surgat

1967 1078 2034 1118 an
2068 1063 2287 1120 deﬂuat.
2316 1065 2574 1136 Quisquis
2600 1079 2731 1121 vero
2758 1067 2885 1121 vita:
2916 1083 3027 1121 sua:
3054 1071 3357 1125 custodiam
3382 1073 3553 1141 negli-

1963 1158 2062 1226 git,
2094 1157 2364 1213 discutere
2389 1159 2533 1228 quod
2561 1159 2693 1229 agit,
2715 1173 2839 1229 quae
2865 1158 3123 1228 loquitur,
3161 1176 3283 1230 qua:
3323 1165 3548 1232 cogitat,

1963 1258 2058 1304 aut
2083 1249 2331 1319 despicit,
2361 1259 2454 1305 aut
2474 1252 2668 1314 nescit,
2696 1266 2884 1307 coram
2910 1267 3091 1306 senon
3127 1253 3387 1320 ambulat,
3419 1255 3548 1325 quia

1962 1343 2140 1411 qualis
2162 1344 2234 1397 sit
2258 1343 2310 1396 in
2339 1343 2454 1398 suis
2479 1345 2721 1399 moribus
2751 1343 2837 1399 vel
2886 1343 3098 1398 actibus
3145 1345 3378 1415 ignorat.
3435 1346 3551 1402 Nec

1962 1435 2284 1503 sibimetipsi
2315 1449 2552 1504 praesens
2610 1443 2716 1499 est,
2770 1434 2863 1503 qui
2910 1435 3261 1504 semetipsum
3307 1439 3552 1506 quotidie

1961 1535 2216 1579 excutere
2243 1533 2405 1594 atque
2445 1538 2774 1595 cognoscere
2824 1521 3090 1577 sollicitus
3142 1540 3248 1578 non
3297 1535 3398 1580 est.
3457 1527 3550 1581 Ille

1932 1625 2140 1678 autem
2173 1615 2439 1670 veraciter
2467 1630 2526 1669 se
2563 1623 2692 1669 ante
2744 1628 2804 1670 se
2842 1613 3015 1683 ponit,
3068 1614 3280 1684 sibique
3311 1617 3366 1670 in
3413 1632 3551 1686 [περ

1960 1707 2100 1761 senti
2133 1706 2341 1774 est,qui
2371 1721 2430 1761 se
2455 1706 2508 1759 in
2536 1706 2873 1761 suisactibus
2899 1712 3157 1774 tanquam
3180 1706 3341 1761 alium
3367 1717 3544 1764 atten-

1882 1784 1930 1843 B
1958 1796 2054 1850 dit.
2088 1794 2164 1867 (I1
2172 1812 2234 1848 uc
2256 1812 2417 1866 usque
2443 1791 2684 1866 Gregor.)
2728 1795 2997 1850 Debemus
3023 1809 3154 1866 ergo
3185 1799 3547 1867 nosmetipsos

1957 1884 2184 1939 sollicite
2205 1884 2345 1938 sicut
2384 1884 2519 1939 alios
2543 1886 2746 1952 videre,
2790 1899 2998 1958 nosque
3042 1885 3209 1954 ipsos,
3237 1895 3295 1940 ut
3336 1888 3543 1942 dictum

1955 1982 2057 2038 est,
2083 1983 2209 2029 ante
2240 1989 2338 2030 nos
2364 1989 2591 2043 ponere,
2624 1977 2753 2030 etin
2805 1978 3016 2034 cunctis
3063 1993 3183 2047 quae
3219 1978 3429 2046 agimus
3457 1978 3544 2033 in-

1955 2067 2126 2121 terius
2152 2074 2207 2120 et
2240 2067 2482 2122 exterius
2507 2084 2606 2122 nos
2636 2069 2927 2139 diligenter
2947 2070 3225 2125 custodire
3253 2071 3539 2126 debemus.

2518 2160 2744 2216 CAPUT
2764 2159 2964 2215 XCVII.
3449 2216 3462 2219 _

1954 2248 2032 2303 De
2057 2265 2116 2303 eo
2139 2251 2282 2320 quod
2314 2251 2564 2321 scriptum
2587 2261 2663 2304 est
2693 2250 2899 2321 :_70mni
2952 2251 3201 2321 custodia
3231 2267 3385 2308 serva
3440 2266 3542 2307 cor

2494 2330 2645 2374 tuum
2679 2319 2863 2388 (Prov.
2894 2319 2991 2391 tv).

2025 2429 2172 2484 Dicis
2218 2429 2470 2496 fortasse,
2519 2432 2787 2500 quomodo
2829 2439 3054 2503 possum
3106 2433 3383 2490 custodire
3435 2449 3535 2492 cor

1953 2537 2154 2589 meum,
2186 2533 2246 2577 ut
2271 2523 2409 2577 mala
2437 2539 2543 2579 non
2573 2517 2959 2596 eogitet?Audi
2985 2526 3534 2584 breviterrationem.

1952 2612 2116 2668 Potes
2145 2614 2444 2678 evidenter,
2472 2615 2516 2668 si
2549 2615 2728 2670 divina
2760 2625 2815 2672 et
2843 2617 3084 2673 caelestia
3109 2601 3407 2676 mediteris.
3433 2619 3510 2676 Ta
3535 2653 3537 2655 ι

1953 2718 2076 2756 men
2104 2703 2209 2756 tria
2239 2711 2365 2758 sunt
2403 2720 2524 2772 qua:
2577 2715 2805 2774 possunt
2834 2723 2862 2761 a
2915 2708 3070 2764 malis
3117 2710 3537 2781 cogitationibus

1953 2793 2188 2847 animam
2217 2792 2485 2849 liberare:
2517 2795 2697 2864 vigilia
2727 2807 2938 2864 sancta,
2969 2799 3146 2854 oratio
3201 2806 3258 2854 et
3309 2800 3538 2857 medita-

1952 2885 2049 2938 tio.
2089 2883 2290 2940 Ilarum
2337 2887 2630 2943 assiduitas
2677 2889 2887 2944 confert
2935 2892 3130 2946 anima:
3161 2892 3531 2960 stabilitatem,

1952 2987 2012 3032 ut
2040 2978 2196 3032 bonis
2221 2979 2640 3050 cogitationibus
2665 2992 2846 3037 etnon
2898 2983 3057 3039 malis
3110 2974 3424 3056 occupetur.
3475 2989 3536 3044 Si

1951 3068 2034 3122 vis
2061 3067 2114 3122 in
2143 3070 2342 3124 mundo
2367 3084 2462 3125 cor
2485 3074 2744 3126 mundum
2782 3073 3003 3139 habere,
3035 3075 3123 3130 die
3158 3091 3281 3131 cum
3311 3077 3483 3133 David
3515 3097 3529 3132 :

1954 3159 2239 3215 Meditata;
2270 3177 2388 3216 sum
2411 3173 2562 3218 nocte
2617 3180 2735 3218 cum
2770 3167 2927 3220 corde
2951 3183 3084 3234 meo,
3116 3166 3178 3222 ρι’
3219 3169 3535 3226 ventilabam

1947 3255 2002 3308 in
2031 3271 2112 3308 me
2139 3256 2384 3326 spiritum
2409 3272 2581 3310 meant
2614 3254 2730 3328 (Ps.
2757 3255 2962 3330 LXXVI).
2985 3258 3252 3327 Quantum
3277 3269 3535 3318 cortuum

1949 3347 2260 3402 meditando
2287 3347 2614 3412 domaveris,
2672 3359 2882 3405 tantum
2927 3352 3213 3410 sublimius
3242 3369 3535 3426 conseque-

1949 3438 2025 3491 ris
2053 3438 2358 3506 prtemium,
2387 3447 2444 3492 et
2469 3438 2702 3494 clariore
2733 3442 3015 3508 sapientiae
3043 3451 3098 3496 et
3119 3444 3534 3500 scientizelumi-

1949 3543 2018 3584 ne
2040 3528 2286 3597 fulgebis.
2322 3526 2380 3582 Si
2412 3529 2515 3592 vis,
2534 3539 2592 3583 ut
2628 3532 2875 3600 superius
2898 3533 3100 3587 dictum
3115 3541 3220 3599 est,
3248 3551 3346 3589 cor
3368 3551 3531 3592 mun-

1947 3619 2072 3672 dum
2103 3617 2325 3684 habere,
2354 3634 2630 3688 nunquam
2672 3630 2723 3675 te
2754 3621 3004 3678 inanibus
3032 3623 3226 3681 fabulis
3274 3642 3530 3699 occupes.

1946 3707 2214 3779 Quidquid
2239 3717 2392 3779 turpe
2418 3720 2501 3764 est
2535 3719 2592 3765 ct
2617 3719 2806 3766 contra
2857 3716 3200 3773 sanctitatem
3250 3733 3530 3788 nunquam

1944 3815 2038 3860 aut
2059 3822 2208 3878 agas,
2253 3814 2350 3862 aut
2397 3807 2681 3863 delecteris
2736 3810 2945 3864 audire.
2999 3807 3118 3865 Jam
3174 3828 3295 3882 qure
3347 3815 3531 3870 saeculi

1943 3907 2094 3952 (rant
2123 3898 2440 3970 deposuisti.
2471 3899 2736 3954 Christum
2771 3901 3054 3956 Dominum
3080 3904 3300 3958 induisti
3347 3904 3524 3976 (Rom.

1945 3990 2088 4063 xm).
2132 3989 2260 4046 Vide
2280 4007 2344 4045 ne
2360 3991 2425 4045 de
2454 4002 2588 4046 tecto
2615 3992 2882 4058 uirtutum,
2936 3997 3159 4064 pristina
3209 3998 3530 4067 qua‘siturus

1944 4083 2247 4137 vestimenta
2265 4082 2550 4136 descendas
2577 4081 2794 4153 (Matth.
2832 4081 3004 4153 xxiv).
3045 4101 3145 4140 nec
3170 4087 3235 4140 de
3259 4101 3392 4158 agro
3443 4104 3529 4142 rc-

1943 4177 2177 4233 vertaris
2204 4177 2444 4242 domum,
2491 4193 2558 4230 ne
2586 4176 2856 4230 fimbriam
2911 4175 3226 4244 Salvatoris,
3285 4195 3386 4236 nec
3414 4181 3529 4236 cin-

1943 4269 2132 4324 cinnes
2150 4268 2324 4322 noctis
2350 4282 2474 4322 rore
2528 4265 2884 4333 madefactos,
2929 4282 3065 4337 quos
3119 4269 3286 4325 semel
3344 4278 3530 4325 tenere

1941 4357 2156 4428 coepisti
2187 4356 2475 4426 aliquando
2507 4356 2751 4409 dimittas
2785 4372 2798 4409 :
2835 4355 2963 4411 Esto
2989 4365 3043 4408 ut
3075 4356 3261 4410 domus
3300 4358 3527 4428 fundata

251 4465 399 4515 rere,
425 4451 488 4505 de
509 4451 686 4506 aamuli
709 4467 837 4507 casu
866 4453 1119 4521 gaudere,
1157 4453 1391 4520 impetus
1415 4452 1594 4506 carnis
1617 4458 1718 4506 est.
1766 4449 1837 4504 At
1860 4477 1914 4538 Ι)
1940 4466 2098 4520 super
2122 4458 2319 4520 petram
2347 4448 2540 4519 (Matth
2561 4446 2698 4517 .vn),
2732 4447 2880 4502 nulla
2913 4455 2962 4503 te
2991 4463 3123 4502 aura
3155 4449 3336 4504 saeculi
3363 4447 3527 4519 hujus

251 4551 449 4596 contra
480 4557 662 4596 amare
684 4542 947 4608 cmlestia,
985 4551 1336 4599 contemnere
1367 4542 1704 4607 transitoria,
1729 4555 1834 4596 non

251 4617 326 4688 aJ‘
353 4631 587 4688 fructum
614 4635 905 4706 voluptatis
931 4635 1248 4697 transitura,
1276 4633 1368 4690 sed
1423 4636 1490 4690 ad
1540 4651 1698 4689 usum
1743 4649 1837 4688 ne—

249 4725 533 4780 cessitatis
559 4740 818 4794 qumrere,
850 4728 915 4782 de
943 4727 1145 4782 inimici
1181 4737 1354 4784 morte
1390 4728 1614 4794 tristari,
1666 4728 1836 4798 impe—

249 4825 346 4872 tus
367 4816 595 4886 spiritus
615 4826 716 4871 cst.
755 4818 818 4872 Et
842 4819 967 4888 quia
1011 4819 1237 4888 perfecti
1267 4821 1465 4889 quique
1517 4820 1569 4874 in
1608 4820 1727 4875 istis
1777 4838 1835 4878 se

250 4922 474 4979 semper
519 4909 808 4964 virtutibus
837 4918 1114 4974 exercent,
1160 4919 1308 4965 recte
1339 4927 1480 4965 nunc
1517 4913 1580 4965 de
1629 4913 1833 4968 sanctis

251 4999 581 5056 animalibus
610 5002 806 5056 dicitur
835 5021 848 5056 :
891 4999 988 5056 Ubi
1013 5012 1125 5056 erat
1158 5003 1378 5072 impetus
1416 5005 1652 5073 spiritus,
1706 5004 1832 5057 illuc

248 5089 628 5159 gradiebantur
657 5091 872 5165 (Ezech.
898 5093 958 5165 ι).

821 5204 1048 5262 CAPUT
1079 5207 1260 5262 XCVI.

251 5293 332 5348 De
361 5311 422 5348 co
461 5296 599 5366 quod
639 5299 991 5368 unusquisque
1017 5298 1195 5368 justus
1215 5309 1261 5353 et
1287 5309 1409 5352 ante
1447 5299 1630 5368 faciem
1657 5318 1829 5368 suam,

628 5377 676 5420 et
705 5383 883 5420 coram
906 5367 1054 5436 facie
1080 5386 1177 5423 sua
1200 5367 1456 5423 ambulat.

321 5454 464 5510 Ante
494 5455 684 5512 faciem
710 5473 840 5528 ergo
866 5475 1017 5514 suam
1067 5461 1306 5531 graditur
1344 5461 1555 5532 justus,
1596 5463 1718 5533 quia
1764 5464 1832 5518 ad

249 5561 314 5602 ea
340 5562 463 5617 qum
503 5548 817 5619 reliquerat,
851 5551 998 5606 nullo
1037 5551 1150 5622 jam
1181 5556 1424 5624 appetitu
1455 5556 1665 5625 aspicit,
1696 5563 1751 5610 et
1777 5556 1831 5610 in

250 5641 474 5694 a‘ternis
502 5656 621 5711 qua:
649 5645 873 5714 appetit,
902 5645 1001 5698 sub
1027 5647 1499 5716 contemplationis
1521 5662 1631 5703 sure
1653 5646 1827 5713 oculo,

252 5735 378 5789 boni
418 5737 599 5806 operis
619 5739 808 5808 pedem
838 5739 1006 5809 ponit.
1044 5737 1220 5811 (σι-ες.
1258 5740 1345 5794 lib.
1381 5757 1394 5793 I
1440 5756 1594 5811 super
1637 5738 1828 5794 Etcch.

1941 4543 2233 4606 concutiat,
2277 4541 2454 4596 nullus
2502 4550 2553 4597 te
2585 4547 2775 4596 ventus
2821 4540 3073 4596 desiderii
3115 4542 3264 4611 pravi
3303 4551 3521 4598 exurat.

1942 4639 2071 4694 Esto
2085 4638 2200 4710 apis
2222 4636 2662 4708 prudentissima,
2677 4634 2860 4690 favum
2877 4633 3051 4690 mellis
3073 4649 3237 4705 opera
3262 4643 3352 4690 tua
3374 4652 3524 4692 eom-

1940 4739 2164 4803 ponant,
2196 4738 2255 4784 ut
2279 4736 2369 4783 tua
2395 4727 2678 4784 dulcedine
2708 4728 2871 4782 saties
2900 4725 3196 4782 Christum.
3227 4725 3523 4798 Supervola

1937 4824 2064 4878 vitia
2087 4831 2141 4877 et
2169 4822 2448 4892 continges
2472 4836 2594 4875 eum
2616 4820 2707 4890 qui
2733 4819 2830 4872 tibi
2859 4819 2990 4874 dicit
3018 4837 3031 4872 :
3067 4818 3179 4889 Ego
3213 4821 3310 4890 ﬂos
3327 4825 3520 4893 campi,

1939 4927 1984 4970 et
2017 4918 2113 4986 [los
2149 4916 2261 4985 agri
2303 4914 2478 4987 (Cant.
2510 4916 2593 4983 ιι).
2631 4913 2870 4981 Deccrpe
2894 4911 3052 4966 flores
3072 4927 3169 4981 per
3211 4912 3522 4984 Scripturas

1939 5019 2178 5074 sanctas,
2202 5018 2261 5064 ut
2289 5010 2438 5066 dicas
2468 5023 2590 5061 eum
2606 5005 2872 5074 Propheta
2905 5022 2918 5057 :
2947 5004 3216 5059 Eractarit
3243 5024 3332 5060 cor
3347 5025 3519 5064 uicani

1938 5103 2149 5157 verbum
2185 5103 2396 5163 bonum,
2444 5101 2561 5153 dico
2607 5116 2699 5169 ego
2755 5115 2912 5168 opera
2956 5115 3070 5151 mea
3133 5101 3259 5170 regi.
3312 5100 3519 5172 Lingua

1939 5209 2054 5246 mea
2079 5191 2313 5244 calamus
2326 5189 2511 5244 scribm
2525 5189 2767 5244 velociter
2779 5187 3049 5242 scribentis
3073 5185 3188 5260 (Ps.
3206 5190 3375 5261 xuv).
3393 5191 3523 5247 Illos

1938 5298 2067 5354 ergo
2096 5281 2326 5346 imitare,
2352 5280 2473 5335 illos
2497 5293 2724 5349 sequere
2745 5278 2954 5348 quiista
2975 5279 3164 5334 audire
3182 5291 3513 5346 meruerunt,

1935 5387 2164 5443 quorum
2196 5370 2435 5435 habitus,
2473 5385 2670 5435 sermo,
2707 5370 2972 5436 incessus,
3002 5371 3134 5434 vita,
3177 5367 3401 5423 formam
3432 5369 3514 5423 in-

1933 5463 2208 5520 tuentibus
2233 5462 2492 5531 praebent.
2527 5459 2660 5516 Nam
2690 5461 2809 5517 illos
2832 5475 2971 5531 quos
2995 5460 3196 5516 videris
3223 5459 3277 5513 in
3293 5458 3511 5514 modum

1935 5556 2161 5610 turturis
2185 5555 2410 5626 pingere
2472 5553 2764 5618 incessum,
2809 5553 3074 5616 curiosos,
3126 5547 3402 5614 \erbosos,
3455 5551 3513 5606 in

1935 5647 2046 5701 risu
2075 5646 2283 5712 faciles,
2311 5647 2428 5702 sine
2461 5647 2683 5716 pudore,
2744 5644 2860 5699 sine
2900 5637 3238 5701 verecundia,
3298 5635 3511 5698 fabulas

1935 5737 2103 5792 aniles
2132 5745 2184 5792 et
2210 5753 2376 5794 vanas
2431 5737 2749 5803 referentes,
2781 5735 2846 5790 ad
2902 5743 3146 5813 cursum,
3177 5733 3382 5802 tardos,
3441 5735 3510 5785 ad
