3960 6206
409 311 510 367 687

406 444 649 485 mensam
677 434 915 498 paratos,
945 425 1011 479 ad
1026 421 1569 493 jejuniuiningmles,
1602 434 1832 488 quorum
1846 418 1989 474 oculi
2021 426 2070 485 Α

406 530 467 575 ιιι
498 521 644 575 faces
672 520 927 573 ardentes
977 516 1085 570 huc
1109 513 1342 581 illucque
1387 520 1550 565 vento
1587 510 1753 564 animi
1802 508 1985 572 flante,

325 610 328 613 Α
405 615 674 673 scintillas
699 608 1151 680 concupiscentiae
1197 615 1480 677 spargunt,
1527 610 1667 658 etut
1712 611 1830 657 rota
1877 600 1991 657 vol-

404 716 627 769 vuntur,
664 704 755 774 qui
807 700 1025 773 proprio
1079 700 1204 770 igne
1238 704 1561 766 torquentur
1616 693 1672 749 in
1718 692 1991 763 sartagine

405 800 572 856 menti
627 812 769 863 suae,
799 797 918 859 hos,
947 802 1008 849 ut
1035 793 1169 858 disi,
1201 791 1403 854 devita,
1439 789 1564 858 quia
1594 787 1857 858 scriptum
1915 785 1991 840 ιο-

405 892 671 964 giszCum
690 900 872 946 sancto
901 897 1116 943 sanctus
1128 886 1253 949 eris,
1285 894 1334 938 et
1364 898 1483 937 cum
1517 896 1758 953 perverso
1785 894 1989 949 perver-

404 989 531 1042 teris
558 984 676 1057 (Ps.
705 981 863 1054 χιιι).
896 979 1139 1035 Humiles
1166 991 1297 1031 vero
1327 973 1663 1034 obedientes,
1701 969 1991 1025 lectionem

406 1087 669 1144 amantes,
696 1074 928 1131 orationi
952 1073 1236 1131 instantes,
1269 1081 1389 1121 ama
1410 1073 1476 1119 ει
1499 1063 1680 1133 dilige,
1732 1069 1991 1129 tanquam

404 1173 648 1228 membra
673 1169 898 1225 Christi.
931 1166 1214 1234 lliosquos
1238 1171 1295 1217 te
1340 1159 1586 1215 devitarc
1632 1154 1837 1219 monui,
1884 1167 1991 1206 non

405 1263 675 1324 attendas,
711 1259 883 1331 magis
906 1257 1026 1312 velo
1077 1265 1139 1310 ut
1187 1262 1239 1309 te
1289 1252 1516 1307 timeant
1569 1257 1625 1305 et
1669 1245 1992 1302 aemulentur

407 1354 552 1419 mali,
584 1353 706 1407 ioni
736 1366 866 1407 vero
895 1348 1119 1419 diligant
1142 1354 1197 1400 et
1226 1342 1540 1414 suscipiant.

1916 1400 1941 1419 Ι

953 1500 1179 1557 CAPUT
1202 1498 1409 1556 XCVIII

407 1638 546 1703 Quid
589 1636 845 1705 significet
869 1632 1007 1704 quod
1039 1632 1172 1686 dixit
1197 1631 1337 1685 Deus
1377 1630 1448 1683 ad
1484 1628 1750 1682 Abraham
1779 1641 1797 1678 :
1827 1627 1994 1698 Egre-

474 1728 606 1783 dere
630 1728 695 1781 de
745 1735 892 1779 terra
920 1732 1030 1787 tua,
1066 1731 1121 1778 et
1147 1723 1214 1776 de
1247 1720 1571 1792 cognatione
1612 1728 1732 1783 tua,
1763 1726 1819 1773 et
1864 1715 1989 1771 veni

474 1823 527 1873 in
559 1829 760 1873 terram
783 1831 946 1886 quam
985 1824 1363 1870 monstravere
1394 1813 1492 1868 tibi
1530 1810 1684 1886 (Gen.
1716 1809 1839 1883 xu).

473 1977 540 2030 Et
573 1990 697 2040 nos,
728 1973 929 2028 fratres
976 1971 1306 2037 cbarissimi,
1361 1970 1428 2024 ad
1482 1966 1790 2038 exemplum
1847 1964 1993 2020 beati

399 2066 632 2123 Abralue
670 2064 1051 2136 pervenientes
1081 2080 1093 2116 :
1128 2060 1487 2131 Egrediamur
1534 2058 1598 2112 de
1619 2067 1761 2111 terra
1789 2063 1992 2118 nostra,

398 2168 448 2212 et
479 2158 544 2212 de
576 2157 886 2227 cognatione
908 2165 1109 2219 nostra,
1137 2162 1184 2208 et
1215 2153 1483 2207 veniamus
1511 2149 1579 2204 ad
1609 2158 1804 2203 terram
1831 2162 1990 2218 quant

400 2250 549 2306 nobis
569 2250 794 2304 daturus
820 2258 898 2303 est
922 2247 1180 2301 Dominus
1201 2253 1324 2315 post
1346 2245 1503 2299 istam
1532 2242 1721 2298 vitam.
1748 2240 1879 2307 Qua:
1909 2245 1997 2293 est

399 2350 548 2398 terra
568 2349 757 2396 nostra
788 2340 854 2395 de
893 2353 1000 2408 qua
1027 2336 1211 2408 egredi
1240 2336 1519 2407 jubcmur,
1553 2332 1659 2388 nisi
1710 2345 1841 2385 caro
1895 2344 1992 2383 no-

398 2436 555 2493 stra?
585 2434 770 2507 (11:59.,
805 2449 965 2488 serm.
998 2431 1089 2497 54,
1132 2431 1270 2484 inter
1297 2428 1546 2500 append.)
1595 2426 1739 2480 Bene
1767 2437 1898 2493 ergo
1925 2422 1993 2477 de

397 2539 547 2585 terra
581 2528 876 2599 egreditur,
915 2525 1006 2594 qui
1037 2512 1287 2579 carnales
1338 2520 1807 2590 concupiscentias
1856 2532 1990 2573 cou-

393 2634 668 2685 (emimus,
695 2628 751 2674 ct
777 2619 1082 2672 voluntates
1103 2616 1353 2686 proprias
1379 2612 1523 2668 velut
1545 2625 1812 2667 venenum
1868 2608 1988 2664 dia—

396 2717 507 2771 boli
546 2714 772 2784 respuit,
799 2710 1099 2768 etlectioni
1127 2709 1211 2764 vel
1230 2707 1461 2764 orationi
1502 2704 1817 2775 frequenter
1856 2703 1990 2758 iusi-

366 2807 495 2863 'stit
533 2806 712 2861 :bene
736 2803 805 2859 de
849 2810 996 2858 terra
1046 2816 1143 2857 sua
1174 2801 1475 2872 egreditur,
1505 2797 1595 2867 qui
1637 2796 1993 2876 cupiditatem

398 2900 629 2972 spernit,
666 2906 722 2953 et
767 2895 1200 2953 misericordiam
1255 2892 1452 2963 diligit,
1505 2889 1778 2944 luxuriam
1826 2886 1991 2958 fugit,

398 2993 745 3064 amplectitur
772 2990 1105 3045 castitatem.
1134 2987 1280 3041 Bene
1313 2985 1381 3039 de
1404 2992 1547 3038 terra
1576 2998 1671 3038 sua
1695 2979 1992 3051 egreditur,

390 3084 489 3155 qui
519 3081 780 3136 malitiam
810 3078 1032 3141 deserit,
1067 3084 1127 3130 ut
1170 3083 1355 3131 teneat
1403 3072 1753 3135 charitatem,
1799 3083 1993 3138 super-

1690 302 2049 359 SMARAGDI
2088 302 2378 361 ABBATIS

3576 304 3680 363 688

2654 418 2878 475 CAPUT
2926 418 3113 475 XCIX.

2320 556 2395 609 De
2424 556 2673 625 martyrio
2696 556 2835 624 qum!
2869 556 2921 609 in
2943 570 3071 623 pars
3091 555 3342 609 Ecclesin'
3374 556 3459 624 ﬁt.

2167 691 2323 762 (Aug.
2354 707 2456 745 ser.
2499 690 2626 754 250,
2663 691 2727 745 de
2768 690 2948 761 temp.)
2999 690 3171 746 Nemo
3225 693 3394 758 dicat,
3452 693 3687 765 fratres,

2094 783 2237 852 quod
2266 783 2610 860 temporibus~
2626 782 2828 837 nostris
2868 791 3168 853 martyrum
3213 788 3518 842 certamina
3569 805 3693 845 esse

2094 890 2202 930 non
2229 875 2457 945 possint.
2488 875 2824 930 IIabetenim
2852 885 3022 945 etpax
3041 884 3225 931 nostra
3251 890 3525 950 martyres
3538 897 3690 938 suos.

2093 963 2230 1023 Nam
2261 966 2400 1020 sicut
2422 964 2740 1035 frequenter
2767 966 3161 1036 suggessimus,
3199 968 3543 1025 iracundiam
3594 973 3690 1027 mi-

2088 1057 2289 1127 tigare,
2319 1056 2594 1112 libidinem
2620 1055 2826 1127 fugere,
2870 1058 3490 1128 justitiam'custodire,
3516 1064 3694 1118 avari-

2097 1148 2227 1204 tiam
2258 1155 2628 1204 contemnere.
2650 1163 2781 1217 pars
2809 1164 3003 1219 magna
3037 1151 3289 1220 martyrii
3319 1160 3426 1206 est.
3457 1151 3581 1207 Non
3610 1155 3688 1208 in-

2095 1256 2332 1313 congrue
2356 1240 2562 1295 dictum
2591 1250 2698 1304 est,
2728 1242 3014 1295 avaritiam
3041 1251 3422 1311 contemnere,
3468 1246 3693 1301 iracun-

2095 1333 2240 1388 diam
2260 1332 2537 1401 mitigare,
2564 1330 2840 1387 libidinem
2893 1331 3081 1403 fugere
3116 1353 3129 1387 :
3161 1335 3566 1391 contemnenda
3610 1346 3694 1393 est

2090 1426 2240 1480 en'm
2263 1425 2514 1488 avaritia,
2547 1441 2669 1494 qua:
2692 1426 2848 1479 nobis
2869 1426 2991 1481 ideo
3019 1427 3203 1497 iniqua
3228 1428 3381 1484 lucra
3399 1441 3689 1500 procurat,
3752 1488 3755 1489 ν

2092 1525 2154 1572 ιιι
2183 1533 2284 1572 nos
2306 1532 2434 1573 suos
2462 1516 2647 1572 faciat.
2687 1516 2869 1573 Nostri
2914 1519 3060 1574 enim
3099 1536 3368 1588 essemus,
3392 1523 3441 1578 si
3472 1523 3567 1578 illa
3597 1540 3701 1581 no-

2096 1618 2207 1665 stra
2237 1625 2341 1663 non
2376 1619 2538 1665 esset.
2568 1611 2754 1681 Iniqua
2799 1619 2886 1666 est
2912 1613 3164 1681 avaritia,
3196 1630 3319 1685 qua:
3340 1617 3491 1672 velut
3522 1619 3685 1690 ignis.

2096 1709 2301 1771 quanto
2330 1701 2456 1771 plus
2481 1702 2699 1772 accipit,
2732 1711 2884 1758 tanto
2909 1705 3144 1775 amplius
3194 1708 3407 1777 quaerit.
3464 1710 3695 1766 Iracun-

2020 1780 2067 1839 Β
2095 1793 2183 1848 dia
2215 1807 2344 1848 vero
2375 1793 2671 1864 mitigando
2701 1807 2804 1860 est,
2861 1810 2983 1864 quze
3010 1796 3164 1866 prius
3210 1799 3475 1855 nocituris
3529 1810 3695 1856 nocet

2086 1900 2259 1955 quam
2286 1886 2567 1941 nocendis.
2599 1884 2752 1952 Quod
2806 1895 2989 1941 autem
3036 1887 3318 1943 iibidinem
3372 1889 3689 1961 fugiendam

2095 1991 2216 2032 esse
2238 1977 2601 2047 suggerimus,
2619 1974 2897 2048 aposteius
2915 1977 3115 2033 Paulus
3136 1979 3418 2036 evidenter
3432 1983 3697 2045 ostemlit,

2093 2068 2185 2137 qui
2240 2084 2365 2123 cum
2430 2068 2687 2124 omnibus
2729 2069 2879 2125 vitiis
2927 2071 3253 2141 prmdicaret
3302 2064 3699 2139 resistendum,

2095 2159 2222 2214 dum
2245 2168 2432 2215 contra
2462 2160 2737 2216 libidinem
2765 2161 3101 2231 loqueretur,
3127 2177 3236 2217 non
3264 2163 3403 2219 dixit
3434 2165 3700 2231 resistite,

2095 2248 2190 2302 sed
2223 2248 2391 2320 fugite
2418 2250 2820 2320 fornicationem
2864 2252 2923 2322 (1
2973 2252 3096 2308 Cor.
3143 2254 3244 2328 vt).
3291 2256 3372 2311 Ae
3418 2257 3462 2311 si
3501 2268 3700 2312 contra

2097 2338 2303 2410 reliqua
2329 2340 2481 2405 vitia,
2507 2340 2618 2396 Deo
2649 2343 2964 2409 auxiliante,
3007 2344 3273 2402 debemus
3327 2346 3382 2400 in
3434 2348 3701 2417 praesenti

2097 2432 2374 2497 resistere,
2406 2433 2686 2489 libidinem
2732 2451 2863 2490 vero
2915 2436 3172 2505 fugiendo
3221 2453 3502 2509 superare.
3550 2438 3705 2509 Ergo

2095 2531 2288 2579 contra
2310 2524 2549 2580 libidinis
2576 2526 2839 2597 impetum
2888 2529 3233 2598 apprehende
3264 2531 3467 2602 fugam,
3522 2531 3569 2586 si
3616 2533 3703 2587 vis

2094 2615 2343 2672 obtinere
2366 2617 2671 2673 victoriam.
2717 2618 2827 2674 Nec
2850 2620 2945 2675 tibi
2969 2622 3307 2677 verecundiae
3340 2623 3412 2677 sit
3434 2622 3628 2693 fugere
3650 2624 3701 2678 si

2094 2708 2361 2763 castitatis
2379 2709 2615 2778 palmam
2647 2710 2928 2767 desideras
2964 2713 3233 2768 obtinere.
3265 2714 3447 2779 llude,
3493 2714 3710 2775 fratres

2095 2797 2424 2864 cbarissimi,
2471 2801 2541 2855 ab
2593 2801 2847 2858 omnibus
2888 2802 3234 2871 Christianis,
3288 2806 3561 2876 ;n':ecipue
3614 2816 3706 2864 ta.

2097 2906 2277 2946 mena
2304 2890 2519 2946 clericis
2540 2892 2622 2947 vel
2661 2894 2962 2959 monachis,
3016 2895 3238 2965 indigna
3298 2904 3358 2951 et
3399 2898 3701 2955 inhonesta

2096 2982 2441 3040 familiaritas
2472 2984 2725 3057 fugienda
2752 2996 2870 3052 est;
2903 2988 3029 3058 quia
3055 2988 3175 3045 sine
3203 2989 3314 3044 ulla
3355 2990 3705 3047 dubitatione

2098 3076 2189 3145 qui
2213 3072 2641 3131 familiaritatem
2674 3094 2782 3131 non
2825 3076 2941 3132 vult
2972 3078 3147 3133 vitare
3201 3090 3533 3149 suspectam,
3579 3084 3702 3137 ci:c

398 3172 542 3225 biam
580 3167 810 3238 spernit,
840 3173 897 3220 et
935 3172 1175 3220 sectatur
1227 3162 1612 3217 humilitatem.
1664 3159 1806 3226 Quid
1863 3173 1994 3228 ergo
2020 3156 2065 3218 C
2097 3166 2366 3221 delabitur
2437 3168 2490 3221 in
2547 3168 2780 3222 ruinam.
2841 3167 2988 3225 Inter
3026 3170 3208 3224 omnia
3252 3170 3705 3227 Chrisdanomin

398 3265 467 3318 de
492 3270 635 3316 terra
665 3258 853 3330 egredi
884 3266 990 3321 est,
1020 3257 1125 3311 nisi
1145 3255 1328 3310 omnia
1351 3262 1573 3324 peccata
1613 3263 1668 3309 et
1714 3253 1846 3308 vitia
1871 3268 1994 3308 car-

399 3345 541 3408 nalia
567 3347 908 3420 relinquere?
928 3347 997 3403 Et
1025 3348 1163 3411 veni,
1201 3345 1377 3416 inquit
1398 3344 1679 3411 Dominus,
1703 3346 1758 3398 in
1775 3353 1990 3410 terram,

396 3460 555 3516 quam
584 3450 944 3497 monstrat-ero
977 3439 1072 3493 tibi
1113 3436 1270 3511 (Gen.
1325 3434 1447 3509 xu).
1498 3436 1643 3507 Ergo
1691 3436 1737 3491 si
1790 3444 1991 3491 terram

398 3547 641 3593 nostram
697 3534 1078 3604 relinquimus,
1139 3531 1211 3587 ad
1261 3540 1466 3586 terram
1522 3545 1686 3600 quam
1753 3531 1992 3585 ostendit

398 3631 658 3685 Dominus
690 3627 989 3681 veniemus.
1014 3624 1146 3692 Quae
1175 3632 1355 3679 tamen
1383 3630 1470 3678 est
1496 3630 1641 3677 terra
1688 3622 1794 3676 ista
1828 3636 1991 3691 quam

402 3720 663 3776 Dominus
700 3719 955 3788 dignatur
977 3714 1303 3791 ostendere?
1331 3713 1462 3770 Sine
1488 3714 1653 3769 dubio
1682 3714 1987 3781 credamus,

398 3812 528 3882 quia
579 3811 695 3880 ipsa
724 3817 808 3863 est
836 3808 902 3862 de
925 3822 1031 3876 qua
1055 3805 1324 3876 Propheta
1347 3804 1595 3860 dicebat:
1617 3802 1790 3858 Credo
1819 3805 1993 3860 ridere

400 3903 538 3957 bona
560 3899 777 3954 Domini
793 3899 847 3953 in
869 3908 1012 3953 terra
1040 3897 1320 3952 viventium
1354 3893 1472 3968 (Ps.
1494 3894 1666 3963 xxvn).
1685 3895 1829 3965 Ergo
1847 3905 1990 3951 terra

398 3991 644 4063 corporis
671 3991 844 4047 nostri
886 3988 1103 4060 quando
1131 3988 1342 4060 magnis
1388 3987 1709 4043 criminibus
1760 3986 1989 4044 famula-

398 4097 510 4152 tur,
543 4095 692 4140 terra
727 4082 1074 4138 morientium
1099 4095 1222 4136 esse
1247 4080 1618 4151 cognoscitur.
1669 4078 1807 4133 Cum
1859 4096 1992 4135 vero

397 4177 690 4234 virtutibus
718 4192 942 4249 operam
966 4173 1195 4241 dederit,
1233 4172 1292 4230 in
1325 4180 1470 4229 terra
1495 4173 1793 4228 viventium
1810 4180 1990 4229 trans.

398 4272 717 4345 migratione
745 4269 1062 4326 felicissima
1089 4273 1479 4323 commutatur.
1511 4264 1621 4320 Sed
1677 4266 1783 4321 hoc
1833 4280 1985 4337 ergo,

400 4368 597 4421 fratres
617 4365 944 4428 charissimi,
983 4378 1089 4417 non
1116 4367 1273 4416 extra
1294 4375 1410 4424 nos,
1439 4358 1534 4414 sed
1565 4357 1712 4413 intus
1736 4357 1989 4424 innubis,

398 4478 522 4517 cum
554 4462 648 4517 Dei
689 4463 861 4533 gratia
887 4474 1176 4531 possumus
1198 4471 1453 4513 exercere
1508 4455 1555 4512 si
1603 4455 1875 4511 volumus.
1928 4452 1989 4510 Si

397 4555 545 4609 enim
567 4564 786 4623 peccatu
813 4552 1193 4622 relinquimus,
1221 4559 1277 4606 et
1298 4548 1486 4604 virtuti
1518 4562 1742 4618 operam
1772 4550 1986 4610 damus,

400 4651 466 4704 de
482 4657 627 4704 terra
657 4648 1008 4702 morientium
1046 4646 1279 4702 feliciter
1292 4646 1497 4717 egressi
1515 4660 1725 4711 sumus,
1742 4645 1864 4700 etin
1878 4653 1989 4699 ter-

404 4759 524 4796 ram
541 4741 836 4795 viventium
860 4739 1091 4795 feliciter
1106 4739 1403 4793 veniemus.
1435 4738 1503 4792 Et
1524 4737 1644 4792 ideo
1667 4737 1759 4807 qui
1782 4736 1990 4792 solebat

403 4832 749 4897 maledicere,
799 4832 1121 4897 benedicat;
1171 4840 1225 4885 et
1277 4831 1366 4908 qui
1413 4830 1627 4884 solebat
1677 4830 1985 4894 detrahere,

396 4938 614 4992 anuper
641 4924 783 4993 quod
805 4924 1005 4978 bonum
1028 4931 1113 4979 est
1140 4924 1352 4978 studeat
1378 4922 1643 4994 proferre.
1698 4920 1800 4987 Qui
1849 4919 1988 4976 sole-

400 5017 491 5070 hut
518 5017 849 5072 iracundiam
878 5017 930 5070 in
960 5017 1124 5073 corde
1155 5030 1501 5079 conservare,
1533 5014 1854 5084 patientiam
1911 5022 1988 5068 te-

393 5117 547 5170 neat.
578 5108 679 5176 Qui
702 5123 788 5165 res
814 5109 1020 5165 alienas
1041 5109 1249 5165 solebat
1271 5108 1547 5173 invadere,
1576 5108 1643 5162 de
1672 5106 1835 5162 rebus
1861 5122 1988 5176 pro-

398 5200 533 5268 priis
554 5200 1032 5271 studeatcrogare.
1063 5201 1163 5268 Qui
1188 5203 1239 5255 in
1271 5201 1485 5271 negotio
1509 5199 1751 5255 fraudem
1782 5201 1983 5269 facere,

399 5301 455 5347 ct
481 5309 581 5364 per
601 5301 836 5348 stateras
860 5293 944 5348 vel
970 5309 1255 5348 mensuras
1294 5292 1539 5364 duplices
1598 5292 1747 5347 lucra
1796 5292 1983 5348 mundi

398 5387 723 5457 conquirere
746 5386 977 5451 solebat,
1005 5387 1073 5441 ab
1100 5386 1245 5441 omni
1274 5386 1465 5441 fraude
1486 5394 1540 5440 et
1561 5387 1628 5440 ab
1679 5387 1824 5441 omni
1884 5387 1984 5441 ini-

397 5481 608 5550 quitate
646 5495 802 5535 suum
829 5479 1070 5533 animum
1126 5494 1224 5549 per
1254 5478 1627 5548 ptenitentiam
1660 5478 1742 5534 vel
1773 5478 1986 5533 miseri-

400 5576 637 5629 cordiam
670 5572 963 5630 contendat
988 5571 1218 5642 erigere.
1269 5571 1386 5625 Hoc
1439 5588 1561 5643 ergo
1596 5574 1757 5650 agite,
1793 5571 1984 5640 fratres

399 5663 714 5730 charissimi,
742 5674 793 5719 et
818 5663 961 5721 Dens
988 5664 1137 5737 pacis
1155 5673 1204 5718 et
1231 5662 1524 5717 di'ectionis
1569 5662 1665 5715 erit
1722 5660 1984 5715 vobiscum

401 5756 487 5827 (ll
517 5757 638 5811 Cor.
673 5760 817 5831 XIII).

2094 3258 2396 3312 certamina
2434 3275 2461 3313 s
2499 3260 2550 3313 la
2581 3260 2803 3314 duriora
2851 3272 2978 3315 sunt
3008 3263 3191 3331 pnelia
3250 3264 3546 3325 castitatis.
3602 3267 3705 3321 ubi

2094 3352 2409 3421 quotidiana
2441 3367 2623 3424 pugna
2668 3364 2772 3418 est,
2805 3363 2863 3408 et
2887 3369 3010 3408 rara
3049 3356 3297 3410 victoria.
3328 3354 3565 3413 Gravem
3601 3374 3707 3413 ca—

2093 3446 2252 3499 stitas
2277 3445 2470 3499 sortita
2513 3440 2598 3500 est
2632 3445 2932 3509 inimicum,
2959 3448 3053 3516 qui
3087 3448 3329 3517 quotidie
3360 3450 3606 3505 vincitur
3646 3461 3706 3507 et

2094 3539 2332 3592 timetur.
2363 3537 2431 3591 Et
2455 3537 2595 3600 ideo,
2628 3538 2771 3593 sicut
2786 3536 2900 3606 jam
2927 3538 3134 3594 dictum
3156 3550 3260 3606 est,
3281 3554 3443 3594 nemo
3468 3556 3529 3596 se
3553 3540 3704 3599 falsa

2092 3629 2389 3685 securitate
2420 3629 2681 3699 decipiat,
2716 3644 2817 3685 nec
2857 3630 2927 3685 de
2981 3631 3095 3685 suis
3139 3631 3347 3686 viribus
3387 3633 3705 3703 periculose

2090 3728 2404 3788 prmsumat,
2432 3720 2525 3774 sed
2568 3720 2755 3774 audiat
2800 3720 3117 3791 Apestolum
3144 3722 3418 3778 dicentem
3451 3741 3464 3778 :
3504 3722 3708 3796 Fuer

2096 3812 2516 3881 fornicationem.
2573 3811 2643 3866 Et
2691 3812 2832 3877 ideo,
2879 3813 3188 3868 charissimi
3227 3813 3444 3882 fratres,
3501 3827 3706 3872 contra

2077 3903 2375 3958 .mortifera
2412 3902 2782 3958 blandimenta
2814 3913 2868 3959 et
2913 3913 3104 3960 contra
3156 3907 3436 3977 adjutores
3490 3909 3705 3965 diaboli

2093 3998 2186 4067 qui
2217 3996 2643 4051 familiaritatem
2666 4005 2981 4066 suspectam
3030 3999 3231 4053 habere
3275 4014 3377 4054 nec
3436 4010 3704 4059 meumnt

2092 4105 2193 4144 nec
2213 4089 2562 4149 erubescunt,
2598 4104 2665 4143 ne
2696 4104 2795 4144 nos
2816 4090 3064 4160 exemplo
3107 4105 3206 4146 suo
3247 4092 3546 4162 decipiant,
3603 4093 3706 4149 Dei

2093 4180 2421 4250 adjutorium
2442 4180 2646 4251 jugiter
2670 4179 3020 4250 imploremus
3040 4190 3099 4235 ut
3128 4196 3225 4237 nos
3259 4182 3326 4236 de
3373 4182 3563 4240 laqueo
3620 4202 3707 4239 re-

2096 4274 2337 4329 nuntiant
2364 4273 2588 4327 liberare
2610 4269 2727 4343 (Ps.
2754 4270 2945 4345 cuiu)
2966 4274 3219 4345 dignetur
3247 4290 3261 4328 :
3291 4275 3529 4330 scientes
3543 4270 3702 4345 quod

2096 4366 2150 4420 in
2174 4366 2242 4422 iis
2277 4356 2434 4420 malis
2459 4380 2581 4436 qua:
2603 4379 2766 4435 supra
2808 4365 3044 4420 diximus
3064 4367 3322 4421 omnibus
3356 4365 3705 4422 Christianis

2096 4459 2413 4532 quotidiana
2442 4460 2707 4531 martyrio
2750 4459 2944 4515 deesse
2966 4475 3073 4515 non
3118 4468 3364 4530 possunt.
3427 4461 3488 4516 Si
3544 4465 3703 4519 enim

2097 4552 2341 4616 castitas,
2372 4559 2429 4607 et
2451 4552 2676 4617 veritas,
2699 4558 2756 4606 et
2776 4549 2987 4620 iustitia
3015 4550 3266 4607 Christus
3289 4563 3396 4617 est,
3419 4554 3574 4609 sicut
3611 4555 3704 4609 ille

2049 4666 2053 4668 ν
2094 4647 2185 4715 qui
2212 4646 2498 4701 insidiatur
2524 4652 2843 4715 persecutor
2869 4653 2973 4709 est,
3012 4644 3086 4699 ita
3124 4651 3179 4698 et
3200 4644 3290 4699 ille
3336 4661 3430 4713 qui
3464 4647 3589 4701 lucc
3645 4657 3701 4701 et

2093 4736 2147 4791 in
2170 4736 2292 4791 aliis
2312 4734 2599 4790 defensare
2627 4743 2683 4789 et
2713 4735 2769 4789 in
2792 4749 2851 4789 se
2893 4734 3170 4789 custodire
3195 4734 3448 4797 voluerit,
3483 4748 3704 4808 martyr

2091 4832 2216 4887 erit.
2243 4832 2309 4886 Et
2332 4833 2452 4888 ideo
2477 4832 2571 4903 qui
2608 4832 2722 4886 haec
2754 4840 2863 4886 tota
2896 4831 3062 4885 animi
3090 4832 3291 4886 virtute
3318 4841 3373 4887 et
3416 4834 3538 4902 ipse
3563 4834 3700 4889 dili-

2092 4924 2188 4995 git,
2213 4934 2267 4979 ct
2288 4934 2347 4980 ut
2372 4924 2463 4979 alii
2492 4924 2737 4994 diligant,
2784 4932 2839 4979 ct
2890 4923 3073 4978 verbis
3108 4923 3266 4977 simul
3314 4931 3369 4978 et
3424 4927 3703 4996 exemplis

2095 5018 2354 5083 ostendit,
2375 5025 2431 5072 et
2453 5017 2757 5087 ubicunque
2789 5033 2915 5087 pax,
2946 5016 3149 5071 veritas
3168 5016 3253 5071 vel
3276 5015 3523 5085 justitia,
3579 5019 3701 5073 sive

2095 5109 2318 5165 castitas
2348 5107 2620 5172 laborant,
2661 5116 2922 5177 quantum
2963 5106 3224 5174 praevalet
3267 5107 3435 5161 etiam
3460 5107 3617 5164 ultro
3638 5124 3704 5167 se

2094 5202 2313 5274 ingerit,
2342 5209 2396 5255 et
2432 5200 2727 5255 secundum
2754 5200 2898 5269 quod
2923 5199 3071 5254 vires
3095 5198 3182 5255 bal
3205 5200 3366 5265 uerit,
3397 5199 3699 5256 defensare

2091 5294 2390 5357 contendit,
2448 5292 2695 5363 martyrii
2725 5307 2981 5347 coronam
3018 5293 3250 5347 Domino
3302 5304 3702 5351 remanet-ante

2089 5385 2373 5456 percipiet.
2406 5384 2511 5440 Sed
2539 5383 2673 5439 dicit
2700 5382 2897 5453 aliquis
2926 5383 3108 5450 homo,
3157 5382 3380 5438 Javenis
3423 5401 3573 5452 sum,
3613 5387 3699 5442 la-

2091 5476 2230 5531 ciam
2270 5477 2411 5546 quod
2452 5475 2685 5529 delectat
2732 5476 2913 5541 modo,
2964 5483 3021 5530 et
3064 5484 3249 5547 postea
3306 5476 3694 5547 pmoitentiam

2090 5585 2272 5641 agam.
2313 5569 2425 5624 lloe
2453 5568 2739 5624 estdicere
2764 5586 2777 5622 :
2808 5568 3114 5623 Percutiam
3147 5584 3231 5623 me
3252 5569 3465 5625 crudeli
3484 5570 3691 5639 gladio,

2092 5673 2149 5720 et
2168 5664 2508 5734 postmodum
2545 5663 2610 5717 ad
2652 5663 2921 5717 medicum
2948 5679 3013 5717 va
3035 5663 3163 5716 iam.
3200 5663 3268 5717 Et
3314 5664 3487 5719 nescit
3535 5664 3692 5734 quo]

2094 5757 2253 5812 unius
2277 5757 2423 5812 bona
2469 5764 2670 5827 puncto
2694 5755 2887 5811 vulnus
2912 5756 3223 5823 exhibetur,
3251 5756 3344 5812 sed
3395 5757 3486 5812 vix
3514 5755 3693 5827 longe
