3960 6198
276 387 388 444 689

1321 387 1675 444 COMMENT.
1716 386 1785 442 IN
1826 386 1988 444 ΠΕΟ.
2028 384 2087 439 S.
2127 382 2510 440 BENEDICTI.

3454 385 3559 444 υυο

274 515 527 580 tempore
551 503 620 561 ad
639 504 934 561 sanitatem
955 500 1242 573 pristinam
1267 511 1573 559 revocatur.
1598 502 1702 571 Qui
1715 503 1862 560 enim
1890 511 1942 571 Α
1967 501 2158 557 reddat
2180 500 2441 572 cogitatio
2462 507 2668 556 sancta.
2699 499 2756 554 In
2784 498 2944 554 altari
2979 498 3173 555 cordis
3188 497 3360 555 nostri
3405 501 3559 569 cogi—

275 595 597 652 adulteram
620 594 751 651 dicit
770 608 834 650 se
849 602 1037 664 postea
1058 595 1434 664 paenitentiam
1447 604 1721 662 acturum,
1739 611 1878 665 qua-

275 701 342 742 re
370 701 477 742 non
504 686 660 741 timet
677 699 747 741 ne
766 699 895 739 eum
939 684 1121 740 subita
1150 682 1433 745 .tebricula
1482 685 1876 757 superveniens

279 776 482 846 rapiat,
513 784 571 832 et
595 785 781 847 pereat
825 776 904 832 illi
938 775 1148 842 dilatio,
1197 778 1457 837 succedat
1483 786 1690 834 aeterna
1716 777 1875 832 dam-

277 868 451 922 natio.

905 976 1134 1033 CAPUT
1174 976 1216 1032 C

281 1108 359 1164 De
382 1110 588 1165 duobus
617 1109 874 1165 altaribus
904 1112 971 1196 in
1000 1111 1239 1196 nomine,
1283 1129 1507 1196 quorum
1545 1112 1771 1169 alterum
1817 1113 1875 1167 in

606 1197 820 1251 corpore
843 1191 942 1246 est,
964 1191 1012 1236 et
1035 1181 1261 1236 alterum
1285 1181 1343 1237 in
1367 1186 1547 1237 corde.

352 1315 580 1386 (August
633 1316 687 1370 in
710 1317 950 1371 Auirers.
973 1318 1202 1373 dedicat.
1225 1335 1385 1375 sem.
1410 1318 1499 1388 4.)
1516 1320 1632 1374 Duo
1661 1326 1793 1374 sunt
1816 1318 1870 1373 in

275 1410 444 1465 nobis
472 1409 667 1466 altaria
693 1411 1010 1475 constituta,
1036 1413 1287 1481 corporis
1315 1413 1564 1469 videlicet
1590 1422 1651 1468 et
1689 1412 1884 1469 cordis

275 1502 480 1557 nostri.
517 1500 760 1571 Denique
780 1500 975 1571 duplex
1022 1518 1054 1557 a
1108 1504 1273 1559 nobis
1299 1504 1627 1560 sacriﬁcium
1675 1504 1879 1574 quatrit‘

277 1596 469 1651 Deus;
503 1610 691 1659 unum,
735 1603 795 1647 ut
831 1596 998 1649 simus
1047 1597 1185 1650 caui
1227 1613 1464 1667 corpore,
1507 1597 1759 1662 alterum,
1811 1606 1869 1650 ut

276 1684 470 1740 mundi
492 1684 667 1739 corde.
690 1684 898 1755 Ergoin
919 1686 1205 1751 exteriore,
1237 1685 1290 1741 id
1309 1695 1393 1742 est
1414 1676 1642 1757 cerpore
1654 1697 1865 1753 nostro,

274 1776 584 1833 offerantur
603 1791 771 1846 opera
792 1776 969 1843 bona;
1007 1778 1062 1832 in
1093 1778 1280 1842 corde,
1334 1779 1539 1865 odores
1580 1780 1867 1835 suavitatis

293 1907 2079 1934 —————————_.—._—_—.—___—-

1978 599 2154 646 temus
2173 605 2389 660 semper
2411 590 2556 660 quod
2584 590 2787 645 lmnum
2814 597 2929 654 est;
2974 590 3030 643 in
3064 589 3224 644 altari
3264 606 3393 647 vero
3445 604 3565 646 cor-

1974 682 2123 752 poris
2147 681 2317 737 nostri
2337 679 2542 752 jugiter
2567 680 2712 750 quod
2736 678 2846 735 Deo
2877 678 3277 748 heneplacitutn
3304 689 3395 736 est
3428 696 3551 751 ope-

1974 790 2176 829 remur.
2202 774 2355 831 Tunc
2405 774 2559 829 enim
2582 774 2774 829 ordine
2824 773 3067 842 legitimo
3097 778 3561 832 consecrationem

1974 865 2163 921 altaris
2182 880 2317 920 eum.
2332 865 2528 935 gaudio
2556 864 2918 930 celebramus,
2949 865 3167 933 quando
3179 864 3372 919 altaria
3385 866 3568 920 cordis

1974 964 2030 1011 ct
2047 955 2296 1026 corporis
2319 956 2493 1012 nostri
2517 955 2716 1010 munda
2736 966 2791 1011 et
2814 972 2950 1026 pura
2990 956 3044 1011 in
3094 964 3389 1026 conspectu
3431 956 3566 1011 divi—

1973 1062 2058 1102 nae
2081 1047 2380 1117 majestatis
2399 1045 2699 1102 offerimus.
2746 1046 2885 1103 Nam
2915 1046 3101 1103 nescio
3123 1063 3241 1117 qua.
3259 1046 3281 1100 l‘
3283 1056 3436 1104 route
3465 1057 3565 1102 aut

1973 1153 2085 1208 qua
2104 1137 2463 1203 conscientia,
2493 1145 2645 1208 optat
2667 1138 2721 1193 in
2751 1137 2944 1195 altaris
2963 1142 3379 1196 consecratione
3426 1155 3562 1210 gan-

1974 1228 2130 1294 dcre,
2155 1228 2247 1298 qui
2272 1228 2326 1282 in
2348 1228 2531 1284 cordis
2574 1229 2656 1284 sui
2690 1228 2849 1284 altari
2882 1244 2989 1285 non
3027 1230 3210 1286 studet
3241 1230 3563 1284 munditiam

1973 1315 2271 1372 custodire.
2315 1315 2425 1372 Nos
2460 1333 2611 1383 vero,
2658 1317 2859 1374 fratres
2904 1317 3238 1383 charissimi,
3286 1318 3357 1372 ita
3406 1334 3570 1390 agere

1972 1406 2306 1472 Studeamus,
2324 1414 2384 1461 ut
2403 1423 2617 1478 semper
2637 1405 2986 1464 festivitatem
3004 1408 3272 1479 duplicem
3288 1406 3567 1464 celebrare

1971 1513 2300 1553 mereamur.
2336 1499 2403 1552 Et
2426 1499 2699 1568 quomodo
2721 1498 3015 1553 visibiliter
3057 1497 3124 1553 de
3156 1497 3342 1569 templi
3382 1498 3572 1553 altaris

1970 1589 2389 1644 consecratione
2411 1590 2731 1658 gaudemus,
2762 1588 2843 1643 sic
2877 1587 3224 1643 invisibiliter
3254 1586 3319 1641 de
3374 1604 3570 1659 corpo—

1970 1680 2048 1735 ris
2077 1680 2329 1736 castita'e
2354 1680 2440 1735 vel
2461 1679 2629 1735 animi
2649 1679 2885 1750 puritate
2906 1677 3185 1750 spirituale
3208 1677 3460 1748 gaudium
3477 1678 3574 1732 ha-

1968 1776 2098 1832 ltere
2126 1792 2455 1832 mercamur.

3270 1913 3544 1929 -υῌ

992 2038 1872 2156 ΒΜΔΒΔΘΙΙ

1974 2046 1976 2149 ζ
2053 2036 2870 2159 ABBATIS

432 2284 1284 2440 GOMIIEN'I‘ARIA
1392 2286 1525 2437 IN
1626 2282 2175 2437 REGUIAM
2284 2279 2702 2435 SANG'I‘I
2809 2276 3424 2432 BENE‘DIG’I‘I

1368 2549 1511 2613 [Opp.
1540 2548 1727 2598 BLnbani
1752 2547 1931 2608 Mauri,
1954 2551 2074 2599 tom.
2100 2547 2185 2611 IV,
2213 2563 2325 2611 pag.
2348 2548 2488 2613 246.]

701 2736 992 2800 INCIPIT
1028 2733 1457 2797 PRJEFATIO

774 2875 1054 2918 III'I‘IIICE
1097 2875 1392 2918 DICTATA.

276 2976 548 3047 Quisquis
576 2976 644 3029 ad
675 2983 940 3029 aeternum
990 2975 1196 3030 mavult
1230 2975 1599 3030 conscendere
1628 2989 1883 3047 regnum,

354 3066 528 3123 Debet
557 3066 625 3121 ad
655 3067 978 3137 astrigerum
1006 3073 1186 3121 mente
1211 3065 1398 3120 subire
1420 3064 1646 3135 polum;

281 3159 595 3232 Itelligione
619 3161 706 3230 pia
734 3159 860 3215 vita:
884 3160 1200 3230 perquirere
1228 3158 1423 3214 callem

358 3254 638 3310 Scandere
663 3269 771 3323 quo
801 3253 983 3309 valeat
1014 3268 1179 3309 aurea
1204 3267 1372 3324 regna
1399 3253 1566 3310 celer.

279 3344 386 3402 Est
413 3347 703 3401 monachis
732 3346 907 3401 sancti
936 3346 1213 3401 Benedicti
1245 3344 1452 3417 R‘cgula
1483 3345 1664 3401 Patris

358 3440 631 3498 Perfectis
659 3440 839 3512 palma
873 3442 1053 3497 suavis
1084 3449 1138 3496 et
1161 3441 1340 3512 ampla
1376 3442 1465 3495 via
1497 3482 1511 3505 ,

282 3534 496 3603 Aspera
523 3533 617 3587 sed
642 3532 829 3602 pueris
856 3547 957 3587 nec
980 3548 1086 3587 non
1115 3532 1386 3588 tironibus
1408 3540 1558 3587 arcta

364 3626 515 3693 Quos
546 3625 682 3678 aluit
716 3625 927 3697 gremio
964 3625 1138 3679 lactea
1166 3625 1277 3679 vita
1307 3625 1418 3680 diu.

286 3716 420 3772 limo
452 3725 538 3772 est
564 3726 755 3772 sancta
786 3717 873 3771 via
905 3715 1197 3787 przelucida
1222 3715 1417 3771 semita
1444 3715 1590 3780 ccli,

361 3808 603 3878 Carpere
631 3823 794 3877 quam
828 3808 1056 3879 cupiunt
1083 3816 1267 3863 castra
1290 3806 1450 3861 beata
1478 3805 1595 3860 Dei.

287 3900 565 3955 Admonet
603 3900 720 3954 haec
754 3900 1050 3955 monachos
1072 3898 1321 3955 sublimis
1352 3896 1554 3969 Regula
1582 3908 1806 3953 cunctos
1834 3935 1850 3958 ,

363 3989 437 4047 Ut
470 3990 630 4045 rebus
664 3999 909 4058 careant,
942 4006 1106 4063 regna
1141 4005 1378 4061 superna
1408 3997 1600 4060 petant
1628 4007 1641 4043 :

287 4081 518 4152 Propria
547 4082 844 4148 dimittant,
878 4083 1117 4137 habeant
1145 4089 1206 4137 ut
1230 4081 1452 4152 propria
1484 4088 1679 4136 cuncta
1708 4121 1722 4145 ,

362 4169 632 4241 Prospera
663 4187 784 4242 qua:
811 4171 975 4227 sociis
1005 4170 1192 4227 etelica
1224 4187 1391 4244 regna
1426 4181 1667 4226 manent.

287 4263 551 4319 Patribus
578 4281 608 4318 a
636 4264 837 4335 nostris
869 4265 922 4320 in
951 4280 1107 4320 sacro
1135 4266 1379 4321 carmine
1413 4264 1548 4335 legis

366 4352 539 4425 Regia
566 4328 901 4425 rectegradis
931 4355 1133 4411 dicitur
1162 4356 1269 4411 ista
1294 4356 1404 4411 via.
1650 4408 1657 4413 .

291 4441 423 4497 llaec
443 4450 529 4497 est
554 4442 661 4496 vita
691 4444 871 4507 bonis,
904 4459 1003 4501 nec
1027 4461 1135 4500 non
1161 4455 1217 4501 et
1242 4463 1432 4502 norma
1459 4446 1671 4510 salutis,

366 4531 542 4589 Arcus
573 4541 629 4589 et
655 4549 805 4588 arma
837 4536 963 4605 piis,
998 4536 1200 4608 fulgida
1234 4538 1336 4593 tela
1373 4539 1532 4594 malis
1562 4556 1574 4592 :

292 4623 455 4680 Hanc
482 4624 664 4680 nullus
687 4625 881 4681 nolens
905 4627 1131 4697 cupiens
1162 4629 1427 4699 implebit,
1466 4638 1523 4685 et
1567 4630 1751 4685 omnis

370 4717 504 4773 Esto
539 4718 721 4789 gravis
756 4719 1033 4791 gravibus,
1070 4721 1254 4776 suavis
1285 4730 1339 4776 et
1376 4730 1499 4791 apta
1529 4722 1706 4778 bonis.

292 4808 531 4879 Altigeri
565 4810 849 4866 monachis
877 4812 1118 4866 ostendit
1146 4812 1261 4867 hare
1288 4813 1533 4883 paradisi

366 4899 581 4970 Regula
610 4900 886 4956 luciﬂuum
911 4901 1224 4959 desiderare
1248 4904 1444 4960 locum.

296 4990 427 5046 "me
453 4991 590 5046 bene
616 5000 863 5048 materno
888 5002 1043 5050 natos
1070 4996 1301 5067 castigat
1326 5011 1509 5051 amore
1535 5038 1549 5061 ,

371 5083 567 5155 Arguit
595 5084 852 5142 erudiens
877 5094 933 5141 et
956 5087 1073 5143 sine
1101 5086 1227 5144 felle
1251 5104 1497 5144 manens.

296 5171 428 5227 Ilzec
452 5173 723 5243 patienter
747 5190 843 5232 eos
872 5185 1057 5234 tenero
1087 5195 1209 5235 cum
1241 5181 1466 5235 verbere
1497 5182 1686 5236 nutrit.

372 5266 615 5323 Candida
637 5278 761 5339 post
787 5271 995 5328 obitum
1022 5276 1244 5344 praemia
1275 5275 1440 5331 multa
1471 5277 1637 5332 dabit.

298 5358 499 5414 Pandit
538 5360 641 5415 iter
671 5364 893 5429 nostris,
924 5364 1169 5421 caelestia
1196 5369 1386 5439 pandit
1416 5370 1607 5425 amicis

373 5450 607 5507 Currere
639 5470 707 5509 ne
736 5456 937 5527 pigeat,
968 5458 1062 5512 sed
1085 5461 1356 5530 patienter
1387 5469 1531 5514 eant.

301 5541 595 5597 Examinat
623 5545 813 5611 vitam,
844 5563 1025 5604 mores
1056 5553 1331 5622 componit
1356 5561 1411 5608 et
1448 5562 1607 5608 ornat
1631 5595 1645 5618 .

381 5634 573 5690 Vibrat
597 5643 653 5691 et
678 5638 980 5709 :equiparat
1004 5681 1019 5705 ,
1047 5650 1104 5697 et
1130 5645 1462 5701 moderando
1503 5645 1671 5700 minal
1700 5664 1713 5710 ;

303 5729 587 5785 Auuihilat
613 5747 860 5802 pravum,
886 5732 1095 5804 justum
1125 5738 1421 5810 conliagrat
1449 5749 1508 5795 ut
1536 5758 1724 5797 aurum
1750 5784 1763 5805 .

378 5817 555 5876 Limat
581 5830 639 5877 et
672 5825 965 5894 cxaruiuat,
994 5836 1047 5884 et
1076 5830 1324 5898 policndo
1355 5831 1533 5887 librat.

1902 2740 1950 2799 B
1976 2733 2074 2789 Est
2099 2734 2291 2789 ovibus
2319 2734 2471 2807 virga
2498 2735 2734 2805 gracilis,
2763 2737 3066 2791 moderatio
3086 2738 3232 2806 justa
3263 2780 3283 2800 ν

2054 2822 2204 2879 Lima
2238 2824 2414 2894 piacla
2441 2824 2622 2894 pians,
2653 2839 2818 2896 regna
2847 2826 3008 2880 beata
3034 2840 3251 2895 parans.

1980 2915 2194 2987 Arguit,
2222 2917 2488 2979 obsecrat,
2516 2916 2778 2985 increpat,
2803 2924 2967 2986 atque
2995 2916 3228 2971 libenter
3254 2919 3511 2973 emendat

2053 3005 2202 3073 Quos
2239 3007 2341 3062 sibi
2365 3021 2623 3078 germano
2646 3005 2852 3062 foedere
2880 3007 3178 3063 consociat.

1984 3096 2145 3153 Novit
2171 3097 2239 3152 ad
2265 3104 2529 3153 aeternum
2558 3098 2856 3154 monachos
2884 3099 3185 3169 perducere
3212 3113 3441 3167 regnum
3462 3137 3481 3164 ,

2055 3189 2125 3244 Et
2158 3190 2372 3246 sociare
2400 3189 2568 3245 choro
2594 3189 2828 3245 dulciter
2856 3191 3123 3262 angelice.

1987 3282 2247 3350 Quamvis
2274 3284 2390 3339 haec
2425 3282 2603 3339 socios
2626 3283 2749 3339 cmli
2775 3283 3010 3339 deducat
3038 3283 3105 3338 ad
3136 3283 3245 3339 alta
3277 3326 3291 3349 ,

2056 3372 2153 3428 Est
2178 3381 2361 3428 tamen
2398 3382 2661 3445 angustus
2699 3373 2876 3439 callis,
2909 3381 2965 3428 et
3002 3381 3153 3429 arcta
3190 3374 3275 3429 via
3307 3392 3322 3429 :

1986 3460 2151 3515 Arcta
2182 3462 2300 3533 pios
2326 3461 2455 3516 celsi
2484 3461 2705 3517 deducit
2739 3462 2806 3515 ad
2834 3463 2974 3516 atria
3004 3463 3155 3533 regni
3186 3502 3205 3527 ,

2059 3554 2247 3625 Ampla
2278 3556 2449 3611 malos
2473 3557 2621 3627 putei
2654 3558 2849 3629 mergit
2880 3559 2933 3613 in
2970 3559 3077 3614 ima
3108 3560 3269 3632 nigri.

1990 3648 2159 3703 Nemo
2188 3647 2333 3703 viam
2363 3649 2548 3703 timeat
2576 3651 2875 3705 monachus
2900 3651 3105 3706 intrare
3134 3667 3231 3723 per
3255 3659 3460 3708 arctam
3489 3694 3506 3716 ,

2066 3740 2228 3795 Ducit
2258 3739 2326 3795 ad
2357 3740 2702 3812 astrigerum,
2738 3750 2917 3797 castra
2948 3726 3129 3810 beata,
3160 3744 3363 3814 polum.

1993 3833 2084 3890 llle
2113 3834 2219 3906 poli
2260 3834 2462 3905 poterit
2485 3833 2680 3891 leviter
2707 3839 3074 3894 conscendere
3104 3838 3248 3894 celsa
3276 3879 3290 3903 ,

2066 3924 2237 3994 Quem
2266 3940 2443 3981 nocuo
2470 3925 2614 3981 nulla
2643 3927 2883 3997 pondere
2904 3928 3060 4000 culpa
3088 3938 3298 4001 gravat.

1991 4016 2176 4090 Aliger
2201 4018 2475 4074 :etbereus
2500 4019 2724 4091 gravido
2752 4036 2875 4075 cum
2898 4036 3125 4091 corpore
3162 4020 3340 4076 nullus

1915 4096 1961 4155 (ἶ
2063 4110 2330 4165 Verberat
2368 4109 2639 4166 mthereas
2668 4126 2811 4182 smpe
2838 4112 3067 4168 volando
3097 4113 3214 4167 vias
3241 4131 3254 4165 :

1990 4196 2351 4280 Nullusenim
2381 4201 2681 4256 monachus
2705 4201 2916 4272 peccati
2945 4202 3183 4272 pondere
3213 4216 3435 4272 pressus

2063 4288 2335 4363 Stelligeri
2364 4290 2567 4364 poterit
2590 4308 2755 4364 regna
2782 4292 2965 4349 subire
2996 4293 3102 4365 poli
3139 4313 3150 4346 :

1993 4380 2181 4438 Omnis
2204 4382 2350 4438 enim
2378 4382 2679 4439 monachus
2712 4382 2973 4456 lacrymis
3010 4384 3301 4440 commissa
3330 4385 3511 4441 lavare

2065 4471 2254 4536 Debet,
2281 4480 2337 4527 et.
2363 4472 2595 4528 ulterius
2622 4472 2765 4527 nulla
2795 4472 3025 4528 lavanda
3054 4474 3186 4546 pali.
3274 4502 3279 4511 -

1995 4561 2283 4632 Temperet
2311 4562 2515 4616 interea
2559 4562 2808 4617 monachi
2836 4563 3096 4619 discretio
3120 4573 3357 4620 mentem

2067 4652 2132 4706 Et
2155 4652 2240 4705 via
2264 4668 2362 4723 per
2388 4653 2624 4707 medium
2650 4653 2799 4725 regia
2823 4655 2983 4710 ducat
3009 4671 3150 4711 eum.

1999 4744 2067 4801 Ut
2094 4754 2283 4799 caveat
2316 4745 2563 4800 dextram
2592 4747 2765 4802 solers
2788 4749 3089 4819 timeatque
3118 4749 3394 4808 sinistram
3421 4794 3434 4815 ,

2070 4833 2364 4889 lIurtantur
2385 4851 2556 4890 sacrm
2584 4838 2772 4894 munia
2800 4838 2935 4910 legis
2962 4856 3104 4895 eum.

1999 4925 2197 4982 Tristia
2223 4943 2329 4982 non
2362 4928 2571 4994 timeat,
2604 4928 2796 4983 timeat
2824 4929 2918 4984 sed
2945 4945 3205 5002 prospera
3232 4935 3436 4997 mundi,

2073 5018 2346 5075 Scandere
2372 5026 2500 5075 tunc
2525 5021 2728 5092 poterit
2754 5038 2921 5093 regna
2942 5024 3099 5078 beata
3123 5026 3249 5096 poli.

1997 5112 2255 5183 Quisquis
2280 5122 2428 5169 amat
2456 5113 2645 5170 rutilos
2671 5122 2983 5179 sanctorum
3015 5131 3238 5186 carpere
3273 5116 3482 5174 fructus

2067 5205 2293 5261 Actibus
2313 5205 2368 5261 in
2393 5205 2606 5261 cunctis
2631 5206 2978 5263 consocietur
3005 5206 3104 5263 eis.

2000 5292 2238 5348 Moribus
2275 5303 2501 5348 ornatus
2530 5301 2585 5347 et
2613 5303 2768 5348 casto
2793 5307 3023 5365 corpore
3068 5303 3316 5365 comptus

2067 5381 2247 5447 Vivat,
2277 5391 2333 5437 et
2361 5383 2659 5438 a'Domino
2688 5400 2905 5456 semper
2933 5395 3148 5440 amatus
3174 5383 3298 5440 erit.

1929 5455 1983 5513 Ῑ)
2010 5474 2095 5529 Sit
2125 5474 2343 5535 tacitus.
2371 5475 2615 5541 humilis,
2641 5477 2963 5533 mitissimus
2991 5486 3155 5548 atque
3180 5477 3441 5545 benignus
3463 5508 3481 5536 ,

2075 5565 2156 5620 Sit
2187 5566 2422 5634 patiens,
2454 5568 2691 5633 sobrius,
2721 5571 2976 5640 providus
3004 5578 3166 5636 atque
3192 5567 3333 5636 pius.

2000 5653 2200 5710 lmlolis
2224 5663 2279 5709 et
2302 5657 2514 5720 docilis,
2542 5659 2782 5728 sapiens,
2808 5668 2861 5712 ct
2888 5666 3067 5711 mente
3103 5653 3331 5726 pusillus

2076 5746 2466 5817 Compunctus,
2492 5749 2734 5819 placidus
2767 5758 2821 5802 et
2850 5750 2986 5803 bene
3010 5755 3202 5801 cautus
3240 5754 3332 5802 cat

2008 5836 2221 5893 Excitat
2258 5838 2465 5895 interea
2508 5840 2688 5896 cordis
2730 5838 3072 5908 compuurtio
3098 5836 3304 5893 fontem
