3960 6206
1663 365 2012 425 SMARAGDI
2043 360 2218 418 ABBA
2226 362 2333 418 TIS
3537 343 3641 402 692

1979 484 2032 542 Α
2055 475 2315 543 Quamvis
2338 472 2484 528 enim
2515 470 2735 526 abusive
2761 467 2946 539 plures
2969 467 3237 519 vocentur
3262 456 3553 528 magistri,
3580 466 3644 513 ut

2057 576 2143 624 est
2182 566 2315 622 illud
2354 565 2409 620 in
2450 560 2816 619 Ecclesiasten
2847 559 2915 614 de
2943 556 3062 627 lege
3089 552 3339 624 legisque
3366 547 3646 604 latoribus

2058 658 2263 714 dictum
2283 697 2297 722 ,
2327 654 2462 723 Qum
2492 669 2592 724 per
2620 652 3006 722 magistrorum
3041 643 3335 701 consilium
3364 640 3490 695 data
3521 643 3650 693 sunt

2061 764 2092 804 a
2121 757 2341 819 pastore
2368 761 2510 811 uno,
2562 758 2703 799 unus
2749 751 2931 796 tamen
2974 752 3074 808 per
3102 741 3355 789 naturam
3388 739 3478 786 est
3506 731 3649 786 Deus

2060 839 2320 908 magister
2347 845 2404 893 et
2428 836 2610 891 Pater.
2661 834 2782 904 lpse
2808 831 2955 886 enim
2982 828 3096 882 ait:
3137 824 3206 879 Et
3235 823 3453 878 Patrem
3492 819 3651 874 nolite

2063 942 2247 980 vocare
2272 942 2429 996 super
2453 934 2668 979 terram.
2704 920 2855 977 Unus
2880 929 2956 973 est
2983 917 3123 971 enim
3153 911 3318 967 Pater
3342 920 3534 970 vester,
3562 909 3654 980 qui
3676 912 3683 918 '

2064 1019 2121 1073 in
2146 1017 2284 1073 caelis
2314 1027 2388 1072 est
2415 1007 2818 1089 (Matthaxm).
2837 1006 3191 1065 Nevocemini
3218 1002 3490 1074 magistri,
3523 1001 3653 1071 quia

2065 1108 2329 1182 magister
2350 1116 2534 1164 vester
2560 1122 2699 1161 unus
2722 1112 2806 1160 est
2829 1102 3102 1159 Christus.
3143 1097 3255 1154 Nos
3279 1111 3409 1151 vero
3437 1093 3658 1165 quando

2066 1211 2278 1274 patrem
2302 1214 2562 1256 vocamus
2602 1195 2909 1259 hominem,
2953 1193 3217 1247 honorem
3259 1187 3406 1242 aetati
3450 1184 3652 1240 deferi-

367 400 459 456 691

442 510 546 581 Qui
585 507 773 566 sordes
797 504 992 558 animae
1031 494 1355 563 illuviesque
1375 489 1542 543 lavet.

371 574 681 662 Chrismate
706 594 927 669 perfuso
952 591 1319 661 lacrymarum
1361 579 1504 635 fusio
1531 574 1669 632 fonti

444 692 786 769 Equiparat,
820 681 1061 740 maculas
1086 676 1248 748 tergit
1273 681 1337 729 ut
1364 671 1456 727 ille
1487 669 1703 737 nigras,

376 761 567 855 Tergit
595 761 652 836 et
679 778 895 833 ablutos
923 768 1166 843 paradisi
1196 765 1300 820 rite
1332 761 1588 824 colonos;

448 851 626 928 Ellicit
652 877 713 924 ut
736 865 975 923 habeant
995 862 1111 933 jam
1137 858 1258 914 sine
1284 854 1390 909 ﬁne
1418 851 1586 912 cives,

378 965 481 1037 Qui
510 963 716 1036 iugiter
741 958 918 1015 laudis
945 953 1161 1026 possint
1193 946 1506 1020 persolvere
1538 947 1722 1012 grates

452 1058 650 1115 Vivere
674 1066 799 1110 cum
823 1047 1055 1105 Domino
1083 1055 1298 1111 semper
1323 1045 1380 1093 et
1405 1048 1526 1091 esse
1552 1045 1671 1087 suo.

758 1158 1055 1224 INCIPIT
1096 1137 1591 1215 PROOEMIUM.

452 1269 591 1327 Cum
624 1264 813 1323 turbas
851 1257 1213 1331 plurimorum
1253 1258 1535 1304 cernerem
1577 1240 1967 1296 monachorum

384 1366 440 1423 in
481 1360 630 1419 beati
660 1353 871 1429 Regula
908 1343 1226 1410 Benedicti,
1269 1332 1753 1408 interpretationes
1779 1330 1972 1384 verbo-

386 1472 541 1522 rum,
586 1461 644 1509 et
684 1446 1022 1504 intellectum
1052 1438 1391 1494 diversarum
1419 1423 1834 1485 sententiarum,
1858 1419 1972 1474 dis-

388 1548 799 1612 cretionemque
854 1532 1187 1606 iudiciorum
1242 1520 1512 1592 sagaciter
1557 1526 1801 1586 quaerere
1856 1509 1976 1580 plu:

390 1643 678 1701 rimorum,
698 1644 823 1703 qua:
835 1605 1083 1680 variante
1109 1614 1328 1673 modulo
1346 1610 1499 1666 varia
1527 1607 1585 1661 ﬁt
1598 1605 1900 1672 culparum,
1917 1606 1979 1653 ut

389 1724 715 1804 expositioni
743 1722 863 1794 ejus
887 1728 1110 1788 operam
1138 1711 1324 1767 darem
1341 1747 1357 1771 ,
1400 1710 1456 1758 et
1484 1716 1515 1755 a
1544 1699 1748 1769 meipso
1775 1700 1975 1756 motus,

390 1834 450 1882 et
465 1786 540 1879 ab
562 1820 686 1876 aliis
706 1786 826 1872 sum
853 1786 1094 1867 coactus.
1129 1804 1199 1858 Et
1222 1795 1473 1871 quamvis
1496 1791 1618 1864 ejus
1639 1786 1979 1859 expositione

392 1879 500 1971 non
523 1910 803 1980 indigeant
822 1899 988 1964 docti,
1010 1904 1195 1951 tamen
1217 1887 1447 1957 simplex
1469 1879 1803 1951 simplicibus
1825 1880 1978 1947 grata

394 2014 479 2061 est
504 2000 622 2071 ejus
646 1992 919 2066 expositio
949 1980 1255 2046 monachis,
1293 1976 1384 2047 qui
1416 1988 1514 2045 per
1541 1970 1661 2040 ejus
1689 1966 1984 2021 observan-

393 2053 625 2153 tiam‘ad
649 2053 895 2145 ccelestia
921 2077 1149 2148 cupiunt
1175 2068 1444 2129 scandere
1470 2074 1663 2133 regna,
1699 2055 1766 2113 dc
1789 2069 1854 2111 ea
1876 2053 1987 2109 fre-

397 2194 628 2260 quenter
656 2179 846 2236 audire
868 2172 955 2229 vel
993 2166 1205 2224 modica
1235 2158 1549 2217 desiderant
1574 2152 1740 2207 verba
1767 2162 1781 2202 :
1812 2154 1868 2202 et
1893 2145 1987 2216 qui

1070 2259 1075 2260 ’
1356 2258 1362 2260 -
1566 2259 1588 2260 γέ
1610 2250 1755 2260 μέμ-Δ-
1782 2235 1985 2260 ..-_r....:

400 2235 521 2348 eius
547 2278 798 2332 tenentes
826 2259 1210 2321 rectitudinem
1233 2294 1248 2315 ,
1297 2258 1504 2306 aeterna
1536 2250 1759 2313 sperant
1782 2235 1989 2309 perfrui

403 2330 761 2426 beatitudine,
805 2356 1003 2416 crebro
1046 2345 1354 2419 regularem
1384 2336 1622 2411 gaudent
1650 2330 1841 2387 audire
1873 2342 1990 2383 ser-

409 2472 645 2515 monem.
682 2419 847 2521 cujus
867 2442 1085 2501 Domini
1111 2433 1413 2508 opitulante
1439 2425 1612 2501 gratia
1638 2422 1751 2493 jam
1777 2419 1994 2476 ordina-

409 2554 510 2608 tim
535 2545 791 2615 incipiam
821 2549 1095 2609 exponere
1122 2528 1308 2585 verba.

916 2650 1507 2738 EXPOSITIO

485 2819 591 2898 IN
655 2806 1137 2893 REGULAM
1197 2800 1295 2881 B.
1353 2785 1941 2876 BENEDICTI.

849 2936 853 2939 λ
1055 2935 1355 2994 INCIPIT

615 3055 982 3118 PROLOGUS
1018 3047 1325 3108 REGUL/E
1364 3048 1425 3102 Β.
1453 3035 1813 3100 BENEDICTI

905 3157 1098 3200 PATRIS
1136 3150 1516 3195 MONACIIOBUX.

495 3242 770 3303 Obsculta.
833 3238 961 3293 lima
1005 3249 1105 3289 nos
1149 3228 1423 3287 hortantis
1472 3223 1620 3280 beati
1669 3219 1834 3274 verba
1881 3222 2008 3271 sunt

423 3335 721 3396 Benedicti.
771 3331 865 3388 Ille
891 3327 1125 3390 ctenim,
1168 3321 1375 3394 Spiritu
1413 3324 1601 3374 sancto
1630 3310 1901 3382 repletus,
1948 3313 2012 3360 ut

424 3446 525 3488 nos
551 3428 620 3485 ad
645 3425 870 3483 meliora
897 3417 1332 3494 proﬁciscamur,
1372 3411 1645 3466 hortatur.
1697 3400 1837 3459 Sunt
1864 3398 2010 3454 enim

425 3524 519 3597 qui
542 3536 669 3580 eum
698 3532 833 3574 ausu
864 3510 1156 3571 temerario
1194 3501 1602 3578 reprehendere
1631 3505 1903 3554 conantur
1929 3490 2013 3546 di-

426 3584 651 3673 centes:
685 3607 942 3664 Ausculta
976 3601 1163 3658 debuit
1203 3598 1406 3660 dicere,
1450 3606 1561 3647 non
1607 3584 1866 3649 obsculta,
1912 3596 2011 3637 ne—

427 3706 668 3764 scientes
702 3700 833 3772 quia
866 3697 1009 3753 sicut
1044 3699 1194 3748 recte
1227 3688 1426 3744 dicitur
1453 3680 1647 3737 obaudi
1668 3720 1682 3745 ,
1722 3686 1779 3734 et
1801 3675 2014 3729 obtem-

429 3809 587 3868 pera,
611 3800 666 3848 et
686 3766 1015 3850 obsecunda,
1037 3791 1094 3838 et
1116 3781 1220 3836 alia
1247 3777 1413 3832 multa
1438 3773 1586 3837 talia,
1614 3772 1687 3825 ita
1714 3766 2017 3824 rectissime

432 3887 539 3944 dici
564 3889 764 3956 potest,
790 3875 1058 3935 obsculta.

507 3949 679 4046 o'ﬁa.
718 3969 763 4027 ο
793 3965 1097 4037 interiectio
1122 3977 1223 4035 pro
1248 3956 1478 4016 diversis
1502 3951 1751 4010 sensibus
1777 3949 2020 4003 diversas

435 4039 605 4127 habet
622 4064 1068 4139 signiﬁcationes.
1096 4053 1400 4127 Aliquoties
1422 4045 1760 4107 admirantis,
1778 4049 1837 4096 ut
1859 4039 2017 4094 illud:
2081 4075 2087 4082 .

438 4165 484 4221 0
511 4134 916 4237 quamvpulchra
939 4164 1015 4210 est
1040 4160 1184 4209 casta
1209 4144 1472 4220 generatio
1498 4138 1648 4214 (Sap.
1675 4136 1771 4210 iv).
1806 4134 2024 4204 Aliquo—

439 4226 543 4312 ties
570 4226 823 4317 dolentis,
847 4257 910 4303 ut
938 4245 1068 4301 illud
1093 4261 1105 4297 :
1143 4238 1187 4295 0
1217 4255 1306 4293 vos
1336 4250 1534 4299 omnes,
1558 4230 1648 4303 qui
1673 4226 1910 4283 transitis
1935 4239 2027 4291 per

440 4363 599 4413 riam,
641 4344 805 4401 uidete
832 4340 877 4396 si
906 4347 981 4394 est
1013 4332 1167 4390 dolor
1189 4341 1245 4386 ut
1272 4337 1347 4383 est
1373 4324 1527 4381 dolor
1552 4309 2023 4389 meut(7‘ltren.[t:t).

441 4438 742 4509 Aliquoties
760 4431 999 4505 optantis
1019 4425 1264 4485 continet
1281 4413 1755 4490 signiﬁcationem,
1776 4416 1835 4463 ut
1858 4404 1991 4460 illud
2012 4421 2023 4456 :

347 4537 368 4556 ‘
446 4532 492 4588 Ο
520 4503 766 4594 Domine,
797 4503 979 4581 salvos
1024 4536 1117 4574 nos
1156 4516 1261 4588 fac.
1308 4509 1352 4567 0
1381 4509 1627 4594 Domine,
1653 4503 1778 4594 liene
1809 4511 2030 4594 prospe-
2053 4524 2107 4584 D

444 4639 572 4679 rare
588 4587 763 4693 (ρεαιξ
780 4612 969 4686 CXVII).
1002 4587 1174 4678 Quam
1205 4612 1259 4660 et
1284 4602 1376 4661 hic
1403 4592 1800 4654 rationabiliter
1825 4587 2032 4644 obtinet

446 4678 741 4766 vim.‘Nam
762 4713 818 4761 et
835 4678 939 4759 lilii,
954 4698 1170 4755 nomine
1190 4708 1313 4749 eum
1335 4687 1541 4762 placuit
1560 4680 1853 4756 appellare,
1869 4678 2049 4747 qucm‘

450 4801 623 4860 voluit
649 4799 855 4855 habere
885 4792 1238 4849 imitatorem.
1286 4783 1532 4853 Quatuor
1557 4774 1702 4829 enim
1734 4768 1910 4826 modis
1938 4764 2032 4820 lilii

453 4890 824 4965 appellantur:
846 4893 1063 4948 natura,
1086 4875 1409 4936 imitatione,
1434 4864 1746 4937 adeptione,
1763 4855 2030 4915 doctrina.

456 4988 558 5043 llic
583 4992 764 5041 autem
791 4996 899 5036 non
929 4982 1120 5032 natura
1141 5012 1156 5037 ,
1191 4984 1297 5024 non
1330 4961 1639 5034 adoptione,
1666 4954 1760 5010 sed
1788 4949 2034 5007 doctrina

455 5078 543 5134 vel
582 5039 885 5131 imitatione
926 5066 1068 5122 ﬁlius
1112 5058 1436 5132 appellatur,
1468 5049 1558 5122 qui
1589 5047 1654 5102 ad
1682 5039 2035 5100 obscullanda

459 5152 707 5240 magistri
732 5166 1001 5232 praecepta
1030 5156 1300 5210 hortatur.

533 5222 825 5327 Praecpta.
853 5222 1130 5316 Praecepta
1153 5247 1281 5296 sunt
1300 5250 1420 5308 qua:
1443 5241 1535 5288 aut
1557 5227 1684 5299 quid
1710 5222 2035 5283 faciendum,

462 5356 557 5406 aut
579 5314 727 5419 quid.
746 5356 853 5398 non
891 5314 1196 5392 faciendum
1225 5330 1298 5386 sit
1322 5327 1522 5383 docent
1547 5341 1560 5375 :
1599 5314 1926 5374 faciendum,
1961 5317 2039 5372 ut,

462 5414 622 5511 dilige
641 5432 926 5492 Dominum
955 5426 1118 5481 Deum
1144 5431 1314 5485 tuum,
1341 5426 1395 5473 et
1420 5415 1622 5470 honora
1647 5416 1847 5481 patrem
1872 5414 2042 5464 tuum,

644 5490 673 5491 ί
701 5490 711 5492 θ

464 5541 521 5587 et
554 5528 795 5598 reliqua;
837 5535 946 5577 non
979 5513 1317 5576 iaciendum,
1356 5515 1448 5571 ut,
1492 5503 1615 5557 Non
1645 5495 1879 5559 occides,
1925 5490 2047 5545 Non

467 5580 842 5682 intestini-ieris,
887 5608 1010 5666 Non
1051 5606 1253 5678 furtum
1293 5599 1454 5671 {aries
1483 5590 1684 5667 (Exod.
1714 5585 1842 5659 xx),
1887 5589 1941 5638 ct
1977 5580 2051 5636 si-

472 5710 641 5768 milia.

548 5759 701 5867 Quod
728 5803 906 5852 autem
933 5790 1060 5847 dicit
1094 5780 1352 5858 Magistri,
1384 5769 1806 5841 subintelligitur
1830 5759 2051 5819 Christi.

2070 1308 2210 1356 mus,
2238 1306 2348 1346 non
2380 1296 2658 1344 auctorem
2691 1292 2896 1340 nostra:
2921 1282 3049 1336 vita:
3073 1276 3438 1335 ostendimus.
3490 1272 3661 1344 Magi-

2072 1392 2185 1441 ster
2211 1397 2342 1437 vero
2379 1395 2449 1435 ex
2488 1376 2765 1434 consortio
2791 1373 2908 1429 veri
2951 1368 3199 1440 magistri
3235 1365 3515 1420 veraciter
3550 1362 3658 1417 dici

2073 1481 2287 1545 potest:
2324 1470 2453 1540 quia
2481 1469 2622 1524 sicut
2649 1481 2751 1537 per
2774 1466 3027 1517 naturam
3053 1472 3199 1513 unus
3229 1456 3397 1518 Deus,
3436 1461 3491 1507 et
3522 1450 3666 1506 ﬁlius

2074 1581 2184 1620 non
2211 1561 2531 1634 prtejudicat
2556 1556 2772 1614 caeteris
2790 1595 2805 1620 ,
2833 1567 2922 1608 me
2954 1566 3053 1622 per
3083 1547 3435 1617 adopzionem
3464 1543 3542 1597 dii
3567 1557 3667 1597 vo-

2079 1631 2271 1713 centur
2297 1661 2352 1708 et
2378 1651 2497 1715 ﬁlii,
2520 1650 2594 1705 ita
2620 1662 2762 1703 unus
2786 1651 2945 1715 pater
2964 1651 3024 1696 et
3045 1638 3307 1709 magister
3333 1649 3441 1688 non
3475 1631 3671 1703 praeiu-

2080 1750 2229 1805 dicat
2257 1746 2376 1801 aliis
2401 1751 2462 1798 ut
2486 1740 2713 1797 abusive
2736 1744 2921 1809 patres
2950 1731 3301 1803 appellentur
3316 1734 3371 1782 et
3397 1723 3667 1794 magistri.

2007 1828 2055 1887 Β
2084 1839 2340 1910 Magister
2385 1836 2493 1890 dux
2515 1873 2529 1896 ,
2586 1829 2937 1901 gubernator,
2986 1828 3308 1893 praeceptor,
3347 1814 3435 1869 vel
3480 1815 3675 1868 doctor

2084 1905 2421 1998 intelligitur.
2489 1920 2656 1991 Cujus
2714 1911 3037 1986 etymologia
3092 1924 3123 1962 a
3171 1905 3363 1961 Graaeo
3419 1911 3678 1957 sermone

2084 1993 2570 2079 steron'descendit
2596 2033 2610 2066 :
2642 2010 2833 2069 Graece
2861 2004 3006 2062 enim
3044 2011 3217 2058 steron
3254 1997 3422 2054 statio
3452 1993 3675 2049 dicitur.

2087 2114 2231 2185 Ergo
2282 2111 2542 2183 magister
2592 2104 2785 2162 Latino
2834 2109 3085 2155 sermone
3135 2091 3309 2161 major
3367 2082 3683 2142 visitatione

2091 2206 2170 2280 [in
2200 2200 2455 2273 statione]
2492 2205 2719 2255 vocatur

2164 2293 2234 2349 Et
2262 2290 2458 2347 inclina
2488 2300 2672 2342 aurem
2696 2280 2870 2338 cordis
2895 2278 2992 2333 tui.
3025 2273 3186 2331 Auris
3210 2271 3356 2327 enim
3378 2266 3563 2324 cordis
3583 2279 3690 2319 no-

2094 2385 2194 2442 stri
2221 2391 2349 2438 tunc
2378 2377 2444 2435 ad
2472 2374 2796 2433 audiendum
2821 2368 3093 2426 veraciter
3116 2362 3432 2424 inclinatur,
3465 2355 3692 2427 quando

2096 2469 2397 2529 admonitio
2424 2466 2497 2538 pii
2522 2463 2712 2535 patris,
2738 2460 2790 2515 id
2813 2467 2920 2524 est,
2941 2452 3178 2518 Domini,
3210 2466 3242 2505 a
3269 2447 3425 2503 nobis
3452 2443 3697 2500 libenter

2099 2563 2318 2618 auditur
2342 2565 2397 2613 et
2424 2535 2718 2611 efﬁcaciter
2741 2547 3017 2618 impletur,
3045 2541 3261 2613 quando
3285 2535 3572 2592 humiliter
3596 2547 3697 2587 ex-

2098 2653 2319 2724 cipitur,
2341 2657 2398 2706 et
2417 2660 2555 2719 puro
2580 2642 2740 2699 corde
2769 2647 3001 2696 tenetur.
3034 2635 3186 2691 Hanc
3211 2644 3398 2687 aurem
3422 2627 3697 2682 Dominus

2101 2714 2352 2815 quaerens
2379 2714 2629 2794 dicebat:
2666 2729 2769 2797 Qui
2805 2728 2959 2783 habet
2998 2738 3178 2779 aurem
3208 2716 3462 2774 audiendi
3500 2714 3697 2768 audiat

2106 2831 2323 2907 (Matth.
2349 2826 2449 2900 xi).
2500 2823 2661 2880 Auris
2695 2820 2840 2876 enim
2876 2817 2945 2872 ab
2974 2810 3240 2870 audiendo
3267 2807 3355 2863 vel
3388 2802 3702 2860 hauriendo

2105 2932 2351 2981 vocatur.
2394 2918 2557 2975 Auris
2583 2916 2729 2972 enim
2758 2909 3002 2981 corporis
3029 2902 3267 2962 hominis
3290 2912 3475 2962 voces,
3510 2894 3703 2950 cordis

2108 3026 2292 3073 autem
2320 3013 2470 3068 auris
2496 3007 2828 3065 intellectum
2857 2998 3037 3057 baurit
3063 2992 3350 3052 sermonis.

2185 3109 2249 3162 Et
2314 3100 2744 3159 admonitionem.
2808 3088 3121 3148 Admonitio
3182 3080 3402 3154 proprie
3465 3075 3705 3136 dicitur,

2034 3187 2079 3249 C
2112 3198 2329 3273 quando
2356 3212 2420 3249 ca
2446 3195 2501 3249 in
2532 3191 2730 3263 quibus
2756 3184 3036 3243 exciderat
3058 3180 3245 3239 homo,
3274 3173 3344 3229 ad
3369 3167 3707 3225 memoriam

2111 3293 2466 3351 reducuntur.
2521 3282 2567 3337 A
2607 3277 2840 3353 paradisi
2879 3273 3024 3329 enim
3066 3268 3282 3341 gaudio,
3328 3257 3710 3317 exsultatione

2112 3396 2165 3443 et
2198 3383 2367 3456 gloria
2398 3393 2497 3450 per
2525 3368 2949 3431 inobedicntiam
2978 3363 3109 3419 Adze
3146 3353 3477 3430 generaliter
3507 3360 3714 3403 omnes

2115 3475 2462 3535 recessimus,
2502 3466 2597 3523 sed
2635 3462 2703 3519 ad
2741 3476 2804 3516 ea
2841 3471 2961 3528 qua:
2994 3468 3093 3524 per
3122 3442 3547 3505 inobedicntiam
3577 3453 3716 3508 per-

2117 3567 2378 3627 didimus,
2420 3531 2681 3616 imitando
2717 3549 2921 3608 Christi
2960 3540 3359 3602 obedientiam,
3397 3534 3492 3605 qui
3529 3531 3721 3601 [actus

2118 3619 2470 3716 estobediens
2502 3646 2654 3703 Patri
2690 3655 2864 3712 usque
2891 3637 2959 3692 ad
2991 3643 3210 3690 mortem
3237 3624 3460 3701 (Philip.
3485 3619 3572 3692 ιι),
3620 3634 3719 3674 re-

2120 3752 2237 3807 dire
2262 3747 2537 3801 debemus.

2191 3838 2278 3892 Pii
2313 3832 2506 3889 Patris.
2549 3827 2677 3883 Pius
2709 3822 2854 3879 enim
2891 3819 3057 3873 Pater
3096 3809 3314 3883 proprie
3355 3805 3443 3860 ille
3481 3801 3720 3864 dicitur,

2123 3931 2212 4005 qui
2260 3926 2506 3984 cordium
2549 3920 2777 3976 aliorum
2825 3911 3132 3982 impietatcs
3171 3902 3416 3957 valenter
3454 3893 3722 3950 remittit.

2124 3984 2221 4081 élli
2251 4016 2537 4076 Psalmista
2564 4013 2679 4067 ait:
2710 4005 2857 4070 Dixi,
2889 3997 3188 4070 Conﬁtebor
3213 3992 3489 4047 adversum
3518 4001 3605 4039 me
3640 3984 3727 4037 in.

2116 4111 2356 4188 justitias
2376 4123 2518 4163 meas
2534 4102 2777 4163 Domino,
2794 4106 2840 4151 et
2864 4105 2921 4149 tu
2938 4087 3182 4147 remisisti
3201 4083 3520 4154 impietatem
3538 4073 3725 4128 cordis

2125 4205 2228 4261 mei
2260 4199 2435 4277 (Psal.
2464 4195 2639 4267 xxxi).
2692 4191 2822 4246 Pius
2868 4187 3012 4241 enim
3059 4182 3202 4236 Deus
3251 4174 3452 4231 dicitur
3494 4175 3728 4242 propter

2129 4257 2222 4261 Vh"
2263 4257 2279 4277 \
2600 4257 2608 4267 1

2129 4294 2472 4354 clementiam
2493 4332 2508 4356 ,
2543 4282 2936 4358 benignitatem
2965 4282 3021 4330 et
3045 4264 3496 4329 misericordiam.
3534 4257 3729 4314 Pietas

2129 4389 2274 4447 enim
2303 4383 2480 4440 Patris
2506 4388 2587 4436 est
2609 4347 2839 4449 iustitia,
2870 4383 2989 4439 qua:
3016 4361 3253 4436 proprie,
3278 4364 3340 4412 ut
3364 4354 3443 4409 ait
3464 4347 3731 4420 Augusti—

2130 4496 2252 4545 nus,
2278 4477 2375 4533 Dei
2404 4473 2581 4530 cultus
2607 4438 2948 4535 intelligitur.
2984 4457 3148 4511 Pater
3168 4451 3312 4507 enim
3335 4443 3556 4517 proprie
3576 4438 3731 4494 Deus

2135 4574 2284 4631 solus
2312 4568 2532 4631 dicitur,
2565 4562 2723 4633 quia,
2763 4532 2824 4612 ut
2850 4554 2926 4608 ait
2949 4544 3271 4619 Apostolus,
3314 4555 3379 4594 ea:
3418 4535 3512 4590 illo
3552 4532 3728 4585 omnis

2136 4662 2424 4737 paternitas
2455 4658 2508 4712 in
2537 4620 2663 4710 cmlo
2698 4659 2746 4705 et
2781 4649 2837 4701 in
2863 4654 3001 4699 terra
3032 4637 3336 4694 nominatur
3367 4627 3588 4700 (Ephes.
3621 4620 3728 4689 ιιι).

2812 4735 2838 4737 "
2924 4731 2955 4737 η
2996 4731 3007 4737 ·
3128 4725 3186 4737 π
3292 4730 3303 4737 -
3388 4735 3413 4737 η
3452 4715 3612 4737 -_-::.-
3644 4728 3705 4737 .,,

2387 4749 2476 4804 ille
2504 4747 2558 4801 iu
2585 4735 2883 4809 Evangelio
2907 4731 3037 4788 dicit
3062 4747 3076 4782 :
3120 4725 3187 4781 Et
3216 4730 3420 4795 patrem
3448 4715 3613 4771 nolite
3644 4728 3733 4766 eo-

2139 4862 2261 4902 care
2302 4857 2461 4914 super
2497 4847 2710 4891 terram.
2766 4827 2913 4883 Unus
2951 4832 3027 4878 est
3066 4820 3205 4875 enim
3234 4813 3394 4869 Pater
3424 4818 3616 4872 rester,
3642 4801 3731 4876 qui

2141 4895 2218 4993 tit
2236 4895 2467 4989 iuvenalis
2494 4924 2709 5002 (Matth.
2738 4916 2913 4989 xxiii).
2938 4914 3002 4971 Et
3018 4926 3111 4985 per
3136 4905 3453 4976 prophetam
3491 4898 3611 4969 ipse
3647 4895 3728 4949 lo-

2145 5029 2328 5100 quitur
2355 4986 2539 5080 dicens
2568 5039 2581 5072 :
2618 5017 2839 5071 Patrem
2866 4986 3090 5060 vocabis
3116 5012 3235 5063 me,
3274 5001 3330 5049 et
3366 5000 3492 5064 post
3532 5004 3629 5044 me
3657 4986 3731 5039 in-

2924 5097 2934 5100 ‘
3170 5088 3224 5100 ’Ἀ
3400 5099 3427 5100 η
3458 5081 3519 5100 2:
3582 5076 3731 5100 η-..-

2145 5076 2295 5194 gredi
2323 5131 2433 5172 non
2460 5107 2716 5168 cessabis.
2759 5101 2827 5160 Et
2854 5097 2939 5155 cui
2969 5088 3295 5166 generaliter
3323 5081 3537 5144 omnis,
3573 5076 3735 5131 Pater

2860 5188 2874 5194 -
3052 5183 3093 5194 ..
3162 5180 3175 5194 .
3244 5178 3256 5191 .
3367 5171 3519 5194 nu,
3553 5177 3732 5194 mm“

2149 5171 2323 5267 noster
2346 5206 2434 5272 qui
2462 5219 2516 5257 es
2544 5201 2600 5254 in
2628 5194 2793 5259 caelis,
2829 5188 3029 5246 clamat
3052 5178 3317 5239 Ecclesia.
3364 5171 3522 5241 Quod
3552 5177 3733 5223 autem

2150 5301 2283 5358 dicit
2306 5267 2522 5351 libenter
2543 5288 2735 5358 excipe,
2760 5278 2908 5336 intell
2935 5276 3079 5347 gitur
3101 5268 3365 5329 studiose,
3389 5267 3736 5327 summopen:

2150 5402 2205 5447 ct
2229 5401 2440 5447 summa
2458 5381 2754 5437 voluntate.
2789 5370 3053 5437 Excipere
3074 5361 3220 5418 enim
3245 5357 3445 5412 dicitur
3465 5350 3736 5419 accipere,

2153 5481 2235 5534 vel
2263 5476 2558 5546 suscipere.

2228 5533 2485 5624 Addidit:
2532 5560 2598 5615 Et
2638 5554 2912 5628 efﬁcaciter
2949 5543 3171 5616 compte.
3216 5534 3523 5596 Emcaciter
3559 5533 3738 5623 autern

2161 5659 2409 5720 faciliter,
2437 5650 2704 5724 expedite,
2738 5641 3015 5704 velociter,
3044 5634 3462 5707 perseveranter
3494 5618 3577 5674 vel
3606 5610 3743 5685 vigi-

2162 5755 2336 5810 lanter
2385 5744 2725 5817 intelligitur.
2782 5733 2942 5791 Venit
2992 5730 3136 5786 enim
3185 5725 3286 5781 hoc
3341 5710 3661 5775 adverbium
3713 5718 3744 5755 a
