3960 6206
299 341 409 403 693

1350 335 1706 393 ΕΟΜΜΕΝΤ.
1750 334 1817 391 lN
1860 335 2022 393 REG.
2065 337 2125 394 S.
2166 337 2553 396 BENEDIC'II.

3476 340 3581 396 69‘3

300 461 523 516 nomine
549 458 757 529 e/ﬁcax,
809 454 934 525 quia
976 451 1178 508 nullam
1220 451 1382 507 habet
1424 448 1794 507 diﬁieultatem
1833 448 1887 502 in
1917 450 2126 509 Avitio
2154 450 2296 506 mala
2325 451 2508 506 omnia
2554 451 2830 506 nutriente
2873 460 3268 514 concrescunt,
3331 458 3386 504 et
3441 452 3582 505 bona

300 552 573 610 faciendo.

375 640 446 698 Ut
469 641 538 696 ad
556 657 676 713 eum
696 656 789 711 per
809 638 1114 692 obedientia:
1133 636 1364 691 laborem
1389 635 1591 699 redeas,
1612 651 1649 686 α
1670 649 1772 702 quo
1801 647 1894 701 per

302 732 671 789 inobedientia:
698 728 959 783 desidiam
997 742 1303 781 recesseras.
1340 723 1494 792 Quod
1519 730 1701 777 autem
1730 721 1891 786 dicit,

305 835 362 879 ut
385 823 455 877 ad
476 838 612 883 eum,
635 820 956 876 subauditur
971 816 1159 871 Deum.
1189 815 1233 870 A
1255 815 1365 869 Deo
1386 814 1552 875 enim,
1571 813 1712 867 sicut
1731 826 1893 880 supra

304 920 512 972 dictum
534 921 640 978 est,
662 913 776 967 sive
800 909 1128 982 generaliter
1150 909 1203 962 in
1225 907 1397 961 Adam
1419 921 1608 961 omnes
1628 912 1682 958 et
1705 904 1893 967 Evam,

306 1010 427 1063 sive.
451 1005 759 1077 specialiter
786 1002 1156 1072 unusquisque
1184 1009 1433 1055 nostrum
1458 1012 1556 1067 per
1584 995 1897 1054 inobedicn-

306 1101 399 1154 tiae
420 1099 615 1153 vitium
638 1095 1013 1163 desidiumque
1035 1091 1216 1147 cordis
1242 1090 1587 1147 recessimus.
1626 1087 1705 1141 Ad
1736 1101 1896 1155 quem

306 1205 411 1244 nos
436 1204 536 1259 per
558 1186 878 1243 obedientia
908 1182 1269 1239 humilitatem
1309 1182 1663 1249 laboremque
1703 1178 1899 1233 beatus

308 1282 635 1337 Benedictus
662 1280 914 1334 hortatur
941 1276 1139 1330 redire.
1184 1273 1500 1329 Obedientia
1529 1266 1672 1327 enim
1703 1270 1900 1325 dicitur

308 1371 613 1435 humilitas,
635 1366 1090 1437 obtemperantia,
1126 1379 1192 1419 eo
1215 1363 1359 1433 quod
1386 1361 1664 1417 humiliter
1683 1359 1903 1417 obediat

307 1462 397 1518 vel
436 1464 775 1530 obtemperet
816 1456 1125 1528 imperanti.
1171 1455 1351 1510 Labor
1393 1453 1540 1509 enim
1564 1451 1901 1519 .obedientiae

309 1563 544 1610 vocatur
580 1551 758 1606 omnis
796 1550 1033 1604 humana
1075 1547 1220 1603 actio
1259 1554 1481 1608 nostra,
1524 1561 1648 1615 quze
1686 1543 1829 1614 iuste
1869 1560 1901 1598 a

312 1647 550 1702 Domino
575 1645 861 1715 imperata,
889 1640 960 1696 ab
987 1640 1326 1695 auditoribus
1350 1646 1434 1694 est
1460 1639 1756 1694 secundum
1787 1637 1899 1692 dis-

311 1739 633 1794 tributionis
674 1738 904 1807 gratiam
948 1735 1231 1791 humiliter
1271 1733 1581 1806 adimpleta.
1630 1732 1709 1787 De
1757 1733 1902 1788 bono

1994 540 2175 595 omnia
2205 556 2271 595 ne
2293 543 2580 612 perficiant
2603 542 2743 596 mala
2769 550 3021 612 soporata
3045 543 3335 612 quiescunt
3383 544 3456 598 De
3482 546 3587 599 hoc

1994 633 2138 688 enim
2169 632 2298 688 vitio
2326 649 2423 703 per
2467 633 2812 690 Salomonem
2843 636 3041 690 dicitur
3071 653 3083 689 :
3122 635 3347 705 Pigredo
3378 637 3581 690 immit-

1994 727 2057 778 tit
2085 743 2321 796 soporem
2350 725 2533 799 (Prov.
2574 727 2710 794 xtx).
2752 729 2984 800 Pigredo
3007 732 3152 786 enim
3200 734 3434 803 torpenti
3468 734 3587 788 ani-

1998 831 2086 869 mo
2125 830 2375 887 soporem
2405 819 2670 883 immittit,
2699 822 2842 889 quod
2873 836 3033 890 quem
3064 823 3114 876 in
3151 823 3307 879 bonis
3329 826 3586 898 operibus

1998 907 2240 976 tepidum
2270 908 2596 979 tardumque
2629 911 2901 966 invenerit
2927 952 2943 978 ,
2974 927 3044 967 ne
3071 913 3123 967 in
3152 913 3307 968 bonis
3334 923 3550 971 crescat
3572 957 3587 976 .

1998 1007 2055 1051 et
2098 997 2286 1053 oculos
2324 999 2505 1055 cordis
2531 1000 2755 1067 claudit,
2807 1012 2863 1057 et
2893 1019 3085 1058 manus
3121 1004 3268 1075 ligat.
3308 1005 3414 1061 Per
3441 1023 3589 1062 cum-

2000 1089 2121 1143 dem
2161 1090 2303 1143 enim
2333 1088 2675 1147 Salomoaem
2706 1093 2906 1148 dicitur
2937 1112 2950 1148 :
2981 1092 3209 1165 Propter
3243 1097 3412 1167 frigus
3447 1099 3593 1168 piger

2001 1196 2156 1232 arare
2191 1180 2357 1234 noluit
2385 1179 2569 1253 (Prov.
2599 1200 2671 1237 xx
2754 1183 2791 1254 ).
2824 1184 3050 1255 Propter
3076 1184 3248 1258 frigus
3274 1189 3470 1258 quippe
3512 1189 3593 1259 pi-

2002 1287 2097 1340 ger
2122 1287 2228 1327 non
2252 1282 2390 1340 arat,
2424 1276 2552 1345 quia
2589 1277 2809 1333 desidia:
2837 1285 3080 1348 tempore
3115 1281 3446 1335 constrictus
3468 1297 3594 1351 age—

2002 1378 2061 1416 re
2084 1379 2204 1431 qua:
2233 1365 2392 1420 debet
2426 1366 2564 1421 bona
2615 1368 2941 1424 dissimulat.
2985 1369 3052 1423 Et
3082 1370 3209 1424 dum
3252 1386 3417 1441 parva
3452 1371 3593 1425 mala

2004 1457 2215 1521 metuit,
2240 1458 2456 1528 operari
2483 1458 2625 1513 bona
2655 1460 2892 1514 maxima
2915 1462 3303 1530 praetermittit.
3332 1462 3409 1517 De
3437 1464 3594 1534 pigro

2003 1561 2219 1614 quoque
2266 1554 2412 1601 recte
2454 1549 2733 1603 subditur:
2770 1547 3094 1604 Mendicabit
3134 1562 3339 1618 a’state,
3385 1564 3435 1607 et
3491 1572 3595 1609 non

2004 1635 2218 1689 dabitur
2254 1636 2303 1691 ei
2392 1636 2598 1708 (lbid.).
2686 1639 2824 1707 Quia
2863 1641 2959 1711 qui
3000 1641 3055 1695 in
3100 1644 3356 1713 praesenti
3395 1645 3596 1699 szeculo

2006 1725 2060 1779 in
2089 1726 2245 1782 bonis
2275 1729 2529 1797 operibus
2551 1745 2659 1785 non
2684 1731 2947 1798 desudat,
2981 1749 3102 1787 cum
3133 1743 3344 1807 tempus
3369 1736 3599 1792 retribu-

315 1839 501 1886 autem
532 1830 853 1886 obedientia:
885 1845 982 1900 per
1008 1828 1353 1883 Salomonem
1386 1828 1624 1882 dicitur:
1655 1825 1751 1879 Vir
1785 1825 1904 1879 obe-
1932 1800 1979 1860 Β
2011 1819 2173 1874 tionis
2214 1820 2525 1887 advenerit,
2571 1839 2601 1876 a
2632 1824 2898 1879 mercedis
2943 1841 3168 1881 uulnere
3208 1835 3390 1882 mente
3420 1843 3591 1883 vacua

312 1921 467 1975 diem
502 1920 735 1991 loquitur
762 1919 1009 1974 victorias
1051 1917 1235 1985 (Prov.
1264 1914 1516 1986 xm).Vir
1544 1918 1741 1987 quippe
1772 1916 1904 1970 obe-

314 2012 478 2067 diens
502 2010 763 2066 victorias
788 2009 1053 2080 loquitur,
1081 2009 1208 2079 quia
1239 2009 1366 2064 dum
1397 2007 1767 2076 unusquisque
1797 2005 1905 2061 ele-

315 2111 534 2160 ctorum
588 2118 689 2172 per
735 2101 1058 2157 obedientia:
1108 2099 1470 2155 humilitatem
1525 2097 1637 2153 Deo
1685 2113 1744 2153 se
1793 2105 1907 2152 toto

315 2194 506 2251 animo
535 2194 741 2257 subdit,
774 2201 831 2248 et
854 2191 969 2261 ejus
995 2198 1263 2263 praecepta
1296 2184 1578 2246 humiliter
1606 2188 1824 2259 implet,
1853 2196 1909 2243 et

311 2299 421 2355 pro
446 2285 533 2339 his
560 2285 810 2339 omnibus
835 2298 940 2337 non
967 2281 1093 2347 sibi,
1120 2281 1214 2335 sed
1236 2280 1348 2335 Deo
1370 2280 1573 2352 gratias
1598 2279 1730 2350 agit,
1759 2287 1811 2332 et
1841 2277 1908 2332 ab

319 2373 706 2430 inobedientiaz
734 2373 892 2443 culpa
921 2371 1216 2426 miserante
1255 2368 1368 2424 Deo
1406 2368 1545 2423 lilzcr
1568 2366 1822 2431 efﬁcitur,
1855 2373 1910 2421 et

315 2464 387 2519 de
418 2464 750 2519 inobcdienti
789 2463 1132 2533 triumphans
1165 2461 1378 2515 diabolo
1416 2460 1470 2513 in
1510 2458 1707 2514 omium
1737 2458 1910 2513 victor

316 2557 585 2613 ascendit.
617 2556 713 2611 Vir
734 2557 880 2611 enim
912 2556 1154 2610 obediens
1184 2554 1432 2608 victorias
1460 2551 1714 2624 loquitur,
1738 2567 1911 2622 quan-

317 2651 392 2704 do
416 2648 787 2718 unusquisque
806 2648 937 2702 vitia
964 2646 1158 2712 calcat,
1202 2646 1570 2715 vitiorumque
1609 2644 1751 2699 bella
1796 2643 1907 2698 for-

317 2741 456 2795 titer
484 2747 734 2810 superat,
780 2739 851 2793 ita
892 2746 953 2794 ut
996 2754 1117 2794 cum
1161 2738 1328 2792 Paulo
1369 2737 1551 2793 dicat:
1593 2735 1699 2792 Sed
1737 2737 1790 2791 in
1828 2737 1910 2791 his

319 2829 563 2884 omnibus
585 2845 890 2901 superamus
912 2838 1124 2899 propter
1142 2846 1281 2893 eum,
1305 2830 1394 2899 qui
1416 2827 1598 2881 dilexit
1619 2843 1713 2881 nos
1728 2825 1908 2899 (Rom.

317 2920 464 2991 vnn).
500 2920 567 2974 Et
589 2934 686 2990 pro
710 2919 846 2973 tanti
868 2919 1124 2989 triumphi
1149 2918 1376 2974 victoria
1400 2935 1507 2973 non
1534 2918 1657 2980 sibi,
1684 2901 1780 2973 sed
1801 2919 1914 2974 Deo

322 3010 516 3065 tribuit
552 3009 798 3081 gloriam.
847 3010 929 3064 Ad
962 3010 1130 3064 Deum
1172 3010 1315 3063 enim
1354 3025 1453 3079 per
1479 3009 1804 3065 obedientia:
1833 3008 1915 3065 la-

323 3100 513 3153 borem
541 3097 801 3163 redimus,
823 3097 1038 3167 quando
1057 3113 1120 3152 ea
1142 3113 1261 3166 qua:
1286 3098 1442 3152 nobis
1468 3105 1594 3153 sunt
1617 3106 1909 3169 praecepta,

318 3191 455 3246 totis
473 3189 682 3244 viribus
704 3190 982 3245 humiliter
1002 3188 1381 3258 azlimplemus,
1399 3188 1614 3258 quando
1634 3189 1912 3261 propriam

317 3283 657 3338 voluntatem
689 3283 935 3349 odimus,
972 3293 1026 3337 et
1057 3283 1317 3337 desideria
1346 3282 1520 3337 carnis
1558 3298 1662 3336 non
1699 3281 1913 3354 perﬁci-

319 3391 441 3429 mus
471 3372 616 3446 (Cal.
641 3373 730 3445 v);
772 3374 986 3443 quando
1012 3374 1424 3444 persecutionem
1451 3390 1547 3444 pro
1569 3372 1786 3443 justitia
1812 3390 1911 3443 pa-

321 3462 514 3516 tienter
552 3461 839 3517 toleramus
875 3461 1089 3534 (Matth.
1117 3479 1172 3527 v,
1204 3461 1355 3516 Rom.
1384 3462 1516 3531 xn);
1564 3462 1783 3532 quando
1820 3479 1913 3516 nec

320 3557 523 3612 malum
561 3575 657 3630 pro
684 3557 846 3625 malo,
886 3576 977 3613 nec
1007 3557 1342 3612 maledictum
1374 3557 1642 3610 reddimus
1675 3573 1770 3627 pro
1803 3573 1918 3609 ma-

323 3647 513 3703 ledicto
544 3648 598 3722 (Ι
622 3648 767 3703 Petr.
796 3650 911 3720 in);
958 3648 1174 3719 quando
1205 3664 1305 3703 nec
1333 3647 1516 3703 dolum
1546 3647 1600 3701 in
1631 3647 1797 3703 corde
1830 3655 1913 3701 te-

324 3754 537 3807 nemus,
560 3758 652 3796 nec
673 3742 966 3797 iracundia:
990 3750 1189 3812 tempus
1217 3758 1541 3796 reservamus
1564 3739 1780 3813 (Ephes.
1802 3738 1911 3813 tv);

325 3836 548 3904 quando
582 3845 841 3908 pra'cepta
870 3836 1082 3891 Domini
1120 3836 1275 3907 factis
1304 3837 1537 3909 quotidie
1572 3834 1918 3908 adimplemus

324 3925 472 3996 (Jac.
497 3926 560 4000 ι),
587 3936 643 3984 et
669 3928 939 3984 seniorum
968 3937 1276 3985 nostrorum
1302 3930 1639 4001 jussionibus
1664 3930 1718 3984 in
1740 3929 1919 3984 omni-

324 4018 429 4074 bus
459 4019 774 4086 ohedimus;
808 4020 1025 4090 quando
1052 4021 1282 4075 orationi
1310 4020 1607 4091 frequenter
1628 4019 1918 4074 insistimus

322 4107 507 4181 (Rom.
536 4110 661 4184 xu),
692 4110 913 4183 vigiliis,
950 4110 1205 4182 jejuniis,
1242 4109 1624 4182 lacrymisqne,
1660 4119 1710 4165 et
1739 4108 1919 4165 multis

321 4199 615 4267 laboribus,
646 4203 964 4274 diversisque
994 4202 1360 4275 afﬂictionibus
1390 4203 1704 4272 castigatum
1728 4219 1918 4274 corpus

320 4292 383 4348 in
412 4294 713 4348 servitutem
746 4292 1060 4362 redigimus;
1100 4309 1306 4346 crucem
1334 4300 1567 4346 nostram
1595 4290 1847 4355 tollimus,
1871 4299 1922 4345 et

321 4384 641 4455 abnegantes
664 4384 1006 4454 nosmetipsos
1033 4391 1149 4454 post
1173 4381 1438 4436 Christum
1464 4398 1675 4436 currere
1702 4381 1922 4450 festinas-

320 4492 443 4529 mus
463 4474 516 4547 (1
540 4474 663 4531 Cor.
689 4492 785 4542 vn,
813 4472 1015 4530 Coloss.
1040 4491 1115 4539 IV,
1147 4473 1174 4527 I
1199 4472 1322 4529 Cor.
1349 4474 1448 4547 ix).
1488 4474 1667 4529 Labor
1694 4489 1920 4545 prorsus

319 4564 647 4621 obedientiae
674 4573 760 4622 est
784 4567 961 4622 omnis
988 4582 1087 4638 pro
1119 4567 1227 4622 Deo
1255 4567 1548 4637 castigatio
1577 4568 1841 4637 corporis,
1868 4575 1924 4622 et

321 4654 547 4711 albictio
574 4657 777 4721 cordis,
805 4657 1005 4723 vilitas,
1037 4658 1214 4713 omnis
1244 4657 1547 4727 despectio,
1593 4665 1645 4710 et
1687 4655 1921 4726 abjectio

319 4745 740 4801 monachorum.
796 4747 922 4802 llaec
965 4749 1107 4803 enim
1151 4757 1237 4804 est
1277 4758 1427 4804 arcta
1475 4757 1529 4805 et
1576 4758 1803 4819 angusta
1833 4749 1920 4804 via

321 4851 450 4907 qua:
484 4853 587 4908 per
625 4854 682 4893 se
721 4839 1032 4911 gradientes
1072 4841 1139 4895 ad
1176 4840 1343 4897 vitam
1384 4843 1634 4914 perducit
1659 4851 1919 4898 :eternam

324 4926 549 4999 (Matth.
586 4945 710 4995 xvr,
767 4929 940 4986 Marc.
975 4949 1108 4999 vm,
1156 4931 1287 4987 Luc.
1315 4932 1415 5005 rx).
1470 4934 1529 4990 In
1572 4936 1676 4991 hac
1720 4935 1923 4991 etenim

320 5022 561 5078 fideliter
606 5024 958 5090 laborantes,
1014 5035 1070 5082 et
1119 5043 1291 5098 usque
1344 5027 1397 5081 in
1450 5026 1613 5083 ﬁnem
1662 5044 1920 5100 perseve-

323 5123 515 5171 rantes
576 5117 644 5171 ad
709 5118 1032 5174 :etcrnitatis
1094 5120 1399 5175 satietatem
1462 5119 1923 5192 refectionemque

321 5209 543 5265 invitati
594 5210 948 5265 merebuntur
994 5210 1231 5266 audire:
1271 5208 1451 5266 Venite
1495 5212 1565 5266 ad
1614 5228 1696 5266 me
1743 5228 1923 5267 omnes

321 5301 419 5374 qui
461 5300 736 5368 laboratis,
781 5310 832 5355 et
877 5303 1078 5357 onerati
1121 5303 1274 5368 estis,
1323 5310 1370 5356 et
1399 5318 1490 5373 ego
1532 5302 1765 5372 reﬁciam
1808 5319 1919 5369 vos,

324 5391 460 5446 dicit
505 5391 770 5447 Dominus
817 5390 1031 5465 (Matth.
1086 5392 1188 5463 xl).
1245 5390 1399 5448 Sicut
1442 5392 1587 5447 enim
1641 5392 1924 5448 humilitas

324 5482 634 5538 obediendo
677 5482 985 5538 obedientia
1039 5483 1240 5538 dicitur
1271 5525 1285 5550 ,
1318 5484 1392 5538 ita
1449 5484 1701 5553 superbia
1728 5484 1925 5539 inube—

323 5569 531 5628 diendo
554 5573 918 5630 inohcdientia
945 5573 1164 5628 dicitur.
1205 5573 1422 5628 Desidia
1459 5579 1660 5638 autem,
1703 5573 1923 5644 pigritia

331 5664 417 5720 vel
447 5664 676 5721 tarditas
702 5666 921 5722 dicitur.
950 5665 1104 5723 Unde
1128 5672 1185 5721 et
1228 5665 1283 5721 hi
1312 5667 1403 5737 qui
1437 5665 1504 5721 ad
1547 5664 1749 5720 bonum
1785 5684 1924 5737 opus

328 5756 474 5813 tardi
522 5757 770 5830 pigrique
811 5760 1160 5815 inveniuntur
1207 5758 1418 5814 desides
1470 5767 1753 5814 vocantur.
1803 5759 1921 5826 Quo

2004 1914 2235 1984 jcjmtat.
2272 1914 2316 1970 E
2343 1918 2619 1972 contrario
2645 1919 2711 1973 de
2735 1917 2963 1976 formica
2994 1920 3134 1975 idem
3180 1920 3434 1977 Salomon
3468 1923 3544 1978 ait
3583 1935 3594 1969 ε

2010 2003 2274 2060 Formiae
2292 2006 2517 2079 populus
2544 2009 2790 2080 infirmus
2828 2021 2985 2083 parat
3019 2013 3075 2067 in
3106 2030 3270 2070 messe
3298 2014 3470 2069 cibum
3496 2015 3598 2070 sibi

2011 2095 2194 2165 (Prov.
2223 2096 2379 2169 xxx).
2406 2098 2474 2153 Et
2496 2114 2594 2168 per
2620 2099 2879 2157 formicas
2906 2102 3007 2158 nisi
3035 2112 3254 2158 strenua
3276 2104 3386 2160 vita
3416 2120 3600 2160 mona-

2009 2187 2234 2242 chorum
2262 2189 2528 2259 signatur,
2556 2193 2681 2261 quia
2705 2193 2772 2248 ad
2798 2194 3260 2264 comparationem
3291 2204 3598 2252 amatorum

2011 2276 2192 2331 saeculi
2229 2276 2409 2345 hujus,
2438 2295 2535 2350 per
2562 2281 2884 2338 humilitatis
2908 2285 3137 2355 gratiam
3168 2284 3316 2340 velut
3357 2285 3598 2343 formica:

2012 2365 2222 2421 minimi
2250 2368 2520 2424 videntur.
2549 2370 2612 2424 lli
2636 2372 2780 2427 enim
2806 2375 3064 2443 prtesenti
3106 2375 3158 2430 in
3198 2376 3310 2430 vita
3355 2376 3504 2432 velut
3546 2378 3601 2432 in

2010 2469 2190 2510 messe
2229 2455 2466 2513 fructum
2512 2459 2779 2516 bonorum
2834 2480 3080 2535 operum,
3133 2466 3275 2522 unde
3321 2467 3374 2522 in
3419 2466 3603 2525 futuro

2011 2546 2302 2615 gaudeant,
2334 2566 2664 2622 congregare
2686 2570 2790 2608 non
2815 2565 3051 2612 cessant.
3081 2557 3218 2613 Item
3244 2559 3314 2615 de
3341 2559 3604 2616 obedien-

2013 2638 2158 2693 tibus
2194 2647 2249 2694 et
2306 2640 2747 2700 inobedicntibus
2804 2648 3066 2719 scriptum
3115 2658 3237 2706 est:
3274 2650 3423 2707 Mens
3465 2652 3602 2723 justi

2012 2728 2355 2783 meditabitur
2424 2731 2773 2789 obedientiam
2805 2777 2821 2801 ,
2884 2754 2944 2791 os
3013 2739 3295 2811 impiorum
3363 2757 3605 2811 perversa

2015 2816 2198 2889 (Prov.
2215 2837 2303 2887 xv,
2320 2821 2399 2893 ι).
2426 2822 2725 2881 Monachus
2750 2828 2894 2882 enim
2923 2829 3143 2885 humilis
3166 2831 3294 2888 dum
3328 2833 3603 2888 seniorum

2015 2927 2239 2968 Suorum
2269 2915 2496 2985 imperio
2527 2918 2597 2974 ob
2627 2935 2871 2989 amorem
2916 2930 3134 2978 :elernae
3164 2924 3287 2979 vitae
3311 2925 3491 2980 Studet
3511 2940 3607 2995 pa-

2018 3019 2164 3070 rere,
2213 3007 2365 3077 prius
2400 3008 2763 3065 obedientiam
2814 3014 3110 3069 meditatur
3154 3015 3208 3069 in
3257 3015 3604 3089 cogitatione.

2016 3095 2339 3155 lnobediens
2371 3116 2502 3156 vero
2541 3101 2670 3156 dum
2696 3103 2961 3175 majorum
2983 3102 3133 3172 jussa
3173 3106 3473 3161 contemnit
3502 3105 3605 3160 im-

2017 3187 2185 3258 plere,
2216 3189 2398 3245 verbis
2437 3191 2762 3261 procacibus
2801 3193 3144 3249 contradicit.
3172 3193 3278 3249 l‘s‘te
3300 3194 3445 3249 enim
3482 3193 3609 3250 talis

2014 3280 2145 3338 Adae
2176 3282 2599 3339 inobedientiam
2626 3285 2891 3342 imitando
2914 3287 3121 3343 recedit
3148 3303 3179 3342 a
3207 3287 3339 3343 Deo.
3373 3286 3606 3343 Humilis

2015 3382 2194 3428 autem
2220 3376 2518 3431 monachus
2540 3376 2740 3433 Christi
2771 3378 3134 3435 obedientiam
3158 3380 3422 3436 imitando
3461 3381 3604 3436 redit

2017 3465 2084 3520 ad
2116 3465 2425 3520 Dominum.
2452 3465 2624 3521 Adam
2654 3468 2802 3523 enim
2828 3469 3094 3540 peccavit,
3141 3469 3235 3524 sed
3273 3484 3375 3526 nec
3412 3485 3607 3540 pecca-

2018 3564 2129 3611 tum
2160 3573 2317 3613 suum
2350 3560 2622 3627 cognovit,
2662 3575 2765 3616 nec
2792 3562 3000 3633 peccati
3035 3562 3249 3617 veniam
3291 3562 3604 3633 postulavit.

2018 3648 2258 3703 Christus
2284 3656 2465 3704 autem
2487 3659 2755 3720 peccatum
2778 3668 2882 3707 non
2909 3652 3055 3722 fecit,
3078 3670 3169 3708 nec
3186 3652 3341 3708 dolus
3369 3654 3607 3710 inventus

2016 3747 2093 3792 est
2122 3738 2176 3792 in
2206 3755 2295 3792 ore
2322 3739 2438 3809 ejus
2465 3738 2516 3811 (1
2547 3737 2692 3794 Petr.
2723 3739 2809 3812 ιι),
2842 3744 2935 3798 sed
2962 3752 3019 3797 ut
3050 3760 3145 3798 nos
3173 3762 3205 3799 a
3226 3754 3438 3816 peccato
3463 3745 3606 3800 redi-

2018 3840 2219 3898 meret,
2270 3832 2445 3900 factus
2483 3844 2558 3888 est
2601 3834 2846 3890 obcdiens
2880 3833 3033 3890 Patri
3071 3854 3231 3908 usque
3284 3838 3352 3891 ad
3385 3846 3607 3893 mortem

2020 3919 2187 3993 (Phil.
2221 3923 2318 3988 tt);
2350 3933 2403 3978 et
2432 3924 2679 3979 innocens
2715 3943 2809 3994 pro
2840 3928 2988 3982 nobis
3016 3929 3312 3998 passionem
3360 3936 3608 3983 mortem-

2024 4022 2121 4075 que
2146 4010 2416 4073 sustinuit,
2447 4009 2594 4062 nobis
2618 4009 2917 4079 relinquens
2945 4012 3264 4083 exemplum,
3291 4022 3347 4066 ut
3376 4015 3595 4068 imitan-

2037 4117 2118 4162 tes
2139 4123 2258 4161 eum
2293 4124 2578 4179 sequamur
2602 4109 2816 4178 vestigia
2843 4109 2961 4178 ejus
2992 4109 3038 4180 (1
3072 4109 3213 4164 Petr.
3233 4110 3315 4175 ιι).
3341 4110 3406 4164 In
3421 4111 3594 4167 Adam

2027 4195 2175 4249 enim
2203 4201 2425 4250 cadente
2445 4213 2620 4251 omnes
2662 4199 2959 4266 cecidimus,
2987 4209 3032 4253 et
3078 4203 3253 4255 omnia
3285 4201 3416 4254 bona
3467 4219 3592 4272 ope-

2018 4304 2080 4341 ra
2127 4292 2477 4357 perdidimus.
2533 4292 2601 4346 ln
2671 4292 2878 4349 Christo
2964 4302 3141 4349 autem
3208 4298 3592 4351 resurreximus

2024 4376 2048 4430 ι
2079 4372 2203 4431 Coi.
2252 4375 2375 4450 xv),
2406 4385 2461 4432 et
2490 4375 2695 4445 majora
2724 4384 2780 4432 et
2804 4378 2922 4433 sine
2952 4378 3060 4433 line
3090 4393 3347 4433 mansura
3395 4380 3610 4449 recepi—

2025 4484 2145 4524 mus
2176 4485 2188 4521 :
2221 4468 2296 4522 ita
2327 4477 2529 4534 tamen,
2564 4468 2609 4523 si
2654 4477 3072 4539 perseveranter
3099 4470 3216 4540 ejus
3258 4470 3486 4541 vestigia
3534 4480 3613 4526 te-

2025 4577 2271 4617 neamus.
2332 4562 2505 4616 Adam
2543 4577 2643 4617 nos
2671 4563 2985 4618 obnoxiavit
3015 4562 3175 4619 malis
3219 4563 3469 4619 omnibus
3515 4578 3615 4635 per

2022 4652 2298 4724 propriam
2331 4652 2566 4723 culpam,
2596 4653 2689 4709 sed
2716 4653 2917 4709 Christi
2951 4670 3050 4710 nos
3079 4653 3329 4710 liberavit
3348 4655 3616 4711 adventus

2022 4758 2121 4814 per
2143 4742 2396 4812 gratiam.
2429 4742 2499 4797 Et
2526 4751 2586 4797 ut
2617 4751 2787 4799 totum
2818 4744 3012 4810 dicam,
3068 4744 3433 4801 inobedientia
3484 4744 3617 4802 Adae

2024 4836 2181 4890 nobis
2203 4835 2426 4890 abstulit
2452 4836 2785 4906 paradisum,
2816 4837 3121 4892 obedientia
3163 4835 3367 4894 Christi
3395 4837 3617 4894 donavit

2024 4938 2079 4985 et
2127 4944 2376 5001 regnum.
2417 4929 2559 5000 Ergo
2607 4929 2700 4999 qui
2754 4945 2852 4999 per
2912 4929 3290 4985 inobedientite
3350 4930 3616 4986 desidiam

2026 5023 2356 5077 recessimus
2379 5039 2408 5076 a
2433 5021 2565 5088 Deo,
2591 5038 2690 5093 per
2716 5020 3041 5078 obedientia:
3066 5022 3308 5079 laborem
3330 5025 3618 5080 redeamus

2027 5113 2094 5168 ad
2124 5112 2315 5178 Deum,
2359 5120 2420 5167 ut
2454 5112 2746 5183 impleatur
2782 5111 2834 5167 in
2871 5114 3026 5169 nobis
3065 5132 3078 5168 :
3129 5113 3235 5169 Per
3276 5114 3439 5170 aliam
3480 5116 3616 5171 viam
3674 5182 3676 5184 ν

2024 5206 2217 5261 reversi
2237 5215 2358 5260 sunt
2385 5205 2441 5259 in
2473 5206 2734 5277 regionem
2759 5223 2911 5261 suam
2940 5206 3092 5281 (Luc.
3120 5209 3202 5279 ιι).

2100 5295 2180 5349 Ad
2218 5304 2267 5350 te
2300 5312 2423 5367 ergo
2462 5296 2593 5351 mihi
2628 5313 2801 5351 sermo
2828 5297 3094 5370 dirigitur.
3121 5298 3270 5353 Multi
3298 5298 3402 5353 hoc
3422 5298 3475 5351 in
3497 5296 3617 5354 loco

2027 5402 2193 5452 meus,
2236 5400 2338 5457 pro
2370 5387 2498 5441 mihi
2541 5387 2698 5458 quasi
2747 5389 3098 5445 emendantes
3151 5395 3487 5444 commutare
3523 5399 3617 5441 eo-

2026 5487 2227 5532 nantur
2252 5518 2267 5542 ,
2295 5478 2603 5535 nescientes
2625 5479 2768 5550 quod
2793 5480 2898 5536 hoc
2926 5495 3121 5552 genere
3145 5478 3434 5534 locutionis
3458 5476 3614 5534 ntultl

2025 5566 2480 5625 scholasticorum
2524 5571 2774 5629 doctores
2829 5575 2911 5628 usi
2952 5580 3079 5627 sunt
3130 5587 3145 5625 :
3187 5573 3329 5626 sicut
3381 5568 3614 5640 quodam

2025 5662 2146 5717 loco
2194 5661 2390 5716 beatus
2434 5661 2730 5735 Gregorius
2765 5665 2842 5718 ait
2877 5682 2889 5718 :
2927 5663 3051 5717 [hec
3077 5663 3209 5717 mihi
3249 5662 3316 5716 ad
3352 5677 3447 5718 eos
3472 5663 3617 5720 dicta

2027 5756 2153 5811 sint.
2185 5753 2253 5810 Et
2298 5754 2466 5810 alibi:
2498 5753 2618 5810 Jam
2661 5751 2802 5810 enim
2850 5754 2981 5809 mihi
3020 5756 3084 5809 ad
3134 5772 3229 5811 vos
3272 5772 3449 5814 sermo
3490 5771 3621 5813 con~
