3960 6198
400 371 505 431 (διε

1697 344 2048 402 SMARAC-Dl
2081 342 2375 400 ABBATIS

3561 346 3663 404 696

399 489 650 545 vertitur.
683 482 875 540 Sermo
903 478 1047 534 enim
1081 490 1111 528 a
1143 468 1372 527 serendo
1399 480 1595 521 nomen
1621 459 1848 531 accepit.
1880 457 1978 513 Est
2006 458 2052 519 Α
2079 463 2200 510 tuus
2223 454 2339 511 oleo
2357 455 2742 523 exsultauouis,
2767 462 2873 512 etc.
2903 453 3079 529 (Psal.
3104 454 3273 529 xuv)‘.
3299 456 3402 526 Qui
3425 458 3548 514 ideo
3567 475 3657 516 τρι

400 579 546 637 enim
575 574 856 637 dissertio,
887 568 970 623 vel
1023 563 1280 628 collatio,
1335 556 1476 629 quod
1529 571 1634 611 non
1684 562 1769 609 est
1816 551 1977 606 unius

401 668 552 724 verbi
573 672 802 726 tantum,
825 660 917 714 sed
934 673 964 712 a
988 654 1171 711 multis
1183 651 1364 708 verbis
1381 648 1609 705 serendo
1629 658 1812 700 sermo
1826 656 1979 696 voca-

405 770 509 823 tur,
530 766 587 811 ut
613 769 792 810 sermo
815 749 1025 814 llilarii,
1048 761 1229 803 sermo
1241 740 1525 815 Augustini
1554 748 1609 794 et
1625 737 1978 806 reliquorum.

473 847 720 917 Quisquis
751 841 1125 897 abrenuntians
1147 836 1374 909 propriis
1396 831 1769 888 voluntatibus.
1814 827 1985 882 Abre-

402 940 655 996 nuntiare
692 937 836 992 cnim
868 932 995 1003 poni
1031 930 1165 986 solet
1205 943 1305 999 pro
1336 941 1401 980 eo
1428 923 1573 994 quod
1599 930 1681 976 est
1708 932 1983 990 spernere,

403 1031 653 1103 rejicerc,
681 1027 765 1083 vel
807 1021 1183 1080 contradicere
1208 1060 1222 1085 ,
1256 1018 1368 1072 sive
1411 1013 1613 1082 aliquid
1657 1010 1802 1064 aliud
1846 1007 1990 1078 quod

402 1100 509 1181 hoc
562 1122 731 1177 verbo
770 1119 823 1173 in
872 1119 975 1171 hoc
1018 1127 1179 1171 sensu
1228 1107 1457 1180 exprimi
1522 1110 1721 1175 potest.
1774 1100 1993 1156 Duabus

404 1215 605 1270 ctenim
634 1212 840 1266 vicibus
882 1208 942 1262 tit
980 1199 1382 1261 abrenuntiatio
1423 1195 1809 1251 monachorum
1833 1232 1847 1258 ,
1877 1191 1992 1245 sive

403 1303 648 1358 omnium
688 1300 850 1354 debet
891 1309 1011 1352 esse
1054 1294 1313 1347 tidehum.
1347 1287 1566 1343 Satanas
1594 1285 1774 1349 enim,
1817 1282 1909 1351 qui
1939 1286 1994 1334 et

406 1394 653 1451 diabolus
694 1397 1076 1459 nuncupatur,
1116 1385 1293 1456 primo
1335 1382 1391 1435 in
1433 1379 1702 1449 baptismo
1760 1374 1828 1429 ab
1876 1388 1993 1427 om-

406 1485 568 1539 nibus
615 1481 861 1536 tidelibus
898 1474 1313 1541 abrenuntiatur
1337 1512 1352 1537 ,
1392 1478 1454 1523 ut
1492 1466 1719 1522 liberius
1762 1461 1993 1517 Domino

408 1574 681 1630 Salvatori
730 1570 996 1625 serviatur
1044 1582 1059 1620 :
1104 1565 1233 1635 quia
1277 1561 1432 1631 juxta
1480 1558 1720 1628 ejusdem
1777 1553 1993 1610 Domini

405 1680 595 1720 vocem
618 1679 765 1717 nemo
787 1669 949 1731 potest
973 1657 1176 1711 duobus
1194 1652 1421 1707 dominis
1439 1645 1862 1720 servire(Mattlt.
1890 1641 1987 1714 γι).

407 1754 843 1812 Abrenuntiatur
869 1748 1125 1820 operibus
1150 1746 1287 1817 ejus,
1313 1742 1437 1812 quia
1485 1754 1649 1810 opera
1692 1737 1834 1791 illius
1862 1750 1991 1790 con-

2076 565 2238 606 verus
2285 548 2619 619 appellatur,
2651 548 2777 619 quia
2803 550 2984 604 omnia
3016 550 3277 614 candidit,
3310 560 3458 606 recte
3504 555 3664 609 susti»

2079 648 2192 703 net,
2221 640 2508 710 gubernat,
2536 638 2793 708 protegit,
2821 648 2982 709 atque
3024 640 3181 710 regit.
3219 639 3479 707 Quamvis
3520 642 3661 699 enim

2082 729 2255 784 sancti
2279 727 2503 782 abusive
2532 740 2688 797 reges
2707 727 2978 792 dicantur,
3002 736 3063 781 ut
3080 737 3164 783 est
3190 727 3318 783 illud
3346 731 3399 785 in
3423 730 3663 799 psalmo:

2086 820 2155 875 Et
2177 835 2313 873 nunc
2342 834 2506 888 reges,
2533 816 2807 888 intelligite
2831 815 3002 888 (Psal.
3034 818 3128 890 n);
3159 828 3214 874 et
3240 821 3294 874 in
3316 819 3416 876 Job
3445 836 3465 875 ε
3485 822 3555 876 Ei,
3579 836 3665 877 τε-

2087 924 2181 983 ges
2210 910 2264 964 iu
2290 908 2424 963 solio
2451 908 2713 974 collocat;
2748 916 2929 963 tamen
2981 908 3232 965 Christus
3281 911 3544 967 Dominus
3589 922 3671 969 est

2089 1016 2251 1056 verus
2280 1010 2333 1055 et
2358 1001 2471 1056 Rex
2493 1042 2508 1067 ,
2538 1002 2660 1072 quia
2692 1003 2805 1056 veri
2835 1002 2999 1072 Regis
3042 1002 3233 1058 Filius.
3266 1003 3420 1060 Unde
3444 1014 3501 1060 ct
3528 1005 3672 1060 Psal-

2091 1094 2253 1150 mista
2280 1094 2357 1148 ait
2385 1111 2399 1147 :
2425 1094 2589 1159 Deus,
2599 1094 2866 1164 judicium
2896 1105 3044 1150 tuum
3067 1093 3193 1167 Regi
3220 1094 3313 1161 da,
3339 1106 3388 1150 et
3401 1096 3670 1167 justitiam

2093 1196 2239 1239 tuam
2272 1183 2415 1241 Filio
2444 1184 2599 1256 Regis
2629 1186 2800 1258 (Psal.
2845 1186 3017 1259 uxr).
3057 1186 3234 1258 Reges
3262 1204 3389 1260 ergo
3420 1198 3549 1245 sunt
3583 1206 3674 1244 saa-

2095 1274 2220 1339 culi,
2253 1276 2380 1345 quia
2410 1275 2768 1338 tentationum
2793 1292 3016 1331 suarum
3037 1279 3275 1334 motibus
3294 1295 3402 1334 non
3427 1296 3677 1335 succum-

2092 1365 2255 1431 bere,
2293 1366 2389 1423 sed
2434 1367 2669 1438 regendo
2713 1382 2948 1436 pmesse
2993 1380 3277 1424 noverunt.
3324 1369 3503 1442 Reges
3551 1380 3678 1425 sunt

2095 1458 2295 1525 saeculi,
2327 1458 2453 1529 quia
2483 1459 2693 1529 pra-lati
2727 1460 2939 1515 cunctis
2983 1460 3223 1515 motibus
3268 1461 3474 1525 carnis,
3512 1462 3678 1517 modo

2093 1550 2322 1607 luxuriae
2366 1552 2663 1622 appetitam
2708 1551 2945 1616 frenant,
2979 1553 3143 1607 modo
3186 1561 3379 1607 aestum
3430 1553 3678 1607 avaritia:

2096 1647 2416 1709 temperant,
2445 1639 2606 1695 modo
2634 1639 2861 1711 gloriam
2904 1639 3152 1695 elationis
3201 1641 3485 1706 inclinant,
3518 1647 3686 1697 modo

2095 1729 2463 1801 suggestiones
2507 1728 2694 1787 livoris
2741 1730 2998 1795 obruunt,
3039 1731 3199 1786 modo
3253 1732 3433 1803 ignem
3476 1732 3684 1788 furoris

407 1810 579 1904 traria
610 1854 736 1900 sunt
757 1810 1013 1912 operibus
1039 1810 1354 1893 Salvatoris.
1382 1830 1809 1889 Abrenuntiatur
1836 1842 1992 1897 pom—
2021 1810 2069 1869 Β
2096 1822 2462 1891 exstinguunt.
2515 1821 2623 1876 Sed
2666 1822 2781 1876 haec
2815 1821 2994 1875 omnia
3036 1837 3143 1875 non
3181 1822 3294 1875 suis
3326 1822 3554 1885 viribus,
3583 1823 3683 1877 sed

407 1939 494 2009 pis
517 1937 656 2008 ejus,
685 1948 805 2002 qua:
832 1931 1017 2000 utique
1043 1942 1209 1998 opera
1234 1932 1361 1980 sunt
1383 1922 1619 1985 Satanze,
1639 1919 1731 1974 Sed
1754 1933 1819 1973 eo
1839 1916 1994 1986 quasi

408 2008 644 2086 discerni
674 2025 927 2078 videntur
965 2038 994 2075 a
1037 2019 1248 2075 caeteris
1275 2014 1528 2087 operibus
1568 2013 1706 2083 ejus,
1753 2009 1898 2080 quod
1939 2008 1997 2062 in

409 2123 489 2178 eis
511 2098 781 2190 superbia,
804 2114 957 2184 cujus
983 2113 1072 2168 ille
1094 2120 1286 2166 auctor
1306 2117 1409 2175 est,
1435 2116 1490 2161 et
1510 2121 1631 2177 qua:
1654 2120 1778 2160 eum
1803 2100 1998 2173 dejccit

410 2213 477 2268 de
506 2210 667 2274 cmlo,
695 2203 1095 2278 quodammodo
1123 2200 1455 2270 designatur.
1483 2196 1701 2265 Pompa:
1725 2208 1854 2265 ergo
1880 2192 1998 2262 ejus

411 2313 538 2357 sunt
590 2300 833 2363 ambitio,
884 2293 1232 2366 arrogantia,
1280 2300 1419 2345 vana
1468 2288 1659 2360 gloria,
1700 2294 1755 2341 et
1800 2292 1997 2339 caetera

412 2390 739 2463 hujusmodi,
769 2403 889 2458 qua:
935 2385 1002 2440 de
1047 2383 1197 2438 fonte
1228 2378 1494 2450 snpzrbia:
1539 2376 1857 2448 procedunt.
1901 2373 1999 2430 Se—

413 2484 590 2540 cundo
630 2490 810 2536 autem
839 2495 870 2533 a
901 2475 1185 2533 monachis
1211 2513 1225 2539 ,
1254 2481 1307 2527 et
1339 2487 1369 2526 a
1399 2470 1649 2525 fidelibus
1674 2466 2001 2524 Christianis

414 2574 828 2631 ahrenuntiatur
851 2568 1086 2642 propriis
1132 2564 1523 2630 voluntatibus,
1548 2561 1796 2631 exemplo
1817 2559 2000 2615 Domi-

414 2669 492 2735 ni,
517 2667 607 2737 qui
634 2666 709 2720 ait
738 2683 750 2719 :
784 2663 906 2717 Non
936 2660 1050 2716 veni
1080 2659 1252 2731 facere
1291 2655 1612 2712 voluntatem
1657 2669 1858 2717 meam,
1908 2650 2000 2705 sed

413 2760 527 2829 eius
553 2758 641 2829 qui
671 2756 808 2811 misit
835 2770 915 2808 me
942 2751 1123 2823 (Jorm.
1160 2766 1235 2816 vi,
1278 2746 1399 2820 vn).
1450 2744 1583 2806 Nam
1629 2751 1684 2799 et
1720 2741 2000 2812 Scriptura

414 2851 526 2905 ait:
552 2848 617 2903 Et
645 2866 675 2902 a
704 2843 1058 2902 voluntatibus
1082 2841 1185 2895 tuis
1217 2849 1447 2894 avertere
1472 2835 1661 2909 (Eccli.
1680 2832 2002 2899 xvtn.)Pro-

412 2944 532 3016 pria
568 2942 715 2995 enim
742 2938 1035 3007 unicuique
1064 2933 1265 2989 dicitur
1285 2929 1596 2995 vernaculi,
1638 2927 1846 2997 privata
1871 2965 1886 2990 ,
1918 2923 2004 2979 vel

414 3014 705 3105 peculiaris
731 3028 998 3084 voluntas.
1033 3025 1296 3081 Voluntas
1331 3028 1512 3075 autem
1542 3019 1609 3073 ab
1640 3033 1705 3072 eo
1730 3014 1873 3088 quod
1919 3021 2005 3070 est

413 3124 554 3179 velle
580 3138 776 3177 nomen
803 3120 1031 3189 accepit.
1066 3117 1165 3170 Est
1201 3115 1346 3170 enim
1376 3112 1661 3166 arbitrium
1689 3108 1887 3164 mentis
1910 3121 2005 3177 po-

417 3226 588 3275 testas
614 3215 826 3272 consilii
860 3213 943 3268 sui
970 3252 985 3277 ,
1019 3218 1182 3280 atque
1205 3208 1544 3279 propositum
1571 3218 1766 3260 sensus
1797 3203 1899 3258 sui.
1936 3202 2005 3256 Et

417 3311 522 3366 huc
568 3316 653 3364 est
695 3304 991 3361 secundum
1022 3302 1317 3365 hominem,
1350 3315 1457 3355 non
1490 3296 1782 3353 secundum
1834 3294 2007 3348 Deum

416 3401 623 3456 vivere.
656 3397 748 3454 llle
780 3396 925 3452 enim
957 3392 1252 3450 secundum
1282 3391 1555 3448 hominem
1587 3386 1742 3452 vivit,
1774 3385 1864 3455 qui
1921 3399 2005 3439 se-

419 3492 655 3549 cundum
717 3489 958 3560 seipsum
1014 3496 1070 3542 et
1122 3482 1414 3540 secundum
1466 3479 1798 3535 voluntatem
1849 3489 2005 3528 suam

418 3584 575 3649 vivit,
609 3582 701 3655 qui
749 3596 870 3636 cum
896 3579 1092 3651 quibus
1116 3575 1228 3630 vult
1252 3583 1306 3629 ct
1339 3573 1430 3628 ubi
1455 3570 1571 3626 vult
1604 3568 1807 3641 pergit,
1836 3580 2008 3636 quan-

422 3689 537 3733 tum
565 3677 681 3731 vult
728 3682 784 3729 ct
831 3671 1047 3742 quando
1076 3668 1190 3723 vult
1218 3666 1448 3731 dormit,
1474 3662 1690 3734 quando
1744 3668 1799 3714 et
1834 3672 2008 3729 quan-

423 3770 514 3825 diu
536 3768 651 3822 vult
679 3766 952 3836 loquitur,
991 3776 1111 3832 quae
1160 3758 1273 3811 vult
1301 3766 1356 3811 et
1385 3756 1477 3810 ubi
1506 3754 1641 3819 vult,
1666 3759 1930 3821 quantum
1953 3757 2008 3803 et

424 3861 639 3931 quando
667 3857 803 3922 vult,
824 3852 1113 3909 manducat
1143 3857 1197 3904 ct
1221 3847 1375 3915 bibit,
1421 3844 1636 3915 quando
1662 3850 1723 3929 et
1746 3849 2006 3910 quantum

423 3951 541 4005 vult
604 3949 766 4013 ridet,
802 3952 1098 4017 postremo,
1141 3938 1407 4012 quidquid
1436 3936 1608 3992 oculis
1649 3932 2007 3999 delectabile,

425 4040 688 4115 quidquid
719 4037 940 4093 naribus
972 4047 1157 4099 suave,
1192 4029 1455 4103 quidquid
1482 4028 1694 4083 caeteris
1718 4031 1804 4079 est
1833 4022 2009 4080 sensi-

423 4113 529 4192 bus
552 4132 734 4189 carnis
758 4146 869 4185 suae
891 4126 1191 4197 jucundum
1216 4164 1232 4189 ,
1261 4126 1481 4177 exercet
1506 4126 1561 4173 et
1602 4115 1865 4187 sequitur.
1906 4113 2009 4181 Qui

427 4236 607 4282 autem
648 4222 944 4280 secundum
992 4219 1161 4272 Deum
1200 4196 1360 4278 vivit,
1397 4228 1504 4266 non
1543 4224 1666 4264 eum
1719 4204 2012 4262 carnaliter

427 4320 544 4374 haec
578 4316 760 4371 omnia
790 4313 1079 4376 delectant,
1108 4308 1203 4363 sed
1233 4319 1352 4375 quae
1389 4301 1653 4374 spiritalia
1684 4307 1809 4355 sunt
1853 4297 2011 4368 spiri-

427 4409 609 4465 taliter
636 4421 758 4462 eum
786 4404 1075 4464 mdiﬁcaut,
1101 4410 1152 4453 et
1183 4396 1364 4452 omnia
1400 4391 1665 4449 desideria
1691 4389 1873 4446 carnis
1896 4389 2009 4458 Spi—

2095 1911 2323 1965 Domino
2364 1921 2625 1981 operante
2673 1910 2979 1981 perficiunt.
3032 1912 3098 1965 Et
3126 1912 3272 1981 quia,
3305 1920 3366 1967 ut
3407 1912 3525 1969 htec
3549 1928 3685 1982 ope-

2093 2008 2303 2066 rentur,
2332 2016 2364 2054 a
2407 2001 2637 2055 Domino
2681 2002 2974 2071 accipiunt,
3018 2018 3123 2055 non
3152 2003 3391 2072 proprie,
3421 2004 3515 2058 sed
3545 2004 3688 2058 abu-

2094 2090 2207 2145 sive
2247 2106 2401 2163 rcgcs
2431 2092 2699 2149 dicuntur.
2750 2091 2987 2148 Christus
3028 2094 3174 2147 enim
3206 2092 3466 2147 Dominus
3510 2112 3691 2159 rents,

2093 2184 2205 2239 Rex
2246 2200 2422 2256 regum
2461 2194 2509 2238 et
2534 2182 2794 2239 Dominus
2821 2186 3153 2242 dominorum
3177 2186 3228 2257 (I
3254 2186 3388 2240 Tim.
3413 2187 3493 2257 vi)
3524 2203 3693 2242 vera—

2096 2277 2235 2332 citer
2262 2292 2380 2332 esse
2419 2276 2716 2348 probatur:
2744 2279 2871 2346 quia
2914 2278 3056 2332 sicut
3101 2280 3269 2334 omnis
3318 2288 3566 2332 creatura
3593 2295 3695 2349 per

2095 2366 2243 2422 illum
2274 2366 2417 2437 facta
2459 2368 2788 2437 cognoscitur
2813 2369 3201 2441 (Sap.xm),ila
3232 2384 3330 2438 per
3358 2369 3506 2422 illum
3537 2376 3694 2423 recta

2096 2471 2154 2514 et
2187 2459 2486 2539 gubernata
2529 2474 2661 2515 esse.
2691 2459 2969 2530 probatur.
3005 2458 3145 2516 Sunt
3184 2461 3329 2514 enim
3361 2461 3564 2516 milites
3590 2476 3699 2514 sre-

2098 2551 2229 2629 culi,
2256 2561 2381 2607 sunt
2411 2559 2465 2605 et
2507 2551 2707 2606 milites
2735 2551 2939 2606 Christi
2963 2567 2977 2604 :
3001 2552 3095 2612 sed
3137 2551 3342 2606 milites
3376 2551 3565 2605 saeculi
3604 2551 3698 2605 in-

2101 2641 2257 2696 ﬁrma
2283 2652 2337 2698 et
2364 2641 2570 2698 lubrica
2605 2658 2787 2709 arma;
2821 2643 3021 2699 milites
3066 2650 3251 2698 autem
3273 2642 3477 2698 Christi
3509 2643 3700 2697 fortis-

2101 2733 2238 2789 sima
2284 2741 2506 2789 sumunt
2550 2743 2713 2804 atque
2757 2732 3036 2803 praeclara.
3088 2733 3336 2804 Pugnant
3384 2733 3461 2787 illi
3501 2742 3701 2788 contra

2101 2825 2305 2890 hostes,
2338 2834 2397 2880 ut
2435 2841 2493 2880 se
2531 2835 2586 2882 et
2622 2826 2937 2881 interfectos
2972 2835 3239 2881 aeternam
3276 2826 3582 2897 perducant
3632 2826 3696 2879 ad

2102 2932 2318 2989 pinnam
2347 2934 2359 2970 :
2384 2925 2625 2986 pugnant
2654 2916 2745 2973 isti
2792 2926 2982 2972 contra
3014 2917 3164 2981 vilia,
3200 2925 3261 2972 ut
3302 2926 3421 2987 post
3455 2926 3704 2971 mortem

2104 3014 2364 3062 asternam
2402 3008 2569 3062 vitam
2595 3010 2851 3080 consequi
2892 3010 3104 3073 possint
3130 3011 3197 3063 ad
3238 3011 3459 3081 praemia
3490 3028 3504 3065 :
3533 3011 3613 3064 illi
3645 3020 3703 3066 ut

2100 3099 2438 3154 descendant
2466 3101 2533 3154 ad
2562 3107 2787 3167 tartara,
2814 3101 2903 3156 isti
2933 3112 2990 3155 ut
3016 3102 3313 3155 ascendant
3336 3102 3401 3155 ad
3432 3102 3699 3172 gloriam;

2107 3189 2187 3244 illi
2214 3197 2272 3243 ut
2296 3199 2420 3261 post
2444 3200 2674 3245 mortem
2701 3207 2825 3247 cum
2853 3191 3185 3247 diemouibus
3226 3193 3622 3262 mancipenmr
3648 3195 3701 3251 in

2107 3279 2321 3334 inferno
2341 3321 2355 3346 ,
2388 3278 2475 3334 isti
2503 3289 2562 3334 ut
2588 3296 2711 3335 cum
2738 3281 2943 3352 angelis
2991 3281 3044 3335 in
3090 3291 3353 3352 perpetuo
3384 3282 3705 3352 possideant

2108 3386 2372 3443 regnum;
2399 3372 2473 3425 illi
2515 3380 2573 3425 ut
2605 3371 2885 3427 daemoniis
2929 3374 3208 3428 soeieltur
3249 3388 3492 3442 semper,
3525 3374 3623 3429 isti
3649 3382 3707 3429 ut

2108 3479 2231 3519 cum
2277 3463 2485 3535 angelis
2526 3478 2739 3533 semper
2779 3463 3060 3529 laetentur;
3096 3465 3170 3519 illi
3216 3473 3278 3519 ut
3312 3481 3438 3519 cum
3484 3459 3723 3523 diabolo.

2108 3570 2324 3627 semper
2365 3554 2602 3626 lugeant,
2641 3554 2730 3609 isti
2759 3571 2882 3609 cum
2907 3555 3123 3611 Christo
3148 3556 3443 3611 exsultent.
3481 3554 3704 3613 Utrum-

2109 3660 2216 3715 que
2238 3644 2467 3700 militum
2490 3660 2658 3714 genus
2683 3660 2787 3697 una
2818 3647 3085 3699 sententia
3116 3644 3536 3713 comprehendit
3566 3643 3711 3700 Pau-

2108 3737 2195 3792 lus
2218 3736 2509 3807 apostolus,
2539 3736 2618 3789 ait
2655 3736 2797 3790 enim
2823 3753 2836 3789 :
2868 3733 3035 3788 Nemo
3070 3735 3303 3789 militans
3326 3734 3438 3789 Deo
3466 3735 3705 3806 implicat

2110 3846 2166 3884 se
2196 3830 2416 3900 negotiis
2446 3826 2788 3882 sa’cularibus
2828 3825 2911 3899 (II
2947 3826 3081 3881 Tim.
3119 3826 3210 3898 ll),
3239 3827 3544 3881 ostendens
3588 3841 3706 3882 esse

2111 3922 2312 3980 milites
2338 3920 2453 3983 Dei,
2482 3920 2624 3974 sicut
2666 3928 2794 3975 sunt
2822 3922 2983 3975 etiam
3020 3920 3220 3974 milites
3254 3919 3459 3974 saeculi.
3494 3920 3705 3990 Duplex

2111 4025 2240 4082 ergo
2267 4009 2455 4065 militia
2483 4009 2588 4064 duo
2615 4025 2813 4080 genera
2838 4009 3065 4064 militum
3095 4011 3295 4081 signat.
3324 4008 3479 4063 Alios
3508 4009 3702 4063 militia

2113 4098 2374 4171 spiritalis
2386 4099 2453 4153 ad
2471 4098 2708 4153 caelestia
2726 4107 2901 4153 castra
2922 4114 3021 4169 per
3034 4099 3325 4170 gratuitam
3341 4099 3581 4169 gratiam
3602 4113 3713 4154 cce-

2113 4191 2261 4247 lestis
2276 4191 2619 4261 imperatoris
2635 4189 2867 4255 adducit,
2888 4189 3021 4244 alios
3038 4189 3225 4243 militia
3238 4190 3542 4259 corporalis
3564 4189 3706 4243 laba

2116 4299 2239 4337 rare
2265 4299 2385 4338 cum
2412 4282 2611 4337 mundo
2639 4281 2933 4336 secundum
2962 4280 3295 4335 voluntatem
3324 4280 3534 4334 terreni
3566 4279 3704 4349 regis

2114 4375 2386 4445 astringit.
2416 4374 2611 4429 Milites
2635 4373 2817 4429 steculi
2844 4372 3193 4443 passionibus
3217 4382 3272 4425 et
3298 4371 3594 4426 desideriis
3624 4382 3704 4425 te-

427 4500 604 4556 ritalis
628 4496 882 4553 desiderii
909 4491 1263 4549 delectatione
1291 4485 1606 4556 compescit.
1645 4483 1849 4537 Futura
1879 4495 2014 4551 prze-
2036 4506 2091 4566 D
2116 4476 2313 4521 ηθῐιῑυι·
2340 4466 2579 4531 οὒηοιίἱ,
2611 4465 2809 4521 milites
2838 4466 2931 4521 Dei
2959 4480 3177 4521 camelli
3200 4480 3354 4519 suam
3377 4465 3703 4535 cruciﬁgunt

429 4593 675 4649 sentibus
696 4586 996 4658 anteponit,
1020 4596 1240 4638 carnem
1266 4578 1473 4649 spiritui
1503 4575 1714 4639 subdit;
1759 4580 1816 4627 et
1856 4571 2013 4641 quid-

429 4685 560 4754 quid
591 4682 721 4752 agit,
754 4693 861 4732 non
888 4675 1000 4728 vult
1029 4689 1095 4726 ex
1128 4686 1254 4734 sua,
1290 4668 1383 4723 sed
1412 4682 1477 4722 ex
1509 4665 1604 4720 Dei
1629 4664 1710 4718 sui
1736 4662 2014 4717 voluntate

429 4773 744 4848 procedere,
770 4768 857 4824 cui
883 4766 1095 4838 placere
1116 4762 1244 4817 totis
1270 4759 1479 4814 viribus
1504 4754 1858 4824 concupiscit.

506 4863 729 4917 Domino
773 4858 980 4914 Christo
1024 4871 1137 4911 vero
1183 4853 1308 4923 Regi
1365 4848 1724 4907 militaturus.,
1755 4844 2016 4900 Dominus

434 4956 633 5011 dicitur
662 4968 728 5007 eo
754 4951 893 5021 qqu
924 4947 1232 5002 dominetur
1277 4942 1543 4998 universae
1586 4947 1854 4993 creatura:
1882 4951 2015 5002 suae,

435 5046 521 5099 vel
564 5053 713 5099 certe
758 5042 900 5111 quod
938 5039 1115 5095 omnis
1155 5044 1404 5093 creatura
1442 5030 1738 5087 dominatui
1777 5027 1894 5098 ejus
1927 5028 2019 5085 de—

435 5138 659 5197 serviat.
688 5135 935 5190 Christus
963 5132 1108 5186 enim
1139 5146 1168 5184 a
1191 5129 1484 5185 chrismate
1512 5123 1832 5194 appellatur.
1862 5119 2020 5176 Chri—

438 5244 557 5285 sma
584 5226 727 5283 enim
757 5224 974 5287 Graece,
1004 5221 1192 5276 Latine
1237 5219 1419 5274 unctio
1461 5216 1680 5271 dicitur.
1726 5212 1880 5279 Quod
1918 5228 2019 5268 no-

439 5338 563 5378 men
618 5317 784 5374 etiam
829 5314 1058 5369 Domino
1102 5310 1229 5366 Jesu
1282 5309 1507 5365 Christo
1555 5304 2020 5369 accommodatur,

440 5430 600 5489 quem
643 5413 785 5469 Deus
822 5407 983 5463 Pater
1028 5422 1132 5459 non
1178 5405 1363 5471 utique
1390 5399 1612 5465 visibili,
1642 5399 1736 5454 sed
1766 5394 2023 5454 invisibili

441 5517 497 5563 et
537 5502 766 5579 spiritali
810 5496 1064 5572 perunxit
1102 5496 1241 5550 oleo.
1297 5491 1450 5549 Unde
1476 5501 1530 5547 et
1561 5493 1613 5546 in
1640 5490 1868 5545 Actibus
1896 5500 2025 5558 apo-

443 5576 706 5661 stolorum
731 5595 800 5651 ad
827 5593 1041 5648 Patrem
1087 5587 1283 5643 dicitur
1308 5602 1321 5638 :
1347 5583 1560 5639 Cotlecti
1587 5591 1708 5637 sunt
1741 5581 1795 5635 in
1828 5578 1927 5633 hac
1953 5576 2028 5629 ci-

444 5692 598 5744 vitate
645 5689 894 5744 adversus
939 5682 983 5738 F
987 5682 1137 5737 ilium
1169 5691 1317 5734 tuum
1354 5693 1504 5750 quem
1534 5674 1732 5729 uuxisti
1755 5671 1896 5745 (Act.
1927 5668 2022 5742 tv).

447 5780 526 5833 Ad
550 5780 720 5850 ipsum
749 5775 1199 5848 Psalmographus
1223 5772 1445 5827 Filium:
1469 5766 1624 5821 Curi!
1651 5777 1695 5819 te
1726 5764 1861 5821 Deus
1889 5761 2027 5817 Deus

2116 4575 2237 4612 cum
2264 4558 2411 4613 vitiis
2430 4566 2485 4613 et
2509 4557 2976 4627 concupiscentiis.
3001 4555 3080 4609 llli
3106 4556 3336 4626 dapibus
3362 4556 3703 4619 nutriuntur,

2115 4656 2201 4710 isti
2231 4656 2538 4710 virtutibus.
2560 4654 2639 4708 Illi
2665 4669 2856 4722 rapere
2884 4653 3057 4708 aliena
3088 4660 3380 4713 conantur,
3406 4651 3497 4705 isti
3522 4658 3702 4704 autem

2115 4746 2333 4816 propria
2364 4744 2447 4799 vel
2480 4745 2745 4814 patienter
2771 4741 3120 4813 perdere,vel
3151 4742 3585 4797 misericorditer
3612 4754 3703 4794 cu-

2116 4837 2270 4908 piunt
2296 4851 2540 4906 erogare.
2572 4834 2648 4888 llli
2678 4844 2871 4904 gerunt
2898 4834 3038 4888 unde
3069 4832 3316 4887 laudibus
3347 4832 3502 4887 falsis
3528 4829 3701 4887 cxtol-

2120 4927 2319 4991 lantur,
2344 4927 2432 4982 isti
2452 4933 2699 4996 quaerunt
2728 4925 2869 4979 unde
2896 4924 3239 4995 sempiternis
3259 4923 3505 4994 pnemiis
3530 4923 3703 4977 hono-

2120 5026 2324 5072 rentur.
2379 5017 2484 5071 Illis
2531 5017 2720 5072 tribuit
2750 5016 3038 5086 imaginem
3082 5016 3297 5070 vanitas
3330 5014 3555 5078 lzetitiaz,
3586 5013 3701 5068 istis

2120 5124 2245 5163 vera
2303 5108 2514 5164 confert
2560 5108 2756 5179 gaudia
2804 5106 3027 5161 veritas.
3079 5105 3157 5159 illi
3218 5105 3335 5159 suis
3379 5105 3704 5159 utilitatibus

2122 5200 2437 5264 consulunt;
2487 5201 2575 5256 isti
2607 5199 2999 5256 communibus.
3050 5197 3126 5251 llli
3178 5198 3419 5267 peritura
3475 5195 3701 5268 perituri

2122 5293 2332 5347 salvare
2355 5292 2629 5356 festinant,
2658 5290 2746 5346 isti
2771 5305 3044 5358 nunquam
3067 5288 3329 5358 peritura,
3368 5303 3436 5342 ne
3473 5289 3526 5342 in
3549 5296 3703 5341 atter-

2124 5403 2251 5440 num
2282 5392 2527 5456 pereant,
2559 5382 2837 5453 possidere
2887 5382 3215 5436 desiderant.
3262 5379 3374 5433 illis
3417 5379 3601 5433 vivere
3631 5377 3702 5431 la-

2123 5479 2222 5534 bor
2263 5486 2366 5541 est,
2407 5487 2464 5532 et
2510 5474 2646 5530 mori
2688 5474 3044 5546 supplicium;
3075 5473 3195 5528 istis
3233 5473 3418 5527 vivere
3458 5470 3702 5525 Christus

2126 5579 2229 5633 est,
2262 5578 2317 5622 et
2344 5568 2480 5622 mori
2517 5565 2745 5620 lucrum.
2775 5564 2853 5620 llli
2877 5564 3193 5634 pratliantur
3222 5570 3412 5616 contra
3443 5558 3701 5619 visibiles,

2129 5669 2215 5724 isti
2256 5675 2445 5723 contra
2474 5664 2769 5722 invisibiles
2808 5662 3076 5721 inimicos.
3130 5660 3252 5717 illos
3299 5657 3525 5713 avaritia
3578 5652 3704 5709 facit

2129 5758 2404 5825 crudeles,
2439 5757 2568 5811 istos
2610 5743 2977 5811 misericordia
3018 5753 3297 5824 benignas.
3347 5750 3467 5807 illos
3501 5744 3697 5803 invidia
