3960 6206
249 339 359 397 697

1286 342 1640 400 COMMENT.
1682 344 1748 399 IN
1790 345 1948 402 RBG.
1992 346 2050 403 S.
2091 347 2475 408 BENEDFCTI.

3412 362 3519 421 698

250 461 653 524 mittentiosos,
702 460 836 516 istos
876 457 1009 513 facit
1052 461 1406 516 mansuetudo
1437 436 1711 531 paciﬁcos.
1756 461 1836 515 illi
1864 466 1915 525 Λ
1940 480 2062 520 mus
2088 468 2211 535 quia
2236 479 2498 538 quantum
2522 472 2577 527 in
2599 476 2853 543 praesenti
2884 477 2993 532 vita
3015 478 3336 535 obedientia:
3362 495 3517 539 arma

251 571 355 628 per
389 552 698 623 superbiam
731 565 831 620 pro
860 550 974 604 suis
1009 543 1303 605 honeribus
1335 550 1580 622 litigant,
1610 552 1700 607 isti
1743 567 1841 621 per

254 645 622 702 humilitatem
674 642 814 697 alter
863 641 1092 696 alterum
1144 642 1459 697 existimant
1508 644 1841 712 superiorem

255 738 381 793 sibi.
417 736 524 809 Per
550 736 668 790 illos
696 734 987 806 Babylonia
1024 736 1249 805 regitur,
1280 752 1378 806 per
1401 737 1534 792 istos
1553 737 1684 792 etin
1708 737 1843 793 istos

256 844 289 883 a
322 828 555 883 Domino
586 824 887 881 Jerusalem
918 827 1157 881 caelestis
1188 828 1616 883 administratur.
1646 827 1844 884 Milites

257 919 444 975 stecnli
475 917 808 989 prosperitas
828 917 1060 981 extollit,
1084 917 1386 972 adversitas
1414 916 1614 985 dejicit,
1644 918 1846 973 milites

257 1021 444 1067 autem
476 1011 572 1066 Dei
607 1010 722 1065 sive
759 1009 813 1063 in
850 1008 1176 1065 adversitate
1198 1048 1214 1073 ,
1252 1008 1366 1064 sive
1399 1009 1453 1063 in
1483 1010 1846 1079 prosperitate

258 1104 567 1160 immobiles
593 1110 965 1174 perseverant.

335 1194 657 1250 Obedientia:
694 1195 982 1265 fortissima
1009 1204 1163 1267 atque
1185 1196 1445 1267 prwclaro
1475 1212 1625 1251 arma
1655 1194 1841 1250 sumis.

257 1288 428 1343 Arma
462 1288 607 1342 enim
628 1286 947 1343 obedientiae
972 1287 1094 1342 ideo
1129 1284 1423 1341 fortissima
1448 1286 1640 1342 beatus
1674 1288 1849 1343 nomi-

259 1383 415 1439 navit
438 1382 777 1444 Benedictus,
811 1382 936 1450 quia
975 1397 1165 1436 omnes
1188 1382 1453 1437 humanos
1488 1383 1725 1449 labores,
1751 1385 1847 1455 qui

259 1473 568 1530 voluntarie
610 1471 775 1537 ﬁunt,
805 1472 1127 1527 obedientize
1156 1472 1311 1527 labor
1349 1482 1657 1543 exsuperat.
1707 1475 1848 1543 Quid

261 1565 412 1621 enim
448 1562 643 1617 fortius
673 1576 795 1617 esse
825 1569 1004 1632 potest
1030 1578 1191 1631 quam
1222 1570 1282 1617 ut
1303 1578 1362 1619 se
1393 1564 1554 1619 homo
1574 1580 1642 1619 ex
1673 1566 1850 1620 omni-

259 1655 366 1711 bus
397 1670 614 1711 servum
656 1653 821 1709 faciat
849 1654 1183 1708 homini?Et
1221 1662 1303 1719 ut,
1346 1670 1471 1710 cum
1504 1657 1575 1710 sit
1614 1656 1756 1711 liber
1796 1665 1851 1710 et

260 1747 584 1810 honoratus,
620 1744 771 1800 velut
819 1745 924 1799 vile
974 1745 1304 1815 mancipium
1339 1747 1762 1818 des'pectumque
1788 1765 1847 1804 se

1940 555 2235 613 fortissima
2260 572 2386 616 sunt
2410 563 2462 617 in
2482 566 2815 634 operatione,
2836 575 3048 623 tantum
3068 570 3327 640 praeclara
3357 583 3523 630 erunt

1941 647 1997 702 in
2026 659 2229 706 :eterna
2270 658 2728 714 remuneratione.
2774 660 2840 714 Et
2865 670 3129 731 quantum
3157 663 3212 717 in
3252 666 3522 721 exercita-

1943 740 2089 797 tione
2128 745 2409 812 praesentis
2450 746 2576 802 vita:
2620 747 2822 805 fuerint
2860 750 3189 818 fortissima,
3224 763 3434 811 tantum
3463 756 3522 812 in

1943 833 2123 890 futura
2144 838 2331 906 requie
2351 848 2511 894 erunt
2531 842 2813 909 praeclara.
2840 845 3111 912 Quantum
3142 846 3196 900 in
3215 847 3302 901 via
3328 863 3524 918 aspera

1944 934 2000 981 et
2032 928 2240 997 gravia,
2271 940 2479 985 tantum
2527 933 2581 987 in
2620 937 2972 1004 perventione
3006 944 3165 992 erunt
3206 953 3419 994 ammna
3465 949 3523 996 et

1945 1015 2103 1071 levia.
2135 1018 2404 1084 Quantum
2437 1022 2491 1075 in
2519 1025 2770 1093 prmsenti
2798 1026 3072 1094 despecta,
3111 1035 3324 1082 tantum
3351 1029 3406 1082 in
3433 1028 3520 1083 fu-

1946 1113 2071 1162 turo
2111 1118 2275 1163 erunt
2302 1110 2586 1167 honorata.
2637 1112 3025 1170 Obedientibus
3063 1117 3207 1172 enim
3235 1117 3531 1186 Apostolus.

1947 1198 2024 1253 ait
2049 1213 2064 1252 :
2092 1198 2290 1254 Hormi
2343 1203 2481 1256 enim
2517 1204 2642 1257 estis
2664 1244 2679 1267 ,
2708 1213 2757 1257 et
2785 1205 2890 1258 vita
2922 1215 3088 1259 vestra
3115 1205 3419 1261 abscondita
3446 1216 3523 1261 est

1947 1307 2067 1344 cum
2111 1290 2316 1347 Christo
2344 1295 2398 1346 in
2435 1293 2565 1347 Deo.
2612 1293 2744 1349 Cum
2786 1296 2924 1349 enim
2954 1294 3193 1351 Christus
3226 1299 3528 1368 apparuerit

1949 1380 2055 1434 vita
2086 1390 2275 1443 vestra,
2305 1392 2430 1436 tunc
2460 1392 2509 1437 et
2543 1400 2630 1437 eos
2673 1384 2988 1454 apparebitis
3014 1402 3132 1440 cum
3159 1385 3253 1440 illo
3278 1386 3332 1441 in
3358 1386 3529 1457 gloria

1952 1467 2151 1537 (Colos.
2180 1471 2285 1540 ιιι).
2338 1473 2412 1526 De
2441 1473 2629 1527 iisdem
2659 1474 2793 1543 ipsis
2817 1483 2873 1528 et
2900 1464 3159 1530 Dominus
3184 1475 3330 1530 Patri
3357 1476 3487 1531 dicit
3510 1494 3522 1529 :

1951 1558 2136 1624 Pater,
2156 1578 2285 1631 quos
2325 1562 2517 1616 dedisti
2542 1562 2689 1625 mihi,
2717 1563 2831 1617 volo
2859 1572 2936 1628 ut,
2962 1563 3051 1617 ubi
3090 1580 3184 1633 ego
3206 1581 3345 1629 sum,
3370 1575 3418 1620 et
3445 1566 3530 1619 illi

1949 1650 2054 1704 sint
2085 1667 2306 1715 mecum,
2332 1662 2388 1704 ut
2409 1652 2617 1707 videant
2645 1652 2941 1708 claritatem
2982 1669 3170 1708 meam.
3205 1654 3275 1708 Et
3304 1670 3396 1725 ego
3421 1655 3531 1710 cla-

1954 1740 2184 1805 ritatem,
2208 1758 2367 1811 quam
2393 1742 2583 1797 dedisti
2612 1744 2762 1807 mihi,
2789 1743 2910 1797 dedi
2936 1745 3010 1798 eis
3047 1744 3229 1814 (loau.
3258 1746 3413 1815 xvii).
3467 1746 3535 1800 Et

259 1836 743 1892 cunctisexhibeat
763 1843 819 1891 et
839 1834 1143 1903 abiectum;
1169 1837 1244 1891 ita
1265 1846 1326 1892 ut
1347 1838 1520 1893 dicat:
1540 1839 1655 1910 Ego
1675 1849 1849 1894 autem
1878 1830 1926 1888 B
1953 1846 2078 1886 cum
2127 1833 2386 1901 apostolis
2421 1833 2684 1887 audiunt:
2710 1834 2874 1889 Amen
2925 1836 3042 1889 dico
3072 1835 3213 1889 vobis
3250 1836 3391 1905 quod
3419 1853 3537 1901 vos,

257 1942 383 1983 sum
432 1928 644 1993 vermis,
680 1936 730 1981 et
785 1938 889 1981 non
939 1928 1114 1992 homo,
1167 1929 1501 1999 opprobrium
1553 1932 1847 1997 hominum,

257 2003 314 2072 et
365 2018 590 2087 objeczio
638 2015 823 2087 plebis.
862 2016 1003 2084 Quid
1034 2017 1230 2074 fortius
1267 2035 1431 2089 quam
1460 2028 1521 2075 ut
1562 2037 1852 2091 percussus

257 2105 320 2161 in
344 2107 560 2161 maxilla
584 2106 819 2176 praebeat
845 2108 1036 2174 aliam;
1065 2110 1331 2165 auferenti
1354 2112 1591 2166 tunicam
1614 2112 1853 2167 dimittat

258 2206 321 2252 et
342 2197 593 2267 pallium;
632 2198 943 2267 angariatus
989 2200 1264 2266 milliaria,
1311 2203 1473 2257 vadat
1507 2213 1563 2256 et
1598 2203 1737 2258 duo?
1786 2204 1855 2258 Et

259 2287 323 2342 in
346 2288 433 2341 his
454 2288 706 2342 omnibus
730 2288 979 2358 gaudeat,
1012 2291 1155 2359 quod
1181 2290 1375 2360 dignus
1406 2299 1491 2345 est
1514 2291 1733 2346 habitus
1752 2307 1853 2362 pro

261 2378 486 2433 nomine
514 2378 723 2431 Domini
758 2380 1113 2434 contumelias
1144 2380 1278 2450 pati.
1314 2381 1454 2448 Quid
1476 2382 1622 2437 enim
1657 2380 1852 2438 fortius

260 2477 362 2523 aut
394 2469 579 2523 durius
601 2484 722 2525 esse
745 2478 925 2539 potest
950 2486 1112 2540 quam
1144 2479 1205 2525 ut
1230 2471 1392 2526 homo
1430 2471 1637 2526 homini
1664 2472 1854 2527 volun—

260 2562 406 2619 tarie
424 2577 485 2617 se
506 2563 559 2616 in
583 2563 730 2617 omni
778 2563 973 2618 subdat
1005 2564 1317 2619 obedientia
1332 2566 1356 2615 ‘I
1379 2572 1434 2620 et
1461 2564 1626 2620 duras
1646 2573 1700 2620 et
1724 2580 1854 2620 con-

262 2653 467 2708 trarias
490 2654 543 2707 in
576 2654 691 2724 ipsa
722 2656 1025 2710 obedientia
1065 2656 1336 2725 patienter
1375 2655 1550 2711 illatas
1588 2655 1854 2710 sustineat

261 2744 525 2812 injurias?
547 2761 713 2816 quam
744 2756 805 2801 ut
834 2747 982 2802 omni
1030 2748 1240 2802 vilitate
1267 2755 1323 2802 et
1350 2747 1693 2802 extremitate
1723 2761 1853 2800 con-

267 2848 451 2893 tentus
487 2841 574 2904 sit,
598 2848 652 2894 et
674 2841 741 2895 ad
764 2841 946 2895 omnia
977 2856 1098 2911 qua:
1132 2840 1206 2894 illi
1231 2840 1582 2910 iniunguntur
1603 2846 1849 2908 paratus,

264 2939 335 2985 et
359 2931 607 2986 omnibus
629 2948 688 2986 se
726 2931 1036 2986 inferiorem
1064 2939 1118 2987 et
1141 2932 1386 2987 viliorem
1413 2946 1520 2985 non
1554 2929 1730 2985 solum
1753 2944 1851 2984 sua

264 3022 452 3093 lingua
497 3023 841 3091 pronuntiet,
889 3025 983 3078 sed
1028 3024 1196 3079 etiam
1237 3023 1400 3079 corde
1440 3022 1747 3077 existimet?
1797 3030 1854 3075 et

266 3114 576 3182 ubicunque
605 3112 783 3178 fuerit,
812 3113 1016 3168 sederit
1049 3112 1132 3168 vel
1160 3113 1468 3176 ambularit,
1499 3111 1760 3166 inclinato
1783 3112 1853 3165 sit

1948 1923 2039 1993 qui
2069 1922 2350 1992 reliquistis
2383 1924 2582 1989 omnia,
2604 1934 2653 1977 et
2689 1926 2851 1980 secuti
2880 1926 3002 1980 estis
3030 1942 3131 1990 me,
3164 1927 3217 1980 in
3249 1942 3496 1995 regenera
3514 1954 3527 1965 -

1950 2015 2091 2067 tione
2115 2030 2229 2067 cum
2240 2015 2606 2071 sederitFilius
2626 2017 2850 2070 hominis
2872 2017 2925 2070 iu
2945 2017 3065 2071 sede
3084 2018 3376 2087 majestatis
3395 2033 3537 2081 sum,

1951 2105 2192 2159 sedebitis
2218 2115 2267 2159 et
2295 2123 2380 2160 vos
2407 2122 2566 2177 super
2588 2106 2862 2161 duodecim
2904 2109 3052 2163 sedes
3067 2109 3372 2178 judicaules
3398 2108 3533 2164 duo-

1951 2203 2117 2256 decim
2147 2202 2312 2256 tribus
2335 2201 2504 2255 Israel
2533 2202 2750 2273 (Matth.
2780 2203 2917 2274 xIx).

2023 2293 2089 2348 In
2114 2294 2298 2363 primis
2325 2301 2379 2345 ut
2401 2292 2653 2363 quidquid
2682 2293 2943 2363 agendum
2984 2293 3201 2347 inchoas
3227 2291 3439 2346 bonum.
3473 2290 3533 2343 ιιι

1951 2385 2163 2455 primis,
2192 2385 2244 2439 id
2267 2392 2349 2439 est
2379 2385 2432 2438 in
2459 2385 2614 2439 initio
2647 2385 3074 2440 conversationis
3104 2384 3192 2439 vel
3233 2383 3535 2438 inchoatio-

1952 2477 2038 2531 nis
2066 2476 2193 2531 boni
2222 2476 2403 2546 operis
2446 2476 2597 2529 dicit.
2647 2475 2878 2531 Insidias
2905 2476 3046 2531 inter
3089 2484 3143 2530 te
3169 2483 3224 2530 et
3254 2475 3535 2543 antiquum

1953 2581 2258 2642 serpentem
2286 2587 2407 2629 esse
2433 2572 2692 2642 intellige,
2727 2571 3009 2625 monachc.
3060 2570 3139 2625 Tu
3173 2570 3334 2630 illius,
3361 2584 3536 2639 quan-

1952 2674 2065 2720 tum
2113 2664 2389 2733 prtevales,
2432 2664 2685 2717 nocivum
2731 2672 2955 2718 contere
3001 2670 3218 2733 caput;
3249 2662 3375 2730 quia
3421 2661 3534 2725 ille,

1953 2763 2216 2823 quantum
2254 2754 2503 2817 valuerit,
2537 2770 2641 2808 non
2688 2755 2922 2808 cessabit
2967 2753 3212 2809 insidiari
3259 2753 3534 2807 calcaneo.

1955 2844 2108 2899 Tunc
2148 2844 2291 2899 enim
2322 2843 2620 2912 prudenter
2665 2851 2826 2911 caput
2873 2842 3145 2912 serpentis
3196 2840 3453 2903 conteris,
3489 2840 3537 2894 si

1953 2936 2167 2991 initium
2207 2934 2361 2990 make
2400 2933 2762 3004 suggestionis
2809 2932 2927 3001 ejus
2967 2947 3067 2987 nec
3113 2930 3403 2994 censentis,
3436 2944 3537 2984 nec

1954 3025 2173 3095 recipis,
2203 3033 2259 3079 et
2296 3024 2344 3079 si
2391 3024 2682 3094 cogitando
2712 3022 2927 3091 recipis,
2960 3021 3273 3076 meditando
3302 3035 3409 3075 non
3437 3034 3537 3073 nu-

1957 3117 2075 3171 tris.
2114 3115 2226 3181 llle,
2258 3116 2502 3184 inquam,
2526 3122 2691 3185 caput
2712 3114 2981 3182 serpentis
3009 3113 3146 3167 bene
3166 3112 3419 3175 conterit,
3445 3110 3539 3178 qui

267 3216 488 3272 semper
511 3203 689 3271 capite
718 3211 774 3257 et
797 3202 917 3258 ﬁxis
940 3218 1155 3273 semper
1176 3204 1228 3256 in
1254 3212 1455 3257 terram
1473 3202 1675 3267 oculis;
1701 3218 1853 3257 reum
1882 3175 1927 3240 ϐ
1959 3205 2330 3277 suggestiones
2373 3202 2490 3271 ejus
2535 3219 2637 3258 nec
2663 3203 2952 3274 cogitando
2983 3203 3237 3265 ruminat,
3270 3216 3369 3255 nec
3395 3199 3540 3256 dele-

266 3308 330 3348 se
380 3293 446 3349 de
489 3294 727 3364 peccatis
763 3294 878 3348 suis
908 3294 1182 3348 existimet
1225 3294 1448 3348 dicens:
1473 3292 1722 3357 Domine,
1748 3306 1855 3345 non

264 3400 391 3440 sum
415 3385 608 3455 dignus
634 3384 874 3455 aspicere
907 3391 961 3437 et
989 3384 1174 3439 videre
1205 3383 1546 3438 altitudinem
1580 3381 1703 3437 εωὶὶ
1743 3395 1856 3451 pra:

269 3477 553 3547 injustitiis
597 3476 753 3530 meis.
805 3475 1097 3529 Videamus
1145 3490 1244 3529 cur
1288 3474 1479 3529 beatus
1530 3472 1855 3528 Benedictus

268 3569 589 3624 obedientia:
615 3584 764 3623 arma
796 3567 1095 3623 fortissima
1123 3567 1324 3622 dixerit
1369 3577 1531 3636 atque
1573 3565 1851 3635 praeclara.

266 3659 395 3715 Ideo
426 3658 735 3722 fortissima,
761 3660 885 3727 quia
907 3672 1094 3712 omnes
1123 3657 1346 3712 humani
1371 3656 1583 3728 generis
1615 3654 1852 3718 labores,

265 3752 364 3822 qui
398 3750 700 3813 voluntarie
736 3751 890 3815 ﬁunt,
931 3758 992 3804 ιιι
1029 3766 1191 3821 supra
1242 3750 1500 3812 diximus,
1531 3746 1856 3802 obedientia:

266 3839 424 3897 labor
455 3840 1121 3911 exsuperatzFortissima
1170 3849 1297 3896 sunt
1339 3840 1484 3894 enim
1534 3835 1856 3892 obedientiae

264 3945 447 3997 arma,
470 3939 531 3985 ιιι
563 3933 791 4004 abneget
819 3934 982 3987 homo
1026 3932 1377 4002 semetipsum
1411 3931 1546 3995 sibi;
1571 3929 1852 4000 prmclara,

263 4030 332 4075 ut
355 4029 611 4090 sequatur
630 4022 924 4077 Christum.
945 4022 1283 4086 Fortissimo,
1300 4029 1360 4076 ιιι
1380 4022 1613 4076 declinet
1636 4037 1673 4095 ιι.
1690 4021 1851 4089 malo;

265 4112 550 4185 praeclara,
584 4122 642 4168 ut
685 4112 851 4168 faciat
894 4115 1116 4169 bonum.
1170 4114 1519 4178 Fortissima,
1549 4130 1617 4169 ne
1666 4113 1857 4169 reddat

268 4204 474 4259 malum
503 4205 603 4275 pi'o
631 4207 803 4272 malo;
842 4206 1115 4276 prmclara,
1143 4214 1202 4260 ut
1234 4206 1425 4260 reddat
1452 4221 1553 4276 pro
1581 4205 1724 4259 malo
1761 4205 1856 4263 b0-

270 4312 423 4351 num.
455 4298 792 4363 Fortissima,
819 4315 884 4355 ne
913 4299 1326 4354 maledicentem
1360 4297 1677 4363 maledicat;
1718 4312 1857 4368 prae-

268 4386 438 4452 clara,
467 4397 518 4441 ut
564 4389 726 4441 etiam
764 4390 1067 4443 hencdicat.
1122 4388 1460 4453 Fortissima,
1508 4403 1577 4443 ne
1608 4388 1663 4442 in
1693 4388 1857 4443 corde

266 4485 455 4532 teneat
504 4480 718 4545 odium;
766 4479 1047 4549 prmclara,
1089 4487 1151 4533 ιιι
1198 4489 1453 4549 tanquam
1493 4479 1851 4548 semetipsum

266 4568 457 4640 diligat
500 4569 778 4623 inimicum
803 4578 858 4623 et
899 4571 1224 4641 proximum.
1256 4570 1576 4625 Fortissima
1604 4571 1659 4624 in
1701 4569 1851 4638 abje-

266 4660 481 4725 ctione;
522 4661 780 4729 praeclara
825 4663 876 4715 in
922 4662 1251 4731 operatione.
1287 4662 1605 4718 Fortissime
1635 4662 1690 4717 in
1719 4663 1854 4717 tole-

266 4750 474 4813 rantia;
501 4751 761 4820 praeclara
803 4755 856 4806 in
887 4753 1211 4808 obedientia.
1246 4753 1566 4809 Fortissimo
1595 4754 1650 4808 in
1680 4756 1853 4810 conti-

264 4848 440 4895 nuato
482 4842 715 4913 jejunio;
761 4843 1019 4912 praeclara
1065 4844 1121 4898 in
1158 4845 1497 4899 recreatione
1528 4859 1847 4914 pauperum.

208 4922 214 4927 ”
267 4930 608 5001 FortiSsima,
626 4933 749 4989 Sint
768 4933 936 4989 lumbi
959 4936 1126 4990 vestri
1155 4936 1464 5007 praecincti;
1493 4936 1771 5005 praeclara,
1790 4936 1857 4990 Et

265 5023 507 5080 lucerna:
553 5026 824 5081 ardentes.
867 5026 925 5080 In
959 5026 1292 5083 inﬁrmitatis
1339 5028 1622 5082 tolerantia
1673 5027 1855 5082 fortis-

266 5115 432 5181 sima,
462 5115 518 5169 in
561 5116 873 5172 visitatione
922 5117 1153 5172 aliorum
1185 5117 1525 5172 inﬁrmorum
1570 5117 1850 5188 prmclara.

267 5208 352 5265 Ne
380 5211 634 5265 vanitatis
660 5211 945 5267 mendacio
972 5212 1273 5266 resolvatur
1315 5209 1643 5275 fortissima;
1677 5218 1738 5264 ut
1764 5224 1855 5264 ve-

266 5301 488 5374 ritatem
517 5304 680 5359 corde
708 5313 762 5360 et
781 5320 875 5360 ore
900 5305 1150 5376 loquatur
1170 5305 1455 5375 prmclara.
1489 5304 1548 5359 In
1576 5304 1854 5359 tolerando

264 5392 540 5464 patienter
566 5392 792 5463 injurias
836 5395 1129 5451 fortissima
1157 5412 1170 5460 ;
1218 5397 1271 5450 in
1302 5411 1408 5451 non
1438 5394 1687 5450 faciendo
1716 5394 1852 5450 tole-

270 5486 473 5541 randas
499 5489 779 5558 prmelara.
819 5489 875 5543 ln
906 5489 1232 5545 refrenando
1258 5491 1551 5560 appetitum
1579 5490 1716 5559 gula:
1747 5489 1856 5545 for-

269 5577 514 5644 tissima;
550 5581 604 5635 in
636 5582 959 5653 frugalitatis
981 5590 1035 5636 et
1055 5583 1336 5651 parcitatis
1363 5597 1547 5638 amore
1568 5584 1851 5651 praeclara.

270 5670 332 5727 in
384 5674 635 5743 corporis
690 5676 1049 5748 castigatione
1102 5674 1429 5741 fortissima;
1484 5675 1538 5729 in
1588 5674 1856 5730 castitatis

274 5779 462 5822 amore
489 5768 767 5839 praeclara.
803 5768 910 5824 Sed
943 5777 999 5826 ct
1027 5768 1129 5824 hoc
1159 5767 1427 5823 veraciter
1452 5766 1630 5822 dicere
1660 5780 1851 5834 possu-

1875 4522 1929 4581 D

1955 3297 2154 3350 ctando
2199 3294 2381 3360 fovet,
2418 3311 2520 3349 nec
2569 3292 2880 3349 meditando
2929 3293 3130 3356 nutrit,
3172 3307 3272 3346 nec
3313 3304 3543 3346 consen-

1957 3388 2175 3452 tiendo,
2208 3401 2311 3441 nec
2368 3387 2653 3442 nutriendo
2702 3385 2770 3440 ad
2822 3385 3030 3455 peccati
3082 3382 3539 3454 perpetrationcm

1954 3478 2223 3546 perducit.
2254 3478 2322 3531 Et
2347 3478 2450 3531 hoc
2477 3478 2637 3532 modo
2659 3476 2751 3546 qui
2782 3484 2946 3545 caput
2971 3476 3240 3545 serpentis
3284 3475 3537 3537 conterit.

1955 3577 2129 3625 totum
2157 3586 2187 3623 a
2217 3585 2276 3624 se
2318 3569 2517 3623 diaboli
2570 3583 2766 3638 corpus
2812 3568 3042 3637 repellit.
3109 3567 3349 3621 Callidus
3392 3566 3538 3620 enim

1955 3674 2177 3729 serpens
2203 3666 2257 3714 et
2281 3659 2543 3724 lubricus,
2567 3659 2660 3714 ubi
2687 3667 2847 3728 caput
2879 3659 3239 3729 suggestionis
3261 3674 3372 3713 sum
3393 3671 3540 3713 mer-

1955 3754 2109 3818 serit,
2143 3762 2286 3807 totus
2315 3763 2541 3808 conatur
2587 3752 2757 3817 illabi,
2789 3760 2849 3807 ut
2883 3769 2913 3806 a
2939 3768 3048 3822 quo
3100 3751 3241 3806 male
3291 3757 3541 3821 receptus

1954 3852 2038 3900 est
2085 3852 2250 3909 totus,
2282 3844 2424 3898 male
2476 3836 2938 3914 recipiattotum,
2975 3850 3030 3897 et
3073 3843 3215 3897 male
3260 3850 3537 3912 receptum

1955 3935 2095 3988 male
2130 3934 2404 4004 possideat
2448 3934 2706 3988 vinctum.
2767 3933 2943 4002 Caput
2987 3947 3117 4002 ergo
3162 3933 3450 4002 serpentis,
3482 3929 3539 3983 id

1954 4034 2038 4080 est
2075 4026 2472 4095 suggestionem
2499 4024 2729 4089 diaboli,
2758 4023 2932 4078 bonus
2970 4023 3270 4077 monachus
3298 4023 3353 4075 in
3382 4021 3538 4077 initio

1954 4124 2222 4180 conterat,
2253 4129 2323 4169 ne
2351 4114 2467 4183 ejus
2498 4115 2550 4167 in
2580 4112 2684 4167 ﬁne
2711 4112 2979 4183 possessio
3016 4112 3130 4165 ﬁat.
3176 4111 3322 4165 Bene
3350 4117 3539 4164 conte-

1954 4215 2060 4271 rat,
2087 4222 2155 4260 ne
2184 4207 2324 4259 male
2347 4213 2691 4269 conteratur;
2720 4202 2900 4268 feriat,
2918 4217 2986 4257 ne
3012 4201 3271 4267 feriatur;
3304 4202 3539 4261 occidat.

1954 4312 2024 4352 ne
2053 4297 2349 4354 occidatur.
2398 4297 2466 4350 Et
2510 4296 2564 4349 in
2611 4295 2697 4349 his
2738 4295 2991 4349 omnibus
3020 4292 3179 4347 fortis
3222 4294 3398 4348 victor
3424 4291 3542 4347 cxi-

1955 4396 2127 4454 stens,
2161 4402 2267 4442 non
2294 4388 2397 4442 sibi
2428 4387 2633 4453 laudes,
2665 4386 2757 4440 sed
2787 4384 3020 4440 creatori
3059 4400 3158 4439 suo
3188 4382 3390 4438 referat
3421 4397 3541 4453 gra-

1958 4490 2058 4546 tes,
2087 4496 2116 4534 a
2161 4495 2270 4549 quo
2317 4478 2528 4547 accepit
2577 4485 2637 4531 ut
2680 4477 2943 4539 vinceret,
2977 4490 3044 4530 ne
3094 4475 3271 4529 victus
3313 4474 3537 4544 periret.

1954 4572 2101 4643 Ergo
2146 4580 2314 4626 totam
2358 4569 2740 4627 sollicitudinis
2769 4584 2880 4624 suae
2924 4568 3225 4623 custodiam
3265 4566 3331 4621 ad
3357 4566 3537 4620 ealea-

1953 4676 2114 4717 neum
2142 4669 2401 4716 extrema:
2425 4660 2549 4715 vitm
2568 4674 2678 4715 suae
2697 4659 2953 4730 providus
2978 4658 3276 4713 monachus
3302 4671 3532 4712 convera

1954 4762 2054 4820 tat,
2088 4771 2156 4810 ne
2178 4764 2446 4810 venenato
2470 4768 2654 4807 morsu
2682 4752 2950 4822 serpentis
2971 4750 3301 4819 improvidus
3324 4756 3535 4819 pereat.

1955 4847 2096 4915 Quid
2144 4847 2290 4901 enim
2339 4860 2436 4915 per
2480 4844 2718 4899 hominis
2759 4841 3114 4898 calcaneum?
3141 4855 3269 4894 nmn
3324 4850 3540 4909 tempus

1955 4938 2081 4992 vita:
2104 4936 2442 5007 signiﬁcatur
2477 4933 2821 4990 extremum?
2849 4931 2990 4999 Quid
3015 4931 3243 4986 callidus
3275 4930 3541 4984 insidians

1960 5030 2210 5085 inimicus
2253 5028 2510 5099 pestifero
2553 5028 2714 5083 dente
2759 5025 3015 5096 percutit,
3049 5024 3153 5078 sia
3185 5022 3431 5077 custodia
3456 5020 3537 5075 sui
3638 5092 3647 5095 Μ

1960 5120 2174 5175 animus
2202 5120 2343 5175 male
2378 5134 2544 5174 sanus
2572 5116 2815 5172 recedit?
2846 5114 3009 5185 Ergo,
3037 5114 3324 5177 monacho,
3353 5109 3541 5166 saluts

1960 5219 2069 5265 tuae
2096 5211 2221 5266 audi
2246 5210 2552 5271 consilium,
2586 5215 2643 5262 et
2666 5206 2850 5276 operis
2878 5205 2956 5260 tui
2988 5204 3216 5259 sollicite
3246 5217 3401 5257 serva
3429 5197 3542 5254 cal-

1960 5317 2210 5368 eaneum,
2236 5317 2305 5356 ne
2333 5302 2387 5355 in
2417 5300 2524 5355 ﬁne
2553 5299 2680 5353 vitai
2710 5306 2817 5352 tute
2848 5297 3109 5367 deceptus
3141 5293 3368 5361 alicujus
3389 5304 3540 5346 erro-

1959 5396 2037 5449 ris
2064 5393 2264 5448 labaris
2289 5394 2343 5447 in
2374 5392 2610 5446 devium.
2634 5390 2703 5444 Et
2729 5389 2819 5444 ubi
2844 5389 3105 5460 sperabas
3132 5386 3372 5454 recipere
3398 5393 3536 5448 prte-

1956 5485 2146 5548 mium,
2183 5483 2256 5538 ibi
2293 5483 2550 5552 deceptus
2593 5480 2839 5536 invenias
2885 5478 3300 5536 detrimentum;
3343 5479 3401 5525 et
3445 5468 3538 5524 ubi

1958 5577 2215 5647 sperabas
2244 5575 2399 5630 hctus
2432 5575 2692 5629 scandere
2724 5572 2938 5634 coelum,
2971 5568 3042 5622 ibi
3071 5564 3243 5619 tristis
3279 5560 3541 5630 mergaris

1958 5671 2013 5724 in
2044 5677 2327 5734 tartarum,
2359 5676 2415 5723 et
2457 5666 2707 5722 incautus
2737 5664 2915 5720 subito
2943 5659 3137 5729 perdas
3164 5650 3307 5724 quod
3332 5652 3423 5707 diu
3450 5666 3543 5706 ac-

1960 5761 2218 5834 quisitum
2265 5760 2316 5815 in
2366 5767 2627 5816 internum
2677 5757 2877 5811 habere
2920 5757 3153 5821 poteras.
3207 5744 3347 5814 Quid
3390 5743 3534 5800 enim
