3960 6206
427 340 534 401 699

1710 330 2084 388 -SMARAGDI
2118 329 2410 386 ABBATIS

3594 331 3692 387 700

426 461 652 532 prodest
696 456 901 514 homini
939 468 1075 524 opus
1116 454 1317 508 bonum
1354 452 1631 515 inchoare,
1661 457 1853 504 etnon
1880 462 2007 518 per-
2037 451 2086 509 Α
2112 444 2257 498 Abba
2292 443 2452 498 Pater
2480 443 2654 516 (Rom.
2682 443 2822 516 νιιι).
2860 444 2927 500 Ει
2957 444 3248 514 adoptione
3296 455 3516 516 recepta
3560 446 3697 503 ﬁlio-

430 551 628 608 ﬁcere?
658 547 783 604 Non
808 547 968 610 enim,
992 544 1070 598 ait
1097 542 1402 612 Scriptura,
1427 542 1520 613 qui
1548 539 1891 603 inchoaverit,
1917 536 2009 590 sed

426 644 516 714 qui
541 637 957 712 perseveraverit,
975 635 1150 691 salvus
1176 636 1273 688 erit
1291 632 1508 705 (Matth.
1531 649 1564 686 ι
1588 642 1637 687 et
1663 630 1838 702 χειν).
1867 629 2013 684 Inter

426 741 623 789 cetera
656 730 801 785 enim
850 726 1241 783 sacriﬁciorum
1280 739 1479 796 genera
1522 722 1752 778 Domino
1794 720 2013 790 iubetur

425 820 610 878 oﬁ‘erri
640 819 833 875 cauda.
862 816 1018 872 Sicut
1043 816 1188 871 enim
1217 814 1274 869 in
1298 813 1577 877 αριοειηθο,
1610 813 1683 867 ita
1729 811 1853 865 ﬁnis
1892 825 2012 866 cor-

423 916 577 988 poris
620 914 924 970 ostenditur
964 913 1020 967 in
1065 911 1258 966 cauda.
1311 910 1378 964 Et
1403 910 1494 964 ille
1531 911 1669 963 bene
1694 907 1920 961 caudam
1958 906 2011 960 in

427 1005 697 1063 sacriﬁcio
724 1003 955 1059 Domino
976 1000 1243 1066 immolat,
1277 1000 1366 1069 qui
1396 1000 1450 1053 in
1477 998 1622 1052 bono
1648 1010 1813 1066 opere
1841 1008 2013 1064 usque

426 1098 484 1156 in
515 1096 674 1151 linem
702 1100 1036 1166 perseverat.
1085 1090 1325 1147 Caudam
1351 1088 1496 1144 enim
1545 1087 1735 1143 hostia:
1784 1085 2013 1144 Domino

426 1188 704 1242 offerimus
727 1225 743 1251 ,
779 1183 995 1254 quando
1041 1196 1176 1252 Opus
1234 1180 1436 1235 bonum
1482 1176 1853 1247 perseveranti
1904 1174 2045 1229 ﬁne‘

426 1279 778 1347 complemus.
803 1276 938 1330 Nam
958 1282 1013 1330 et
1033 1273 1257 1343 Ioseph,
1276 1272 1370 1342 qui
1391 1277 1583 1325 auctus
1603 1270 2009 1338 interpretatur,

380 1378 387 1385 ‘
427 1369 583 1423 talari
613 1368 793 1422 tunica
835 1365 1062 1421 vestitus
1090 1379 1212 1420 esse
1254 1362 1600 1418 describitur.
1634 1358 1840 1413 Tunica
1870 1359 2012 1413 enim

424 1474 534 1530 qua
586 1460 806 1513 indutus
866 1465 985 1512 erat
1034 1453 1511 1525 perseverantiam
1546 1452 1704 1507 bonis
1753 1450 2011 1521 operibus

425 1551 717 1622 signiﬁcat.
755 1549 849 1604 llle
895 1557 1077 1602 autem
1125 1546 1283 1600 talari
1330 1545 1511 1599 tunica
1552 1543 1743 1598 vivens
1787 1551 2015 1597 ornatus

426 1641 650 1705 incedit,
679 1640 772 1710 qui
798 1638 1092 1693 virtutibus
1112 1644 1266 1691 actus
1294 1636 1349 1690 in
1370 1636 1534 1699 bono,
1561 1635 1705 1703 quod
1727 1633 1914 1702 erepit,
1941 1633 2011 1687 ad

424 1732 886 1803 perseverantiam
917 1729 1106 1793 tendit,
1135 1736 1191 1783 et
1216 1728 1418 1783 bonum
1461 1725 1605 1795 quod
1634 1739 1797 1795 agere
1824 1724 2011 1794 coepit,

424 1821 800 1893 imperfectum
831 1835 936 1875 non
962 1818 1239 1888 relinquit.
1288 1817 1558 1871 Extendat
1599 1830 1731 1885 ergo
1772 1815 2011 1884 prudens

425 1911 727 1966 monachus
769 1910 1005 1964 tunicam
1050 1908 1177 1964 boni
1201 1907 1384 1977 operis
1410 1905 1493 1961 sui
1521 1920 1694 1975 usque
1718 1905 1785 1959 ad
1821 1903 2009 1967 talum,

422 2016 496 2056 ne
523 2000 803 2055 inimicum
851 1998 1073 2054 humani
1117 1995 1332 2067 generis
1367 1996 1605 2066 patiatur
1649 1993 1930 2058 infestum,
1957 2001 2014 2047 et

428 2092 848 2163 perseverantiae
879 2091 1060 2147 tunica
1105 2090 1308 2145 nudum
1344 2090 1398 2144 in
1433 2080 1762 2159 profundum
1804 2093 2014 2156 mergat

426 2182 719 2247 infernum,
744 2190 837 2236 aut
859 2182 1060 2252 partim
1090 2181 1344 2236 vestitum
1368 2178 1674 2248 partimque
1701 2184 2012 2231 truncatum

425 2272 495 2326 ad
521 2272 873 2343 ignominiam
902 2272 956 2325 in
984 2279 1248 2326 aeternum
1293 2276 1580 2324 conservet
1621 2267 2008 2322 damnandum.

430 2361 641 2417 Talaris
664 2375 794 2431 ergo
814 2363 981 2433 pedes
1005 2361 1395 2416 monachorum
1423 2368 1839 2428 perseveranter
1858 2365 2015 2413 ornet

423 2460 484 2507 et
512 2453 741 2515 muniat,
761 2460 820 2506 nt
845 2452 898 2506 in
914 2450 1019 2506 ﬁne
1033 2451 1158 2505 vitae
1175 2450 1285 2504 Deo
1301 2448 1421 2503 illos
1443 2447 1673 2503 feliciter
1696 2447 1906 2513 reddat,
1921 2446 2013 2501 ubi

423 2555 550 2595 eum
566 2540 840 2596 felicitatis
854 2541 1021 2610 gloria
1035 2547 1239 2596 aeterna
1254 2547 1617 2608 consequatur
1632 2547 1681 2595 et
1699 2538 1940 2608 praemia.

498 2630 575 2684 Ab
602 2647 662 2684 eo
686 2630 866 2701 perﬁci
896 2629 1276 2685 instantissima
1312 2630 1549 2683 oratione
1593 2627 1864 2699 deposcas.
1907 2626 2014 2683 Sed

425 2729 489 2775 ut
532 2721 647 2775 hzec
692 2720 813 2784 tibi,
844 2720 1092 2790 quisquis
1138 2733 1219 2783 es,
1271 2717 1555 2780 monache,
1590 2718 1702 2773 Deo
1751 2717 2014 2789 largiente

426 2811 767 2880 proveniant,
795 2826 904 2866 non
928 2811 1101 2876 tarde,
1130 2825 1239 2865 non
1264 2810 1467 2881 tepide,
1496 2809 1591 2864 sed
1618 2809 2012 2864 instantissima

423 2901 674 2957 oratione
697 2902 948 2972 deposce.
980 2900 1121 2957 Audi
1146 2900 1466 2971 Apostolum
1495 2899 1562 2956 de
1594 2900 1855 2956 instantia
1885 2915 2012 2955 ora-

428 2996 589 3050 tionis
631 3010 731 3051 nos
785 3004 1113 3052 monentem.
1162 2997 1256 3051 Ait
1305 2997 1494 3052 enim:
1524 2995 1727 3051 Instate
1785 2997 2012 3051 orationi

419 3082 772 3152 rigilautesiu
796 3099 859 3136 ea
883 3083 1108 3152 (Coloss.
1133 3101 1207 3150 Iv,
1233 3087 1312 3155 2).
1350 3086 1413 3139 Et
1441 3087 1637 3140 iterant
1672 3101 1687 3141 :
1722 3083 1950 3154 i’igilate
1967 3093 2017 3138 et

420 3185 569 3229 orate
597 3175 808 3244 (Matth.
834 3192 983 3243 xxvi;
1020 3177 1195 3233 Marc.
1226 3181 1367 3249 xm).
1389 3177 1607 3233 Etalibi
1630 3178 1768 3233 dicit
1795 3195 1810 3231 :
1837 3178 2017 3248 Opor-

421 3277 493 3320 tet
522 3268 656 3320 enim
719 3284 923 3337 semper
979 3286 1158 3335 orare,
1193 3280 1242 3324 et
1273 3287 1563 3338 numquam
1589 3271 1814 3340 deficere
1855 3270 2014 3341 (Luc.

422 3359 603 3430 mu).
635 3358 869 3414 Multum
897 3363 1043 3416 enim
1082 3363 1240 3427 valet,
1305 3366 1385 3419 ait
1441 3367 1766 3434 Apostolus,
1835 3365 2010 3420 oratio

415 3442 551 3511 justi
596 3442 814 3497 assidua
863 3441 1004 3513 (Jac.
1056 3442 1132 3515 v).
1182 3445 1370 3500 Oratio
1420 3445 1550 3501 Elia:
1593 3447 1716 3503 εωιί
1760 3449 2010 3504 cardines

420 3531 637 3596 clausit,
667 3535 842 3588 oratio
868 3534 1104 3591 Danielis
1140 3535 1358 3591 leonum
1387 3552 1483 3592 ora
1520 3538 1806 3603 conclusit,
1836 3531 2011 3594 oratio

422 3623 585 3678 trium
633 3640 923 3694 puerorum
985 3628 1261 3683 caminum
1304 3628 1445 3699 ignis
1487 3630 1786 3696 exstinxit,
1831 3636 2010 3687 oratio

421 3713 787 3770 ecclesiastica
816 3715 964 3770 Petri
996 3717 1206 3773 vincula
1231 3719 1411 3783 solvit,
1437 3721 1615 3774 oratio
1649 3719 1887 3777 cornelii
1914 3738 2010 3777 au-

423 3817 514 3856 res
552 3803 764 3858 Domini
792 3807 1118 3874 penetravit,
1149 3807 1323 3863 oratio
1353 3808 1406 3862 in
1434 3824 1595 3865 cruce
1625 3808 1820 3864 latroni
1849 3826 2009 3879 pata-

420 3894 598 3950 disum
631 3897 861 3966 aperuit.
894 3896 1011 3953 Non
1039 3899 1183 3952 enim
1215 3899 1397 3969 pigeat
1428 3899 1695 3956 instanter
1716 3914 1874 3954 orare
1902 3917 2009 3957 mo-

422 3989 676 4053 nachum,
708 3989 833 4059 quia
865 4005 1024 4059 quem
1053 4000 1176 4045 orat
1200 3992 1561 4047 habitatorem
1594 3993 1736 4047 inter
1761 4008 1821 4047 se
1844 3993 2009 4048 habet

423 4077 729 4135 Dominum.
798 4078 890 4135 Sic
933 4080 1076 4135 enim
1121 4081 1200 4135 ait
1239 4079 1572 4151 Apostolus:
1602 4081 1870 4153 Templum
1902 4082 2007 4161 Dei

394 4173 543 4228 ‘cstis
567 4185 586 4224 :
610 4180 666 4226 et
694 4170 925 4243 Spiritus
946 4172 1161 4228 Domini
1190 4174 1392 4228 habitat
1428 4175 1484 4228 in
1514 4175 1653 4230 vobis
1678 4175 1731 4246 (Ι
1763 4173 1886 4229 Cor.
1912 4192 2001 4241 ut;

421 4261 485 4317 II
518 4262 639 4318 Cor.
713 4263 807 4335 vi).
856 4262 978 4318 Cito
1021 4263 1169 4319 enim
1195 4264 1264 4319 ab
1293 4264 1598 4322 habitatore
1644 4267 2009 4322 exaudiuntur

419 4356 667 4420 Domino,
699 4359 789 4427 qui
815 4358 932 4429 ejus
962 4357 1317 4414 habitationis
1352 4358 1612 4428 templum
1636 4366 1691 4414 et
1723 4359 2006 4416 habitacu-

417 4445 530 4501 lum
562 4448 714 4502 ﬁunt.
746 4447 885 4503 Infra
913 4465 973 4504 se
999 4449 1143 4504 enim
1173 4456 1355 4519 portat
1387 4465 1547 4519 quem
1584 4458 1771 4521 rogat,
1799 4451 1909 4506 imo
1934 4453 2003 4507 ab

419 4536 512 4592 illo
549 4538 837 4593 exauditur
878 4555 909 4593 a
950 4555 1059 4608 quo
1105 4548 1374 4610 portatur.
1408 4540 1510 4607 Qui
1539 4540 1655 4595 vult
1699 4556 1829 4611 ergo
1864 4557 2002 4611 opus

406 4632 620 4687 bonum
644 4631 710 4686 ad
737 4631 1124 4701 perfectionem
1154 4633 1469 4701 perducere,
1491 4633 1726 4688 orationi
1748 4632 2002 4702 frequen—

420 4734 506 4778 ter
543 4725 705 4779 debet
746 4724 1072 4780 incumbere.
1119 4725 1306 4780 Oratio
1350 4725 1497 4780 enim
1543 4726 1868 4796 supplicatio
1914 4725 2001 4780 vel

419 4816 608 4885 petitio
643 4816 858 4870 dicitur.
897 4815 1051 4871 Dicta
1083 4825 1263 4870 autem
1289 4817 1486 4881 oratio,
1511 4817 1667 4886 quasi
1694 4817 1809 4871 oris
1837 4819 1996 4873 ratio.

418 4911 716 4964 (lontextus
738 4917 916 4964 autem
944 4909 1232 4964 verborum
1263 4908 1382 4963 sine
1408 4922 1593 4973 sensu,
1609 4908 1735 4976 quia
1757 4923 1863 4964 non
1886 4910 2001 4965 oris

420 5022 478 5059 ra
487 5005 580 5060 tio.

492 5094 558 5150 Ut
587 5096 677 5167 qui
705 5111 799 5149 nos
835 5097 893 5167 in
929 5095 1164 5165 ﬁliorum
1197 5110 1413 5149 numero
1456 5093 1706 5163 dignatus
1744 5104 1819 5148 est
1857 5110 2009 5147 com—

417 5166 623 5258 putare.
680 5185 833 5240 Tunc
879 5166 1025 5241 enim
1071 5202 1170 5241 nos
1218 5185 1478 5241 Dominus
1515 5186 1751 5256 primum
1793 5186 2007 5242 miseri-

418 5277 658 5332 corditer
679 5277 732 5331 in
759 5277 993 5332 ﬁliorum
1015 5279 1266 5350 dignatus
1286 5288 1370 5333 est
1397 5294 1627 5333 numero
1655 5287 1997 5348 computare,

419 5369 637 5440 quando
660 5383 784 5424 eum
810 5384 909 5438 per
936 5368 1095 5423 ﬁdem
1128 5369 1539 5425 meminerimus
1570 5370 1833 5439 recipere,
1857 5368 2001 5423 sicut

418 5458 745 5530 evangelista
775 5457 1015 5513 Joannes
1036 5459 1149 5513 ait:
1175 5458 1439 5532 Quotquot
1478 5471 1652 5515 autem
1696 5470 1997 5530 receperunt

418 5567 558 5615 cum,
601 5550 743 5605 dedit
788 5553 864 5606 eis
904 5560 1208 5622 potestatem
1248 5552 1388 5621 ﬁlios
1427 5553 1526 5608 Dei
1559 5553 1675 5622 fieri
1715 5553 1899 5623 (Joau.
1933 5558 1993 5622 1):

421 5640 634 5707 quando
661 5656 764 5694 non
785 5641 1024 5710 spiritum
1048 5641 1311 5696 servitutis
1334 5643 1387 5695 in
1408 5644 1615 5705 timore,
1640 5642 1729 5695 sed
1753 5641 1997 5711 spiritum

431 5729 707 5799 accipimus
756 5733 1050 5804 adoptionis
1099 5734 1367 5803 ﬁliorum,
1418 5734 1471 5786 in
1518 5750 1619 5802 quo
1665 5732 1996 5798 clamamus,

2113 550 2233 588 rum
2278 534 2723 590 abrenuntiamus
2768 535 3017 600 diabolo,
3050 546 3106 590 et
3144 537 3404 605 operibus
3450 536 3595 605 ejus,
3641 549 3695 595 et

2110 627 2324 698 pompis
2350 624 2466 695 ejus
2496 627 2551 681 in
2575 627 2876 696 baptismo;
2910 635 3098 697 postea
3128 634 3309 681 autem
3353 627 3409 681 in
3456 627 3692 682 ﬁliorum

2114 732 2342 772 numero
2367 717 2663 786 computati
2691 732 2898 780 sumus,
2924 714 3143 785 quando
3182 730 3281 785 per
3321 719 3696 774 conversionis

2113 808 2345 879 gratiam
2396 807 2752 876 relinquimus
2811 806 3111 871 mundum,
3165 813 3223 861 et
3277 808 3447 863 secuti
3505 823 3695 864 sumus

2112 899 2406 963 Christum,
2428 900 2708 956 audientes
2729 899 3015 968 Prophetas
3037 914 3224 954 vocem
3248 899 3513 956 dicentis:
3533 899 3693 963 Audi,

2109 988 2249 1059 (ilia,
2276 1000 2324 1043 et
2352 989 2489 1053 vide,
2519 999 2568 1044 et
2597 988 2897 1043 obliviscere
2936 987 3187 1060 populum
3215 1000 3385 1055 tuum,
3411 1000 3459 1044 et
3483 990 3696 1045 domum

2112 1082 2284 1152 patris
2312 1082 2389 1135 tui
2411 1079 2600 1153 .(Psal.
2624 1080 2795 1154 κων).
2834 1080 3063 1148 Quando
3085 1081 3237 1136 obliti
3268 1096 3457 1136 sumus
3484 1088 3694 1149 patrem

2112 1173 2390 1238 mundum,
2423 1173 2516 1242 qui
2547 1188 2647 1228 nos
2693 1172 2835 1228 male
2864 1171 3115 1228 iactando
3158 1171 3404 1235 nutrivit,
3435 1180 3493 1225 et
3519 1172 3694 1225 secuti

2113 1280 2302 1321 sumus
2326 1274 2537 1336 patrem
2566 1264 2876 1333 Christum,
2909 1265 3002 1334 qui
3047 1281 3147 1322 nos
3190 1265 3328 1320 bene
3377 1264 3695 1335 castigando

2113 1355 2357 1421 lactavit,
2386 1363 2442 1422 et
2469 1357 2604 1411 bene
2651 1356 2883 1411 iactator
2925 1357 3176 1411 hortatus
3203 1364 3289 1412 est
3331 1355 3562 1412 dicens:
3589 1352 3697 1415 Pa-

2112 1457 2244 1505 trem
2284 1447 2546 1504 invocabis
2591 1465 2694 1513 me,
2723 1457 2772 1503 et
2810 1457 2925 1519 post
2971 1464 3053 1502 me
3088 1448 3294 1519 ingredi
3336 1465 3440 1503 non
3470 1447 3697 1504 cessabis

2117 1536 2337 1609 (Jerem.
2370 1536 2475 1609 ιιι).
2505 1536 2695 1609 Magna
2722 1538 2963 1607 dignatio
2993 1537 3089 1593 Dei
3118 1537 3329 1592 Patris!
3364 1536 3476 1592 Nos
3499 1538 3555 1592 in
3586 1553 3699 1593 ser-

2113 1642 2304 1682 vorum
2325 1643 2447 1684 esse
2491 1643 2718 1684 numero
2748 1644 2854 1683 non
2886 1643 3182 1695 meremur,
3219 1628 3307 1683 ille
3336 1644 3438 1684 nos
3467 1629 3522 1683 in
3554 1628 3694 1683 ﬁlio-

2117 1735 2234 1775 rum
2278 1727 2854 1790 numerocomputare
2898 1735 3006 1774 non
3049 1719 3388 1790 dedignatur.
3434 1719 3699 1785 Grandis,

2043 1797 2088 1856 Β
2117 1810 2358 1881 inquam,
2389 1809 2624 1881 dignatio
2649 1819 2755 1875 est,
2779 1822 2860 1876 ut,
2890 1826 3010 1865 cum
3038 1811 3203 1864 simus
3242 1810 3561 1865 naturaliter
3597 1812 3699 1881 ﬁlii

2114 1901 2230 1966 irae,
2254 1910 2302 1955 et
2324 1900 2388 1954 ab
2419 1900 2647 1970 infamia
2684 1910 3006 1971 peccatores,
3035 1900 3133 1969 filii
3155 1900 3255 1954 Dei
3282 1901 3700 1955 misericorditer

2115 2010 2378 2059 vocemur,
2401 2003 2447 2048 et
2469 1993 2722 2048 bteredes.
2750 1991 3001 2047 Harredes
3023 1991 3231 2064 quidem
3253 1991 3372 2056 Dei,
3398 1993 3699 2048 cohmredcs

2113 2094 2289 2139 autem
2316 2082 2512 2139 Christi
2535 2082 2750 2159 (Ephes.
2778 2099 2840 2150 u;
2866 2081 3019 2139 Rom.
3043 2084 3186 2155 VIII).
3216 2082 3408 2153 Magna
3428 2086 3700 2140 bonorum

2114 2183 2200 2231 est
2225 2176 2368 2246 apud
2396 2175 2566 2229 Deum
2607 2174 2824 2229 Patrem
2852 2176 3111 2231 exaltatio
3143 2176 3559 2241 monachorum,
3580 2176 3704 2246 qui-

2113 2264 2217 2321 bus
2257 2265 2580 2335 permissum
2629 2273 2743 2330 est,
2772 2274 2829 2319 ut
2873 2264 3107 2337 fulgeant
3151 2266 3285 2322 sicut
3327 2266 3406 2320 sol
3449 2267 3505 2320 in
3538 2282 3704 2335 regno

2113 2355 3012 2429 calorum(Natth.xtn),etsedeant
3053 2373 3209 2428 super
3234 2356 3511 2411 duodenm
3555 2358 3704 2413 tliro~

2114 2460 2231 2511 nos,
2248 2445 2551 2515 judicuntes
2600 2445 2876 2501 duodecim
2905 2445 3069 2501 tribus
3106 2444 3279 2501 Israel
3306 2444 3527 2515 (Matth.
3554 2438 3700 2517 ista),

2112 2537 2207 2605 qui
2237 2550 2268 2589 a
2296 2535 2525 2591 Domino
2551 2552 2674 2592 cum
2714 2537 2976 2607 apostolis
3023 2537 3283 2593 audient:
3316 2537 3466 2592 Sicut
3512 2538 3703 2595 dilexit

2113 2641 2195 2679 me
2225 2623 2409 2692 Pater,
2439 2626 2603 2681 dilexi
2625 2643 2735 2693 vos,
2764 2640 2967 2683 manete
2992 2630 3047 2683 in
3070 2627 3343 2685 dilectione
3362 2647 3479 2684 mea
3510 2629 3703 2702 (Joau.

2113 2718 2225 2791 xv).
2248 2718 2317 2773 Et
2344 2719 2542 2774 dicitur
2565 2738 2578 2773 ε
2600 2718 2729 2775 Iam
2763 2737 2869 2777 non
2898 2722 3071 2776 dicam
3098 2739 3185 2777 vos
3205 2739 3404 2789 servos,
3434 2723 3529 2778 sed
3564 2725 3702 2778 ami-

2113 2828 2242 2869 cos:
2273 2824 2320 2869 et
2359 2815 2538 2870 videbo
2579 2832 2686 2880 vos,
2714 2826 2763 2871 et
2796 2817 3042 2888 gaudebit
3074 2835 3166 2873 cor
3196 2828 3441 2883 vestrum,
3472 2828 3522 2872 et
3563 2836 3699 2889 gau-

2113 2906 2261 2958 dium
2300 2915 2523 2960 vestrum
2570 2922 2721 2960 nemo
2763 2906 2905 2961 tollet
2936 2925 2969 2961 a
3011 2908 3171 2963 vobis.
3231 2907 3298 2962 Et
3345 2909 3701 2980 quodcunque

2110 2993 2361 3064 petieritis
2390 2993 2606 3048 Patrem
2640 2995 2695 3049 in
2735 2996 2941 3049 nomine
2971 3011 3104 3058 meo,
3150 2995 3297 3049 dabit
3337 2996 3479 3049 vobis
3512 2994 3698 3067 (Joan.

2060 3154 2079 3164 π
2115 3083 2250 3157 χιί).
2287 3084 2523 3141 Grandis
2544 3085 2784 3155 dignatio
2812 3095 2918 3153 est,
2940 3101 3039 3157 pro
3063 3086 3258 3157 quibus
3284 3086 3455 3142 Filius
3480 3087 3702 3165 Patrem

2114 3183 2307 3230 exorat
2333 3176 2519 3231 dicens
2543 3191 2558 3230 :
2587 3174 2747 3232 Pater
2763 3187 3127 3242 sancte,serva
3152 3193 3239 3230 eos
3264 3177 3317 3231 in
3341 3178 3555 3233 nomine
3582 3187 3702 3243 tuo,

2115 3277 2172 3321 ut
2206 3269 2310 3322 sint
2349 3284 2531 3335 unum,
2565 3269 2698 3323 sicut
2726 3278 2773 3323 et
2800 3286 2894 3324 nos
2935 3286 3097 3323 unum
3124 3286 3306 3324 sumus
3331 3279 3418 3325 :et
3449 3270 3588 3335 volo,
3614 3280 3697 3335 ut,

2114 3361 2202 3413 ubi
2230 3376 2322 3430 ego
2362 3377 2498 3426 sum,
2523 3371 2570 3415 et
2593 3360 2673 3414 illi
2693 3362 2799 3416 sint
2827 3377 3045 3425 mecum,
3070 3370 3126 3414 ut
3163 3361 3365 3417 videant
3399 3360 3701 3416 claritatem

2111 3466 2281 3503 meam
2303 3464 2321 3502 :
2341 3460 2389 3504 et
2418 3468 2511 3521 ego
2541 3450 2858 3517 claritatem,
2889 3469 3047 3523 quam
3072 3452 3264 3507 dedisti
3297 3453 3452 3519 mihi,
3476 3453 3600 3507 dedi
3625 3456 3702 3507 eis

2113 3538 2294 3610 (Joan.
2319 3541 2455 3615 xvn)

2184 3628 2310 3684 Non
2333 3630 2514 3685 debeat
2539 3632 2827 3704 aliquando
2856 3633 2920 3687 de
2943 3633 3097 3688 mulis
3120 3633 3323 3687 actibus
3350 3634 3545 3687 nostris
3569 3651 3697 3688 con—

2110 3721 2335 3775 tristari.
2369 3720 2537 3779 Actus
2564 3724 2633 3779 ab
2667 3725 2874 3795 agendo
2902 3732 2960 3779 et
2987 3725 3199 3779 actione
3229 3739 3429 3778 nomen
3462 3724 3696 3794 accepit.

2110 3810 2287 3881 Opera
2309 3813 2454 3868 enim
2479 3822 2684 3877 nostra,
2710 3816 2825 3870 sive
2851 3816 2989 3870 bona
3018 3816 3130 3871 sive
3159 3814 3320 3878 mala,
3345 3822 3503 3870 actus
3525 3816 3695 3871 nostri

2110 3901 2437 3973 signiﬁcant.
2471 3903 2528 3960 Si
2571 3906 2715 3958 enim
2766 3915 2909 3961 recta
2958 3906 3159 3960 fuerint
3186 3922 3351 3976 opera
3387 3915 3599 3970 nostra,
3630 3906 3699 3961 de

2111 3992 2197 4048 his
2224 3994 2435 4048 actibus
2478 3996 2678 4049 nostris
2727 3996 2987 4051 Dominus
3033 3996 3243 4051 lzetatns
3289 3997 3547 4052 exsultat.
3599 3997 3696 4052 Sin

2110 4093 2291 4140 autem
2320 4084 2522 4142 fuerint
2544 4103 2728 4157 prava,
2757 4090 3113 4144 contristatus
3141 4090 3206 4144 de
3236 4089 3341 4145 illis
3379 4091 3537 4158 punit
3580 4091 3692 4151 illa.

2108 4192 2166 4233 et
2198 4193 2296 4234 nos
2325 4179 2650 4235 condemnat
2673 4189 2728 4234 et
2746 4181 2973 4250 iudicat.
3010 4181 3163 4235 Sicut
3187 4182 3331 4236 enim
3359 4182 3504 4239 Deus
3532 4184 3698 4239 Pater

2109 4267 2164 4321 in
2192 4268 2317 4324 ﬁliis
2343 4269 2557 4324 ltetatur
2588 4269 2798 4339 electis,
2827 4272 2898 4324 ita
2948 4271 3197 4325 tristatur
3224 4272 3277 4325 in
3308 4273 3575 4341 reprobis.
3606 4274 3696 4327 Ait

2105 4362 2251 4417 enim
2282 4362 2536 4420 Salomon
2570 4364 2624 4418 in
2648 4364 2994 4421 Proverbiis:
3031 4364 3201 4421 Filius
3225 4368 3437 4436 sapiens
3457 4365 3695 4437 lati/ient

2104 4462 2326 4523 patrem,
2352 4453 2499 4523 ﬁlius
2541 4465 2716 4508 autem
2750 4455 2944 4510 stultus
2975 4457 3218 4511 mwstitia
3252 4467 3327 4511 est
3355 4458 3545 4512 matris
3583 4475 3695 4511 su

2110 4540 2292 4615 (Prov.
2309 4546 2386 4615 ι).
2411 4544 2548 4611 Quia
2573 4560 2679 4600 non
2699 4545 2871 4601 solum
2895 4547 3037 4602 Dens
3052 4546 3211 4601 Pater
3230 4546 3283 4601 in
3305 4545 3416 4600 ﬁlio
3436 4560 3691 4617 nequam,

2108 4635 2202 4689 sed
2245 4643 2301 4690 et
2338 4643 2512 4693 mater
2539 4643 2727 4691 sancta
2767 4638 3124 4693 contristatur
3157 4636 3421 4693 Ecclesia.
3472 4638 3614 4694 Nam
3636 4645 3694 4694 et

2105 4724 2396 4793 Apostolus
2435 4726 2548 4779 ait:
2577 4724 2756 4780 Nolite
2788 4727 3088 4782 contristari
3129 4724 3383 4798 Spiritum
3426 4738 3689 4790 sanctum,

2107 4817 2162 4869 in
2188 4831 2290 4887 quo
2311 4816 2505 4887 signati
2532 4818 2657 4871 estis
2679 4816 2839 4889 (Eph.
2868 4816 2963 4888 ιν).
2988 4816 3251 4887 Spiritum
3273 4817 3421 4872 enim
3442 4824 3689 4873 sanctu-

2107 4909 2523 4974 contristamus,
2560 4910 2777 4979 quando
2802 4926 2867 4964 ea
2900 4925 3021 4979 qua:
3066 4925 3171 4965 non
3216 4919 3342 4965 sunt
3389 4910 3469 4966 illi
3497 4909 3689 4981 placita

2111 5001 2341 5072 agimus,
2374 5010 2427 5057 et
2472 5019 2592 5073 qua:
2636 5002 2835 5073 placita
2878 5012 3007 5057 sunt
3055 5002 3131 5056 illi
3160 5018 3321 5074 agere
3351 5016 3685 5057 recusamus.

2109 5092 2360 5149 Omnium
2380 5096 2527 5150 enim
2547 5096 2810 5151 bonorum
2831 5103 3017 5151 auctor
3036 5104 3122 5150 est
3142 5093 3409 5159 Christus,
3428 5093 3688 5150 malorum

2107 5194 2289 5240 autem
2330 5184 2598 5241 diabolus.
2637 5186 2714 5240 De
2754 5185 2842 5240 his
2881 5193 3063 5239 autem
3098 5200 3234 5254 quos
3257 5186 3311 5239 in
3346 5184 3464 5241 suis
3489 5183 3689 5240 sanctis

2104 5279 2317 5335 actibus
2341 5279 2605 5348 perlicere
2629 5277 2826 5343 cernit,
2858 5286 2915 5332 et
2941 5292 3190 5334 crescere
3234 5277 3494 5342 laetatur;
3517 5276 3579 5332 de
3600 5274 3688 5330 his

2103 5381 2288 5427 autem
2325 5387 2463 5442 quos
2488 5371 2542 5426 in
2570 5370 2768 5426 diaboli
2799 5370 3009 5426 actibus
3038 5370 3280 5425 irretitus
3318 5369 3468 5424 videt
3511 5376 3565 5424 et
3591 5366 3681 5419 de-

2104 5462 2250 5519 ditos
2268 5463 2647 5518 contristatur.
2673 5460 2995 5517 Contristari
3017 5461 3163 5516 enim
3187 5460 3332 5516 Deus
3358 5460 3556 5516 dicitur
3578 5472 3681 5513 non

2103 5554 2340 5624 proprie,
2371 5553 2467 5609 sed
2513 5552 2753 5608 abusive.
2796 5550 2840 5605 A
2878 5559 3066 5607 nostro
3107 5552 3252 5607 enim
3303 5568 3406 5606 usu
3454 5557 3679 5607 tractum

2105 5652 2207 5699 est.
2242 5642 2374 5698 Nam
2404 5642 2568 5705 Dens,
2594 5642 2686 5712 qui
2711 5657 2925 5711 semper
2958 5642 3099 5696 idem
3132 5640 3244 5712 ipse
3273 5649 3377 5708 est,
3411 5652 3676 5711 nunquam

2105 5735 2479 5801 contristatur,
2505 5734 2630 5804 quia
2663 5750 2934 5804 nunquam
2962 5742 3219 5787 mutatur.
