3960 6206
329 291 433 348 τοι

1377 291 1731 350 COMMENT.
1774 291 1841 346 IN
1884 288 2043 346 REG.
2090 291 2146 345 S.
2191 291 2578 349 BENEDICTI.

3505 299 3609 353 ’ἶθὲ

402 408 492 466 Ita
512 408 653 464 enim
683 407 732 463 ei
752 407 895 463 omni
919 416 1148 479 tempore
1171 408 1235 463 de
1257 407 1403 463 bonis
1429 409 1539 463 suis
1569 409 1625 463 in
1654 408 1804 463 nobis
1830 426 1920 480 pa-
1950 409 1992 469 Α
2020 421 2178 462 orare
2208 409 2483 478 prrecepit.
2518 408 2682 464 Pater
2709 409 2855 464 enim
2888 409 3166 480 dignitat's
3193 420 3248 465 et
3275 412 3498 468 honoris
3523 426 3608 471 est

326 500 554 558 rendam
596 510 692 556 est.
720 500 989 570 Tempora
1034 509 1216 556 autem
1247 517 1279 555 a
1312 511 1462 557 motu
1506 502 1745 556 siderum
1792 506 1918 555 sunt

325 595 497 650 dicta.
547 593 700 650 Unde
733 603 788 648 et
823 592 997 655 Deus,
1032 608 1154 648 cum
1198 594 1315 648 haec
1359 594 1689 657 institueret,
1736 592 1911 646 dixit:

328 681 403 738 Ut
441 684 545 739 sint
572 691 628 738 tn
655 684 807 754 signa
832 692 881 737 et
909 692 1141 755 tempora
1174 692 1224 737 et
1258 684 1369 738 dies
1394 692 1441 737 et
1468 700 1634 737 annos
1665 680 1818 753 (Gen.
1851 681 1911 751 ι),

323 773 384 829 id
416 782 500 830 est
527 775 582 829 in
616 774 798 844 aliquo
846 773 1090 827 mutabili
1134 781 1304 839 motu,
1347 772 1500 841 cujus
1548 772 1692 827 aliud
1739 772 1912 842 prius,

322 866 473 922 aliud
503 874 775 936 posterius
817 866 1112 935 praeteriit,
1141 879 1207 918 eo
1250 864 1392 934 quod
1435 863 1595 918 simul
1638 879 1758 919 esse
1805 879 1911 918 non

320 962 576 1026 possunt.
619 954 885 1025 Tempora
936 954 1083 1009 enim
1133 953 1445 1018 momentis,
1483 953 1654 1016 boris,
1701 953 1908 1014 diebus,

321 1048 509 1114 annis,
555 1048 765 1112 lustris,
796 1048 1009 1103 SiBCllliS
1049 1055 1106 1102 et
1149 1047 1363 1102 actibus
1409 1047 1740 1103 dividuntur.
1774 1046 1909 1103 Nam

318 1136 545 1206 proprie
582 1152 681 1191 nec
725 1145 942 1191 centqu
990 1136 1115 1191 anni
1167 1145 1293 1191 sunt
1333 1153 1497 1191 unum
1546 1146 1780 1207 tempus,
1811 1154 1909 1193 nec

318 1242 467 1282 unus
515 1228 736 1293 mensis,
776 1244 877 1284 nec
917 1229 1059 1293 dies,
1095 1245 1194 1285 nec
1222 1230 1389 1296 hora;
1434 1230 1560 1299 quia
1612 1247 1736 1285 cum
1764 1231 1908 1287 aliud

318 1317 549 1382 transit,
577 1316 723 1372 aliud
753 1319 989 1383 advenit,
1020 1319 1183 1374 simul
1211 1336 1379 1375 unum
1408 1336 1531 1375 esse
1565 1336 1671 1376 non
1711 1329 1903 1391 potest.

318 1408 478 1476 Quod
500 1417 680 1463 autem
703 1409 855 1474 dicit,
876 1411 950 1463 ita
974 1410 1023 1464 ei
1042 1411 1334 1480 parendum
1358 1421 1454 1477 est,
1491 1412 1908 1483 subintelligitur

317 1516 456 1556 vero
480 1501 594 1573 regi
623 1500 860 1567 Christo,
892 1502 981 1556 cui
1018 1502 1266 1570 superius
1299 1501 1609 1557 obedientia
1634 1511 1905 1558 armatum

318 1593 678 1648 militaturum
705 1593 843 1647 dixit
876 1605 996 1647 esse
1024 1591 1367 1646 monachum.
1414 1588 1719 1645 Parendum
1749 1591 1902 1657 dicit,

320 1685 377 1739 id
414 1693 500 1739 est
543 1684 924 1748 obediendum,
949 1683 1353 1753 obsequendum
1396 1682 1480 1737 vel
1520 1681 1899 1753 obtemperan-

2019 512 2237 551 nomen.
2268 496 2422 564 Quod
2452 499 2723 554 veraciter
2750 498 2804 552 in
2829 498 2945 568 ipso
2970 497 3081 553 Deo
3104 509 3319 555 constat
3341 518 3460 557 esse
3486 519 3610 575 per-

2016 587 2238 643 fectum.
2286 589 2363 643 De
2391 589 2483 644 illo
2531 590 2676 645 enim
2718 588 3009 659 Apostolus
3037 590 3114 644 ait
3148 608 3161 643 :
3197 590 3280 645 Ex
3310 609 3413 663 quo
3438 596 3608 650 omnis

2014 681 2301 750 paternitas
2326 681 2382 734 in
2409 678 2571 746 caelis,
2601 689 2648 734 et
2682 681 2739 735 in
2763 690 2901 734 terra
2928 681 3232 734 nominatur
3253 680 3468 751 (Ephes.
3496 682 3603 755 tu).

2015 768 2082 823 Et
2110 771 2217 841 ipse
2248 771 2488 840 spiritus,
2513 786 2665 841 quem
2702 771 2997 840 accepimus
3043 770 3097 822 in
3144 769 3421 841 baptismo,
3455 777 3604 829 testi-

2013 862 2246 916 monium
2272 861 2437 914 reddit
2459 861 2665 931 spiritui
2688 871 2886 923 nostro,
2906 861 3047 931 quod
3067 878 3248 915 sumus
3269 861 3369 931 ﬁlii
3397 863 3513 918 Dei.
3542 864 3607 921 Si

2012 964 2185 1007 autent
2230 953 2331 1022 ﬁlii
2377 953 2495 1020 Dei,
2541 963 2588 1007 et
2635 953 2866 1007 hcet-edes
2905 954 3186 1009 :Iucredes
3226 956 3437 1026 quidem
3482 958 3602 1023 Dei,

2012 1045 2303 1099 colm'redes
2330 1054 2505 1098 autem
2543 1043 2736 1098 Christi
2768 1043 2946 1115 (Rom.
2977 1043 3118 1113 vin).
3155 1044 3325 1112 Quam
3368 1048 3603 1103 haeredi—

2011 1145 2177 1191 tatem
2203 1122 2309 1191 alio
2355 1136 2473 1191 loco
2518 1135 2806 1205 Apostolus
2837 1135 3225 1205 incorruptam,
3270 1146 3327 1192 et
3352 1139 3603 1194 inconta-

2010 1230 2301 1295 minatum,
2346 1237 2401 1284 et
2453 1230 2955 1285 immarccsciiiilem
3014 1231 3281 1300 appellat;
3334 1240 3388 1286 et
3446 1234 3603 1289 nobis

2009 1333 2128 1373 eam
2165 1319 2218 1373 in
2248 1319 2401 1375 cmlis
2429 1328 2804 1374 conservatam
2852 1337 2972 1377 esse
3001 1322 3285 1391 promittit.
3313 1322 3428 1391 Ipse
3455 1324 3599 1378 enim

2008 1408 2100 1477 qui
2126 1408 2272 1463 dedit
2300 1408 2455 1463 nobis
2482 1416 2803 1477 potestatem
2828 1409 2966 1464 filios
2995 1409 3088 1463 Dei
3123 1410 3258 1473 ﬁeri,
3286 1412 3402 1481 ipse
3435 1413 3597 1469 etiam

2009 1501 2155 1557 dedit
2194 1502 2350 1556 nobis
2387 1509 2710 1570 potestatem
2752 1501 3121 1555 hmreditatem
3164 1501 3217 1554 in
3268 1502 3422 1556 caelis
3451 1505 3598 1557 acci-

2006 1607 2136 1662 pere
2179 1609 2192 1644 :
2235 1592 2283 1645 si
2336 1601 2518 1646 tamen
2568 1591 2703 1646 salvi
2751 1592 3286 1661 perseveraverimus
3335 1610 3505 1664 usque
3545 1595 3599 1649 in

2007 1682 2191 1738 finem.
2221 1682 2689 1752 lncorruptibilem
2737 1682 2858 1737 ideo
2887 1681 3164 1738 cmlestem
3194 1683 3332 1737 dixit
3376 1683 3601 1739 haeredi-

317 1775 470 1830 dum.
500 1773 655 1842 Quod
678 1789 811 1829 vero
838 1774 990 1839 dicit,
1021 1774 1434 1843 omnitempore,
1459 1772 1514 1826 in
1543 1773 1819 1842 prosperis
1849 1782 1902 1828 et
1930 1757 1978 1816 Β
2006 1778 2191 1838 tatem,
2238 1772 2365 1842 quia
2405 1787 2508 1828 nec
2550 1771 2701 1827 senio
2748 1772 3009 1842 tangitur,
3058 1787 3158 1826 nec
3211 1770 3465 1837 foulatur,
3498 1788 3597 1829 nec

318 1866 378 1920 in
419 1867 662 1922 adversis
703 1866 942 1937 intellige
988 1866 1213 1920 dictum.
1247 1864 1401 1933 Quod
1447 1880 1580 1936 ergo
1614 1864 1797 1920 intulit
1835 1865 1902 1919 de

314 1961 431 2013 suis
452 1959 598 2013 bonis
619 1959 667 2012 ei
687 1975 799 2013 esse
822 1957 1133 2028 parendum,
1151 1957 1385 2013 ostendit
1412 1958 1557 2027 quod
1582 1958 1716 2012 nihil
1758 1958 1899 2013 unde

314 2051 371 2104 ci
416 2064 607 2120 parere
634 2050 920 2119 possimus,
951 2048 1214 2103 habemus
1252 2048 1321 2103 de
1368 2056 1576 2103 nostro.
1619 2048 1762 2118 Ergo
1805 2048 1897 2117 qui

315 2155 421 2194 nec
467 2139 605 2194 velle
650 2153 937 2209 possumus
976 2138 1180 2193 habere
1224 2137 1291 2193 de
1335 2147 1546 2203 nostro,
1579 2135 1897 2193 festinemus

314 2231 395 2285 illi
422 2232 564 2285 omni
589 2241 818 2301 tempore
844 2243 1039 2299 parere
1066 2230 1132 2284 de
1158 2244 1278 2284 suo.
1327 2229 1478 2284 Tunc
1510 2228 1656 2285 enim
1691 2229 1803 2285 Deo
1831 2231 1897 2285 de

309 2319 476 2377 bouis
523 2320 636 2376 suis
668 2335 950 2390 paremus,
984 2319 1199 2389 quando
1227 2320 1290 2374 de
1320 2319 1559 2388 acceptis
1607 2319 1897 2373 virtutibus

306 2428 426 2467 non
456 2412 628 2477 nobis,
648 2412 742 2468 sed
764 2410 838 2466 illi
864 2410 1066 2481 gratias
1089 2410 1318 2479 agimus,
1344 2410 1558 2479 quando
1582 2409 1723 2464 illius
1746 2424 1896 2462 man—

308 2504 442 2558 data
468 2504 825 2573 praedicantes
851 2517 945 2556 ore
970 2501 1305 2570 complemus
1324 2508 1380 2555 et
1403 2515 1587 2570 opere,
1615 2501 1755 2555 sicut
1783 2501 1896 2569 ipse

308 2594 393 2649 ait
419 2612 432 2647 :
459 2592 516 2649 Si
535 2593 752 2665 diligitis
774 2609 874 2657 me,
899 2591 1152 2647 mandata
1178 2607 1293 2646 mea
1315 2601 1516 2646 servate
1536 2590 1719 2661 (Joan.
1744 2590 1888 2663 nv);

305 2683 529 2756 quando
562 2684 921 2753 nosmetipsos
949 2684 1281 2753 abnegantes
1306 2696 1631 2752 crncemque
1657 2680 1894 2738 ferentes

306 2768 592 2844 seqtiimur
616 2774 903 2828 Dominum
933 2780 1045 2827 toto
1069 2772 1237 2828 corde
1263 2771 1537 2836 lmtantes;
1562 2772 1777 2841 quando
1804 2787 1894 2827 ac-

305 2874 471 2935 cepto
493 2867 699 2921 semine
720 2865 869 2920 verbi
891 2865 1056 2920 corde
1080 2864 1246 2928 bono,
1274 2871 1332 2919 et
1348 2864 1554 2934 optimo
1576 2864 1716 2919 etab
1743 2864 1891 2920 omni

304 2956 531 3012 malitia:
557 2954 686 3011 faece
712 2963 965 3027 purgato,
990 2955 1133 3011 aliud
1165 2955 1520 3019 tricesimum,
1555 2954 1701 3009 aliud
1730 2970 1888 3009 sexa-

303 3050 571 3123 gesimum
589 3090 605 3115 ,
633 3049 778 3104 aliud
805 3065 934 3104 vero
961 3048 1317 3103 centesimum
1351 3047 1628 3103 reddimus
1653 3045 1889 3102 fructum

304 3140 526 3213 (Matth.
578 3156 715 3205 xm;
751 3137 922 3192 Marc.
954 3138 1064 3210 iv);
1119 3138 1336 3208 quando
1379 3145 1601 3207 accepto
1648 3136 1889 3207 pecuniae

303 3231 536 3293 talento,
582 3230 650 3285 ad
701 3229 991 3284 Dominum
1043 3244 1164 3283 cum
1216 3243 1412 3300 magno
1456 3229 1695 3283 redimus
1737 3226 1889 3281 lucro

301 3321 463 3392 (Luc.
496 3336 620 3387 xvr;
650 3321 844 3375 Matth.
884 3320 1066 3393 xvtu);
1097 3320 1314 3389 quando
1359 3319 1606 3391 peccanti
1648 3318 1702 3373 in
1733 3317 1889 3373 nobis

303 3429 415 3468 non
459 3412 629 3469 solum
654 3413 857 3483 septies
881 3412 1224 3475 dimittimus,
1256 3413 1348 3467 sed
1381 3426 1553 3482 usque
1579 3410 1888 3480 septuagies

301 3505 508 3575 septies
531 3504 849 3576 (Luc,xvm
884 3502 936 3571 );
970 3503 1185 3572 quando
1209 3505 1261 3558 in
1292 3503 1488 3559 summi
1518 3503 1660 3571 regis
1688 3500 1890 3570 nuptiis

302 3593 517 3648 invitati
539 3610 661 3649 cum
684 3601 835 3648 veste
856 3592 1218 3648 recumhimus
1237 3592 1458 3664 nuptiali
1485 3591 1702 3663 (Matth.
1727 3591 1883 3663 xm),

300 3696 373 3737 ne
404 3691 499 3736 aut
544 3698 668 3737 cum
702 3680 794 3736 illo
832 3681 924 3751 qui
963 3680 1118 3735 fratri
1150 3681 1202 3735 in
1234 3697 1295 3737 se
1338 3681 1582 3752 peccatui
1612 3681 1888 3735 dimittere

299 3771 493 3839 noluit,
518 3781 611 3827 aut
629 3788 753 3827 cum
774 3772 865 3827 illo
888 3772 978 3841 qui
1002 3772 1285 3842 pecuniam
1324 3772 1529 3828 domini
1560 3772 1642 3827 sui
1677 3772 1886 3828 fodiens

301 3863 359 3917 in
390 3871 593 3917 terram
617 3863 915 3929 abscondit,
942 3871 1035 3917 aut
1062 3879 1187 3918 cum
1211 3863 1301 3916 illo
1330 3864 1420 3933 qui
1451 3863 1504 3918 in
1541 3864 1746 3935 nuptiis
1776 3879 1885 3918 non

299 3955 510 4011 habens
535 3964 740 4011 vestem
765 3956 1061 4025 nuptialem
1094 3954 1360 4021 interfuit,
1381 3956 1608 4025 pedibus
1634 3963 1688 4011 et
1717 3956 1887 4010 mani-

298 4046 403 4102 bus
435 4047 588 4118 ligati
617 4047 668 4101 in
699 4046 939 4101 tenebris
967 4046 1326 4100 exterioribus
1358 4045 1570 4111 inclusi,
1597 4053 1650 4101 et
1680 4046 1732 4099 iu
1765 4060 1883 4116 pte-

297 4155 427 4194 nam
458 4149 773 4210 perpetuam
811 4154 1117 4194 mereamur
1164 4153 1285 4193 esse
1318 4138 1579 4192 damnati.
1637 4138 1789 4193 [itide
1828 4144 1885 4193 et

297 4235 564 4305 sequitur,

368 4324 440 4380 Ut
469 4342 574 4379 non
600 4324 767 4379 solum
790 4324 957 4378 iratus
981 4334 1129 4393 pater
1155 4340 1256 4377 non
1288 4321 1573 4394 aliquando
1595 4321 1734 4391 ﬁlios
1760 4338 1882 4377 suos

292 4418 612 4483 exhatredet,
655 4417 747 4471 sed
795 4434 887 4470 nec
933 4426 987 4470 ut
1026 4414 1331 4470 metuendus
1373 4415 1614 4468 dominus
1644 4415 1812 4468 iratus
1846 4431 1880 4467 a

292 4509 450 4565 malis
480 4512 689 4575 nostris,
724 4496 780 4563 ut
810 4509 1149 4579 nequissimos
1169 4525 1343 4562 seruos
1373 4517 1675 4576 perpetuam
1702 4506 1879 4560 tradat

293 4602 366 4655 ad
390 4618 617 4674 paruam,
642 4602 731 4672 qui
765 4618 883 4655 eum
908 4602 1051 4670 sequi
1080 4599 1338 4654 noluerint
1362 4598 1432 4652 ad
1453 4597 1695 4667 gloriam.
1726 4599 1879 4665 Quod

293 4701 479 4747 autem
506 4692 638 4747 dicit
661 4692 826 4744 iratus
849 4701 998 4761 pater
1039 4706 1145 4744 non
1172 4690 1275 4745 hoc
1298 4689 1515 4760 proprie
1545 4688 1598 4743 in
1628 4688 1877 4751 Domino,

293 4785 392 4840 sed
419 4782 638 4837 abusive
669 4782 906 4852 intellige
932 4782 1155 4835 dictum.
1188 4780 1433 4835 Humano
1455 4780 1599 4835 enim
1632 4795 1733 4833 usu
1763 4780 1879 4833 haec

292 4882 349 4928 et
376 4872 463 4927 his
489 4871 686 4926 similia
712 4872 766 4925 in
794 4869 1090 4941 Scripturis
1111 4871 1283 4926 sacris
1305 4870 1370 4925 de
1394 4870 1624 4925 Domino
1646 4870 1876 4940 plurima

291 4963 538 5019 invenies
566 4962 727 5017 dicta.
774 4961 948 5016 Iratus
975 4962 1118 5015 enim
1147 4962 1346 5017 dicitur
1370 4961 1449 5016 ira
1488 4970 1667 5027 actus,
1694 4962 1745 5015 id
1774 4968 1877 5026 est,

290 5056 375 5110 ira
404 5055 660 5126 agitatus,
692 5069 812 5123 quae
854 5053 1059 5109 duobus
1097 5051 1272 5107 modis
1317 5050 1370 5105 in
1399 5051 1629 5107 Domino
1657 5050 1875 5117 dicitur,

288 5154 390 5202 aut
416 5162 540 5202 cum
564 5145 795 5218 flagellat
817 5160 1031 5201 omnem
1065 5143 1232 5198 filium
1267 5158 1429 5212 quem
1450 5143 1650 5213 'recipit
1671 5144 1740 5198 ad
1765 5143 1870 5213 gloo

288 5240 453 5302 riam,
488 5246 582 5294 aut
603 5254 725 5294 cum
750 5239 983 5308 percutit
1002 5252 1215 5293 omnem
1241 5237 1485 5306 iniquum
1511 5250 1673 5306 quem
1714 5236 1879 5290 tradit

288 5338 625 5402 adprenam.
657 5330 815 5386 Pater
847 5330 992 5385 enim
1020 5338 1205 5385 noster
1228 5329 1351 5384 ideo
1373 5328 1591 5392 dicitur,
1614 5326 1758 5397 quod
1787 5326 1877 5380 ille

290 5436 415 5489 nos,
446 5430 507 5476 ut
552 5437 815 5487 essemus,
857 5421 1093 5485 creavit,
1133 5428 1188 5475 et
1214 5435 1311 5489 per
1350 5418 1600 5489 baptismi
1646 5417 1874 5488 gratiam

288 5513 488 5569 iterum
517 5512 802 5577 recreavit,
829 5519 884 5565 et
912 5512 964 5565 in
1001 5511 1204 5565 renatis
1228 5508 1489 5579 Spiritum
1520 5515 1788 5573 sanctum,
1818 5508 1874 5562 in

287 5623 390 5675 quo
431 5606 739 5669 clamamus,
767 5604 910 5659 Abba
946 5602 1105 5659 Pater
1130 5603 1309 5676 (Rom.
1338 5602 1481 5669 vtu),
1518 5601 1761 5666 tradidit,
1795 5611 1868 5667 et,

291 5694 455 5754 Pater
484 5709 660 5754 noster
699 5697 790 5769 qui
831 5714 884 5753 es
926 5698 978 5751 in
1009 5695 1146 5751 aclis
1189 5692 1405 5769 (.lfatth.
1450 5691 1560 5765 vt),
1608 5690 1747 5747 idem
1776 5708 1872 5761 nos

2004 1875 2179 1923 morte
2221 1865 2608 1936 corrumpitur,
2658 1879 2760 1919 nec
2813 1854 3149 1933 pmniteiitite
3177 1864 3458 1928 maestitia,
3496 1880 3597 1919 nec

2002 1958 2183 2023 sorde,
2233 1971 2334 2011 nec
2385 1956 2669 2027 parcitatis
2717 1955 3051 2010 continentia
3084 1964 3415 2009 coarctatur.
3449 1956 3594 2011 Nihil

2001 2048 2145 2103 enim
2163 2046 2401 2102 exterius
2422 2045 2615 2116 recipit
2628 2061 2657 2099 a
2675 2060 2782 2115 quo
2797 2044 3067 2113 corrumpi
3084 2052 3178 2098 aut
3196 2044 3384 2099 violari
3401 2046 3590 2115 possit.

1998 2138 2485 2194 lncontaminatam
2527 2139 2650 2195 ideo
2679 2154 2797 2194 eam
2830 2139 3102 2203 narravit;
3129 2139 3252 2208 quia
3285 2155 3499 2209 semper
3534 2157 3591 2201 m

1999 2228 2289 2298 semetipsa
2321 2228 2533 2299 integra
2587 2237 2643 2284 et
2695 2229 2953 2283 inviolata
3008 2238 3344 2299 perseverat,
3390 2240 3447 2285 et
3491 2247 3595 2288 nec

1997 2320 2271 2375 hzeredum
2299 2321 2554 2387 termino,
2590 2336 2692 2376 nec
2717 2320 2844 2376 fune
2870 2329 3180 2377 coarctatur
3203 2330 3442 2377 extento.
3470 2322 3590 2379 Non

1996 2425 2115 2465 eam
2146 2410 2397 2466 occultus
2426 2412 2760 2466 contaminat
2786 2411 2947 2476 latro,
2976 2427 3083 2467 non
3114 2412 3380 2468 violentus
3406 2413 3595 2485 diripit

1994 2500 2176 2569 praado
2208 2518 2221 2553 :
2264 2515 2480 2570 semper
2526 2500 3206 2573 incontaminata,-semper
3239 2504 3382 2557 en'm
3411 2504 3593 2558 incor-

1995 2598 2151 2659 rupta
2197 2600 2530 2659 perseverat.
2578 2591 2702 2646 Ideo
2731 2591 3236 2649 immarcescihilem
3273 2609 3392 2649 eam
3431 2594 3588 2660 dixit,

1994 2682 2121 2751 quia
2151 2699 2251 2737 nec
2279 2683 2516 2738 sectione
2548 2682 2722 2748 falcis,
2755 2698 2855 2738 nec
2884 2692 3133 2739 caumate
3162 2686 3291 2741 solis
3326 2686 3591 2741 violenter

1992 2787 2248 2841 oppressa
2298 2771 2600 2829 marcescit.
2652 2774 2881 2844 Semper
2935 2775 3080 2830 enim
3127 2777 3337 2840 viridis,
3369 2793 3586 2847 semper

1990 2872 2302 2930 peracri-rat
2323 2862 2663 2918 immortalis.
2687 2863 2784 2918 Est
2799 2864 2944 2918 enim
2962 2864 3015 2919 in
3035 2865 3160 2920 filiis
3175 2865 3384 2931 ﬂorida,
3406 2868 3460 2921 iu
3477 2870 3588 2923 vir-

1993 2953 2196 3007 tutibus
2247 2954 2498 3022 fecunda,
2546 2956 2602 3010 in
2643 2956 2853 3013 deliciis
2898 2972 3135 3025 ammna,
3179 2960 3230 3014 in
3277 2961 3586 3017 hmrcdibus

1990 3044 2272 3114 praelata,
2296 3045 2349 3099 in
2376 3047 2781 3116 possessoribus
2803 3047 3059 3117 gloriosa,
3084 3058 3139 3105 et
3160 3051 3214 3105 in
3238 3053 3583 3121 praemiorum

1992 3137 2150 3215 donis
2178 3153 2389 3209 semper
2418 3139 2654 3195 excelsa.
2685 3139 2743 3194 lu
2780 3139 2871 3194 illa
2909 3142 3054 3196 enim
3082 3151 3169 3197 est
3200 3144 3312 3197 vita
3359 3153 3580 3211 interna,

1992 3230 2369 3286 immortalitas
2422 3232 2786 3303 sempiterna,
2836 3242 3079 3302 potestas
3133 3243 3425 3305 perpetua,
3478 3253 3584 3309 pax

1988 3323 2170 3395 longa,
2225 3324 2583 3389 sanctificatio
2635 3333 2803 3389 certa,
2852 3323 3173 3393 justitlcatio
3208 3343 3356 3382 vera.
3405 3328 3490 3393 Et,
3526 3337 3585 3383 ut

1987 3414 2225 3469 breviter
2244 3414 2439 3479 dicam,
2466 3413 2717 3469 Christus
2736 3423 2819 3470 est
2847 3416 3134 3472 hmreditas
3160 3428 3369 3484 nostra,
3395 3419 3448 3472 in
3472 3436 3583 3490 quo

1988 3514 2072 3561 est
2100 3505 2313 3561 bonitas
2341 3513 2472 3559 tota.
2507 3505 2660 3561 Unde
2688 3522 3033 3576 summopere
3078 3509 3377 3564 cavendum
3401 3520 3483 3566 est
3514 3526 3583 3566 ne

1987 3608 2086 3647 nos
2114 3594 2280 3647 iratus
2307 3603 2457 3664 pater
2486 3595 2552 3649 ab
2588 3595 2693 3649 hac
2721 3603 2829 3649 tam
2879 3596 3181 3651 clarissima
3210 3599 3458 3654 claritate
3485 3601 3582 3656 cli-

1988 3684 2179 3749 minet,
2206 3692 2261 3739 et
2286 3695 2342 3738 ut
2377 3686 2685 3741 metuendus
2710 3680 2953 3743 dominus
2981 3690 3222 3745 irritatus
3253 3709 3284 3745 (ι
3312 3692 3465 3748 malis
3488 3711 3582 3749 uo-

1985 3775 2111 3829 stris
2157 3784 2214 3828 ut
2243 3776 2585 3837 nequissimos
2625 3795 2800 3833 servos
2841 3790 3144 3851 perpetuam
3167 3782 3345 3838 tradat
3375 3785 3444 3838 ad
3474 3802 3582 3856 pte-

1987 3879 2129 3918 nant.
2163 3864 2470 3920 Notandum
2508 3867 2633 3936 quia
2662 3868 2753 3937 qui
2780 3869 3015 3938 primum
3063 3879 3208 3926 recte
3231 3873 3499 3928 credendo
3525 3882 3582 3929 et

1985 3953 2121 4009 bene
2153 3955 2379 4010 vivendo
2408 3957 2586 4011 vocati
2617 3966 2742 4012 sunt
2771 3958 2883 4018 ﬁlii.
2912 3960 3075 4014 iidem
3104 3962 3203 4031 ipsi
3227 3970 3414 4032 postea
3438 3963 3579 4018 male

1982 4047 2213 4103 vivendo
2240 4057 2501 4103 vocantur
2527 4049 2845 4117 nequissimi
2874 4051 3039 4104 servi.
3074 4051 3189 4106 Duo
3220 4053 3363 4107 enim
3392 4068 3578 4107 servo~

1983 4155 2105 4194 rum
2133 4155 2330 4207 genera
2359 4140 2412 4194 in
2443 4139 2740 4211 Scripturis
2763 4140 3111 4196 inveniuntur
3139 4143 3335 4199 divinis
3365 4162 3378 4198 :
3408 4160 3574 4198 unum

1888 4274 1895 4277 .
1981 4228 2266 4294 bonorum,
2301 4230 2443 4285 aliud
2474 4247 2603 4287 vero
2629 4232 2915 4287 malorum.
2959 4232 3252 4299 Bonorum,
3285 4235 3352 4290 de
3379 4236 3576 4306 quibus

1982 4337 2080 4393 per
2103 4322 2299 4378 Isaiam
2326 4323 2585 4379 Dominus
2615 4324 2745 4379 dicit
2780 4343 2794 4377 :
2827 4323 2962 4378 Ecce
2987 4326 3121 4379 servi
3146 4327 3246 4379 mei
3276 4326 3567 4393 comedent,

1906 4452 1960 4512 D
1984 4425 2032 4468 et
2071 4431 2157 4469 uos
2202 4415 2462 4468 csurietis.
2493 4413 2630 4468 Ecce
2669 4416 2802 4470 servi
2823 4416 2924 4469 ntei
2952 4415 3145 4481 bibent,
3175 4426 3222 4470 et
3248 4434 3335 4472 ros
3362 4418 3570 4473 sitietis.

1985 4502 2122 4557 Ecce
2144 4503 2275 4557 servi
2296 4504 2396 4556 mei
2434 4501 2769 4567 (curabuntur,
2798 4512 2848 4557 et
2874 4521 2960 4559 ros
2987 4505 3402 4574 confundemini.
3441 4507 3575 4562 Ecce

1981 4594 2117 4650 servi
2164 4594 2266 4649 mei
2301 4593 2593 4648 laudabunt
2632 4610 2743 4664 prce
2781 4593 3133 4649 exsultatione
3172 4597 3375 4663 cordis,
3408 4607 3456 4651 et
3486 4614 3573 4652 vos

1982 4686 2276 4741 clamabilis
2304 4702 2413 4758 pra:
2436 4683 2616 4739 dolore
2646 4685 2841 4750 cordis,
2869 4696 2916 4741 ct
2943 4704 3053 4756 prce
3080 4688 3389 4743 contritione
3417 4689 3575 4760 spiri-

1982 4789 2065 4833 tus
2096 4778 2365 4833 ululabitis
2402 4776 2538 4848 (Isa.
2571 4778 2718 4846 va).
2754 4777 2820 4832 Et
2867 4778 2932 4833 de
2976 4778 3172 4849 quibus
3211 4778 3472 4835 Dominus
3515 4779 3571 4835 iu

1980 4873 2274 4944 Evangelio
2312 4872 2388 4924 ait
2427 4888 2440 4924 :
2477 4868 2643 4940 Euge,
2676 4887 2816 4924 serve
2846 4870 2975 4924 bone
3002 4879 3050 4924 et
3078 4870 3272 4939 ﬁdelis,
3319 4873 3445 4943 quia
3482 4890 3572 4927 su-

1977 4981 2071 5035 per
2119 4981 2289 5034 pauca
2330 4962 2480 5032 [usti
2526 4962 2730 5032 ﬁdelis,
2769 4980 2926 5034 super
2970 4961 3134 5016 multa
3170 4973 3219 5017 te
3254 4964 3570 5020 constituam

1980 5054 2196 5126 (Matth.
2225 5054 2376 5127 xxv).
2410 5053 2668 5108 Malorum
2701 5062 2882 5108 autem
2913 5069 3081 5124 genus
3127 5070 3409 5109 servorum
3460 5064 3566 5119 est,

1979 5145 2046 5200 de
2071 5144 2268 5215 quibus
2296 5145 2558 5215 scriptum
2578 5150 2666 5199 est
2694 5161 2706 5198 :
2741 5141 2924 5198 Omnis
2947 5144 3038 5215 qui
3061 5155 3261 5215 peccat,
3291 5162 3464 5201 servus
3492 5152 3568 5200 est

1976 5236 2174 5307 peccati
2200 5252 2218 5290 :
2244 5252 2422 5290 servus
2452 5244 2626 5288 autem
2652 5252 2754 5289 non
2784 5244 2957 5289 manet
2979 5234 3036 5289 in
3055 5234 3211 5289 domo
3239 5236 3294 5289 in
3315 5245 3566 5289 (etes-num

1980 5325 2162 5395 (Joan.
2191 5323 2331 5395 VIII).
2363 5325 2451 5389 Et,
2481 5341 2623 5379 serue
2661 5341 2883 5396 nequam
2903 5366 2917 5389 .
2955 5342 3105 5379 omne
3133 5325 3361 5379 debitum
3391 5323 3567 5377 dimisi

1980 5416 2095 5480 tibi,
2127 5423 2233 5470 etc.
2265 5413 2483 5486 (Matth.
2516 5414 2694 5486 mu).
2726 5416 2803 5471 De
2833 5417 3031 5485 quibus
3054 5422 3108 5469 et
3137 5415 3225 5469 hic
3250 5415 3347 5479 ait,
3383 5423 3440 5467 ut
3469 5428 3562 5468 nc-

1977 5506 2255 5575 quissimos
2289 5521 2465 5559 servos
2503 5517 2803 5577 perpetuum
2843 5505 3021 5559 tradat
3059 5503 3129 5557 ad
3157 5519 3382 5573 paruam.
3444 5502 3562 5560 Non

1980 5596 2123 5651 enim
2152 5595 2412 5651 Dominus
2441 5595 2693 5666 aliquem,
2724 5597 2817 5651 sed
2840 5597 2951 5664 ipse
2980 5607 3037 5647 se
3062 5591 3225 5646 tradit
3246 5593 3311 5647 ad
3338 5609 3558 5664 pmnam

1978 5690 2067 5763 qui
2100 5705 2165 5761 pc
2201 5704 2326 5744 care
2360 5704 2465 5743 non
2499 5689 2721 5743 dubitat.
2758 5686 3031 5757 Scriptum
3059 5691 3140 5739 est
3173 5684 3318 5740 enim
3346 5704 3357 5715 ·
3393 5686 3557 5756 ριιιςὶι
