3960 6198
473 336 577 391 705

1766 323 2123 382 SMARAGDI
2159 322 2451 379 ABBATIS

3645 327 3737 386 ’ἴθι

470 472 503 507 a
528 454 662 524 [acie
684 454 954 525 serpentis,
975 452 1049 504 sic
1076 450 1197 519 fuge
1224 458 1490 520 peccatum
1522 446 1712 518 (Eccli.
1743 446 1879 518 xxt).
1918 445 2061 514 Ergo
2090 445 2139 505 Α
2165 453 2381 499 nectute
2410 446 2814 517 resipiscamus,
2837 454 2893 503 et
2914 448 2983 503 ad
3008 448 3125 502 vias
3146 447 3270 501 vita:
3297 444 3382 501 vel
3423 446 3578 501 tarde
3624 463 3743 502 cou-

472 544 590 614 ipse
625 558 682 599 se
711 539 1058 597 cruciandum
1092 539 1331 608 serpenti
1374 537 1539 593 tradit
1567 537 1801 601 diabolo,
1832 537 1921 607 qui
1959 550 2061 590 nec

474 635 669 689 metuit
698 648 797 688 nec
825 632 962 702 fugit
987 638 1289 699 peccatum.
1323 628 1442 698 ipse
1472 644 1531 683 se
1556 637 1869 698 perpetuam
1899 626 2064 681 tradit

473 723 540 778 ad
569 737 805 794 pmnam,
845 722 934 790 qui
973 719 1148 775 mollis
1183 729 1237 774 et
1282 718 1573 773 dissolutus
1619 719 1804 772 vivens
1837 732 2063 787 peccare

469 834 579 874 non
615 826 810 873 cessat.
856 816 1021 870 Pinna
1050 815 1195 869 dicta
1233 822 1336 878 est,
1376 828 1442 867 eo
1471 812 1615 882 quod
1648 821 1964 881 peccatores
2006 811 2088 881 in.

472 909 763 964 tormentis
812 907 1145 977 constringat
1197 913 1253 959 et
1301 904 1510 975 puniat.
1561 903 1884 973 intelligitur
1916 903 2061 957 enim

470 1014 657 1070 pcena,
692 1000 945 1056 immanis
971 1002 1314 1068 peccatorum
1341 997 1607 1069 gehenna,
1641 1004 1907 1051 tormenta
1937 1011 2060 1066 per-

471 1099 656 1161 petua,
705 1091 961 1160 supplicia
1014 1090 1367 1159 sempiterna,
1416 1088 1782 1143 concrematio
1825 1086 2058 1152 infinita,

475 1187 868 1240 consummatio
899 1193 1069 1249 certa,
1115 1199 1262 1238 mors
1299 1197 1445 1246 vera,
1477 1183 1760 1238 cruciatus
1804 1191 2061 1247 aeternus,

478 1278 632 1332 dolor
660 1276 1283 1347 perpetuus,continuus
1312 1276 1559 1346 gemitus,
1594 1275 1845 1330 interitus
1867 1276 2063 1346 sempi-

476 1378 683 1425 ternus.
712 1367 831 1433 Ubi,
862 1371 1161 1424 secundum
1197 1367 1413 1432 Isaiam,
1437 1369 1719 1439 impiorum
1743 1368 1929 1421 vermis
1958 1384 2060 1422 non

471 1461 717 1523 moritur,
749 1477 838 1513 nec
864 1460 998 1529 ignis
1019 1475 1199 1511 eorum
1222 1458 1573 1528 exstinguitur
1602 1456 1737 1529 (Isa.
1755 1455 2063 1530 val).Ver-

477 1569 620 1608 mem
657 1555 843 1608 dicunt
876 1552 1148 1607 diabolum
1187 1560 1244 1607 et
1285 1552 1505 1623 angelos
1537 1550 1683 1626 ejus,
1717 1556 1806 1621 qui
1852 1553 2061 1607 animas

474 1645 850 1714 rcproborum,
879 1644 1027 1699 velut
1053 1660 1284 1709 vermes,
1316 1645 1477 1699 dente
1506 1643 1727 1699 malitia:
1755 1644 1970 1708 rodunt,
2007 1653 2064 1699 et

476 1735 584 1805 igni
638 1735 1078 1805 inexstinguihili
1109 1742 1163 1790 et
1202 1742 1403 1789 aeterno
1444 1749 1662 1803 semper
1705 1735 1970 1789 ardendas
2008 1743 2061 1789 et

479 1838 694 1892 semper
722 1824 1041 1897 cruciandas
1094 1824 1331 1877 tradunt.
1374 1823 1455 1878 Ad
1496 1825 1638 1879 hanc
1679 1826 1823 1879 enim
1866 1828 2064 1881 merito

475 1913 772 1967 terribilem
824 1915 1108 1968 traduntur
1151 1929 1390 1984 pinnam,
1442 1915 1532 1984 qui
1580 1914 1859 1971 Christum
1909 1918 2063 1987 sequi

474 2003 662 2057 nolunt
691 2006 757 2058 ad
795 2004 1043 2076 gloriam.
1125 2004 1207 2059 Ad
1249 2004 1430 2065 illam,
1498 2004 1786 2072 videlicet,
1831 2007 1898 2062 de
1955 2024 2063 2078 qua

473 2093 757 2148 i’salmista
771 2095 847 2150 ait
868 2114 880 2149 :
903 2093 1251 2149 Exsultabunt
1267 2096 1436 2149 sancti
1450 2094 1505 2149 in
1519 2094 1687 2167 gloria
1706 2094 1819 2169 (Ps.
1836 2089 2040 2162 exui).

472 2184 539 2238 Et
581 2185 717 2240 bene
760 2187 997 2256 positum
1039 2195 1145 2252 est,
1185 2186 1351 2257 sequi,
1398 2188 1524 2256 quia
1557 2197 1802 2253 vocatur,
1833 2200 1889 2244 ut
1927 2191 2065 2259 Apo-

472 2275 641 2329 stolus
665 2276 741 2329 ait
772 2290 786 2328 :
814 2275 951 2329 Deus
982 2286 1156 2330 autem
1198 2276 1368 2329 omnis
1393 2277 1598 2346 gratiis,
1627 2278 1717 2346 qui
1746 2281 1940 2333 vocavit
1968 2296 2063 2335 nos

475 2365 545 2419 ad
575 2377 823 2419 a'ternam
852 2365 1077 2437 gloriam
1104 2384 1277 2432 suam,
1310 2377 1367 2421 ut
1397 2384 1515 2421 cum
1544 2364 1782 2423 Christus
1806 2386 2065 2440 apparue-

473 2454 540 2505 rit
555 2455 657 2507 vita
674 2467 879 2520 nostra,
902 2469 1023 2512 tunc
1044 2472 1092 2513 et
1119 2477 1211 2513 nos
1230 2476 1584 2531 appareamus
1605 2477 1724 2514 cum
1750 2460 1845 2516 illo
1867 2463 1920 2515 in
1947 2460 2066 2531 glas,

469 2545 550 2600 ria
575 2543 627 2618 (1
656 2547 857 2614 Petr.v;
883 2549 998 2608 Col.
1048 2569 1127 2618 ιιι,
1151 2554 1228 2624 αἱ).
1285 2552 1528 2609 Gloriam
1549 2554 1685 2609 dicit
1707 2556 1875 2609 vitam
1898 2565 2060 2609 acter-

468 2651 619 2702 nam,
637 2640 893 2707 gaudium
915 2643 1132 2713 plenum
1153 2660 1207 2700 et
1229 2646 1653 2715 sempiternum.
1680 2644 1783 2701 Ubi
1803 2657 1888 2702 est
1908 2658 2061 2702 certa

468 2730 756 2791 securitas.
777 2747 973 2788 secura
992 2738 1385 2806 tranquillitas,
1407 2737 2063 2809 tranquillajucunditas,

463 2808 592 2866 felix
622 2816 929 2881 aeternitas,
960 2825 1167 2870 mterna
1208 2814 1460 2872 felicitas.
1502 2815 1605 2874 Ubi
1637 2808 1723 2874 est
1750 2835 1899 2875 amor
1936 2836 2059 2890 per-

462 2903 657 2968 fectus,
701 2906 866 2961 timor
909 2907 1107 2971 nullus,
1152 2904 1269 2964 dies
1313 2916 1569 2974 :eternus,
1626 2910 1807 2965 alacer
1854 2920 2052 2967 motus.

465 2993 619 3051 Unde
649 2994 979 3069 fulgentibus
1012 3000 1221 3055 meritis
1251 3008 1565 3056 sanctorum
1590 3005 1938 3074 congregatio
1963 3005 2057 3059 mi-

461 3092 571 3149 cat,
594 3093 795 3139 {eterna
810 3087 953 3141 salus
979 3089 1263 3155 exuberat,
1286 3091 1486 3145 veritas
1506 3101 1715 3161 regnat.
1739 3093 1838 3147 Ubi
1867 3103 1950 3148 est
1973 3095 2055 3148 in-

463 3175 712 3230 tellectus
726 3178 841 3231 sine
855 3194 1062 3242 errore,
1081 3182 1337 3236 memoria
1356 3183 1473 3237 sine
1488 3183 1777 3249 oblivione,
1798 3188 2053 3258 cogitatio

464 3265 581 3320 sine
608 3268 1036 3337 perturbatione,
1066 3272 1305 3327 charitas
1329 3273 1449 3328 sine
1471 3274 1838 3342 simulatione,
1861 3293 2054 3335 sensus

465 3355 584 3410 sine
628 3355 955 3425 offensione,
1009 3360 1351 3418 incolumitas
1388 3364 1506 3418 sine
1547 3363 1860 3431 debilitate,
1907 3369 2055 3425 salus

464 3445 580 3502 sine
624 3447 831 3513 dolore,
888 3450 996 3504 vita
1050 3452 1167 3507 sine
1203 3462 1395 3518 morte,
1441 3453 1672 3510 facilitas
1714 3457 1833 3512 sine
1886 3458 2055 3528 impe-

464 3540 726 3608 dimento,
769 3544 1026 3600 saturitas
1063 3545 1182 3601 sine
1207 3545 1441 3613 fastidio,
1468 3556 1522 3603 et
1566 3556 1678 3603 tota
1701 3550 1907 3605 sanitas
1937 3551 2055 3608 sine

467 3633 678 3689 morbo.

540 3723 902 3796 Exsurgamus
930 3744 1051 3798 ergo
1086 3728 1296 3782 tandem
1338 3729 1643 3800 aliquando.
1676 3731 1875 3788 Otiosis
1906 3735 2053 3790 enim

466 3825 521 3870 et
548 3815 773 3886 ignavim
802 3831 997 3888 sopore
1021 3818 1291 3888 depressis
1312 3836 1653 3891 exsurgamus
1676 3832 1821 3878 recte
1833 3824 2049 3892 dicitur,

464 3907 589 3976 quia
644 3907 820 3962 anima
871 3925 1062 3963 somno
1105 3909 1284 3964 dedita
1331 3910 1667 3982 negligentia:
1691 3919 1746 3967 et
1782 3914 2054 3971 tarditatis

462 3999 655 4054 inertia
699 4014 907 4071 pressa,
956 4002 1109 4071 quasi
1164 4002 1440 4060 dormiens
1489 4005 1543 4059 in
1595 4005 1885 4062 otiositatis
1914 4008 2051 4063 lecto

461 4091 601 4146 male
627 4101 874 4162 soporata
925 4092 1172 4162 quiescit.
1208 4092 1572 4165 Exsurgamus
1615 4096 1761 4150 enim
1806 4097 1960 4161 dicit,
1995 4098 2051 4153 id

457 4189 560 4248 est,
589 4182 862 4254 erigamus
888 4199 985 4239 nos
1011 4184 1078 4239 ab
1105 4183 1195 4258 illo
1221 4185 1559 4256 negligentia:
1583 4186 1701 4242 loco
1732 4189 1971 4258 providi,
1995 4188 2049 4244 in

452 4289 561 4342 quo
599 4274 689 4329 diu
721 4275 991 4346 jacuimus
1041 4250 1227 4331 noEiva
1264 4277 1490 4348 segnitia
1529 4280 1723 4349 pressi.
1777 4280 2049 4337 Levemus

453 4365 617 4421 corda
648 4376 831 4421 nostra
860 4382 983 4421 cum
1017 4368 1283 4434 manibus,
1316 4369 1368 4424 id
1407 4377 1491 4424 est
1521 4386 1643 4425 cum
1670 4372 1829 4426 bonis
1856 4373 2045 4444 operi-

2162 536 2327 601 versi,
2367 535 2603 591 remedia
2628 537 2885 592 salutaria
2912 553 3018 592 non
3044 539 3357 607 perdamus.

2233 625 2514 681 Excitante
2543 644 2636 681 nos
2660 626 2937 697 Scriptura
2966 644 3029 680 ac
3050 627 3273 680 dicente.
3304 626 3423 681 Non
3440 627 3590 681 enim
3616 627 3743 698 vigi-

2161 717 2301 782 lans,
2349 719 2444 774 sed
2473 719 2750 775 dormiens
2775 720 2956 774 anima
3007 720 3296 774 excitatur.
3351 720 3565 775 Dormit
3606 720 3744 774 enim

2162 812 2360 874 anima,
2385 828 2506 882 qua:
2530 812 2743 868 Domini
2774 814 2859 868 sui
2882 813 3241 878 obliviscitur,
3275 824 3332 869 et
3354 817 3615 870 mandata
3635 814 3749 883 ejus

2161 919 2269 959 non
2296 905 2628 960 recordatur.
2659 904 2875 976 Vigilat,
2915 896 3035 975 quae
3080 908 3290 961 Domini
3319 909 3400 963 sui
3427 908 3750 963 memoriam

2162 1011 2380 1067 semper
2415 1005 2561 1051 tenet
2610 997 2664 1051 in
2703 998 2889 1063 corde,
2935 1007 2993 1051 ct
3031 997 3149 1066 ejus
3190 999 3441 1054 mandata
3483 1007 3671 1055 servat
3694 1000 3748 1055 ia

2160 1102 2345 1156 opere.
2389 1088 2598 1143 Dormit
2626 1090 2828 1152 anima,
2858 1104 2979 1158 qua!
3007 1092 3296 1145 commissa
3333 1091 3608 1160 prmterita
3643 1106 3747 1144 non

2161 1180 2436 1245 emendat,
2469 1188 2523 1235 et
2551 1180 2617 1235 de
2644 1178 2840 1234 futuris
2873 1180 2949 1235 nii
2972 1181 3195 1251 cogitat.
3223 1182 3440 1251 Vigilat,
3470 1198 3592 1250 qua:
3616 1196 3752 1251 pne-

2163 1273 2325 1327 terita
2363 1280 2586 1343 peccata
2630 1273 2856 1343 plangit,
2905 1281 2961 1328 et
3012 1274 3313 1344 plangenda
3361 1273 3594 1327 ulterius
3644 1288 3749 1327 non

2163 1366 2471 1421 committit.
2506 1366 2715 1420 Dormit
2749 1367 2949 1430 anima,
2996 1382 3121 1435 quae
3157 1365 3418 1436 perlatam
3457 1374 3514 1419 et
3544 1366 3749 1434 spatio-

2163 1474 2279 1514 sam
2320 1459 2671 1530 progrediens
2720 1459 2882 1523 viam,
2928 1459 2996 1513 de
3027 1457 3207 1512 futura
3226 1459 3338 1512 vita
3364 1458 3449 1511 vel
3482 1457 3654 1525 gloria
3678 1458 3751 1512 nil

2164 1550 2381 1621 cogitat,
2432 1550 2525 1605 sed
2569 1550 2785 1605 clausos
2831 1550 3023 1605 oculos
3060 1550 3146 1605 vel
3195 1550 3472 1605 demicus
3508 1549 3754 1617 quotidie

2162 1641 2313 1711 pejor
2341 1641 2567 1706 eﬂ‘ecta,
2615 1641 2683 1696 ad
2717 1650 2980 1696 aeternum
3027 1642 3303 1695 interitum
3339 1648 3615 1710 properat.
3658 1640 3752 1694 Vi-

2165 1731 2327 1801 gilat,
2358 1746 2480 1802 quae
2505 1732 2571 1786 de
2615 1741 2817 1786 aeterna
2861 1733 2971 1786 vita
3019 1740 3076 1786 et
3118 1731 3299 1786 futura
3348 1731 3595 1801 cogitans
3639 1730 3755 1800 glo«

2167 1824 2245 1877 ria
2274 1837 2370 1892 per
2397 1831 2606 1878 arctam
2646 1834 2700 1878 ct
2730 1831 3012 1893 angustam
3044 1823 3298 1893 gradiens
3327 1821 3502 1883 viam,
3534 1821 3754 1875 virtuti-

2163 1912 2263 1966 bus
2288 1914 2530 1981 quotidie
2557 1914 2757 1969 crescit
2798 1922 2855 1968 ct
2882 1914 3189 1977 innovatur,
3217 1920 3275 1967 et
3302 1919 3364 1967 ut
3391 1912 3459 1966 ad
3486 1911 3775 1966 creatoris.

2162 1991 2244 2057 sui
2272 2004 2631 2075 cognitionem
2656 2005 2940 2073 perveniat
2962 2004 3214 2060 laborare
3243 2019 3351 2059 non
3375 2011 3577 2059 cessat.

2235 2093 2385 2149 Hora
2410 2106 2485 2150 est
2507 2097 2622 2167 jam
2652 2114 2744 2151 nos
2782 2097 2847 2150 de
2889 2112 3071 2150 somno
3091 2112 3322 2166 surgere.
3364 2094 3509 2149 liora
3538 2094 3627 2148 hic
3658 2109 3753 2163 pro

2162 2195 2403 2258 tempore
2430 2189 2627 2257 posuit.
2656 2188 3038 2257 Cujuscunque
3072 2188 3219 2242 enim
3249 2187 3509 2257 temporis
3534 2185 3756 2252 quanti-

2163 2287 2249 2333 tas
2282 2280 2667 2335 convenienter
2687 2281 2820 2334 hora
2848 2288 3094 2342 vocatur,
3122 2288 3184 2333 ut
3210 2279 3263 2333 in
3294 2278 3588 2346 Evangelia
3616 2278 3754 2332 scri-

2161 2366 2344 2421 bitur:
2374 2368 2519 2422 Ecriit
2570 2368 2961 2437 paterfamilias
2989 2369 3121 2422 liora
3145 2370 3320 2426 tertia.
3363 2379 3537 2445 sexta,
3584 2383 3751 2423 nona.

2159 2467 2206 2511 et
2228 2457 2502 2512 undecima
2524 2460 2746 2514 invitare
2764 2461 3030 2530 operarios
3052 2462 3107 2513 in
3126 2462 3323 2514 vineam
3347 2477 3503 2513 suam
3528 2457 3750 2529 (Matth.

2160 2546 2276 2618 xx).
2309 2548 2467 2604 Hora:
2492 2550 2637 2605 enim
2668 2550 2742 2604 ibi
2771 2565 2872 2620 pro
2900 2550 3238 2621 temporibus
3271 2551 3459 2621 positae
3484 2559 3641 2604 sunt.
3669 2549 3756 2603 Di-

2160 2638 2235 2694 cit
2262 2640 2407 2693 enim
2436 2658 2449 2693 :
2487 2639 2636 2694 Hora
2657 2650 2737 2701 est
2749 2641 2865 2710 jam
2890 2658 2983 2695 nos
3004 2641 3069 2696 de
3094 2658 3274 2695 somno
3303 2656 3540 2710 surgere,
3564 2639 3618 2693 id
3653 2647 3752 2699 est.

2160 2738 2372 2801 tempus
2408 2739 2492 2787 est
2518 2740 2580 2786 ut
2619 2748 2719 2787 nos
2760 2733 2826 2786 de
2874 2733 3142 2802 gravitate
3183 2732 3381 2787 mentis
3426 2739 3484 2785 et
3531 2743 3757 2800 torpore

2159 2820 2499 2891 negligentia:
2539 2820 2608 2875 ad
2635 2821 2970 2876 observanda
3014 2821 3226 2876 Domini
3265 2828 3539 2891 praecepta
3567 2819 3755 2890 vigile-

2159 2927 2298 2967 mus.
2333 2912 2594 2966 Hortatur
2619 2928 2718 2967 nos
2743 2912 2810 2968 de
2832 2913 2936 2967 hac
2961 2928 3021 2966 re
3049 2911 3305 2966 Salomon
3333 2912 3537 2989 dicens
3558 2930 3587 2964 ι
3630 2909 3752 2965 Noli

2159 3001 2375 3073 diligere
2409 3019 2686 3067 somnum,
2720 3018 2784 3056 ne
2822 3011 2872 3056 te
2898 3013 3099 3073 egestas
3128 3004 3385 3074 opprimat
3411 3000 3606 3074 (Prov.
3640 3001 3749 3063 xxi.

2159 3091 2418 3147 Somnum
2449 3093 2673 3164 diligere
2717 3102 2803 3149 est
2827 3103 3105 3163 torporem
3133 3095 3331 3149 tuentis
3361 3109 3463 3164 per
3482 3094 3752 3149 desidiam

2156 3194 2426 3256 amplecti,
2457 3197 2512 3240 et
2539 3187 2607 3239 de
2630 3186 2816 3242 futuro
2842 3186 2915 3239 nil
2935 3186 3196 3257 cogitare,
3224 3187 3479 3255 quoniam
3508 3195 3755 3259 egestas,

2155 3275 2207 3331 id
2222 3285 2326 3342 est,
2341 3284 2540 3331 :eterua
2559 3277 2942 3342 miseria,male
2955 3293 3204 3333 securam
3216 3279 3473 3349 opprimit
3486 3280 3748 3335 animam.

2226 3367 2294 3421 Et
2318 3369 2512 3439 apertis
2541 3368 2707 3423 oculis
2743 3370 2956 3425 nostris.
2989 3369 3098 3425 illis
3143 3370 3413 3433 videlicet,
3459 3371 3529 3427 de
3557 3371 3755 3441 quibus

2155 3460 2409 3516 Salomon
2440 3462 2516 3515 ait
2535 3478 2548 3515 :
2566 3460 2730 3531 Aperi
2752 3462 2938 3517 oculos
2962 3470 3104 3527 tuos,
3132 3469 3191 3515 et
3204 3468 3465 3517 saturare
3492 3463 3748 3530 panibus.

2152 3552 2379 3623 Aperire
2406 3553 2595 3608 oculos
2619 3562 2704 3609 est
2734 3554 3067 3610 intellectum
3097 3556 3296 3619 mentis
3323 3556 3393 3611 ad
3412 3555 3651 3625 iustitiae
3674 3554 3748 3612 lu-

2153 3661 2278 3700 men
2306 3660 2573 3701 resecare.
2605 3645 2865 3701 Saturare
2890 3646 3120 3717 panibus
3143 3656 3230 3703 est
3250 3647 3595 3717 spiritalibus
3619 3648 3753 3705 cibis

2153 3735 2351 3790 divinae
2377 3736 2619 3791 scicntia:
2643 3745 2877 3791 mentem
2912 3736 3156 3792 reficere.

2224 3827 2311 3881 Ad
2336 3828 2579 3897 deiﬁcum
2618 3828 2811 3883 lumen.
2844 3828 3033 3887 idest.
3069 3830 3344 3894 divinum,
3375 3830 3522 3899 quod
3556 3831 3749 3886 anima!

2153 3920 2341 3975 tribuit
2366 3920 2721 3974 intellectum.

2222 4007 2467 4063 Attonitis
2494 4011 2729 4063 auribus.
2760 4009 2815 4064 id
2843 4019 2948 4076 est,
2972 4012 3197 4066 attentis
3234 4010 3512 4066 mentibus

2221 4100 2513 4156 Audiamus
2536 4101 2735 4156 divina.
2767 4102 2823 4157 id
2855 4111 2958 4169 est,
2987 4102 3100 4157 Deo
3130 4102 3303 4172 plena,
3334 4102 3628 4160 divinitate
3658 4120 3746 4160 re-

2150 4190 2307 4245 ferta.

2222 4284 2466 4350 Quotidie
2493 4284 2727 4340 clamans
2770 4284 2897 4356 quid
2934 4302 3025 4338 nos
3062 4302 3161 4339 vos:
3204 4286 3473 4350 admonet,
3514 4288 3737 4344 dicens:

2149 4374 2323 4430 Hodie
2343 4376 2388 4430 si
2411 4392 2582 4430 vorem
2609 4376 2723 4446 ejus
2751 4375 3049 4430 audieritis.
3078 4375 3251 4431 iiodie
3276 4377 3445 4431 habet
3470 4378 3738 4449 etymoloo

453 4459 554 4515 bus
578 4460 644 4514 ad
667 4459 977 4526 Dominum,
1000 4460 1093 4531 qui
1119 4460 1276 4515 malis
1298 4461 1508 4517 actibus
1533 4464 1727 4532 pressi,
1752 4465 2045 4536 pravisque
2067 4498 2122 4558 D
2148 4467 2233 4538 gia
2262 4467 2358 4521 hoc
2380 4467 2485 4521 die.
2518 4467 2624 4521 Sed
2652 4475 2707 4521 et
2737 4466 2840 4522 hoc
2881 4467 2934 4522 in
2978 4467 3098 4523 loco
3128 4485 3349 4539 semper,
3382 4470 3467 4523 vel
3514 4471 3574 4524 in
3602 4467 3736 4524 omni

454 4555 698 4611 moribus
738 4555 1008 4610 incurvati
1054 4555 1214 4627 longo
1248 4552 1361 4625 jam
1422 4563 1666 4627 tempore
1714 4557 2042 4614 adhmsimus

450 4646 667 4701 szcculo.
698 4646 914 4729 bialigni
944 4646 1087 4701 enim
1124 4647 1345 4716 Spiritus
1375 4647 1519 4701 molli
1557 4647 1924 4719 dissoluthue
1964 4649 2043 4704 vi-

454 4739 602 4792 venti
632 4738 823 4794 anima:
845 4739 1033 4794 dicunt
1065 4757 1077 4791 :
1110 4739 1418 4804 lncurvare,
1443 4749 1503 4795 ut
1526 4748 1883 4795 transeamus.
1910 4741 2042 4808 Quae

438 4827 495 4886 ἐἰ
539 4830 693 4885 malis
729 4847 919 4887 eorum
954 4832 1389 4904 suggestionibus
1422 4832 1780 4901 acquieverit,
1814 4832 1913 4886 sub
1942 4847 2040 4902 pe-

451 4922 611 4977 dibus
637 4938 824 4976 eorum
854 4922 992 4979 male
1021 4922 1228 4978 calcata
1269 4924 1486 4994 peribit.
1522 4922 1578 4977 Si
1614 4938 1744 4977 vero
1790 4931 1938 4977 recta
1986 4924 2039 4978 in

448 5026 614 5081 opere
665 5011 757 5067 Dei
799 5015 1250 5082 perseveraverit,
1279 5031 1401 5070 cum
1435 5015 1547 5069 Elia
1584 5014 1763 5068 dicere
1798 5014 1996 5084 poterit
2025 5032 2038 5069 :

458 5101 595 5156 Vivit
619 5102 894 5170 Dominus,
919 5106 972 5159 in
996 5106 1149 5177 cujus
1173 5116 1449 5177 conspectu
1473 5116 1550 5159 sto
1577 5104 1696 5176 (III
1724 5104 1853 5177 Reg.
1878 5101 2035 5177 xvn).

448 5192 663 5250 Etcum
691 5193 857 5248 Paulo
892 5214 905 5250 :
936 5193 1131 5250 Nostra
1168 5207 1342 5250 autem
1370 5196 1690 5250 conversatio
1719 5195 1772 5248 in
1803 5194 1941 5249 (telis
1965 5204 2041 5249 est

452 5284 625 5358 (l’ltil.
651 5286 755 5359 ιιι).
796 5285 946 5354 Quod
979 5297 1157 5341 autem
1190 5288 1321 5343 dicit
1358 5287 1569 5341 tandem
1598 5285 1904 5358 aliquando,
1934 5287 2041 5342 nisi

450 5382 610 5437 fallor
635 5382 892 5453 temporis
916 5382 1226 5436 tarditatem
1249 5382 1535 5454 signiﬁcat.
1564 5383 1640 5436 Ex
1664 5383 1871 5437 duobus
1893 5382 2037 5437 enim

448 5473 720 5530 adverbiis
777 5481 1075 5543 temporum
1132 5487 1297 5525 unum
1354 5472 1653 5541 composuit
1697 5489 1710 5525 :
1759 5471 1900 5527 idem
1954 5480 2040 5527 est

449 5566 594 5620 enim
626 5566 837 5620 tandem
866 5564 1008 5635 quod
1049 5571 1103 5618 et
1131 5560 1437 5633 aliquando.
1475 5563 1553 5625 Ac
1588 5563 1633 5617 si
1682 5563 1865 5617 dicat:
1896 5562 1961 5617 Et
1991 5563 2035 5617 si

453 5655 504 5708 in
532 5658 797 5724 primum
827 5658 1003 5713 aetatis
1044 5664 1305 5725 tempore,
1350 5653 1401 5709 id
1427 5662 1531 5716 est,
1561 5653 1614 5707 in
1639 5650 1920 5721 iuventute
1941 5692 1955 5717 ,
1984 5652 2035 5706 in

454 5742 607 5801 bouis
629 5750 880 5816 operibus
910 5767 1005 5805 nos
1049 5763 1304 5804 exercere
1336 5745 1603 5812 nolumus,
1639 5744 1828 5800 saltem
1861 5745 1915 5799 in
1945 5760 2032 5801 sc—

2146 4565 2373 4628 tempore
2399 4557 2686 4629 signiﬁcat,
2712 4558 2839 4626 quia
2858 4556 3060 4628 iugiter
3082 4566 3137 4612 et
3160 4558 3309 4613 omni
3337 4559 3474 4614 hora
3515 4559 3730 4615 audien-

2146 4646 2274 4701 dum
2324 4655 2427 4712 est,
2472 4648 2564 4717 qui
2605 4647 2917 4702 salutariter
2960 4656 3168 4713 monet,
3209 4657 3264 4704 et
3305 4649 3735 4706 misericorditer

2146 4736 2323 4792 docet.
2348 4735 2515 4807 Cujus
2539 4739 2811 4793 sermonis
2830 4738 2936 4792 vim
2961 4737 3252 4809 Apostolus
3268 4747 3525 4809 potenter
3551 4739 3732 4795 dicens

2143 4830 2451 4899 expressit:
2480 4830 2572 4884 sed
2610 4830 2966 4884 adhortamini
3012 4831 3344 4902 vosmetipsos
3385 4848 3480 4902 per
3498 4831 3727 4902 singulos

2144 4924 2254 4978 dies
2283 4922 2470 4995 (Hebr.
2504 4923 2608 4995 ιιι).
2648 4923 2831 4978 Donec
2856 4923 3011 4978 hodie
3041 4925 3477 4996 cognominatur.

2218 5014 2277 5069 Si
2313 5030 2485 5068 vocem
2515 5014 2629 5084 ejus
2678 5013 2973 5067 audieritis.
3017 5013 3151 5082 Ejus
3180 5013 3331 5078 dicit,
3376 5014 3429 5068 id
3458 5024 3564 5079 est,
3594 5012 3729 5067 illius

2142 5106 2271 5160 boni
2298 5104 2551 5175 pastoris,
2581 5103 2673 5174 qui
2700 5105 2777 5157 ait
2801 5119 2815 5156 :
2845 5103 2959 5173 Ego
2980 5120 3097 5157 sum
3117 5114 3298 5174 pastor
3319 5103 3521 5168 bonus;
3543 5112 3591 5157 et
3619 5116 3728 5156 oves

2143 5211 2272 5249 mea:
2298 5211 2470 5247 vocem
2511 5209 2679 5246 meam
2722 5193 2967 5257 audiunt,
3007 5204 3054 5248 et
3097 5204 3389 5264 sequuntur
3425 5212 3527 5259 me,
3565 5204 3616 5249 et
3638 5207 3723 5263 ego

2143 5299 2396 5353 cognosco
2435 5299 2557 5346 eas;
2588 5291 2637 5335 et
2665 5281 2844 5336 nullus
2884 5283 3021 5353 rapit
3050 5300 3141 5336 eas
3167 5282 3232 5336 de
3260 5299 3422 5336 manu
3450 5299 3588 5337 mea.
3624 5276 3724 5336 Sed

2146 5385 2193 5428 et
2221 5376 2379 5429 vitam
2408 5382 2658 5428 (sternant
2685 5373 2822 5427 dabo
2854 5374 2930 5426 eis
2961 5372 3142 5443 (Joan.
3170 5371 3248 5443 x).
3277 5373 3332 5426 in
3360 5373 3481 5444 lege
3504 5373 3648 5426 enim
3675 5376 3725 5424 et

2144 5466 2445 5537 prophetis,
2469 5466 2523 5521 in
2550 5465 2842 5537 Evangelia
2867 5474 2920 5520 et
2952 5466 3211 5535 apostolis
3231 5481 3331 5520 vos
3358 5465 3571 5521 Domini
3595 5460 3720 5518 mni-

2147 5557 2216 5612 tis
2243 5557 2416 5611 modis
2435 5571 2633 5611 sonans
2659 5556 2895 5620 auditur,
2922 5555 3014 5609 sed
3041 5570 3071 5609 a
3093 5556 3419 5613 oordebouo
3443 5565 3499 5610 et
3524 5554 3721 5624 optimo

2146 5649 2363 5702 auditur
2391 5656 2445 5702 ct
2470 5647 2777 5703 exauditur.
2813 5645 2853 5700 Α
2883 5645 3032 5701 duris
3062 5662 3187 5701 vero
3217 5655 3275 5700 ct
3299 5646 3522 5716 lapideis
3547 5640 3718 5697 cordi-

2146 5742 2246 5799 bus
2273 5742 2489 5798 auditur
2511 5741 2752 5812 quidcm,
2782 5740 2875 5797 sed
2903 5756 3007 5796 non
3031 5740 3335 5795 exauditur.
3367 5739 3503 5811 Ergo
3531 5736 3719 5792 aliine
