3960 6206
287 314 396 373 705

1321 317 1682 375 COMMENT.
1722 317 1790 374 IN
1830 318 1999 376 REG.
2043 321 2100 377 S.
2144 323 2522 383 BENEDICTI.

3462 341 3563 398 706

282 444 407 500 quae
427 428 695 484 obdurant
713 429 876 484 corda
904 444 1000 484 sua
1029 445 1096 485 ne
1116 445 1305 485 vocem
1330 430 1476 488 illius
1502 434 1630 488 boni
1655 434 1877 504 verique
1904 435 1952 495 Α
1978 449 2246 505 permanet
2284 442 2338 495 in
2373 443 2624 499 swculum
2651 444 2832 499 sa’culi
2876 445 3046 519 (Psal.
3076 451 3251 521 xvm).
3292 451 3565 520 Quantum

277 523 523 593 pastoris
551 522 794 586 audiant,
828 538 927 578 nec
953 530 1252 591 sequuntur
1275 539 1415 589 eum,
1443 542 1543 581 nec
1576 542 1707 582 oves
1734 526 1877 584 illius

274 621 435 678 sunt,
460 628 558 667 nec
585 620 920 683 οοςιιοεοιιιιῑ
954 628 1097 678 eum,
1129 629 1228 668 nec
1265 624 1666 686 cognoscuntur
1695 618 1763 671 ab
1789 632 1874 673 80.

279 703 387 770 Qui
416 703 560 757 enim
593 703 824 774 ignorat,
857 703 1215 774 ignorabitur.
1254 705 1322 759 Et
1352 721 1453 762 nec
1483 708 1548 762 de
1592 724 1755 763 manu
1791 726 1877 764 ra-

277 795 452 864 ptoris
479 794 873 860 liberabuntur,
903 812 1001 849 nec
1038 796 1090 849 in
1122 796 1258 852 locis
1279 798 1494 867 pascuis
1529 798 1874 854 collocabun‘

278 895 391 949 tur,
421 901 520 940 nec
546 885 713 939 vitam
744 886 1015 956 accipient
1042 888 1451 957 sempiternam.

352 975 534 1031 Nolite
554 977 822 1032 ’obdurare
848 979 1009 1032 corda
1035 989 1221 1033 vestra.
1253 979 1343 1036 Sic
1386 980 1530 1035 enim
1576 981 1701 1037 alibi
1732 982 1875 1055 Apo-

272 1067 450 1123 stolus
478 1068 551 1121 ait
588 1086 600 1119 :
634 1067 757 1122 Non
796 1068 1082 1123 obduretur
1103 1070 1219 1141 quis
1245 1087 1309 1125 ex
1336 1072 1476 1126 vobis
1507 1072 1723 1142 fallacia
1747 1093 1871 1147 pec-

271 1160 385 1214 cati
421 1158 608 1228 (Hebr.
643 1158 754 1229 ιιι).
794 1158 871 1213 illi
912 1160 1055 1214 enim
1098 1162 1261 1216 corda
1302 1177 1397 1216 sua
1443 1163 1732 1229 obdurant,
1777 1166 1870 1235 qui

273 1253 425 1322 quod
453 1252 518 1304 de
543 1252 813 1306 mandatis
837 1252 930 1306 Dei
962 1263 1105 1309 recte
1129 1255 1454 1327 intelligunt,
1477 1261 1692 1328 operari
1718 1276 1871 1315 recu»

274 1348 421 1394 sant.
480 1340 554 1394 De
600 1341 795 1410 quibus
842 1357 943 1410 per
986 1343 1328 1405 Salomonem
1362 1348 1561 1402 dicitur
1594 1368 1605 1402 :
1641 1347 1868 1422 Pigredo

268 1431 509 1484 immittit
545 1449 779 1502 soporem
808 1430 989 1503 (Prov.
1021 1435 1157 1505 XIX).
1192 1435 1348 1507 Piger
1380 1440 1524 1494 enim
1563 1451 1708 1496 recte
1745 1460 1868 1499 sen-

275 1522 460 1576 tiendo
489 1524 643 1593 quasi
671 1524 876 1595 vigilat,
906 1527 999 1581 sed
1032 1528 1105 1581 nil
1130 1527 1252 1584 boni
1282 1534 1554 1600 operando
1583 1536 1745 1590 corde
1770 1536 1867 1590 ob-

273 1611 472 1664 durato
497 1626 766 1682 sensuque
792 1626 1045 1684 soporato
1073 1618 1125 1671 in
1158 1621 1426 1677 tarditatis
1467 1638 1577 1678 sum
1607 1625 1866 1681 dormitat

274 1701 492 1755 lectulo.
517 1701 614 1767 Illi,
644 1703 885 1773 inquam,
910 1707 1178 1764 obdurant
1199 1713 1360 1766 corda
1387 1728 1503 1780 sua,
1530 1716 1620 1784 qui
1641 1718 1863 1772 audiunt

1979 526 2123 580 enim
2153 529 2273 597 quis
2306 536 2563 587 attentius
2592 533 2878 589 Dominum
2909 538 3100 609 diligit,
3153 550 3303 597 tanto
3329 559 3452 600 eum
3485 548 3567 602 di-

1978 615 2233 684 ligentius
2259 620 2529 677 offendere
2558 626 2913 692 pertimescit.
2945 628 3056 683 Vox
3087 640 3308 698 paterna
3328 644 3430 701 est,
3460 653 3567 694 vox

1977 706 2211 776 pictatis,
2242 725 2362 777 qua:
2383 728 2482 767 nos
2505 714 2757 771 admonet
2785 734 2851 772 ne
2871 716 3227 788 pavescamus
3255 727 3395 794 quod
3416 727 3567 782 audi-

1977 796 2154 851 vimus
2182 799 2450 854 timorem.
2486 801 2599 856 Non
2628 815 2711 859 est
2746 806 2889 860 enim
2933 808 3093 862 timor
3128 811 3229 866 iste
3257 814 3349 883 qui
3378 814 3568 871 formio

1976 882 2156 950 detur,
2195 888 2288 941 sed
2327 889 2418 958 qui
2463 891 2734 962 diligatur.
2766 894 2953 950 Timor
2992 882 3566 961 humanusamaritu-

1975 975 2155 1031 dinem
2185 978 2370 1044 habet,
2395 981 2494 1036 iste
2518 983 2872 1072 dulcedinem.
2906 988 2999 1044 Ille
3027 992 3093 1044 ad
3119 995 3396 1050 servitium
3422 998 3569 1072 cogit

1972 1065 2074 1120 iste
2103 1068 2169 1121 ad
2194 1068 2497 1125 libertatem
2531 1061 2716 1129 t’rahit.
2746 1076 3028 1134 Postremo
3057 1081 3146 1137 ille
3177 1083 3411 1140 claustra
3443 1061 3560 1143 me-

1971 1159 2096 1224 tuit,
2131 1161 2219 1217 hic
2247 1163 2507 1220 cmlorum
2538 1183 2700 1239 regna
2724 1170 3000 1239 patefacit.
3032 1174 3087 1227 In
3116 1175 3325 1233 timoris
3360 1183 3563 1237 etenim

1970 1250 2128 1306 laude
2188 1252 2443 1309 Salomon
2499 1259 2575 1311 ait
2628 1274 2643 1309 :
2694 1259 2871 1314 Timor
2920 1262 3134 1319 Domini
3180 1270 3394 1337 apponit
3447 1271 3562 1325 dies

1970 1340 2155 1413 (Prov.
2192 1345 2269 1410 χ).
2317 1347 2469 1403 Time
2513 1366 2643 1422 ergo
2696 1351 3001 1421 Dominum,
3039 1374 3072 1411 ο
3118 1364 3412 1418 monacho!
3465 1366 3561 1420 sed

1970 1432 2060 1486 illo
2094 1435 2291 1491 timore
2318 1439 2409 1507 qui
2434 1450 2653 1495 sanctus
2674 1456 2958 1511 permanet
2980 1448 3032 1500 in
3061 1449 3315 1504 saeculum
3340 1453 3559 1519 saeculi;

1966 1523 2057 1578 illo
2094 1535 2244 1581 casto
2266 1543 2451 1611 amore
2476 1532 2563 1600 qui
2602 1533 2695 1585 tibi
2726 1535 2792 1586 ad
2817 1535 2931 1589 dies
2962 1541 3220 1607 temporis
3244 1539 3403 1608 hujus
3425 1544 3562 1613 adji-

1965 1615 2074 1669 ciet
2115 1616 2231 1672 dies
2270 1610 2521 1685 aeternos,
2566 1622 2682 1677 dies
2730 1634 3039 1695 perpetuos,
3071 1628 3186 1683 dies
3229 1630 3565 1690 immortales

1964 1711 2020 1758 et
2059 1706 2173 1760 dies
2200 1723 2486 1777 perennes.
2534 1709 2646 1765 Imo
2696 1712 2835 1766 diem
2874 1731 3037 1769 unum
3089 1717 3205 1773 sine
3251 1736 3475 1792 vespera
3505 1732 3564 1780 et

273 1791 492 1859 quidem
520 1794 929 1861 pmdicanicm,
958 1799 1051 1852 sed
1081 1798 1278 1855 imitari
1310 1802 1499 1859 ηοιυηι
1526 1818 1858 1875 operantem.
1890 1785 1936 1844 Β
1965 1796 2233 1853 intinilnm
2266 1818 2279 1852 :
2310 1800 2450 1855 diem
2502 1803 2643 1857 felici
2687 1805 2883 1874 gaudio
2927 1807 3161 1876 plenum,
3212 1812 3555 1870 indeliciente

268 1882 379 1949 Qui
425 1898 532 1937 non
582 1884 842 1939 obediunt
879 1888 998 1942 voci
1035 1888 1247 1945 Domini
1293 1893 1520 1949 dicentis
1553 1913 1565 1948 :
1598 1895 1802 1951 Diverte
1828 1918 1860 1954 a

272 1972 435 2037 malo,
474 1983 521 2027 et
544 1973 631 2043 [ac
659 1975 849 2029 bonum
885 1976 1065 2046 (Psal.
1092 1979 1319 2051 xxxnt).
1354 1982 1451 2049 Qui
1483 2000 1587 2038 non
1613 1987 1854 2051 audiunt,

273 2065 616 2135 Deponentcs
647 2076 882 2122 veterem
909 2070 1179 2127 hominem
1226 2090 1347 2128 cum
1377 2076 1586 2131 actibus
1617 2078 1747 2142 suis,
1778 2079 1860 2133 in-

268 2154 423 2209 duite
469 2171 698 2222 novum,
750 2158 841 2227 qui
882 2161 1176 2216 secundum
1218 2164 1385 2218 Deum
1421 2176 1634 2221 creatus
1674 2176 1758 2222 est
1805 2170 1857 2223 in

270 2243 479 2311 iustitia
525 2255 581 2301 et
616 2249 1043 2306 sanctificatione
1089 2254 1353 2310 veritatis.
1386 2258 1487 2324 Qui
1524 2274 1628 2312 non
1662 2276 1860 2315 renua-

270 2339 407 2391 tiant
428 2340 626 2394 seculo
641 2350 693 2395 et
710 2357 926 2397 crucem
948 2353 1225 2412 portantes
1242 2358 1542 2416 sequuntur
1559 2349 1855 2406 Christum.

346 2429 415 2482 Et
444 2432 632 2484 iterum
656 2447 678 2487 :
709 2432 812 2499 Qui
836 2435 989 2488 habet
1022 2454 1176 2490 aures
1204 2440 1455 2493 audiendi
1488 2440 1699 2513 (Matth.
1736 2460 1853 2508 xm,

269 2520 443 2575 Marc.
478 2538 551 2588 tv,
594 2523 722 2578 Luc.
753 2525 895 2597 vm).
929 2529 1103 2584 Aures
1132 2530 1220 2586 hic
1248 2533 1455 2599 cordis,
1485 2550 1590 2589 non
1615 2539 1863 2608 corporis

269 2612 521 2681 requirit.
552 2614 643 2670 Ille
687 2618 829 2671 enim
876 2633 1036 2675 aures
1084 2623 1333 2678 audiendi
1375 2624 1556 2692 habet,
1594 2629 1685 2697 qui
1713 2631 1857 2701 quod

266 2704 436 2756 corde
459 2704 703 2775 intelligit
724 2723 887 2778 opere
908 2711 1111 2781 implet.
1134 2711 1225 2767 Ille
1244 2730 1402 2768 aures
1421 2717 1671 2772 audiendi
1694 2720 1857 2775 habet

267 2792 321 2845 in
355 2794 538 2857 corde,
576 2797 665 2864 qui
702 2799 975 2853 memoria:
1020 2817 1129 2856 sua:
1157 2814 1428 2874 prtecepta
1460 2806 1671 2862 Domini
1714 2807 1881 2865 com?

266 2887 511 2951 meudat,
539 2896 594 2941 et
622 2891 992 2947 (ommendala
1034 2910 1156 2948 cum
1198 2896 1479 2968 multiplici
1523 2898 1710 2956 fenore
1753 2902 1857 2958 Do-

266 2979 420 3032 mino
475 2981 744 3037 reddenda
790 2996 1050 3041 reservat.
1104 2988 1196 3043 Ille
1240 2993 1490 3047 audiendi
1534 3010 1638 3049 non
1690 2996 1856 3054 habet

265 3083 454 3132 aures,
484 3071 573 3139 qui
625 3072 829 3127 Domini
877 3078 1128 3131 mandata
1183 3096 1281 3135 nec
1328 3085 1589 3139 memoria
1636 3087 1852 3153 retinet,

265 3176 373 3215 nec
418 3165 671 3232 operibus
723 3166 926 3238 implet,
979 3184 1079 3225 nec
1124 3173 1368 3227 recondit
1421 3174 1473 3228 in
1523 3177 1706 3243 corde,
1757 3195 1856 3235 Lee

263 3263 486 3307 exercet
518 3255 568 3308 in
599 3271 780 3326 Opere.

340 3344 539 3401 Audiat
562 3347 689 3419 quid
716 3346 944 3418 Spiritus
966 3351 1105 3405 dicat
1139 3350 1390 3409 Ecclesiis
1420 3355 1603 3427 (Apoc.
1630 3358 1711 3429 ιι).
1742 3360 1856 3415 Au-

262 3438 381 3491 diat
426 3437 575 3504 dicit,
628 3440 680 3495 id
728 3449 828 3507 est,
880 3442 1158 3514 intelligat.
1207 3443 1348 3510 Quid
1387 3445 1633 3518 Spiritus,
1670 3450 1722 3505 id
1751 3462 1853 3518 est,

264 3528 507 3598 Spiritus
550 3532 910 3602 omnipotens,
960 3531 1195 3606 Spiritus
1222 3546 1461 3604 sanctus,
1507 3538 1742 3610 Spiritus
1767 3543 1858 3598 ille

264 3625 363 3692 qui
406 3624 774 3680 taStimonium
828 3626 1002 3681 reddit
1030 3628 1243 3698 spiritui
1281 3639 1471 3685 nostro
1500 3633 1641 3702 quod
1671 3649 1857 3689 sumus

262 3713 365 3767 ﬁlii
393 3712 506 3777 Dei,
538 3724 593 3770 et
614 3715 678 3770 de
701 3733 808 3786 quo
836 3712 1125 3789 Apostolus
1150 3720 1227 3775 ait
1253 3739 1265 3776 :
1294 3720 1561 3793 Templum
1576 3723 1686 3791 ,Dei
1710 3729 1854 3795 estis,

259 3816 313 3859 et
339 3804 570 3876 Spiritus
590 3821 802 3865 sanctus
826 3812 1027 3866 habitat
1048 3813 1101 3866 in
1130 3813 1268 3868 vobis
1293 3814 1344 3886 (1
1372 3814 1493 3870 Cor.
1519 3833 1610 3882 ιιι;
1642 3817 1703 3873 II
1730 3816 1852 3873 Cor.

302 3893 403 3965 vi).
437 3894 672 3964 Spiritus
711 3908 931 3955 sanctus
961 3901 1160 3957 dicitur
1187 3905 1479 3959 secundum
1510 3905 1562 3960 id
1590 3909 1733 3976 quod
1761 3908 1857 3965 ali-

258 3986 394 4054 quid
422 3988 609 4057 spirat.
636 3988 760 4044 Ideo
786 4000 966 4047 autem
991 3991 1225 4064 Spiritus
1246 3995 1339 4050 Dei
1363 4006 1580 4054 sanctus
1605 4010 1852 4068 vocatur,

258 4079 393 4148 quia
410 4079 589 4136 Patris
605 4091 659 4138 et
674 4083 793 4139 Filii
811 4088 1072 4143 sanctitas
1086 4097 1189 4143 est.
1218 4086 1353 4143 Nam
1373 4106 1495 4144 cum
1525 4093 1596 4147 sit
1615 4102 1669 4148 et
1694 4093 1857 4151 Pater

258 4156 511 4240 spiritus,
534 4184 589 4228 et
613 4173 781 4231 Filius
803 4178 1043 4247 spiritus,
1074 4187 1131 4234 et
1152 4179 1319 4235 Pater
1340 4190 1578 4247 sanctus,
1607 4194 1662 4240 et
1685 4184 1854 4242 Filius

259 4271 505 4327 sanctus,
532 4266 750 4334 proprie
774 4274 953 4322 tamen
973 4269 1089 4339 ipse
1107 4280 1331 4326 vocatur
1354 4272 1590 4342 Spiritus
1610 4284 1850 4345 sanctus,

256 4363 524 4424 tanquam
589 4358 847 4413 sanctitas
895 4367 951 4415 et
1002 4363 1481 4421 consubstantialis
1544 4368 1850 4424 amborum.

252 4443 509 4500 Ecclesia
532 4444 777 4503 Graecum
808 4456 911 4516 est,
935 4452 1076 4520 quod
1108 4453 1161 4507 in
1186 4452 1438 4509 Latinum
1467 4456 1698 4511 vertitur
1723 4474 1853 4513 eon-
1877 4479 1932 4539 Ι)

249 4537 501 4603 vocatio,
522 4549 804 4611 propterea
828 4541 969 4611 quod
994 4558 1182 4599 omnes
1204 4545 1269 4600 ad
1294 4562 1352 4600 se
1376 4554 1548 4602 vocet.
1574 4545 1703 4615 Quae
1726 4564 1849 4603 cum

249 4643 372 4683 una
423 4630 512 4694 sit,
550 4633 893 4699 universalis,
940 4634 992 4689 id
1036 4645 1118 4690 est
1152 4637 1436 4703 catholica,
1470 4654 1499 4692 a
1539 4636 1748 4694 Joanne
1794 4641 1849 4695 in

249 4720 587 4791 Apocalypsi
615 4721 766 4796 (Cap.
799 4726 839 4796 ι)
871 4736 1075 4795 septem
1115 4728 1424 4782 scribuntur
1456 4728 1707 4784 Ecclesia:
1727 4746 1851 4800 pro-

249 4823 388 4883 pter
411 4812 731 4869 uuil'ormem
752 4817 974 4887 spiritus
994 4818 1399 4887 plenitudinem,
1428 4819 1480 4873 id
1503 4828 1586 4875 est
1605 4820 1848 4891 spiritus,

250 4907 547 4976 sapientia
565 4917 621 4962 et
644 4908 968 4976 intellectus,
990 4910 1198 4965 consilii
1223 4921 1275 4965 et
1298 4909 1649 4977 fortitudinis,
1674 4911 1851 4967 scien—
1918 4974 1921 4978 ,

252 4999 357 5053 tia:
389 5007 447 5052 et
470 4999 707 5068 pietatis,
731 5010 785 5055 et
812 5001 1025 5057 timoris
1052 5003 1284 5057 Domini.

335 5085 408 5140 Et
435 5089 559 5159 quid
578 5090 750 5144 dicit?
780 5089 975 5155 Venite,
1004 5092 1121 5159 filii,
1144 5092 1324 5147 audite
1339 5109 1437 5146 me.
1467 5093 1653 5165 Magna
1677 5096 1851 5165 pietas

251 5187 317 5236 et
342 5179 709 5234 misericordia
725 5180 960 5251 Spiritus
1005 5184 1199 5249 sancti,
1224 5183 1314 5254 qui
1340 5192 1466 5238 ante
1481 5185 1851 5241 conversionis

250 5272 510 5345 habitum
539 5289 975 5345 unumquemque
1000 5276 1068 5329 ad
1092 5292 1149 5331 se
1179 5277 1504 5332 audiendum
1536 5270 1747 5333 invitat.
1783 5279 1851 5334 Et

249 5341 405 5438 quos
439 5367 504 5420 ad
550 5367 921 5421 conversionis
962 5368 1191 5440 gratiam
1240 5369 1449 5433 invitat,
1483 5370 1623 5425 lilios
1668 5380 1845 5426 vocat.

255 5462 386 5528 Ipse
406 5467 488 5512 est
512 5459 657 5513 enim
686 5458 774 5528 qui
798 5474 896 5528 per
920 5459 1237 5528 prophetam
1261 5459 1336 5513 ait
1363 5479 1374 5512 :
1402 5457 1614 5513 Patrem
1643 5462 1849 5518 invoca-

252 5552 344 5607 bis
374 5567 480 5615 me,
516 5560 562 5604 et
588 5559 700 5621 post
731 5567 811 5603 me
838 5550 1040 5620 ingredi
1072 5567 1173 5604 non
1212 5550 1435 5604 cessabis
1463 5549 1693 5620 (Jerem.
1726 5554 1848 5621 ιιι).

341 5640 602 5695 Timorem
637 5640 846 5695 Domini
872 5640 1062 5695 docebo
1088 5658 1173 5695 vos
1200 5639 1371 5713 (Psal.
1405 5638 1620 5712 χχχιιι).
1651 5639 1729 5694 De
1748 5640 1851 5697 hoc

258 5739 462 5794 timore
488 5744 541 5789 et
570 5733 697 5791 alibi
722 5733 1006 5791 Psalmista
1045 5734 1119 5790 ait
1151 5753 1162 5789 :
1196 5733 1374 5789 Timor
1396 5734 1608 5790 Domini
1637 5743 1849 5791 sanctus

1962 1888 2083 1945 luce
2132 1890 2413 1959 refertum,
2465 1895 2706 1965 angelico
2752 1898 3011 1953 comitatu
3064 1899 3362 1969 suﬂ‘ultum,
3412 1906 3556 1961 diem

1961 1996 2123 2050 quem
2164 1999 2270 2039 nox
2314 2001 2421 2040 non
2468 1987 2793 2058 interpellat,
2821 1993 3058 2047 tenebrae
3095 2009 3200 2047 non
3231 1997 3554 2064 obscurant,

1961 2070 2201 2125 nubilum
2234 2088 2338 2126 non
2368 2072 2631 2140 obfuseat,
2660 2092 2820 2145 quem
2862 2078 3263 2149 importabilem
3295 2101 3402 2141 non
3446 2087 3555 2142 elli-

1961 2161 2035 2215 cit
2071 2163 2220 2229 calor
2257 2165 2482 2231 aestatis,
2528 2167 2740 2238 pigrum
2773 2185 2879 2223 non
2922 2173 3095 2227 reddit
3124 2173 3292 2246 frigus
3318 2177 3548 2247 hiemis;

1961 2248 2077 2307 dies
2110 2253 2202 2323 qni
2253 2255 2463 2310 tibimet
2493 2273 2633 2312 unus
2664 2258 2769 2313 erit
2809 2276 2931 2314 cum
2974 2265 3198 2329 sanctis,
3251 2270 3558 2325 communis

1961 2357 2083 2396 cum
2127 2342 2355 2412 angelis,
2401 2354 2636 2400 aeternus
2684 2362 2807 2401 cum
2856 2350 3129 2420 utrisque,
3166 2354 3259 2424 qui
3303 2356 3399 2410 tibi
3428 2374 3553 2414 eum

1960 2430 2102 2487 felici
2124 2433 2320 2504 gaudio
2342 2437 2674 2490 consortium
2694 2438 2895 2493 tribuat
2912 2441 3247 2511 angelorum,
3270 2454 3326 2499 et
3345 2447 3554 2504 socium

1961 2524 2123 2579 faciat
2150 2527 2603 2596 patriarcharum,
2631 2531 2682 2584 in
2719 2547 2945 2588 numero
2974 2545 3246 2606 computet
3267 2540 3556 2609 propheta-

1963 2632 2101 2682 rum,
2127 2617 2178 2670 in
2201 2618 2560 2675 exsultatione
2586 2622 2790 2677 socium
2809 2622 3372 2696 laciatapostolorum.
3405 2630 3555 2686 Scri-

1959 2716 2108 2778 ptum
2140 2718 2223 2763 est
2247 2712 2390 2764 enim
2423 2752 2436 2765 .
2473 2710 2579 2777 Qui
2613 2716 2793 2767 timent
2821 2715 3104 2771 Dominum
3132 2732 3471 2788 speraverant
3498 2723 3558 2777 in

1959 2798 2208 2864 Domino,
2239 2800 2456 2871 adjutor
2483 2818 2682 2865 eorum,
2726 2814 2773 2857 et
2803 2816 3065 2874 protector
3093 2825 3272 2862 eorum
3313 2821 3387 2864 est
3431 2810 3557 2883 (Ps.

1958 2889 2134 2961 cxm).
2170 2891 2235 2945 Et
2279 2892 2405 2946 alibi
2441 2908 2454 2945 :
2484 2891 2768 2948 Plenitudo
2806 2897 3079 2966 sapientiw
3122 2900 3305 2977 timere
3349 2901 3552 2967 Deum;

1958 2996 2008 3039 et
2056 3004 2247 3039 corona
2290 2988 2561 3058 sapientia:
2605 2988 2761 3042 timor
2806 2990 3016 3044 Domini
3061 2992 3263 3062 replens
3310 3012 3459 3064 pace,
3502 3009 3550 3050 et

1957 3073 2147 3129 salutis
2192 3076 2368 3145 fructu
2415 3077 2604 3149 (Eccli.
2639 3077 2677 3149 ι)
2738 3080 2848 3133 Et:
2880 3080 2982 3146 Qui
3026 3083 3218 3137 timetis
3264 3084 3553 3140 Dominum

1959 3165 2154 3219 credite
2179 3165 2341 3229 illi,et
2367 3184 2469 3221 non
2486 3168 2826 3222 evacuabitur
2848 3187 3042 3224 merces
3057 3182 3246 3226 vestra.
3277 3173 3381 3239 Qui
3400 3176 3555 3231 time-

1958 3258 2024 3310 tis
2051 3254 2353 3321 Dominum,
2392 3257 2592 3327 diligite
2626 3258 2796 3324 illum,
2826 3268 2873 3312 et
2904 3258 3345 3316 illuminabuntur
3385 3265 3547 3317 corda

1958 3358 2123 3401 vestra
2142 3346 2330 3418 (Eccli.
2351 3347 2434 3417 ιι).
2459 3345 2546 3410 Ει,
2569 3365 2727 3419 quam
2748 3366 2990 3419 magnus,
3014 3350 3106 3422 qui
3127 3352 3319 3406 invenit
3339 3355 3553 3424 sapien-

1958 3441 2127 3494 tiam?
2145 3441 2236 3494 sed
2255 3458 2357 3494 non
2379 3450 2453 3494 est
2488 3458 2644 3509 super
2667 3442 2930 3496 timentem
2981 3441 3149 3496 Deum
3171 3443 3363 3514 (Eccli.
3396 3446 3546 3519 xxv).

1957 3530 2156 3585 Beatus
2181 3531 2263 3583 cui
2288 3532 2469 3584 datum
2494 3538 2577 3583 est
2603 3529 2805 3585 habere
2830 3530 3075 3585 timorem
3101 3532 3217 3601 Dei,
3253 3531 3433 3587 Timor
3450 3552 3551 3589 au-

1959 3635 2060 3679 tem
2093 3623 2302 3678 Domini
2324 3623 2456 3675 sicut
2480 3621 2761 3692 paradisus
2787 3621 3157 3677 benedictionis
3203 3622 3395 3709 (Eccli.
3429 3627 3544 3697 XL).

1957 3716 2083 3786 quia
2111 3715 2164 3770 iu
2188 3714 2276 3769 illa
2301 3721 2385 3769 cst
2409 3713 2601 3768 ﬁducia
2633 3711 2996 3779 fortitudinis;
3026 3729 3123 3783 per
3151 3715 3301 3769 illum
3335 3716 3550 3773 fruetus

1957 3805 2185 3875 pullulat
2208 3806 2397 3862 salutis
2439 3816 2492 3862 et
2521 3808 2687 3877 pacis.
2719 3807 2856 3861 Audi
2880 3807 3053 3862 adhuc
3076 3816 3131 3862 et
3155 3807 3443 3879 diligenter
3462 3819 3549 3867 at-

1958 3899 2138 3963 tende,
2186 3914 2219 3953 ο
2273 3898 2566 3953 monache!
2606 3898 2734 3967 quid
2771 3896 3029 3952 Dominus
3080 3912 3180 3966 per
3226 3899 3548 3969 prophetam

1957 3992 2276 4047 timentibus
2308 4007 2367 4046 se
2417 3990 2696 4060 promittat
2726 4003 2741 4042 :
2775 3987 3012 4054 Orietur,
3059 3990 3249 4059 inquit,
3286 3991 3427 4045 vobis
3476 3993 3546 4045 ti-

1956 4083 2213 4137 mentibus
2243 4098 2429 4135 nomen
2459 4096 2631 4134 meum
2656 4077 2992 4149 soljustititc,
3032 4087 3082 4132 et
3108 4081 3308 4134 sanitas
3338 4080 3391 4134 in
3413 4098 3545 4151 pen-

1958 4174 2038 4227 nis
2076 4173 2211 4243 ejus,
2253 4182 2300 4225 et
2338 4170 2672 4241 egrediemini
2714 4180 2762 4223 et
2790 4167 2989 4223 salictis
3025 4169 3158 4224 sicut
3185 4171 3331 4226 vituli
3359 4174 3424 4227 de
3449 4191 3543 4227 ar-

1957 4271 2153 4327 mento,
2176 4270 2283 4315 etc.
2315 4258 2571 4331 (Malach.
2605 4257 2702 4331 tv).
2731 4258 2798 4313 Et
2828 4258 2943 4323 tibi,
2977 4274 3010 4313 ο
3035 4261 3319 4325 monaehe,
3347 4263 3544 4317 timen-

1957 4350 2082 4405 dum
2119 4359 2202 4405 est
2228 4365 2420 4404 nomen
2462 4348 2695 4414 Domini,
2735 4357 2796 4402 ut
2839 4348 2919 4404 sol
2943 4348 3169 4420 justitiaa
3208 4350 3303 4405 tibi
3331 4353 3542 4411 oriatur

1956 4443 2223 4511 Christus,
2259 4444 2350 4513 qui
2395 4444 2591 4498 mentis
2637 4448 2742 4497 tua:
2780 4442 3029 4496 tenebras
3082 4442 3333 4512 expellat,
3384 4444 3542 4513 igno-

1955 4537 2189 4593 rantiam
2222 4535 2401 4590 cordis
2424 4532 2656 4600 auferat,
2687 4540 2742 4588 et
2770 4531 2944 4587 lucem
2967 4531 3335 4603 intelligentia!
3361 4533 3542 4589 infun-

1954 4618 2067 4684 dat.
2101 4626 2198 4682 Hic
2234 4627 2381 4698 juste
2424 4625 2607 4680 vivere
2633 4625 2860 4689 tribuat,
2892 4632 2946 4678 et
2971 4631 3094 4695 post
3117 4632 3345 4679 mortem
3375 4625 3540 4683 vitam

1954 4728 2212 4773 aeternam
2243 4716 2526 4773 concedat.

2028 4811 2235 4868 Currite
2259 4811 2386 4865 dum
2426 4810 2600 4865 lumen
2643 4811 2759 4864 vita:
2795 4807 3016 4862 habetis.
3048 4804 3165 4861 Non
3194 4805 3284 4861 hic
3319 4822 3539 4862 cursum

1954 4903 2230 4974 corporis,
2282 4902 2375 4957 sed
2427 4899 2725 4971 profectum
2774 4898 2971 4969 qumrit
3016 4896 3341 4952 animarum.
3393 4898 3543 4954 Unde

1952 4995 2240 5052 Psalmista
2266 4995 2342 5048 ait
2373 5011 2386 5046 :
2418 4992 2575 5047 Ibunt
2607 4992 2670 5047 de
2696 4993 2882 5046 virtute
2906 4990 2963 5044 in
2988 4989 3250 5054 virtutem,
3279 5001 3326 5043 et
3351 4989 3545 5044 videbi-

1953 5100 2041 5144 tur
2082 5088 2222 5143 Deus
2261 5088 2477 5142 deorum
2519 5088 2572 5141 in
2617 5085 2746 5141 Sion
2771 5080 2945 5156 (Psal.
2973 5080 3224 5153 Lxxxnt).
3266 5082 3329 5136 Et
3364 5080 3491 5135 alibi
3522 5095 3538 5137 :

1962 5177 2115 5234 Viam
2143 5178 2512 5233 mandatorum
2543 5175 2771 5239 cucurri,
2800 5174 2924 5228 dum
2955 5171 3208 5227 dilatares
3235 5189 3328 5226 cor
3367 5187 3539 5227 meum

1955 5270 2129 5344 (Psal.
2185 5270 2396 5343 cxvut).
2438 5268 2573 5325 Nam
2616 5279 2673 5326 et
2715 5270 2805 5324 hic
2861 5285 3058 5325 cursus
3104 5267 3538 5323 observationem

1957 5365 2333 5419 mandatorum
2358 5371 2413 5417 et
2436 5361 2734 5432 profectum
2758 5360 3028 5433 signiﬁcat
3045 5360 3366 5414 animarum.
3398 5353 3538 5407 Dum

1957 5454 2133 5510 lurnen
2179 5455 2296 5508 vita:
2324 5453 2545 5519 habetis,
2584 5453 2782 5524 inquit,
2814 5453 2865 5507 id
2893 5461 2995 5516 est,
3028 5452 3152 5505 dum
3181 5446 3378 5507 vivitis,
3409 5444 3537 5497 dum

1955 5548 2110 5604 vobis
2132 5547 2255 5601 vita:
2281 5543 2439 5614 hujus
2461 5546 2692 5616 spatium
2717 5545 2986 5599 tribuitur.
3020 5541 3152 5594 Nam
3173 5546 3228 5591 et
3246 5534 3332 5609 ille
3355 5539 3538 5589 lumen

1956 5640 2081 5695 vita:
2110 5643 2166 5694 in
2197 5653 2255 5692 se
2282 5638 2448 5692 habet
2489 5637 2599 5707 qui,
2650 5636 2836 5691 relicto
2878 5632 3073 5705 prioris
3109 5624 3539 5684 conversationis

1957 5747 2166 5796 errore,
2213 5732 2280 5788 ad
2316 5729 2564 5786 meliores
2610 5728 2727 5783 vias
2769 5723 3100 5783 convertitur
3146 5720 3291 5787 vine,
3321 5717 3536 5777 dicente
