3960 6206
412 290 505 344 7b?

1683 265 1961 326 SMARAG
1970 266 2033 322 Dl
2069 261 2361 320 ABBATIS

3579 251 3675 310 108

408 398 661 472 Apostolo
686 412 700 451 :
734 396 911 450 Eratis
937 371 1221 462 aliquan'do
1247 385 1494 450 tenebrae,
1527 398 1663 437 nunc
1685 391 1859 434 autem
1892 394 1984 431 tua:
2014 383 2059 441 Α
2088 391 2226 430 mus.
2265 376 2442 428 Bonos
2466 378 2647 472 autem
2679 369 2795 426 dies
2829 384 2937 424 non
2963 366 3099 424 istos
3128 366 3339 472 dicit
3362 366 3564 470 quibus
3585 382 3681 425 ca-

405 471 463 544 δή
504 488 726 545 Domino
766 484 924 554 (Eph.
961 481 1036 551 v).
1076 477 1180 533 Sed
1213 486 1267 532 et
1310 476 1394 530 ille
1442 474 1620 529 lumen
1672 472 1793 525 vita:
1833 471 1886 524 in
1925 484 1984 524 se

408 580 591 644 habet,
613 577 702 647 qui
730 574 877 629 illum
899 572 1061 626 habet
1078 570 1168 639 qui
1188 569 1322 624 dixit
1347 587 1359 621 :
1384 565 1497 637 Ego
1518 580 1634 619 sunt
1655 563 1748 617 tua:
1768 561 1984 624 mundi;

405 672 497 741 qui
519 668 751 739 sequitur
776 680 877 727 me,
903 677 1007 715 non
1041 657 1272 712 ambulat
1305 655 1598 709 intenebris
1631 652 1812 725 (Joan.
1840 652 1984 722 vni).

411 759 561 816 Unde
585 764 638 810 et
669 755 758 810 hic
786 761 970 821 aperte
993 748 1242 817 sequitur
1269 765 1277 777 ·

480 849 563 903 Ne
614 846 836 901 tenebrae
884 843 1066 896 mortis
1116 857 1203 894 vos
1258 835 1714 907 comprehendant.
1773 832 1887 888 Hoc
1933 831 1990 886 in

408 942 529 996 loco
571 938 796 992 tenebrat
838 950 985 989 mors
1032 932 1146 987 sive
1199 929 1444 985 diabolus
1479 925 1817 997 intelligitur.
1860 922 1992 979 Pos-

412 1046 599 1086 sumus
650 1038 705 1083 et
756 1028 875 1081 illas
923 1026 1013 1087 hic
1069 1039 1173 1078 non
1225 1020 1669 1076 inconvenienter
1722 1016 1992 1087 intellige-

410 1136 470 1174 re
517 1119 769 1173 tenebras
817 1131 953 1186 quas
1000 1115 1052 1168 in
1115 1111 1406 1182 Evangelio
1454 1109 1712 1164 Dominus
1761 1108 1996 1163 exterio—

410 1224 498 1265 res
545 1206 797 1277 appellat.
879 1205 981 1272 Qui
1044 1218 1191 1265 vero,
1255 1202 1382 1256 dum
1436 1201 1644 1263 vivunt,
1691 1215 1721 1253 a
1756 1197 1903 1253 vitiis
1937 1212 1996 1253 se

408 1314 661 1369 separare
685 1313 792 1353 non
818 1305 1094 1367 satagunt,
1117 1304 1174 1349 et
1198 1293 1486 1348 virtutibus
1509 1305 1759 1346 crescere
1786 1289 1991 1352 nolunt,

410 1389 604 1444 merito
646 1404 676 1441 a
730 1388 921 1442 mortis
972 1385 1207 1440 tenebris
1254 1381 1631 1453 comprehensi
1681 1382 1734 1435 in
1785 1377 1998 1435 inferno

409 1480 593 1551 lugent
623 1478 882 1534 damnati.
914 1477 1205 1532 Interiores
1236 1475 1434 1544 quippe
1481 1472 1730 1527 tenebras
1770 1471 1999 1526 dicimus

416 1570 714 1624 caecitatem
743 1567 920 1622 cordis
940 1607 953 1630 ,
985 1565 1285 1619 exteriores
1308 1578 1439 1617 vero
1465 1563 1715 1617 tenebras
1739 1569 2001 1615 aeternam

410 1669 621 1715 noctem
654 1657 1034 1714 damnationis.
1071 1656 1222 1711 Tunc
1265 1670 1393 1726 ergo
1440 1654 1725 1708 damnatus
1770 1651 2003 1721 quisque

2086 465 2237 519 ducis
2266 462 2709 518 delectationibus
2754 474 3101 529 occupamur,
3151 458 3245 512 sed
3276 457 3397 512 illos
3432 458 3682 527 quivere

2085 556 2210 610 boni
2261 562 2390 609 sunt
2428 563 2482 607 et
2530 552 2585 606 in
2635 565 2846 606 summa
2874 550 3162 603 sanctitate
3190 557 3498 603 versantur.
3542 546 3678 613 Qusi

2085 653 2161 697 est
2188 645 2359 705 homo,
2384 626 2544 705 dicit,
2570 640 2659 711 qui
2687 638 2793 694 uult
2822 640 3001 704 vitam,
3033 638 3088 695 id
3113 645 3220 703 est,
3250 638 3416 692 vitam
3440 638 3681 703 beatam,

2087 742 2425 805 perpetuam,
2485 729 2873 793 immortalem,
2922 729 3042 783 sine
3080 736 3281 793 morte,
3338 728 3456 782 sine
3488 728 3677 785 lineet

2090 825 2209 879 sine
2233 822 2441 887 labore,
2472 821 2599 891 quia
2643 820 2698 874 in
2735 820 2837 875 hac
2863 819 2976 873 vita
3004 819 3167 873 homo
3218 819 3284 873 ad
3313 819 3557 873 laborem
3588 832 3687 873 na.

2091 916 2278 971 scitur.
2317 914 2400 969 Ad
2429 914 2595 978 illam,
2626 921 2687 967 ut
2711 913 2829 967 sine
2858 910 3067 977 labore,
3095 919 3169 976 et,
3212 919 3273 965 ut
3314 911 3367 965 in
3411 919 3683 965 aeternum

2090 1009 2260 1071 vivat,
2306 1006 2576 1076 pervenit.
2616 1003 2711 1058 Illa
2753 1012 2837 1059 est
2864 1004 3013 1058 enim
3060 1002 3173 1057 vita
3204 1004 3364 1057 beata
3413 1002 3483 1057 ad
3513 1015 3686 1071 quam

2092 1102 2185 1174 qui
2233 1116 2357 1157 cum
2407 1102 2673 1156 bonorum
2711 1113 2936 1169 operum
2987 1095 3454 1151 consummatione
3487 1108 3683 1164 perve-

2094 1194 2296 1257 nerint,
2350 1192 2524 1247 beatis
2559 1190 2768 1261 angelis
2812 1189 3019 1244 similes
3053 1195 3234 1252 crunt,
3270 1194 3325 1242 et
3354 1186 3519 1241 simul
3546 1202 3676 1240 cum

2095 1282 2206 1338 Deo
2240 1296 2340 1336 suo
2368 1281 2485 1335 sine
2509 1274 2615 1334 line
2645 1278 2964 1348 regnabunt.
3005 1277 3161 1344 Quod
3186 1277 3275 1331 hic
3303 1277 3679 1339 crediderant,

2097 1375 2169 1430 ibi
2199 1373 2455 1428 videbunt
2489 1372 2571 1427 sui
2602 1371 2866 1426 creatoris
2913 1368 3276 1424 substantiam
3305 1369 3525 1423 mundis
3560 1382 3686 1421 cor-

2096 1466 2256 1521 dibus
2315 1462 2764 1532 contemplantes,
2816 1469 3021 1515 :eterna
3072 1459 3434 1514 exsultatione
3487 1458 3690 1529 gaude-

2098 1557 2233 1611 bunt
2259 1554 2454 1609 divina:
2489 1553 2791 1608 dilectionis
2820 1560 2874 1606 et
2903 1559 3088 1606 mutua
3115 1551 3404 1606 dilectione
3436 1551 3678 1620 possessi

2103 1647 2157 1701 in
2194 1656 2479 1709 aztcrnum,
2509 1653 2566 1698 ct
2614 1642 2844 1697 invicem
2873 1641 2976 1696 sibi
3027 1641 3256 1695 feliciter
3308 1642 3686 1697 adluerebunt.

411 1766 517 1803 non
544 1732 597 1802 iii
622 1748 927 1810 interiores,
950 1747 1045 1801 sed
1065 1746 1118 1799 in
1139 1745 1439 1799 exteriores
1460 1743 1715 1798 tenebras
1731 1741 1993 1805 mittitur,
2024 1728 2073 1786 Β
2101 1738 2351 1808 Receptis
2410 1751 2533 1791 cum
2588 1733 2989 1804 incorruptione
3051 1742 3213 1803 atque
3269 1732 3689 1788 immortalitate

411 1839 536 1908 quia
585 1837 692 1892 illic
741 1837 936 1892 invitus
985 1835 1265 1907 projicitur
1311 1834 1366 1889 in
1412 1841 1568 1888 nocte
1611 1831 1991 1894 damnationis,

409 1928 502 1998 qui
524 1928 625 1999 hic
657 1936 847 1997 sponte
877 1927 1069 1982 cecidit
1113 1924 1167 1980 in
1197 1926 1490 1980 caecitatem
1530 1923 1729 1979 cordis.
1766 1922 1867 1978 Ubi
1902 1922 1997 1976 lle-

411 2027 498 2072 tus
525 2025 579 2071 ct
602 2017 802 2071 stridor
821 2016 1058 2071 dentium
1084 2030 1203 2069 esse
1225 2015 1561 2084 perhibetur,
1589 2021 1649 2068 ut
1670 2012 1780 2067 illic
1804 2012 1995 2068 dentes

410 2108 671 2162 stridcant
710 2108 800 2177 qui
854 2107 944 2161 hic
994 2106 1260 2163 edacitate
1309 2105 1648 2181 gaudebant;
1698 2103 1807 2158 illic
1850 2103 1994 2158 oculi

409 2196 641 2252 deﬂeant
670 2198 758 2268 qui
788 2197 875 2251 hic
916 2211 1014 2265 per
1044 2196 1257 2250 illicitas
1295 2195 1764 2265 concupiscentias
1802 2207 1992 2249 versa-

419 2288 617 2343 bantur
647 2302 662 2340 :
688 2295 953 2357 quatenus
976 2301 1201 2355 qumque
1227 2284 1436 2356 singula
1460 2284 1702 2339 membra
1732 2284 1995 2355 supplicio

413 2360 749 2446 subja'ceant,
792 2393 911 2447 qua:
937 2377 1025 2431 hic
1052 2377 1274 2448 singulis
1314 2377 1616 2447 quibusque
1647 2376 1794 2430 vitiis
1819 2376 1998 2446 subje-

410 2476 507 2522 cta
529 2468 855 2536 serviebant,
892 2466 951 2521 In
976 2465 1101 2521 ﬂetu
1131 2481 1345 2536 quoque
1375 2464 1654 2519 oculorum
1678 2472 1736 2519 et
1758 2464 1997 2519 stridore

413 2558 653 2613 dentium
680 2573 779 2628 per
820 2557 1190 2627 metaphoram
1216 2555 1582 2610 membrorum
1608 2552 1994 2624 corporalium,

414 2646 725 2717 magnitudo
753 2646 1057 2700 ostenditur
1089 2652 1499 2700 tormentorum.
1528 2643 1789 2699 Tenebrae
1815 2651 1997 2699 autem

414 2736 669 2791 dicuntur
693 2750 757 2791 eo
784 2736 927 2805 quod
949 2744 1165 2790 teneant
1198 2736 1437 2790 umbras.
1484 2733 1601 2791 Non
1625 2734 1833 2805 aliquid
1856 2740 2002 2807 sunt

415 2828 669 2893 tenebrai,
696 2829 790 2883 sed
824 2829 913 2883 ubi
942 2827 1034 2883 lux
1064 2837 1169 2893 est,
1196 2829 1431 2884 tenebrae
1455 2827 1605 2882 nunt.
1657 2826 1810 2883 Sicut
1853 2827 1999 2882 enim

416 2919 656 2975 tenebrae
685 2919 815 2974 nihil
841 2928 966 2975 sunt
993 2921 1095 2976 nisi
1125 2921 1367 2976 absentia
1396 2920 1549 2983 lucis,
1589 2919 1665 2975 ita
1692 2936 1842 2975 mors
1865 2919 2003 2975 nihil

412 3017 499 3064 est
531 3009 632 3064 nisi
660 3006 1060 3078 pri'vatiovitae.
1120 3010 1264 3065 Mors
1288 3011 1428 3065 dicta
1453 3010 1535 3064 vel
1566 3024 1597 3063 a
1628 3024 1811 3065 morsu
1840 3049 1856 3075 ,
1912 3009 2000 3064 vel

413 3102 536 3171 quia
565 3117 747 3155 amara
776 3111 876 3155 est.

488 3188 553 3241 Et
575 3205 810 3258 qurerens
832 3190 1087 3244 Dominus
1114 3191 1167 3243 in
1190 3190 1521 3244 multitudine
1544 3190 1742 3261 populi,
1778 3191 1864 3245 cui
1884 3191 1997 3247 hcc

413 3279 625 3343 clamat,
654 3280 947 3350 aperarium
973 3297 1146 3346 suum,
1174 3282 1362 3335 iterant
1382 3282 1531 3337 dicit.
1569 3282 1626 3337 In
1653 3283 1997 3339 multitudine

414 3371 558 3426 enim
609 3372 865 3429 Dominus
898 3387 1100 3444 paucos
1134 3377 1413 3448 operarios
1441 3378 1658 3447 quterit,
1689 3379 1813 3450 quia
1843 3379 1997 3434 multi

411 3474 533 3519 sunt
545 3465 733 3532 vocati,
754 3465 911 3535 pauci
932 3476 1107 3522 autem
1128 3466 1275 3522 electi
1300 3467 1510 3539 (Matth.
1534 3469 1648 3542 xx).
1669 3469 1875 3538 Qumrit
1897 3470 2000 3525 uti-

415 3568 520 3624 que
556 3553 837 3625 Operarios
864 3555 1024 3612 modo
1060 3557 1317 3628 przesenti
1346 3557 1401 3614 in
1428 3558 1559 3624 vita,
1588 3559 1784 3630 quibus
1810 3568 1997 3631 postea

415 3643 837 3699 misericorditer
886 3645 1128 3701 clamans
1167 3648 1355 3703 dicat:
1395 3646 1579 3704 Venite
1619 3650 1688 3704 ad
1718 3668 1798 3705 me
1819 3668 1997 3706 omnes

416 3734 503 3805 qui
557 3732 832 3802 laboratis,
874 3746 921 3789 et
972 3738 1172 3790 onerati
1207 3740 1351 3803 estis,
1397 3749 1446 3793 et
1494 3757 1586 3811 ego
1634 3742 1865 3810 reﬁciam
1886 3760 1995 3809 vos,

418 3826 552 3879 dicit
577 3824 837 3880 Dominus
868 3824 1083 3897 (Matth.
1127 3827 1224 3899 xi).
1251 3826 1525 3899 Scriptum
1561 3839 1644 3885 est
1669 3832 1811 3886 enim
1846 3850 1858 3884 :
1894 3831 1998 3899 Qui

418 3925 664 3986 operatur
688 3923 881 3969 terram
917 3931 1068 3969 suam
1114 3918 1442 3973 saturabitur
1484 3920 1730 3989 panibus.
1766 3919 1871 3986 Qui
1902 3939 2000 3976 au-

418 4016 520 4056 tem
562 4013 794 4058 sectatur
822 4004 1009 4072 otium,
1050 4005 1104 4060 in
1148 4017 1371 4077 egestate
1395 4010 1492 4062 erit
1535 4008 1717 4081 (Prov.
1752 4011 1872 4083 xn).
1909 4012 1999 4068 llle

422 4109 620 4155 terram
669 4115 823 4156 suam
874 4108 1093 4156 strenue
1129 4110 1407 4173 operatur,
1456 4105 1550 4174 qui
1591 4120 1788 4160 arcana
1820 4108 1999 4162 cordis

420 4193 500 4245 sui
524 4206 623 4261 per
644 4193 955 4262 quotidiana
980 4193 1260 4259 exercitia,
1286 4210 1385 4264 per
1412 4192 1547 4267 legis
1572 4197 1994 4263 meditationem,

420 4297 517 4351 per
552 4284 882 4354 vigilantiam
938 4284 1154 4350 mentis,
1189 4284 1337 4339 velut
1370 4301 1468 4355 per
1497 4287 1882 4357 agriculturam
1917 4289 2001 4344 in-

422 4381 631 4427 stanter
679 4376 878 4439 erudit,
908 4382 1070 4445 atque
1111 4375 1440 4444 spiritalibus
1466 4377 1622 4441 cibis,
1676 4378 1821 4433 velut
1849 4380 2001 4450 pani-

422 4464 542 4529 bus,
608 4479 675 4518 ne
724 4464 866 4520 fame
930 4468 1247 4538 ignorantia:
1308 4467 1661 4538 periclitetur,
1723 4471 1999 4528 interioris

422 4554 656 4610 hominis
680 4555 761 4610 sui
792 4571 1007 4611 sensum
1052 4558 1305 4614 invisibili
1336 4558 1593 4615 alimento
1641 4561 1866 4619 reficere
1891 4580 1995 4620 non

422 4643 651 4698 desistit.
688 4643 802 4709 Ille,
833 4644 1070 4714 inquam,
1102 4649 1192 4717 qui
1227 4648 1280 4702 in
1311 4657 1451 4703 terra
1488 4652 1734 4723 corporis
1759 4654 1843 4708 sui
1871 4670 1998 4725 ope-

422 4734 590 4785 rando
615 4739 904 4788 nocturnas
928 4745 1145 4790 exercet
1173 4738 1382 4807 vigilias
1428 4740 1728 4811 uberesque
1753 4757 1852 4812 pro
1872 4758 1998 4814 pec-

423 4822 562 4875 catis
585 4820 809 4877 elTundit
837 4823 1126 4897 lacrymas,
1174 4842 1367 4899 corpus
1394 4845 1550 4885 suum
1576 4833 1820 4887 servituti
1851 4834 1996 4889 redi-

424 4925 555 4981 gens
583 4911 827 4983 castigat,
870 4929 1086 4969 carnem
1119 4932 1268 4971 suam
1312 4917 1517 4988 jejunio
1555 4930 1796 4976 macerat
1829 4930 1883 4977 et
1905 4939 2001 4977 va-

424 5001 523 5056 riis
572 5000 946 5060 afﬂictionibus
992 5007 1221 5074 cruciat,
1261 5009 1348 5064 ille
1398 5012 1628 5079 panibus
1669 5014 1921 5082 supernis
1947 5023 2005 5070 et

422 5094 660 5164 praemiis
692 5099 1023 5153 saturabitur
1053 5101 1289 5156 aiternis.

498 5181 627 5249 Quis
665 5196 741 5239 est
775 5188 927 5240 homo
953 5188 1041 5259 qui
1085 5189 1187 5243 vult
1223 5190 1401 5257 vitam,
1434 5201 1484 5246 et
1504 5193 1645 5262 cupit
1683 5192 1854 5249 uidere
1890 5193 2002 5250 dies

424 5274 586 5328 bona:
634 5274 803 5346 (Psal.
832 5279 1031 5349 χχχιιι)
1060 5281 1085 5332 ‘t
1116 5280 1261 5335 Talis
1312 5282 1665 5353 interrogatio
1690 5284 1867 5354 posita
1891 5293 1996 5351 est,

424 5378 588 5432 quam
639 5366 877 5420 omnium
927 5369 1171 5438 sequitur
1216 5386 1491 5427 assensus.
1557 5373 1690 5441 Quis
1734 5383 1818 5431 est
1852 5375 1999 5430 enim

424 5455 519 5524 qui
571 5458 740 5526 possit
793 5455 994 5525 dicere,
1035 5468 1127 5514 aut
1172 5462 1339 5517 vitam
1387 5463 1534 5531 nolo,
1567 5472 1662 5519 aut
1688 5464 1804 5521 dies
1826 5466 2000 5522 bonos

425 5545 610 5603 videre
633 5565 738 5604 non
772 5552 974 5622 cupio?
1011 5552 1115 5609 Sed
1147 5557 1355 5611 utinam
1381 5558 1461 5613 sic
1488 5558 1653 5614 vitam
1682 5569 1997 5631 perpetuam

434 5647 808 5705 numeremus,
867 5643 1001 5697 sicut
1057 5646 1110 5700 in
1152 5647 1255 5701 ista
1295 5649 1573 5717 temporali
1606 5652 1769 5708 corda
1813 5650 1999 5723 deﬁgi-

2097 1831 2415 1902 corporibus
2459 1829 2854 1899 municipatum
2889 1829 3082 1898 patria:
3127 1828 3367 1885 cmlestis
3393 1828 3686 1898 accipient.

2095 1930 2260 1991 atque
2287 1921 2407 1992 ejus
2450 1921 2505 1974 in
2542 1927 2804 1975 aeternum
2851 1921 2998 1976 cives
3028 1919 3204 1976 effecti
3255 1920 3524 1992 promissa
3549 1935 3692 1990 pra:-

2096 2012 2206 2066 mia
2246 2010 2621 2081 reportabunt.
2655 2009 2734 2066 lbi
2795 2011 2875 2067 eis
2926 2011 3243 2067 cxulerabit
3290 2019 3437 2065 tanta
3470 2011 3684 2074 laetitia,

2094 2109 2243 2155 tanta
2269 2100 2569 2156 cmlestium
2602 2099 2774 2173 'gratia
2802 2101 3145 2173 gaudiorum,
3192 2110 3253 2154 ut
3283 2103 3689 2157 remuneratori

2094 2208 2192 2248 suo
2215 2191 2308 2264 pio
2334 2208 2432 2263 pro
2474 2192 2643 2247 tantis
2684 2192 2999 2247 muneribus
3034 2192 3235 2263 gratias
3262 2200 3448 2262 agant,
3484 2200 3542 2246 et
3566 2192 3692 2245 nul-

2094 2284 2206 2339 lum
2233 2282 2510 2338 fastidium
2555 2299 2621 2338 ex
2656 2283 2772 2354 ipsa
2822 2281 3162 2338 afﬂuentiam
3209 2283 3476 2338 bonorum
3517 2280 3695 2353 perfe-

2097 2362 2280 2430 ctione
2305 2373 2629 2429 sustineant.

2170 2462 2326 2529 Quod
2354 2463 2401 2516 si
2432 2472 2490 2516 tu
2537 2461 2783 2528 audiens,
2814 2461 3126 2535 respondeas
3151 2476 3170 2514 :
3226 2459 3359 2531 Ego,
3402 2460 3534 2514 dicit
3591 2459 3695 2515 tibi

2106 2552 2268 2607 Deus.
2311 2552 2451 2621 Quid
2480 2553 2550 2609 sit
2596 2551 2773 2608 Deus?
2804 2552 2953 2608 Deus
3004 2553 3105 2608 hoc
3129 2561 3215 2607 est
3258 2551 3403 2621 quod
3433 2550 3584 2605 nulla
3611 2559 3697 2605 at.

2098 2644 2262 2715 tingit
2290 2644 2494 2714 Opinio.
2535 2642 2665 2698 Plus
2688 2651 2773 2698 est
2811 2643 2957 2698 enim
2992 2657 3155 2712 quam
3208 2641 3352 2712 quod
3374 2640 3481 2693 dici
3510 2648 3695 2710 potest

2100 2745 2194 2791 aut
2239 2735 2487 2806 cogitari.
2527 2734 2660 2789 Nam
2706 2749 3042 2806 unaquaeque
3094 2742 3291 2788 natura
3328 2748 3429 2803 pro
3477 2733 3693 2803 capaci—

2101 2831 2211 2879 tate
2241 2838 2339 2878 sua
2365 2823 2678 2893 suspicatur
2703 2823 2769 2878 de
2806 2821 2932 2877 Deo.
2973 2822 3039 2876 Et
3065 2830 3328 2892 quantum
3379 2831 3576 2889 natura
3604 2820 3692 2877 di-

2100 2922 2211 2969 stat
2243 2929 2275 2969 a
2303 2921 2519 2980 natura,
2569 2923 2780 2968 tantum
2831 2914 3097 2968 sententia
3147 2913 3367 2967 distata
3394 2912 3691 2969 sententia.

2102 3007 2241 3076 Quia
2267 3008 2415 3062 enim
2445 3021 2610 3077 super
2643 3006 2826 3061 omnia
2852 3014 2955 3072 est,
2988 3020 3210 3060 necesse
3249 3012 3337 3060 est
3360 3012 3421 3059 ut
3442 3004 3690 3060 omnium

2025 3085 2071 3148 C
2102 3107 2314 3154 mentes
2368 3098 2613 3156 excedat.
2656 3096 2914 3152 Homines
2961 3099 3105 3153 enim
3157 3107 3422 3168 quantum
3461 3107 3696 3168 possunt

2098 3188 2271 3243 aciem
2300 3187 2502 3243 mentis
2549 3187 2864 3251 extendam,
2930 3187 3201 3257 aspiciunt
3254 3188 3385 3259 quid
3416 3188 3564 3242 Deus
3586 3189 3688 3253 sit,

2095 3279 2376 3350 opinione,
2409 3294 2518 3334 non
2572 3278 2908 3334 deﬁnitione.
2945 3279 3135 3350 Angeli
3180 3288 3379 3344 autem,
3412 3280 3504 3350 qui
3528 3295 3694 3350 supe-

2097 3372 2272 3427 riores
2331 3370 2640 3426 hominibus
2688 3378 2836 3438 sunt,
2885 3372 3014 3442 quia
3062 3372 3184 3442 plus
3220 3372 3428 3444 aliquid
3480 3372 3551 3428 de
3580 3372 3695 3428 Deo

2098 3468 2339 3522 sentiunt
2366 3482 2474 3521 non
2520 3472 2607 3522 est
2656 3466 2901 3521 dubium.
2943 3466 3270 3537 Arcbangeli
3321 3481 3455 3521 vero
3481 3466 3695 3536 eoipso

2097 3557 2347 3628 amplius.
2388 3556 2681 3613 Cberubim
2728 3564 2911 3612 autem
2964 3565 3020 3612 ct
3053 3557 3350 3627 serapbim,
3384 3558 3480 3627 qui
3512 3557 3697 3627 proxi-

2098 3666 2186 3706 me
2206 3650 2362 3722 juxta
2391 3649 2563 3706 Dcum
2594 3666 2717 3721 esse
2763 3651 3038 3716 dicuntur,
3084 3652 3290 3721 majora
3330 3652 3396 3706 de
3423 3653 3539 3708 Deo
3568 3667 3694 3708 sen-

2100 3747 2282 3801 tiunt:
2349 3762 2458 3801 non
2516 3755 2698 3803 tamen
2750 3746 3227 3817 comprehendunt
3284 3748 3504 3816 penitus
3560 3747 3693 3816 quid

2097 3838 2243 3895 Deus
2269 3840 2363 3906 sit,
2392 3840 2515 3910 quia
2555 3854 2716 3896 nemo
2753 3840 2906 3895 novit
2949 3840 3166 3895 Patrem
3213 3839 3315 3895 nisi
3365 3839 3404 3893 F
3410 3838 3561 3905 ilius,
3592 3853 3713 3895 net:-

2099 3932 2295 3987 Filium
2323 3932 2447 4002 quis
2492 3931 2648 3987 novit
2684 3930 2790 3985 nisi
2820 3930 3000 3985 Pater.
3041 3929 3209 4001 Igitur
3234 3939 3321 3985 est
3350 3928 3517 3994 Deus,
3551 3929 3693 3985 sicut

2099 4025 2412 4082 hominibus
2469 4025 2706 4090 videtur,
2757 4025 3007 4095 spiritus,
3066 4034 3262 4080 natura
3300 4025 3553 4095 simplex,
3598 4025 3688 4080 lux

2100 4114 2512 4180 inaccessibilis,
2573 4114 2885 4181 invisibilis,
2939 4115 3357 4179 inaestimabilis,
3418 4115 3687 4180 inﬁnitus.

2098 4207 2388 4278 perfectus,
2421 4206 2621 4263 nullius
2644 4221 2829 4277 egens,
2860 4218 3125 4274 aeternus,
3162 4208 3487 4263 immortalis
3516 4210 3687 4265 omni.

2101 4297 2281 4362 modo,
2317 4314 2347 4352 a
2398 4313 2506 4382 quo
2544 4298 2759 4354 initium
2797 4300 2977 4355 omnia
3028 4308 3320 4355 consecuta
3350 4311 3500 4365 sunt,
3528 4316 3689 4355 vene

2102 4389 2303 4443 randus
2331 4388 2696 4459 diligentibus,
2750 4390 3094 4455 metuendus,
3154 4400 3307 4446 extra
3359 4406 3523 4462 quem
3555 4391 3690 4447 nihil

2104 4487 2208 4545 est,
2242 4481 2352 4535 imo
2380 4481 2433 4536 in
2459 4497 2565 4552 quo
2590 4491 2717 4537 sunt
2750 4484 2958 4551 omnia,
2983 4499 3212 4554 quicque
3262 4493 3389 4540 sunt
3439 4501 3680 4551 sursum,

2104 4569 2378 4635 deorsum,
2432 4586 2641 4626 summa
2690 4580 2746 4627 et
2786 4572 2934 4639 ima;
2975 4574 3340 4645 omnipotens,
3387 4575 3575 4629 omnia
3612 4583 3691 4630 te-

2104 4674 2259 4726 nens,
2311 4676 2440 4717 vere
2496 4662 2549 4716 in
2576 4662 2829 4719 omnibus
2893 4664 3065 4730 dives,
3096 4666 3225 4734 quia
3271 4665 3406 4720 nihil
3434 4676 3522 4721 est
3546 4666 3690 4736 quod

2076 4766 2211 4813 non
2239 4750 2353 4820 ejus
2379 4752 2489 4818 sit;
2528 4752 2725 4819 bonus,
2776 4752 2977 4822 justus,
3012 4756 3345 4811 misericors.
3388 4755 3488 4810 Est
3523 4765 3580 4811 et
3606 4771 3689 4811 se-

2104 4858 2289 4910 verus,
2335 4852 2397 4898 ut
2451 4852 2681 4909 terrore,
2742 4862 2863 4917 qua:
2909 4849 2977 4903 ab
3012 4862 3077 4903 eo
3104 4848 3244 4903 bene
3289 4849 3509 4903 condita
3540 4857 3684 4913 sunt,

2108 4946 2513 5002 conserventur,
2567 4952 2635 4992 ne
2661 4938 2983 5010 negligentia
3036 4949 3255 5010 pareret
3288 4941 3414 4995 vine
3439 4943 3689 5013 principi-

2104 5027 2259 5080 tium.
2302 5026 2392 5092 Et,
2441 5042 2511 5082 ne
2564 5029 2710 5097 quod
2762 5029 3064 5085 mirabilius
3117 5039 3204 5085 est
3246 5031 3685 5101 pnetcrmittam.

2104 5123 2253 5170 tanta
2281 5124 2364 5171 est
2392 5116 2678 5173 clementia
2704 5116 2843 5188 ejus,
2887 5128 2948 5173 ut
2977 5120 3334 5176 contunielias
3386 5136 3583 5192 passus
3620 5122 3685 5175 ab

2105 5205 2193 5261 bis
2219 5221 2358 5276 quos
2389 5204 2536 5272 fecit,
2564 5206 2788 5263 suti‘erat
2814 5217 2870 5264 et
2895 5210 3045 5281 prior
3069 5219 3227 5267 vocet
3250 5226 3342 5266 eos
3371 5211 3442 5266 ad
3470 5227 3681 5281 pacem.

2179 5294 2242 5351 Si
2265 5297 2339 5352 vis
2365 5297 2554 5352 habere
2575 5315 2748 5353 veram
2778 5308 2828 5354 et
2844 5309 3146 5373 perpetuam
3170 5302 3349 5356 vitam.
3389 5303 3515 5357 Vita
3545 5304 3683 5359 dicta

2104 5396 2324 5460 propter
2357 5390 2621 5461 vigorem,
2649 5391 2735 5448 vel
2762 5393 2905 5462 quod
2957 5400 3139 5449 teneat
3173 5394 3283 5448 vim
3310 5395 3573 5450 nascendi
3599 5404 3680 5449 at-

2104 5493 2210 5549 que
2255 5480 2553 5535 crescendi.
2594 5480 2729 5549 Qua
2770 5498 2901 5539 vera
2950 5491 3006 5538 et
3032 5492 3289 5556 perpetua
3324 5484 3549 5550 dicitur,
3599 5483 3680 5539 vel

2102 5583 2203 5639 pro
2223 5567 2462 5635 Christo,
2498 5572 2591 5642 qui
2607 5572 2744 5628 dixit
2773 5591 2788 5628 :
2822 5572 2938 5647 Ego
2963 5591 3078 5629 sum
3101 5576 3207 5641 uia,
3238 5575 3451 5642 ueritas,
3493 5584 3545 5631 et
3580 5576 3679 5630 vita

2106 5655 2289 5731 (Joan.
2316 5659 2468 5732 xxv);
2501 5661 2587 5717 vel
2610 5672 2832 5735 propter
2864 5665 3239 5732 aeternitatem,
3268 5681 3375 5736 qua
3405 5667 3605 5721 vivitur
3621 5666 3670 5721 in
