3960 6206
227 305 331 357 ?th
938 300 943 305 ’
1264 299 1616 359 COMMENT.
1660 300 1725 355 1N
1768 298 1827 355 Ri

1966 301 2025 356 s.
2070 298 2446 371 BENEDICTI.
2750 354 2767 371 ,
3384 298 3488 356 7m

226 437 310 473 ea.
373 418 466 472 lsti
509 416 654 470 enim
696 416 819 469 vita:
872 429 1020 469 mors
1077 416 1341 478 succedit,
1380 414 1455 467 illi
1503 428 1799 483 nunquam.
1832 415 1879 473 Α
1908 412 2068 467 linms
2096 409 2426 476 audientem,
2460 411 2687 482 utquod
2727 410 2971 467 creditur
3023 412 3091 467 ad
3120 411 3379 467 auxilium
3411 416 3495 469 in-

226 510 519 577 Propterea
562 505 664 561 ista
695 504 874 567 fallax,
934 503 1022 558 illa
1051 520 1183 559 vero
1219 511 1445 559 vocatur
1472 518 1660 558 verax.
1698 502 1805 557 Ista
1908 503 2052 559 ferre
2090 503 2339 557 videatur
2369 503 2830 574 impedimentum.
2870 502 3022 570 Quod
3079 505 3274 559 merito
3312 505 3496 574 prohi-

226 599 465 654 breviter
487 598 803 660 terminata,
829 596 919 650 illa
945 580 1172 651 vocatur
1209 602 1491 665 perpetua.
1530 592 1639 648 Ista
1669 608 1809 647 mor-
1904 590 2083 654 betur,
2148 591 2276 661 quia
2312 606 2463 661 purae
2522 592 2869 647 conscientia:
2898 602 3113 647 constat
3148 609 3362 663 semper
3398 596 3494 649 ad-

228 690 373 754 talis,
399 689 488 742 illa
522 695 750 743 vocatur
803 695 1025 742 aeterna.
1065 686 1176 742 Ista
1221 687 1445 751 misera,
1499 684 1589 739 illa
1623 693 1809 740 autem
1906 696 2143 737 versum.

225 790 312 837 est
361 780 617 851 gloriosa.
656 779 763 834 ista
786 778 1067 833 doloribus
1115 786 1172 833 et
1199 777 1477 832 laboribus
1504 777 1687 846 plena,
1718 776 1808 830 illa
1978 771 2186 826 Dit'ertc
2227 790 2260 827 a
2285 772 2425 827 malo
2452 781 2501 827 et
2538 773 2624 842 {ac
2647 774 2838 827 bonum
2875 774 3048 846 (Psal.
3089 774 3310 846 χχχιιι).
3342 775 3493 830 Multi

226 871 462 926 sanitate
496 877 552 925 et
580 870 763 939 quiete
814 876 1001 923 manet
1036 867 1296 938 jucunda.
1337 867 1442 922 Ista
1472 867 1613 922 odiis
1635 874 1691 921 et
1717 867 1812 920 de-
1907 861 2053 916 enim
2080 860 2292 917 faciunt
2324 863 2553 928 bonum,
2601 864 2695 919 sed
2724 879 2831 918 non
2865 865 3136 920 declinant
3162 882 3192 920 a
3231 867 3388 921 malo.
3432 867 3490 921 ιιι

226 959 457 1017 fectibus
506 957 781 1028 languida,
809 957 900 1012 illa
953 957 1221 1012 charitate
1253 963 1309 1011 et
1347 955 1639 1010 virtutibus
1664 954 1813 1009 lmta-
1907 950 1996 1005 die
2059 950 2337 1007 celebrant
2398 950 2685 1023 jejunium,
2744 962 2799 1008 et
2844 947 2899 1008 in
2941 963 3099 1010 nocte
3152 957 3497 1010 committunt

226 1057 321 1102 tur
349 1047 579 1101 fecunda
626 1060 860 1116 semper.
913 1045 988 1099 De
1021 1045 1107 1099 his
1151 1044 1343 1099 beatus
1394 1042 1726 1114 Augustinus
1756 1041 1810 1095 in
1910 1040 2257 1096 adulterium.
2311 1041 2648 1113 Pauperibus
2695 1045 2937 1100 tribuunt
2990 1047 3412 1118 eleemosynam,
3442 1056 3500 1103 et

228 1137 582 1207 Expositione
618 1135 893 1207 Evangelii
951 1135 1071 1190 ait:
1128 1135 1273 1189 Duas
1323 1135 1506 1203 itaque
1534 1134 1687 1188 vitas
1708 1131 1812 1186 sibi

228 1229 491 1287 divinitus
521 1228 808 1297 przedictas
842 1226 991 1280 novit
1020 1225 1287 1280 Ecclesia.
1329 1225 1568 1291 Quarum
1598 1239 1704 1278 una
1729 1230 1815 1276 est

231 1321 287 1375 in
320 1321 448 1383 fide,
475 1320 649 1375 altera
680 1320 733 1373 in
764 1319 965 1388 specie.
1008 1318 1126 1374 Una
1173 1319 1227 1372 in
1254 1318 1711 1389 peregrinatione,
1742 1316 1816 1370 al-

1913 1146 1943 1185 a
1969 1132 2302 1201 pauperibus
2333 1133 2605 1203 accipiunt
2648 1135 2906 1205 praedam.
2948 1136 3179 1206 Pauperi
3210 1137 3497 1207 porrigunt

1914 1221 2158 1287 calicem,
2223 1231 2277 1277 et
2305 1223 2493 1277 ltibunt
2533 1224 2608 1278 illi
2663 1240 2835 1295 usque
2870 1228 2937 1280 ad
2997 1228 3338 1282 ebrietatem.
3379 1226 3500 1283 Tri-

1913 1310 2085 1366 buuat
2131 1313 2390 1367 esurienti
2438 1315 2756 1380 buccellam,
2786 1324 2840 1370 et
2888 1318 3179 1372 comedunt
3226 1334 3397 1388 usque
3427 1318 3497 1372 ad

230 1418 352 1464 tera
376 1409 430 1463 in
465 1408 786 1462 :eternitate.
831 1406 947 1464 Una
982 1407 1035 1461 in
1064 1406 1271 1471 labore,
1303 1407 1471 1460 altera
1506 1406 1561 1460 in
1600 1405 1810 1474 requie.

228 1499 351 1554 Una
379 1499 435 1552 in
463 1498 573 1563 via,
601 1497 771 1552 altera
797 1498 850 1551 in
876 1497 1070 1567 patria.
1098 1496 1217 1553 Una
1246 1512 1369 1552 cum
1400 1498 1555 1553 hoste
1586 1505 1811 1567 pugnat,

226 1590 403 1645 altera
459 1588 576 1643 sine
614 1589 770 1643 hoste
818 1596 1028 1658 regnat.
1070 1587 1215 1658 Ergo
1252 1602 1360 1641 una
1388 1588 1532 1642 bona
1584 1595 1685 1649 est,
1721 1587 1815 1642 sel
1918 1592 2003 1638 tes
2038 1599 2069 1637 a
2100 1584 2289 1643 dextra
2320 1586 2509 1641 nolunt
2537 1602 2826 1658 segregare
2856 1588 3152 1643 sinistram.
3181 1588 3341 1644 Aliud
3368 1604 3498 1644 vero

227 1684 413 1737 adhuc
473 1683 694 1746 misera,
750 1682 919 1736 altera
957 1681 1172 1745 melior,
1229 1690 1285 1737 ει
1310 1683 1489 1737 beata,
1532 1681 1611 1736 Ad
1649 1698 1814 1753 quam
1919 1685 2092 1742 genus
2120 1672 2399 1728 hominum
2428 1683 2483 1728 et
2507 1675 2659 1731 valde
2682 1679 3073 1733 monachorum
3100 1686 3203 1744 est,
3244 1678 3387 1747 quod
3415 1679 3498 1734 di-

227 1776 326 1846 qui
366 1775 491 1830 felix
529 1775 755 1840 venerit,
798 1774 938 1830 felici
990 1775 1187 1846 gaudio
1237 1784 1446 1832 aeterno
1501 1776 1814 1847 perfruetur
1844 1767 1887 1825 B
1916 1763 2081 1817 vertit
2108 1776 2139 1816 a
2165 1762 2310 1817 malo
2336 1773 2391 1819 et
2415 1776 2673 1835 operatur
2697 1768 2916 1823 minime
2964 1768 3183 1823 bonum.
3226 1769 3500 1823 Tcrrenos

1915 1403 2211 1473 crapulam.
2252 1405 2319 1459 Et
2344 1415 2404 1460 ut
2453 1407 2695 1462 breviter
2723 1409 2920 1472 dicam,
2960 1410 3013 1462 in
3065 1409 3280 1478 publico
3312 1412 3415 1474 fas,
3444 1415 3499 1463 et

1916 1494 1972 1547 in
2011 1494 2226 1549 occulto
2261 1511 2368 1549 non
2399 1505 2617 1550 cessant
2645 1512 2805 1564 agere
2837 1496 3009 1551 nefas.
3036 1498 3100 1550 Et
3131 1498 3315 1551 taliter
3336 1513 3500 1568 agen-

228 1886 284 1922 ιη
312 1883 499 1940 regno.

304 1957 531 2012 Prohibe
553 1957 787 2028 linguam
818 1970 965 2015 tuam
991 1979 1024 2016 a
1055 1961 1195 2017 malo
1220 1962 1396 2035 (Psal.
1424 1964 1643 2036 χχχιιι).
1680 1962 1819 2018 Pro-

226 2048 371 2113 kibe,
394 2048 551 2113 dicit,
600 2049 832 2115 abstine',
863 2052 1079 2125 cphihe,
1138 2068 1351 2120 coerce,
1383 2054 1468 2109 vel
1499 2055 1814 2125 comprime.

230 2138 272 2191 Α
333 2136 497 2203 malo,
539 2138 859 2195 subauditur
916 2143 1086 2207 omni,
1123 2143 1381 2199 videlicet
1441 2144 1817 2210 detractionis,

229 2225 652 2293 maledictionis,
678 2231 1144 2296 murmurationis,
1187 2232 1481 2297 irrisionis,
1538 2234 1821 2303 vitupera-

227 2314 420 2381 tionis,
481 2317 693 2388 injustte
731 2318 1142 2390 increpationis,
1187 2338 1218 2376 a
1250 2324 1430 2380 verbis
1472 2323 1822 2377 mendacibus

226 2414 287 2462 et
316 2409 661 2465 sermonibus
681 2412 894 2477 otiosis,
919 2421 975 2467 et
997 2412 1213 2467 similia.
1239 2413 1513 2484 Scriptum
1528 2422 1615 2469 est
1633 2414 1777 2469 enim
1803 2431 1816 2466 :

228 2495 611 2553 Detrahentem
670 2509 867 2556 secreto
923 2502 1162 2573 proximo
1213 2520 1310 2557 suo
1355 2498 1492 2558 [tunc
1539 2519 1823 2575 persequar

229 2587 416 2657 (Psel.
450 2587 524 2661 c).
555 2590 644 2657 Et,
673 2591 856 2664 Neque
902 2593 1147 2648 maledici
1194 2611 1407 2666 regnum
1454 2595 1550 2650 Dei
1583 2596 1821 2665 posside-

229 2688 367 2736 bunt
401 2670 593 2751 (ICor.
621 2683 719 2756 vt).
751 2684 837 2751 Et,
872 2684 977 2751 Qui
1007 2697 1481 2752 murmuraeerunt,
1510 2706 1544 2743 α
1571 2689 1823 2758 serpenti-

229 2774 336 2828 bus
362 2774 626 2844 perierunt
651 2774 705 2846 (Ι
727 2772 851 2830 Cor.
880 2776 960 2846 χ).
990 2777 1076 2841 Et,
1118 2774 1191 2832 Os
1222 2777 1364 2848 quod
1393 2779 1663 2844 mentitur,
1691 2780 1824 2833 occi-

229 2866 316 2920 rlit
341 2866 573 2920 animam
597 2865 750 2938 (Sap.
780 2869 840 2939 ι).
872 2867 960 2934 Et,
990 2868 1188 2923 Perdes
1250 2886 1428 2923 omnes
1481 2871 1573 2937 qui
1598 2871 1824 2941 loquun-

229 2964 330 3010 tur
380 2956 711 3011 mendacium
743 2958 917 3030 (Psal.
956 2960 1037 3031 v),
1065 2968 1121 3015 et
1145 2961 1233 3015 his
1262 2960 1485 3016 similia.
1526 2961 1685 3025 Ecce,
1709 2978 1823 3017 mo-

232 3044 455 3102 nache!
495 3063 595 3102 cur
631 3048 829 3105 dicitur
877 3050 1094 3116 prohibe
1139 3049 1373 3121 linguam
1419 3062 1566 3108 tuam
1590 3070 1622 3106 a
1648 3052 1815 3109 malo.

1918 1851 1970 1907 in
1996 1852 2196 1907 saeculo
2222 1852 2477 1924 relinquit
2504 1855 2735 1922 labores,
2790 1864 2846 1911 et
2872 1858 2924 1911 in
2959 1856 3292 1911 monasterio
3330 1864 3500 1911 secta-

1917 1952 2005 1998 tur
2036 1944 2362 2001 otiositates.
2404 1947 2481 2003 De
2525 1948 2720 2004 talibus
2770 1951 2916 2004 enim
2952 1950 3213 2005 Dominus
3252 1950 3367 2003 ait:
3400 1949 3502 2002 Ar-

1918 2034 2012 2089 bor
2030 2048 2148 2107 qua
2169 2050 2275 2088 non
2331 2036 2459 2106 facit
2495 2037 2724 2108 fructum
2787 2041 2996 2105 bonum,
3055 2039 3345 2104 excidatur,
3372 2048 3417 2092 et
3444 2040 3500 2092 in

1915 2128 2087 2199 ignem
2118 2132 2350 2187 mittetur
2369 2129 2586 2202 (Matth.
2611 2146 2714 2195 vn;
2748 2129 2873 2184 Luc.
2899 2129 3005 2200 ιιι).
3032 2131 3099 2185 Ει
3127 2131 3182 2184 in
3213 2129 3484 2201 Apocaly-

1916 2219 2000 2288 psi
2032 2237 2047 2272 :
2077 2219 2214 2286 Quia
2252 2237 2344 2274 nec
2378 2220 2624 2291 frigidus,
2651 2237 2742 2274 nec
2776 2220 3003 2287 calidus,
3050 2221 3140 2275 sed
3186 2220 3391 2292 tepidus
3418 2237 3493 2284 es,

1918 2322 1967 2367 et
2041 2330 2293 2368 nauseam
2348 2313 2502 2383 facis,
2526 2313 2772 2383 incipiam
2807 2322 2856 2367 te
2881 2329 3112 2368 evomere
3166 2312 3231 2367 de
3274 2329 3364 2367 ore
3388 2327 3506 2365 meo

1923 2405 2107 2477 (Apoc.
2136 2392 2246 2478 tu),
2285 2406 2415 2461 dicit
2447 2405 2726 2460 Dominus.
2786 2404 2942 2459 Unde
2969 2413 3025 2459 et
3053 2405 3300 2459 otiositas
3323 2403 3506 2458 inimi-

1921 2513 1987 2553 ca
2016 2512 2136 2552 esse
2176 2495 2502 2552 describitur
2536 2495 2749 2550 animat.
2790 2494 2932 2566 Ergo
2986 2494 3256 2549 divertere
3281 2508 3311 2547 a
3335 2492 3504 2558 malo,

1920 2592 1977 2640 et
2004 2584 2186 2640 facere
2212 2585 2414 2639 bonum
2451 2583 2816 2656 singulariter,
2843 2593 2898 2638 et
2936 2584 3156 2655 proprie
3190 2591 3275 2639 est
3298 2582 3503 2638 electo-

1921 2691 2062 2730 rum.
2105 2674 2222 2729 Non
2252 2675 2395 2729 enim
2446 2689 2607 2743 super
2663 2675 2870 2745 spinas,
2918 2674 3151 2729 tribulos
3186 2673 3269 2729 vel
3301 2673 3509 2728 urticas

1922 2765 2157 2837 agricola
2186 2764 2269 2819 vel
2294 2764 2559 2819 borticola
2598 2763 2810 2836 frugum
2842 2780 3065 2820 suarum
3095 2765 3233 2819 serit
3273 2763 3505 2829 semina,

1922 2857 2015 2914 sed
2051 2857 2205 2930 prius
2250 2858 2318 2912 ab
2364 2856 2451 2912 his
2490 2863 2687 2928 purgat
2717 2871 2923 2926 agrum,
2973 2865 3027 2911 et
3058 2856 3137 2911 sic
3165 2854 3338 2925 jactat
3378 2870 3509 2910 con-

1922 2948 2165 3020 gruentis
2208 2946 2434 3002 seminis
2468 2960 2714 3016 granum.
2756 2944 2833 2999 lta
2862 2953 2919 3000 et
2947 2945 3240 3001 electorum
3278 2944 3512 3016 quisque

1930 3038 2080 3108 prius
2100 3038 2279 3092 cordis
2309 3044 2366 3093 et
2392 3036 2642 3107 corporis
2684 3036 2768 3090 sui
2821 3052 3007 3106 agrum
3054 3051 3084 3089 a
3115 3036 3262 3090 vitiis
3291 3041 3507 3105 purgat,

233 3136 295 3194 Si
324 3138 473 3193 enim
496 3140 867 3197 detrahentem
913 3142 1177 3198 Dominus
1222 3120 1593 3215 pel-sequitur,
1629 3154 1684 3201 α
1714 3162 1826 3201 ma.
1851 3120 1898 3183 Ο
1928 3135 1985 3183 et
2012 3135 2200 3199 postea
2254 3128 2513 3181 virtutum
2538 3127 2743 3182 semina
2764 3127 2973 3198 jactat:
3007 3136 3062 3182 et
3105 3127 3209 3182 hoc
3232 3125 3395 3182 modo
3424 3126 3509 3182 di-

233 3225 401 3284 ledici
427 3242 650 3299 regnum
681 3231 775 3286 Dei
809 3248 916 3288 non
967 3233 1265 3304 possident,
1298 3242 1355 3290 et
1394 3248 1828 3293 murmuratores

234 3333 265 3372 a
298 3320 670 3389 serpentibus,
717 3322 772 3377 id
827 3332 912 3379 est
964 3340 995 3378 a
1040 3324 1392 3391 daemonibus,
1444 3329 1743 3398 perierunt,
1773 3338 1832 3385 et

234 3412 433 3482 perdet
460 3413 606 3468 Deus
631 3429 822 3471 omnes
850 3416 943 3486 qui
973 3416 1271 3487 loquuntur
1310 3419 1673 3484 mendacium,
1704 3434 1828 3474 cum

236 3502 388 3555 omni
410 3501 687 3573 vigilantia
712 3506 1003 3573 prohibere
1035 3506 1296 3562 debemus
1316 3506 1554 3579 linguam
1587 3517 1828 3563 nostram

237 3606 268 3644 a
298 3593 466 3658 malo,
520 3610 589 3649 ne
619 3611 742 3651 cuin
774 3596 859 3651 his
900 3598 1253 3667 pereuntibus
1311 3607 1370 3653 et
1398 3614 1498 3653 nos
1546 3613 1831 3669 pereamus

239 3684 295 3738 in
324 3694 613 3740 aeternum.
656 3686 724 3741 Et
775 3688 952 3744 adhuc
999 3689 1065 3743 de
1113 3686 1255 3743 malo
1302 3688 1499 3760 linguae
1548 3689 1831 3744 audiamus

237 3776 372 3844 quid
429 3774 665 3834 Jacobus
716 3780 999 3850 apostolus
1052 3780 1218 3845 dicat,
1273 3781 1350 3835 ait
1378 3780 1569 3835 enim:
1628 3779 1831 3850 Lingua

239 3869 383 3938 ignis
414 3879 514 3934 est,
552 3880 600 3924 et
624 3871 937 3926 universitas
987 3873 1281 3944 iniquitatis
1309 3871 1449 3943 (Jac,
1484 3870 1587 3942 ιιι).
1625 3870 1832 3941 Lingua

239 3960 598 4016 constituitur
614 3962 681 4017 ‘in
711 3963 969 4020 membris
998 3965 1219 4029 nostris,
1247 3979 1369 4034 qum
1399 3964 1638 4018 maculat
1663 3972 1832 4018 totum

240 4067 470 4122 corpus,
525 4062 581 4109 et
608 4053 904 4111 inﬂammat
932 4064 1104 4110 rotam
1160 4057 1461 4111 nativitatis
1504 4064 1726 4122 nostne,
1756 4055 1837 4107 in-

240 4144 523 4200 ﬂammata
551 4161 579 4199 a
597 4145 859 4216 gehenna.
900 4144 1089 4200 Omnis
1116 4147 1259 4201 enim
1289 4155 1483 4201 natura
1508 4146 1832 4208 bestiarum,

241 4243 298 4290 et
330 4235 630 4299 volucrum,
681 4244 737 4290 et
763 4237 1115 4306 serpentium,
1170 4236 1336 4290 etiam
1380 4244 1696 4291 cacterorum
1738 4236 1836 4292 do-

241 4335 472 4380 mantur
493 4334 550 4382 et
573 4326 792 4381 domata
821 4334 949 4381 sunt
971 4343 1000 4380 a
1033 4337 1226 4381 natura
1276 4327 1537 4391 humana,
1592 4325 1831 4396 linguam

1926 3220 2090 3274 vortit
2113 3235 2146 3273 a
2173 3219 2338 3284 malo,
2361 3225 2417 3274 et
2444 3216 2575 3273 facit
2594 3219 2794 3273 bonum
2824 3218 3003 3273 omnis
3030 3217 3214 3273 homo.

2000 3331 2215 3404 lnquire
2271 3348 2475 3403 pacem,
2525 3342 2571 3385 et
2628 3347 2841 3403 sequere
2891 3347 3007 3386 eam
3075 3328 3247 3404 (Psal.
3287 3328 3511 3399 xum).

1931 3422 2120 3477 Sciens
2162 3430 2342 3475 autem
2385 3420 2658 3490 Pr0phcta
2686 3419 2739 3474 in
2792 3423 2893 3474 hoc
2926 3434 3099 3490 agone
3139 3418 3324 3474 saeculi
3375 3433 3504 3474 cum

1928 3528 2158 3584 corpore
2212 3526 2403 3583 pacem
2450 3510 2798 3565 ﬁdelissimos
2853 3525 2962 3564 non
3018 3510 3242 3575 habere,
3294 3517 3503 3565 etcum

1930 3605 2045 3660 suis
2073 3604 2219 3658 vitiis
2252 3602 2343 3657 hic
2380 3601 2487 3656 illis
2517 3601 2831 3656 continuum
2881 3614 3003 3657 esse
3052 3609 3354 3664 certamen,
3391 3599 3512 3670 pul—

1930 3694 2204 3749 cherrime
2235 3692 2388 3759 dicit,
2419 3691 2624 3763 inquire
2655 3707 2836 3762 pacem
2859 3708 2877 3757 ;
2916 3699 2979 3745 ut
3002 3690 3249 3761 quamvis
3279 3705 3400 3746 eam
3423 3689 3515 3745 hic

1932 3799 2040 3838 non
2089 3782 2348 3847 habeant,
2398 3790 2578 3837 tamen
2621 3795 2837 3851 semper
2882 3781 2952 3837 ab
2999 3781 3078 3837 eis
3117 3781 3514 3837 studiosissime

1929 3876 2316 3947 perquiratur;
2348 3875 2436 3930 hic
2462 3874 2712 3944 imperat,
2739 3889 2952 3946 sequere
2973 3889 3109 3938 eam,
3138 3874 3291 3944 quasi
3319 3888 3518 3943 prmce-

1933 3969 2170 4023 dentem.
2209 3966 2527 4034 Quaeramus
2560 3978 2686 4036 ergo
2710 3963 2905 4030 seduli,
2941 3978 3238 4033 sequamur
3288 3962 3505 4027 intenti,

1936 4058 2062 4127 quia
2088 4057 2200 4121 illic
2228 4071 2347 4110 eam
2396 4055 2641 4109 invenire
2665 4068 2769 4108 non
2809 4067 3114 4122 possumus,
3148 4051 3251 4106 nisi
3281 4051 3371 4105 hic
3396 4050 3515 4105 dili-

1933 4149 2148 4222 gentius
2204 4148 2562 4219 inquiramus.
2604 4144 2735 4213 Qua:
2766 4152 2894 4199 tunc
2931 4141 3319 4212 comprehendi
3364 4140 3515 4195 dabi-

1937 4249 2045 4304 tur,
2095 4238 2311 4309 quando
2364 4236 2539 4307 ipsum
2591 4234 2989 4305 conspiciemus
3017 4232 3167 4302 pacis
3209 4240 3510 4285 auctorem.

1935 4331 2047 4385 Pax
2078 4336 2163 4383 est
2190 4328 2458 4384 serenitas
2501 4326 2723 4391 mentis,
2756 4323 3117 4393 tranquillitas
3172 4320 3357 4385 animi,
3387 4319 3517 4375 sim-

239 4426 436 4471 autetn
465 4415 643 4472 nullus
696 4416 974 4472 hominum
1023 4417 1244 4471 domare
1277 4425 1456 4486 potest
1486 4435 1499 4470 :
1532 4416 1832 4486 inquietum
1860 4465 1914 4525 Β
1936 4424 2158 4496 plicitas
2180 4422 2379 4486 cordis,
2410 4419 2612 4474 amoris
2635 4416 2931 4480 vinculum,
2973 4416 3303 4471 consortium
3334 4415 3515 4473 chari-

241 4509 455 4565 malum
488 4549 505 4574 ,
557 4508 715 4580 plena
768 4524 978 4564 veneno
1035 4507 1363 4575 mortifero;
1407 4508 1461 4563 in
1517 4508 1630 4577 ipsa
1672 4509 1836 4563 bene-

239 4600 487 4656 dicimus
510 4598 679 4654 Deum
711 4609 767 4655 et
797 4599 1035 4665 Patrem,
1092 4607 1150 4654 et
1196 4599 1250 4653 in
1296 4599 1412 4668 ipsa
1465 4597 1839 4652 maledicimus

242 4690 527 4754 homines,
574 4690 666 4760 qui
718 4690 786 4744 ad
818 4690 1227 4745 similitudinem
1262 4690 1355 4744 Dei
1413 4688 1538 4744 facti
1570 4698 1736 4743 sunt:
1771 4703 1837 4744 ex

241 4784 372 4852 ipso
427 4797 524 4837 ore
576 4782 824 4851 procedit
878 4781 1186 4836 benedictio
1240 4790 1297 4836 et
1345 4780 1671 4847 maledictio,
1727 4796 1837 4837 non

239 4882 468 4947 oportet
492 4874 608 4928 lucc
631 4874 706 4931 ita
735 4873 872 4938 ﬁeri,
900 4881 1006 4929 etc.

324 4967 395 5022 Et
419 4967 563 5022 labia
591 4978 682 5021 tua
719 4983 784 5022 ne
805 4966 1090 5038 loquantur
1123 4967 1326 5021 dolum.
1368 4967 1614 5021 Imitetur
1637 4966 1833 5033 bonus,

236 5068 519 5131 quantum
578 5066 775 5127 potest,
829 5059 1129 5115 monachus
1179 5058 1488 5125 Dominum,
1531 5068 1585 5113 et
1640 5074 1740 5115 nec
1780 5060 1835 5114 in

236 5150 422 5209 corde
456 5158 660 5215 teneat,
717 5164 820 5205 nec
843 5149 899 5205 in
943 5149 1102 5205 labiis
1152 5150 1407 5221 loquatur
1461 5150 1659 5205 dolum.
1699 5150 1835 5218 Quia

238 5241 514 5297 Dominus
542 5241 741 5296 malum
784 5258 888 5296 non
922 5241 1068 5310 fecit,
1096 5257 1188 5296 nec
1227 5241 1382 5296 dolus
1416 5243 1652 5295 inuentus
1678 5252 1753 5295 est
1783 5244 1838 5297 in

235 5348 347 5387 ore
375 5331 494 5403 ejus
521 5333 670 5402 (lsa.
691 5347 782 5390 Lut
811 5348 828 5399 ;
868 5331 898 5385 Ι
928 5329 1078 5386 Petri
1107 5330 1189 5403 ιι).
1214 5331 1498 5401 Disperdet
1524 5332 1672 5386 enim
1696 5332 1839 5407 Deus

236 5424 398 5479 labia
434 5423 641 5487 dolosa,
675 5439 866 5479 eorum
904 5425 1159 5480 videlicet
1223 5425 1314 5495 qui
1372 5425 1426 5480 in
1489 5426 1651 5480 corde
1691 5433 1747 5480 et
1773 5426 1840 5481 de

234 5514 422 5572 corde
447 5512 613 5572 locuti
632 5525 758 5572 sunt
780 5515 943 5571 mala.
979 5514 1143 5571 Dolus
1177 5523 1358 5570 autem
1372 5524 1602 5571 vocatur
1625 5515 1837 5571 occulta

239 5604 465 5661 malitia
491 5605 708 5662 blandis
758 5607 1100 5663 sermonibus
1129 5606 1415 5674 adornata,
1449 5622 1570 5678 qure
1619 5608 1840 5678 proprie

239 5698 435 5765 fraus,
461 5697 672 5758 insidiae
699 5712 794 5757 seu
838 5698 1048 5758 fallacia
1087 5708 1471 5770 nuncupatur;
1514 5700 1731 5771 quando
1748 5699 1843 5756 fal-

1942 4516 2087 4572 talis.
2114 4515 2243 4570 limo
2266 4521 2352 4568 est
2372 4527 2491 4583 qua:
2516 4511 2818 4568 simultates
2839 4510 2995 4574 tollit,
3027 4508 3163 4565 bella
3195 4509 3514 4581 compescit,

1940 4607 2257 4678 comprimit
2291 4606 2423 4671 iras,
2477 4604 2736 4675 superbos
2798 4600 2993 4668 calcat,
3053 4601 3284 4656 humiles
3347 4610 3515 4669 amat,

1940 4700 2220 4757 discordes
2265 4699 2442 4763 sedat,
2492 4695 2742 4752 inimicos
2802 4695 3134 4759 concordat;
3175 4693 3384 4749 cunctis
3435 4702 3520 4749 est

1940 4791 2171 4863 placida,
2198 4806 2303 4845 non
2336 4787 2531 4859 quaerit
2566 4786 2763 4853 aliena,
2793 4784 2927 4840 nihil
2967 4786 3187 4867 deputat
3215 4800 3394 4851 suum,
3425 4784 3521 4868 do-

1941 4894 2028 4941 cet
2053 4899 2241 4941 amare
2267 4897 2388 4953 quae
2411 4881 2591 4937 odisse
2625 4896 2729 4935 non
2758 4877 2928 4945 novit,
2983 4866 3160 4933 nescit
3187 4876 3393 4943 extolli,
3426 4866 3521 4933 ne-

1945 4979 2051 5033 scit
2079 4976 2271 5032 inflari.
2312 4975 2462 5029 lianc
2497 4988 2625 5044 ergo
2654 4970 2746 5041 qui
2781 4969 2992 5040 accepit
3043 4978 3242 5035 teneat,
3275 4970 3366 5040 qui
3397 4985 3522 5040 pcr-

1939 5068 2077 5124 (idit
2113 5073 2345 5136 repetat,
2381 5064 2472 5134 qui
2509 5062 2692 5119 amisit
2734 5060 3015 5131 requirat;
3054 5062 3310 5132 quoniam
3337 5062 3431 5133 qui
3462 5062 3517 5116 in

1939 5161 2126 5216 eadem
2162 5174 2222 5214 re
2258 5173 2367 5213 non
2398 5156 2499 5213 fuit
2536 5157 2809 5220 inventus,
2840 5154 3123 5209 abdicatur
3147 5170 3178 5210 a
3207 5153 3388 5220 Patre,
3419 5169 3519 5211 ex-

1942 5252 2310 5306 hzeredatura
2370 5248 2523 5309 Filio,
2594 5245 2947 5301 nihilominus
3001 5245 3269 5317 aSpiritu
3331 5250 3524 5302 sancto

1943 5341 2153 5397 alienus
2178 5338 2429 5394 efficitur.

2015 5429 2084 5484 Et
2111 5444 2228 5483 cum
2259 5428 2370 5483 lucc
2392 5427 2637 5498 feceritis.
2677 5425 2733 5483 Id
2755 5435 2857 5494 est,
2886 5427 3217 5498 supradicta.

2017 5517 2171 5574 Oculi
2196 5519 2298 5574 mei
2337 5534 2493 5590 super
2536 5535 2643 5574 vos.
2704 5519 2831 5575 liazc
2866 5536 2970 5575 vox
3005 5518 3216 5573 Domini
3259 5525 3336 5572 est
3359 5556 3375 5580 ,
3413 5529 3520 5572 vox

1945 5611 2348 5677 misericordiae,
2387 5625 2491 5666 vox
2546 5612 2786 5682 pietatis,
2815 5612 2906 5680 qui
2960 5618 3019 5662 ut
3043 5608 3157 5664 haec
3209 5607 3278 5663 ab
3303 5607 3521 5664 homine

1947 5702 2079 5758 ﬁant
2105 5700 2533 5757 misericorditer
2559 5708 2805 5772 perstat,
2855 5696 2981 5769 quia
3008 5695 3143 5751 nihil
3190 5703 3370 5771 potest
3412 5698 3518 5754 hu-
