3960 6206
446 323 544 379 ’111

1722 292 2077 351 SMARAGDI
2111 290 2400 347 ABBATIS

3605 279 3704 340 71!

444 449 606 493 mana
651 430 912 501 fragilitas
941 426 1045 481 nisi
1078 423 1222 494 quod
1266 432 1429 491 posse
1466 413 1675 472 dederit
1701 411 1882 466 divina
1903 423 2021 464 ma-
2049 409 2102 468 Α
2128 406 2259 460 mini
2319 405 2524 501 sanctis
2553 402 2838 501 monachis
2888 408 3008 501 est,
3051 399 3174 469 quia
3201 413 3296 453 eos
3326 398 3395 453 ad
3420 412 3546 501 eam
3584 413 3700 501 ma:

439 527 631 596 jestas.
670 521 737 575 Et
766 534 886 572 cum
936 517 1045 569 lucc
1081 512 1330 582 feceritis,
1363 506 1511 567 dicit,
1540 504 1593 559 id
1620 509 1723 567 est,
1751 516 1875 556 cum
1896 512 2024 570 pro-

442 613 728 672 hibueritis
769 612 1009 680 linguam
1036 612 1276 660 vestram
1316 617 1348 656 a
1375 599 1536 665 malo,
1575 606 1631 652 et
1656 596 1799 651 labia
1838 601 2021 649 vestra

445 722 550 760 non
575 702 776 757 fuerint
816 699 997 753 locuta
1031 695 1211 750 dolum
1243 711 1257 757 ;
1295 706 1417 747 cum
1447 686 1776 744 diverteritis
1801 701 1832 741 a
1853 684 2021 749 malo,

443 803 499 849 et
527 791 772 848 feceritis
799 790 1032 852 bonum;
1064 800 1189 839 cum
1211 779 1569 853 inquisieritis
1608 779 1820 847 pacem,
1850 784 1906 832 ct
1932 790 2023 830 se-

443 882 555 938 cuti
618 879 831 935 fueritis
895 891 1038 940 eam,
1089 883 1218 928 tunc
1276 870 1414 926 oculi
1446 869 1550 923 mei
1582 884 1738 938 super
1776 882 1883 921 vos.
1922 864 2023 920 Hic

446 969 585 1025 oculi
617 965 827 1023 Domini
876 962 1141 1033 respectio
1183 960 1367 1015 divina
1419 965 1667 1022 vocatur,
1716 970 1837 1025 qua:
1862 968 2026 1023 super

439 1062 619 1129 justos
669 1053 1093 1111 misericorditer
1129 1050 1390 1121 aperitur.
1432 1046 1689 1115 Respexit
1735 1044 1883 1099 enim
1919 1042 2024 1097 Do-

446 1150 625 1203 minus
653 1146 897 1210 Petrum,
922 1150 977 1198 et
1000 1142 1089 1196 ille
1142 1141 1295 1195 verbi
1324 1139 1540 1194 Domini
1597 1136 1913 1192 recordatus
1939 1141 2023 1190 est

444 1238 609 1300 illico,
648 1244 705 1290 et
733 1248 916 1288 amare
966 1231 1113 1287 ﬁevit
1168 1229 1318 1302 (Luc.
1381 1227 1538 1298 χχιι),
1576 1228 1703 1296 quia
1729 1235 1812 1281 ter
1840 1226 2023 1281 Domi-

444 1341 573 1382 num
632 1324 863 1394 negavit.
902 1323 1044 1392 Ergo
1073 1320 1213 1375 oculi
1271 1319 1508 1384 Domini,
1543 1319 1594 1373 id
1643 1326 1728 1372 est
1754 1316 2024 1386 respectio

444 1418 647 1482 divina,
679 1425 733 1469 et
765 1414 1078 1469 memoriam
1103 1412 1267 1483 justis
1291 1410 1482 1464 tribuit
1512 1417 1566 1464 et
1587 1408 2020 1477 intelligentiam,

444 1514 501 1562 et
530 1523 560 1561 a
584 1514 758 1561 morte
782 1520 876 1560 eos
908 1514 1110 1558 :cterna
1141 1513 1196 1557 et
1222 1518 1254 1556 a
1285 1502 1424 1555 fame
1446 1501 1642 1555 liberat
1669 1500 2020 1567 sempiterna.

447 1595 541 1651 Sic
567 1596 714 1650 enim
735 1594 866 1649 etin
890 1593 995 1647 alio
1040 1592 1299 1646 scribitur
1332 1591 1582 1660 psalmo:
1625 1587 1779 1643 Oculi
1812 1589 2025 1643 Domini

2124 513 2285 569 gnam
2317 495 2715 551 multitudinem
2744 492 3042 548 dulcedinis
3067 507 3200 554 sum,
3229 506 3392 560 quam
3419 490 3706 547 abscondit

2126 588 2443 643 timentibus
2473 600 2556 650 se,
2591 584 2803 639 invitat.
2840 583 3040 637 Factus
3074 592 3160 636 est
3187 581 3292 635 illis
3318 582 3613 645 habitator,
3645 590 3706 635 ut

2125 691 2219 732 eos
2247 677 2411 731 etiam
2463 689 2573 730 non
2625 674 2905 728 invocatus
2946 671 3221 726 exaudiat.
3284 670 3483 726 Factus
3532 671 3623 726 via
3652 681 3706 727 et

2122 768 2323 839 patria,
2351 774 2413 820 ut
2464 780 2563 835 per
2588 763 2737 819 illum
2790 762 2859 816 ad
2887 761 3037 815 illum
3098 760 3336 815 veniant.
3388 759 3589 815 Factus
3613 773 3708 831 pa-

2125 871 2258 927 stor,
2290 871 2348 918 et
2372 862 2576 917 ostium
2613 868 2670 915 et
2691 874 2915 928 pascua,
2947 865 3011 912 ut
3062 857 3131 912 ab
3158 857 3251 911 illo
3298 857 3585 928 gubernati
3612 871 3711 929 per

2126 969 2251 1008 eum
2308 953 2533 1017 intrent,
2581 960 2639 1007 ct
2697 949 3094 1020 ingrediantur,
3151 955 3209 1003 et
3251 948 3626 1018 egrediantur,
3655 955 3713 1004 et

2124 1058 2325 1114 pascua
2355 1042 2652 1097 inveniant.

2199 1135 2335 1189 Ecce
2356 1135 2547 1205 pietate
2569 1149 2667 1188 sua
2711 1132 3035 1186 demonstrat
3065 1130 3211 1183 nobis
3266 1128 3522 1182 Dominus
3570 1129 3707 1182 uiam

2126 1227 2262 1280 vitm.
2299 1225 2419 1294 ipse
2472 1238 2603 1294 ergo
2630 1222 2914 1285 Dominus,
2944 1227 3004 1275 ut
3027 1220 3346 1290 praedictum
3396 1226 3503 1282 est,
3534 1217 3712 1274 lactus

2125 1326 2211 1372 est
2265 1315 2420 1371 nobis
2466 1315 2577 1380 via,
2605 1314 2835 1377 veritas,
2885 1320 2940 1366 et
2969 1312 3101 1365 vita.
3144 1311 3241 1365 Via
3278 1310 3489 1365 scilicet
3533 1310 3708 1381 regia,

2125 1416 2187 1462 ut
2212 1423 2310 1478 per
2335 1422 2461 1461 cum
2511 1405 2839 1475 gradientes,
2882 1418 2991 1457 non
3045 1401 3381 1456 declinemus
3429 1400 3499 1454 ad
3527 1400 3717 1454 dexte-

2125 1517 2264 1565 ram,
2290 1512 2383 1555 aut
2411 1501 2478 1555 ad
2506 1500 2803 1563 sinistram,
2865 1497 2958 1552 sed
2990 1496 3059 1551 ad
3084 1497 3275 1561 vitam,
3305 1511 3425 1566 quae
3454 1496 3575 1566 ipse
3603 1502 3714 1560 est,

2123 1594 2502 1664 perveniamus
2549 1601 2845 1646 aeternam:
2886 1589 2979 1644 ubi
3027 1604 3134 1643 non
3159 1587 3317 1644 ﬂetus
3361 1587 3503 1642 ullus
3526 1597 3716 1658 potest

445 1703 602 1757 super
636 1694 919 1739 metuentes
959 1694 1096 1747 eu‘m,
1122 1692 1179 1735 ut
1225 1690 1376 1735 eruat
1406 1699 1439 1734 a
1480 1689 1643 1734 morte
1700 1680 1909 1733 animas
1933 1695 2026 1733 eo-
2055 1743 2099 1757 ἢ
2127 1699 2268 1748 esse,
2326 1697 2428 1738 nec
2477 1683 2751 1752 gemitus;
2810 1681 2900 1735 ubi
2966 1680 3238 1735 habebunt
3293 1694 3484 1734 omnes
3539 1678 3717 1734 sancti

438 1743 587 1841 iam,
624 1786 670 1829 et
702 1774 809 1828 alat
837 1791 922 1827 eos
954 1774 1008 1825 in
1044 1743 1185 1841 fame
1215 1769 1388 1841 (Psal.
1422 1786 1572 1823 xxxu
1607 1768 1649 1838 ).
2053 1743 2102 1801 Β
2128 1743 2367 1828 amorem
2418 1743 2746 1841 pcvrl‘ectum,
2800 1770 3052 1825 timorem
3111 1769 3316 1825 nullum
3367 1777 3422 1825 et
3459 1770 3718 1839 gaudium

508 1862 732 1916 Addidit
759 1878 774 1917 :
800 1861 861 1913 Et
899 1878 1054 1915 aures
1088 1876 1216 1913 mew
1252 1865 1320 1913 ad
1352 1875 1530 1928 preces
1582 1870 1785 1914 uestras
1847 1860 2026 1929 (Psal.
2127 1864 2536 1934 sempiternum.
2578 1863 2655 1918 lbi
2684 1864 2829 1916 enim
2858 1862 2963 1917 erit
2988 1862 3070 1917 eis
3117 1860 3367 1916 voluntas
3413 1868 3588 1926 certa,
3616 1875 3710 1916 cu-

441 1955 664 2021 xsxm).
694 1955 872 2008 Aures
890 1952 1104 2008 Domini
1127 1953 1232 2006 hoc
1252 1953 1445 2007 inloco
1462 1952 1746 2006 exauditio
1769 1953 2029 2025 iulelligi-
2124 1955 2324 2025 piditas
2358 1955 2525 2019 nulla,
2567 1954 2819 2023 quoniam
2874 1952 3107 2008 fruendo
3158 1942 3475 2008 caelestibus
3521 1953 3708 2018 bonis,

445 2043 2026 2115 turdivina,quamPsalmistatotisviribuspostulabatdi-
2126 2047 2192 2099 azl
2221 2061 2341 2115 quae
2393 2045 2678 2116 pervenire
2737 2043 3225 2115 cupiebant,.nihil
3251 2044 3333 2097 eis
3381 2040 3716 2112 deeritquid

439 2152 611 2194 cens:
643 2136 881 2204 Inclina,
903 2136 1040 2192 Deus
1062 2152 1225 2202 meus,
1248 2151 1435 2189 aurem
1479 2146 1648 2201 tuam,
1687 2146 1738 2190 et
1777 2139 1906 2191 audi
1945 2153 2027 2193 me

442 2229 622 2301 (Psal.
647 2245 765 2285 κων
784 2238 833 2282 et
866 2227 1090 2301 uxxv).
1124 2230 1207 2294 Et,
1233 2229 1485 2292 Auribus.
1518 2232 1745 2299 percipe,
1776 2230 2022 2296 Domine,

444 2327 738 2380 orationem
763 2341 932 2379 meam
964 2323 1140 2380 lPsal.
1161 2324 1298 2394 xvi).
1320 2323 1406 2387 Et,
1448 2322 1612 2376 Fiant
1635 2340 1789 2377 aures
1815 2326 2028 2392 iurein-

446 2418 710 2471 tendentes
741 2419 810 2471 ad
846 2419 1140 2470 orationem
1166 2418 1300 2469 servi
1330 2415 1406 2468 tui
1424 2411 1599 2480 (Psal.
1624 2428 1845 2478 cxxxrx,
1870 2412 1950 2483 2),
1970 2422 2032 2468 et

449 2496 597 2552 mille
652 2496 801 2553 talia.
844 2494 950 2552 Sed
978 2504 1034 2550 et
1084 2494 1341 2551 Salomon
1387 2497 1753 2564 utrumquein
1783 2498 2029 2551 oratione

448 2603 567 2652 sua,
631 2588 683 2642 id
718 2596 803 2643 est
843 2586 1030 2642 oculos
1087 2593 1144 2640 et
1181 2599 1343 2640 aures
1390 2584 1608 2639 Domini
1656 2585 1819 2641 simul
1881 2601 2032 2642 com-

448 2679 736 2750 prehendit
789 2680 1023 2736 dicens:
1068 2676 1135 2732 Ut
1167 2679 1270 2734 sint
1308 2677 1447 2732 oculi
1499 2676 1578 2731 tui
1625 2677 1795 2747 aperti
1845 2685 1895 2730 et
1934 2694 2032 2731 au-

457 2785 539 2822 res
583 2777 687 2822 tute
725 2769 938 2822 intenta:
997 2768 1068 2821 ad
1130 2769 1395 2823 orationes
1460 2783 1729 2822 servorum
1797 2776 2028 2822 tuorum.

450 2859 559 2914 Sed
598 2860 726 2915 licet
773 2858 1090 2930 frequenter
1138 2859 1402 2915 Dominus
1461 2859 1647 2913 audiat
1693 2867 2029 2928 peccatores,

445 2953 605 3023 iustis
637 2961 819 3007 tamen
871 2952 1038 3007 multo
1091 2953 1324 3023 amplius
1385 2952 1661 3008 exauditio
1687 2960 1745 3006 et
1800 2951 2031 3007 celerius

448 3043 806 3115 promittitur,
847 3042 1065 3112 quando
1099 3042 1152 3096 iu
1180 3056 1370 3111 preces
1400 3057 1588 3097 eorum
1615 3050 1836 3111 paratas
1869 3058 2030 3098 aures

448 3132 649 3187 habere
700 3139 1054 3186 monstratur.
1116 3132 1235 3186 Noli
1261 3148 1390 3200 ergo
1437 3133 1657 3197 timere,
1682 3146 1716 3186 ο
1738 3133 1887 3203 juste
1915 3148 2033 3188 mo-

453 3223 647 3285 nacho,
699 3222 978 3276 hominum
1034 3223 1445 3291 persecutiones
1474 3223 1767 3292 surculique
1793 3223 2029 3281 labores.

453 3311 604 3368 Oculi
658 3313 804 3367 enim
832 3313 1044 3367 Domini
1086 3328 1250 3384 super
1294 3324 1345 3369 te
1394 3321 1537 3379 sunt,
1594 3323 1654 3369 ut
1692 3315 1921 3372 liberent
1961 3326 2031 3385 te,

457 3414 515 3460 et
550 3419 708 3459 aures
746 3403 881 3474 ejus,
931 3414 992 3460 ut
1030 3406 1252 3461 audiant
1301 3413 1373 3463 te.
1415 3406 1495 3462 Tu
1528 3414 1710 3462 autem
1743 3416 1867 3463 tene
1914 3409 2035 3466 vias

454 3492 590 3563 ejus,
621 3504 675 3550 et
725 3511 883 3566 spera
941 3496 993 3551 in
1024 3512 1172 3563 eum,
1238 3507 1294 3553 et
1321 3498 1406 3554 dic
1452 3514 1574 3554 cum
1621 3499 1881 3571 Apostolo
1926 3499 2034 3557 :Si

456 3586 604 3663 Deus
636 3604 729 3656 pro
761 3587 929 3652 nobis,
959 3591 1076 3659 quis
1120 3600 1303 3644 contra
1355 3607 1449 3645 nos
1479 3589 1655 3662 (Rom.
1687 3591 1852 3661 vin)?
1892 3593 2033 3648 Deus

451 3692 551 3747 pro
575 3677 753 3742 nobis,
781 3686 841 3731 ut
893 3679 1034 3734 oculi
1072 3678 1189 3746 ejus
1242 3682 1575 3750 respicerent
1605 3698 1722 3737 nos.
1765 3683 1909 3738 Deus
1935 3699 2035 3753 pro

454 3772 635 3838 nobis,
651 3778 711 3826 ut
735 3788 898 3827 aures
922 3772 1038 3843 ejus
1066 3774 1316 3828 audirent
1342 3787 1458 3826 nos.
1490 3770 1633 3826 Deus
1658 3788 1757 3843 pro
1773 3773 1950 3838 nobis,
1976 3781 2039 3828 ut

458 3862 868 3929 prtcdcstinaret
895 3877 1010 3916 nos.
1054 3851 1195 3917 Deus
1245 3877 1345 3933 pro
1374 3862 1554 3927 nobis,
1580 3870 1642 3917 ut
1663 3872 1883 3920 vocaret
1913 3879 2031 3919 nos.

457 3950 600 4004 Deus
633 3964 734 4020 pro
755 3950 931 4017 nobis,
962 3959 1024 4005 ut
1042 3949 1372 4018 justiﬁearet
1399 3967 1519 4006 nos.
1560 3951 1706 4007 Deus
1733 3968 1833 4023 pro
1853 3954 2033 4021 nobis,

454 4047 517 4095 ut
543 4039 873 4109 gloriﬁcaret
918 4058 1038 4099 nos.
1075 4041 1133 4098 Si
1163 4043 1306 4099 Deus
1334 4060 1433 4114 pro
1462 4046 1641 4111 nobis,
1692 4046 1816 4117 quis
1842 4057 2034 4104 contra

455 4132 601 4186 nos?
652 4131 1078 4200 Prtedestinavit,
1120 4143 1410 4205 antequam
1465 4151 1752 4203 essemus;
1789 4139 2031 4205 vocavit,

456 4237 579 4276 cum
636 4223 811 4278 aversi
875 4239 1159 4293 essemus;
1191 4226 1529 4297 justiﬁcavit,
1561 4245 1682 4284 cum
1713 4240 2036 4301 peccatores

458 4326 744 4378 essemus;
803 4312 1144 4383 gloriﬁcavit,
1195 4331 1318 4371 cum
1377 4318 1634 4376 mortales
1671 4335 1935 4376 essemus.
1975 4320 2034 4377 Si

458 4400 602 4457 Deus
629 4418 728 4472 pro
781 4404 956 4469 nobis,
994 4405 1116 4475 quis
1135 4415 1323 4462 contra
1371 4409 1515 4464 nos?
1550 4408 1974 4479 praidestinatis,
2001 4427 2033 4466 a

462 4492 572 4549 Deo
622 4495 849 4559 vocatis,
895 4496 1229 4567 justiﬁeatis,
1283 4498 1771 4570 gloriﬁcatis‘lQui
1798 4504 1914 4558 vult
1941 4505 2036 4560 ad-

462 4585 692 4648 versari,
717 4593 874 4654 paret
894 4600 971 4650 se,
1001 4587 1047 4642 si
1074 4595 1252 4658 potest
1300 4589 1499 4646 bellare
1551 4592 1812 4648 adversus
1842 4594 2037 4650 Deum.

467 4672 567 4727 Ubi
590 4674 730 4728 enim
755 4675 1092 4731 audivimus:
1126 4677 1182 4731 Si
1210 4677 1351 4735 Deus
1371 4695 1470 4750 pro
1494 4681 1674 4747 nobis,
1702 4684 1823 4754 quis
1846 4693 2039 4740 contra

466 4765 609 4820 nos?
638 4765 740 4819 nisi
771 4766 893 4836 quis
920 4765 1087 4821 Deum
1115 4768 1297 4834 vincit,
1331 4787 1436 4826 non
1465 4772 1609 4829 laedit
1637 4789 1754 4828 nos.

541 4852 606 4909 Et
634 4864 912 4925 antequam
945 4873 1026 4911 me
1078 4857 1322 4914 invocetis
1348 4860 1521 4915 dicam
1577 4862 1717 4918 vobis
1741 4879 1759 4918 :
1788 4863 1923 4920 Ecce
1945 4867 2042 4920 ad-

470 4961 607 4998 sum.
640 4942 686 5000 Ο
715 4961 895 5001 sermo
925 4949 1338 5006 mansuetudine
1373 4962 1431 5006 et
1462 4952 1796 5022 benignitate
1823 4955 2048 5025 plenus!

474 5034 593 5091 Non
623 5045 904 5108 exspectat
931 5041 1293 5096 consummari
1321 5043 1643 5109 orationem,
1679 5044 1773 5100 sed
1800 5055 1928 5101 ante
1957 5047 2051 5102 tri-

468 5126 586 5183 buit
635 5128 968 5198 petitionem.
1026 5128 1187 5186 Novit
1236 5133 1382 5186 enim
1434 5131 1721 5201 Dominus,
1756 5143 2048 5208 antequam

432 5268 436 5271 Α
470 5225 720 5288 petamus
782 5234 928 5284 eum,
992 5220 1120 5289 quid
1153 5236 1288 5292 opus
1328 5223 1402 5278 sit
1450 5223 1626 5280 nobis.
1666 5225 1735 5281 Et
1763 5228 1866 5284 boc
1902 5228 2047 5296 ideo,

422 5372 425 5375 _
472 5307 597 5378 quia
630 5306 883 5377 templum
911 5306 1007 5362 Dei
1035 5324 1242 5375 sumus,
1294 5319 1351 5366 et
1382 5313 1607 5383 spiritus
1645 5314 1860 5373 Domini
1892 5318 2048 5375 babi-

475 5405 553 5452 tat
584 5398 639 5453 in
674 5397 847 5452 nobis.
889 5396 1241 5454 Velocissime
1295 5402 1441 5456 enim
1468 5402 1833 5461 habitaculum
1887 5423 2043 5463 suum

474 5488 746 5545 habitatur
771 5488 993 5543 exaudit
1021 5487 1181 5544 Deus.

547 5578 684 5645 Quid
706 5579 912 5634 dulcius
935 5579 1079 5635 nobis
1100 5581 1199 5635 Imc
1225 5599 1344 5638 voce
1386 5584 1597 5641 Domini
1632 5587 1903 5645 invitantis
1927 5606 2043 5656 nos,

479 5676 668 5745 fratres
718 5670 1058 5726 charissimi?
1094 5672 1233 5729 Vere
1268 5674 1411 5729 enim
1452 5676 1622 5733 dulcis
1662 5677 1779 5734 haec
1811 5695 1916 5736 vox
1942 5679 2047 5739 Do-

2059 4450 2115 4509 D

2129 2135 2354 2191 ulterius
2418 2135 2831 2199 concupiscant,
2857 2141 2913 2188 et
2966 2134 3022 2188 in
3058 2133 3146 2187 illa
3177 2134 3397 2204 regione
3440 2140 3726 2203 perpetua

2127 2225 2438 2280 securitatis
2467 2240 2531 2279 ac
2554 2224 2706 2294 pacis
2771 2221 3013 2292 perfecte
3039 2222 3207 2288 beati,
3244 2237 3345 2277 nec
3374 2223 3587 2277 timoris
3615 2222 3721 2278 sti-

2127 2319 2301 2374 mulos
2325 2317 2539 2387 passuri
2567 2324 2694 2372 sunt
2719 2330 2820 2371 nec
2844 2315 3068 2370 doloris.

2200 2407 2495 2464 Succmctis
2512 2422 2633 2476 ergo
2660 2406 2765 2474 ﬁde
2779 2404 2855 2460 vel
2876 2404 3204 2459 observantia
3227 2403 3483 2457 bonorum
3505 2415 3725 2457 actuum

2128 2499 2318 2553 lumbis
2372 2499 2563 2553 nostris
2603 2496 2765 2569 (Eph.
2823 2497 2920 2566 γι).
2960 2495 3378 2565 Elegantissime
3440 2494 3620 2558 enim,
3671 2503 3727 2549 et

2128 2602 2283 2643 more
2304 2588 2618 2658 prophetico
2646 2587 2842 2641 beatus
2878 2585 3040 2640 Pater
3095 2583 3421 2639 Benedictus
3446 2585 3725 2655 duplicem

2129 2678 2221 2734 hic
2252 2677 2642 2734 monachorum
2672 2677 2853 2747 posuit
2902 2675 3202 2746 cingulum.
3243 2674 3512 2747 Cognovit
3538 2685 3725 2731 autem

2131 2769 2258 2840 quia
2287 2767 2423 2824 ﬁdes
2468 2769 2587 2825 sine
2614 2768 2874 2838 operibus
2923 2777 3138 2822 mortua
3179 2775 3285 2834 est,
3312 2777 3367 2822 et
3401 2783 3575 2838 opera
3606 2770 3726 2824 sine

2133 2859 2240 2915 ﬁde
2263 2874 2456 2915 vacua.
2501 2859 2571 2913 Et
2615 2859 2736 2915 ideo
2785 2874 2895 2913 non
2946 2858 3198 2928 simplum
3251 2858 3343 2914 sed
3373 2875 3439 2914 ex
3488 2867 3728 2931 utroque

2136 2957 2340 3005 textum
2371 2948 2759 3004 monachorum
2774 2947 2942 3002 voluit
2961 2962 3085 3002 esse
3106 2947 3400 3019 cingulum.
3431 2947 3609 3005 Isaias
3638 2966 3730 3004 auo

2134 3050 2241 3098 tem
2268 3043 2373 3099 hoc
2400 3043 2576 3112 ipsum
2607 3041 2893 3112 dupliciter
2916 3041 2970 3095 in
2998 3039 3230 3095 Domino
3253 3041 3457 3111 posuit,
3485 3041 3684 3098 dicens
3710 3060 3725 3096 :

2133 3135 2203 3189 Et
2234 3136 2331 3189 erit
2347 3134 2561 3205 justitia
2590 3131 2855 3203 cingulum
2901 3131 3218 3197 lumborum,
3270 3141 3317 3186 et
3342 3131 3475 3202 ﬁdes
3516 3134 3727 3189 cincto-

2136 3228 2274 3282 rium
2311 3243 2493 3293 renum
2523 3226 2641 3297 ejus
2665 3224 2801 3296 (Isa.
2857 3224 2958 3298 xr).
3002 3224 3074 3280 Ut
3122 3225 3267 3279 enim
3300 3225 3389 3281 ille
3447 3225 3642 3291 ﬁdem,
3675 3236 3730 3282 ct

2135 3319 2238 3373 iste
2273 3318 2454 3387 posuit
2476 3317 2656 3373 ﬁdem.
2696 3316 2768 3372 Ut
2794 3315 2886 3373 ille
2926 3315 3215 3385 justitiam,
3242 3324 3297 3370 ot
3320 3317 3423 3371 iste
3445 3316 3721 3372 bonorum

2136 3420 2353 3467 actuum
2423 3409 2847 3464 observantiam.
2932 3405 3122 3462 Omnis
3197 3416 3380 3461 autem
3447 3409 3720 3464 bonorum

2136 3511 2367 3558 actuum
2385 3499 2737 3556 observantia
2761 3513 2870 3553 non
2900 3499 3197 3571 incongrue
3232 3507 3464 3554 vocatur
3486 3500 3728 3570 iustitia,

2136 3593 2278 3648 sicut
2304 3592 2563 3661 scriptum
2585 3598 2670 3645 est
2694 3608 2707 3643 :
2738 3590 2913 3656 Iuste,
2943 3590 3087 3661 quod.
3119 3590 3326 3660 justum
3355 3600 3454 3658 est,
3482 3609 3732 3666 exseque-

2137 3684 2210 3737 ris
2261 3682 2440 3754 (Deut.
2492 3680 2630 3754 xvi).
2660 3680 2793 3736 Fide
2858 3681 3005 3735 enim
3050 3680 3263 3735 lumbos
3292 3683 3492 3738 mentis
3526 3692 3732 3740 nostra:

2137 3773 2522 3842 succingimus,
2552 3772 2600 3827 si
2629 3772 2693 3827 de
2719 3779 2908 3826 sancta
2935 3772 3205 3826 Trinitate
3256 3781 3409 3828 recte
3435 3778 3731 3844 sentimus,

2139 3870 2195 3918 et
2215 3878 2338 3918 eam
2367 3861 2601 3917 ﬁdeliter
2636 3861 2930 3917 credimus.
2972 3861 3243 3916 Bonorum
3296 3870 3512 3916 actuum
3546 3865 3733 3921 Obser-

2137 3953 2317 4007 vantia
2352 3951 2565 4008 lumbos
2612 3951 3004 4022 succingimus,
3033 3952 3078 4008 si
3132 3967 3233 4008 nos
3281 3953 3337 4007 in
3366 3953 3525 4009 bonis
3554 3953 3734 4025 operi-

2136 4043 2241 4098 bus
2275 4042 2449 4098 seduli
2502 4056 2842 4107 exercemus,
2878 4042 3024 4098 sicut
3077 4042 3369 4114 Apostolus
3416 4046 3539 4099 ait:
3585 4046 3734 4102 State

2139 4151 2260 4205 ergo
2286 4134 2490 4189 lumbos
2516 4136 2701 4189 mentis
2724 4144 2907 4189 vestra:
2933 4136 3186 4190 succincti
3213 4134 3375 4206 (Eph.
3406 4136 3504 4210 vr),
3539 4138 3597 4193 id
3625 4148 3727 4204 est,

2141 4226 2197 4280 in
2219 4226 2367 4281 omni
2430 4225 2622 4296 prielio
2656 4224 2886 4280 viriliter
2934 4225 3246 4295 prmparati,
3280 4234 3338 4280 et
3374 4227 3441 4281 ab
3468 4230 3729 4284 omnibus

2138 4316 2286 4370 curis
2317 4313 2498 4370 saeculi
2524 4315 2781 4385 expediti.
2827 4314 2896 4369 Et
2921 4314 2988 4369 ad
3037 4313 3138 4369 Job
3180 4315 3438 4372 Dominus
3466 4318 3592 4373 ait:
3625 4321 3727 4375 Ac-

2139 4408 2287 4479 cinge
2322 4407 2459 4461 sicut
2518 4406 2598 4460 vir
2650 4405 2854 4460 lumbos
2903 4414 3020 4460 tuos
3080 4404 3205 4477 (Job
3250 4411 3505 4480 xxxviii).
3579 4411 3729 4467 Scri-

2141 4508 2302 4570 ptura
2339 4498 2486 4553 enim
2534 4512 2689 4552 sacra
2719 4496 2842 4552 illos
2876 4497 3024 4552 viros
3079 4506 3237 4553 vocat
3265 4500 3359 4569 qui
3396 4502 3483 4556 via
3517 4503 3730 4561 Domini

2143 4585 2376 4643 fortibus
2404 4594 2460 4642 et
2486 4601 2595 4641 non
2620 4586 2896 4642 dissolutis
2924 4587 3199 4658 gressibus
3226 4590 3527 4646 ambulant.
3570 4594 3730 4649 Lum-

2141 4680 2241 4735 bos
2264 4692 2397 4735 vero
2424 4678 2657 4734 viriliter
2689 4678 2975 4750 accingere
3002 4688 3106 4747 est,
3136 4681 3221 4735 vel
3252 4681 3309 4736 in
3360 4697 3533 4752 opere
3560 4686 3645 4741 vel
3674 4686 3724 4741 in

2142 4769 2471 4841 cogitatione
2494 4769 2678 4824 carnis
2702 4770 2969 4825 etmentis
2998 4770 3269 4825 luxuriam
3290 4772 3593 4829 relreuare.
3624 4775 3726 4831 Sed

2143 4876 2241 4916 cur
2264 4860 2425 4916 beato
2453 4858 2555 4915 Job
2592 4860 2832 4915 dicitur?
2859 4862 3081 4931 Accinge
3106 4860 3307 4917 lumbos
3325 4872 3444 4918 tuos
3464 4867 3604 4921 sicut
3630 4868 3725 4932 sit,

2148 4951 2254 5007 nisi
2290 4950 2418 5021 quia
2455 4951 2563 5004 alia
2607 4958 2694 5005 est
2742 4951 2924 5006 carnis
2978 4950 3215 5017 luxuria,
3255 4967 3362 5023 qua
3414 4957 3722 5012 castitatem

2146 5040 2564 5111 corrumpimus,
2617 5040 2721 5095 alia
2750 5055 2882 5097 vero
2923 5041 3136 5097 luxuria
3173 5044 3356 5099 cordis
3381 5053 3489 5112 est,
3517 5061 3627 5117 qna
3653 5048 3721 5103 de

2149 5132 2402 5189 castitate
2450 5131 2771 5203 gloriamur.
2813 5130 3020 5190 Dicitur
3052 5148 3184 5207 ergo
3218 5135 3270 5192 ei
3300 5151 3316 5191 :
3366 5138 3595 5210 Accinge
3618 5139 3720 5194 sic-

2149 5233 2207 5280 ut
2252 5224 2331 5278 uir
2362 5223 2564 5278 lumbos
2592 5234 2731 5291 tuos,
2782 5231 2843 5279 ut
2878 5225 2971 5294 qui
3008 5225 3163 5297 prius
3215 5226 3484 5285 luxuriam
3536 5246 3722 5288 corru-

2148 5315 2348 5386 ptionis
2375 5314 2602 5381 vicerat,
2630 5331 2775 5372 nunc
2792 5316 3058 5374 luxuriam
3087 5319 3319 5393 shingat
3349 5322 3622 5390 elationis,
3656 5342 3722 5380 ne

2152 5406 2221 5463 de
2254 5408 2512 5477 patientia
2558 5408 2643 5463 vel
2697 5409 2764 5464 de
2818 5411 3068 5468 castitate
3100 5414 3399 5484 superbiat.
3454 5416 3511 5471 in
3541 5417 3717 5473 Veteri

2153 5499 2501 5557 Testamento
2530 5517 2666 5558 zona
2692 5502 2916 5572 pellicea
2960 5504 3191 5576 legimus
3236 5508 3384 5565 circa
3413 5508 3639 5573 lumbos,
3665 5510 3715 5563 in

2155 5588 2307 5646 Novo
2343 5600 2522 5646 autem
2554 5608 2687 5648 zona
2710 5609 2877 5649 aurea
2899 5596 3045 5651 circa
3069 5604 3276 5667 pectus.
3309 5599 3382 5655 Ut
3406 5600 3547 5656 enim
3573 5599 3715 5655 adul-

2158 5682 2351 5738 terium
2404 5697 2512 5739 non
2562 5686 2950 5755 committatur,
2990 5702 3123 5744 zona
3160 5690 3381 5761 pcllicca
3421 5691 3715 5747 adhibent:
