3960 6206
261 315 373 371 713

1297 312 1650 369 ΕΟΜΜΕΝΤ.
1691 311 1760 366 ιΝ
1797 311 1956 368 REG.
1996 314 2054 369 S.
2097 314 2477 373 BENEDlCTl.

3408 321 3512 377 7M

252 435 348 484 est
371 425 516 482 circa
566 423 801 491 lumbos,
840 433 901 480 ut
958 441 1064 481 non
1095 425 1343 481 videatur
1375 426 1572 480 mulier
1619 427 1685 480 ad
1713 440 1844 480 con-
1869 439 1921 497 Α
1945 435 2179 497 spiritus,
2201 437 2334 481 sicut
2367 437 2414 481 et
2437 429 2603 482 uocati
2629 429 2750 482 estis
2778 429 2832 482 in
2862 443 2966 482 una
3002 445 3089 499 spe
3117 428 3401 484 uocationis
3430 448 3516 486 ve-

256 516 651 590 cupiscendum
677 531 692 570 :
724 531 860 572 zona
889 533 1055 574 aurea
1079 519 1226 574 circa
1254 527 1465 588 pectus,
1483 527 1541 572 ut
1565 534 1658 588 per
1678 518 1845 572 duca—

258 617 375 664 tum
399 606 678 678 Evangelii
703 623 978 677 pergamus
1001 608 1193 662 itinera
1222 609 1356 680 ejus.
1386 608 1649 662 Ducatum
1675 607 1849 662 Evan-

257 698 409 768 gelii,
443 697 496 752 id
518 707 623 760 est,
653 696 909 751 ducatum
937 696 1142 752 Christi
1169 715 1182 761 ;
1216 712 1391 768 neque
1415 699 1558 753 enim
1589 698 1845 753 aliorsum

257 787 531 852 Christus,
546 787 803 842 aliorsum
827 787 972 842 ducit
988 787 1334 859 Evangelium
1352 805 1366 854 ;
1391 789 1486 844 sed
1501 789 1614 860 ipsa
1633 789 1844 844 Domini

253 889 434 950 gesta,
463 878 550 932 vel
604 879 948 932 sanctissima
986 879 1170 946 verba,
1220 889 1485 936 vocantur
1530 879 1842 950 Evangelia,

255 983 380 1037 qua:
394 975 685 1036 sequentes
697 983 794 1037 per
815 968 1011 1022 itinera
1027 976 1170 1023 recta
1191 969 1493 1039 perducunt
1506 971 1572 1025 ad
1599 969 1844 1025 ccclestia

257 1073 449 1129 regna.
480 1057 590 1113 Sed
623 1058 910 1130 diligenter
933 1058 1088 1114 nobis
1129 1067 1212 1113 est
1238 1059 1552 1114 intuendum
1579 1059 1669 1130 qui
1696 1067 1842 1124 sunt,

256 1159 356 1204 aut
389 1151 482 1220 qui
511 1160 832 1220 sequuntur,
883 1149 968 1205 vel
999 1166 1106 1222 quo
1157 1152 1383 1206 tendunt
1413 1152 1466 1206 hi
1503 1152 1591 1222 qui
1625 1165 1724 1222 per
1747 1152 1845 1206 du-

257 1248 446 1295 catum
470 1237 746 1310 Evangelii
773 1247 1020 1310 pcrgunt.
1055 1239 1123 1294 lli
1154 1249 1280 1295 sunt
1301 1241 1486 1310 utique
1515 1241 1710 1310 quibus
1739 1241 1843 1296 Do-

255 1334 444 1389 minus
472 1332 550 1386 ait
577 1347 592 1385 :
624 1331 791 1386 Amen
839 1333 957 1385 dico
984 1333 1148 1394 uobis,
1179 1335 1306 1404 quia
1354 1349 1464 1398 vos,
1496 1334 1586 1404 qui
1628 1332 1842 1403 reliqui-

253 1425 354 1480 stis
380 1423 560 1477 omnia
595 1431 643 1476 et
689 1421 1006 1475 secuti‘estis
1030 1437 1132 1489 me,
1159 1423 1215 1476 in
1262 1423 1668 1494 regenerationc,
1725 1438 1843 1475 cum

253 1515 450 1572 sederit
473 1512 620 1584 ﬁlius
647 1513 956 1584 hominisin
983 1513 1104 1566 sede
1125 1513 1416 1584 majestatis
1468 1529 1600 1578 sure,
1635 1511 1840 1567 sedebi-

253 1609 324 1661 tis
358 1615 406 1660 et
430 1621 518 1658 eos
541 1619 696 1673 super
740 1601 1015 1656 duodecim
1042 1602 1208 1666 sedes,
1233 1603 1536 1672 judicantes
1567 1601 1844 1656 duodecim

255 1697 428 1750 tribus
454 1692 624 1748 Israel
665 1691 882 1764 (Matth.
935 1693 1071 1763 XIX).
1106 1693 1171 1747 Et
1199 1693 1306 1760 ille,
1331 1695 1417 1749 cui
1450 1694 1582 1748 dicit
1615 1713 1628 1748 :
1670 1693 1838 1759 Vade,

1945 525 2070 570 strte
2099 515 2434 588 (Ephes.1v).
2483 516 2582 572 Hic
2625 526 2805 572 autem
2848 519 2938 588 qui
2976 535 3069 572 nos
3105 517 3298 572 vocavit
3325 522 3516 576 beatus

1945 607 2270 663 Benedictus
2297 608 2448 674 dicit,
2477 618 2532 664 et
2556 609 2878 665 subauditur
2902 611 2984 665 vel
3015 611 3080 665 ad
3109 610 3340 681 gratiam
3389 611 3514 669 lidei

1945 697 2200 766 primum,
2247 699 2330 753 vel
2377 700 2444 753 ad
2487 699 2764 770 religionis
2809 709 2994 770 postea
3049 711 3104 755 ct
3146 701 3518 758 conversionis

1903 807 1908 812 ι
1947 787 2214 842 habitum.

2017 875 2083 930 In
2131 877 2283 946 cujus
2323 879 2466 949 regni
2506 879 2839 934 tabernaculo
2881 883 2927 936 si
2970 887 3205 937 volumus
3256 881 3517 949 habitare,

1947 967 2049 1021 nisi
2084 967 2210 1022 illuc
2244 968 2390 1022 bonis
2425 971 2626 1024 actibus
2669 978 2926 1024 currendo
2959 971 3172 1030 minime
3201 971 3517 1041 pervenitur.

1947 1054 2286 1118 Manifestum
2323 1066 2408 1113 est
2435 1060 2581 1114 enim
2612 1061 2737 1130 quia
2761 1060 3162 1116 benefacientes
3189 1069 3244 1114 et
3272 1076 3380 1118 non
3405 1077 3521 1116 ma-

1945 1145 2257 1204 lefacientes
2297 1149 2536 1205 catlestis
2573 1152 2726 1223 regni
2765 1152 3110 1208 tabernacula
3151 1152 3518 1226 possidebunt.

1947 1236 2037 1292 Sic
2068 1238 2211 1292 enim
2241 1239 2308 1294 de
2339 1241 2492 1296 malis
2525 1241 2722 1298 Paulus
2747 1243 3022 1314 apostolus
3049 1244 3162 1299 ait:
3192 1241 3330 1309 Quia
3360 1259 3522 1314 neque

1945 1325 2189 1391 adulteri,
2221 1344 2382 1398 neque
2414 1329 2613 1398 molles,
2645 1347 2810 1404 neque
2845 1341 3198 1388 masculorum
3222 1333 3524 1387 concubito-

1946 1433 2046 1483 res,
2077 1435 2237 1489 neque
2266 1419 2432 1488 fures,
2465 1438 2628 1493 neque
2651 1423 2822 1489 avari,
2854 1439 3016 1494 neque
3052 1423 3320 1490 maledici,
3363 1441 3526 1495 neque

1943 1508 2156 1575 ebriosi,
2173 1526 2335 1581 neque
2362 1527 2595 1582 rapaces,
2613 1529 2827 1583 regnum
2844 1512 2943 1568 Dei
2963 1514 3295 1581 possidebunt
3323 1513 3373 1584 (l
3397 1513 3522 1570 Cor.

1945 1599 2044 1672 vt).
2096 1600 2206 1656 Nos
2255 1609 2433 1656 autem
2475 1602 2522 1656 si
2551 1603 2801 1673 cupimus
2843 1619 3068 1675 regnum
3101 1604 3196 1660 Dei
3229 1604 3527 1679 possidere,

1945 1693 2000 1746 in
2027 1693 2266 1746 omnibus
2309 1692 2644 1748 exhibeamus
2685 1694 3024 1756 nosmetipsos
3063 1695 3198 1752 sicut
3231 1695 3324 1750 Dei
3372 1697 3533 1754 mini~

256 1798 308 1842 et
335 1786 498 1841 tende
530 1786 708 1859 omnia
740 1801 855 1856 qum
893 1786 1074 1852 habes,
1115 1796 1164 1841 et
1209 1788 1279 1841 da
1315 1788 1650 1860 pauperibus,
1675 1797 1723 1842 et
1751 1788 1842 1842 ha-
1868 1786 1915 1844 B
1942 1794 2098 1849 stros,
2139 1783 2194 1837 in
2232 1782 2397 1836 multa
2433 1784 2711 1853 patientia,
2754 1785 2811 1840 in
2850 1785 3295 1851 tribulationibus,
3343 1787 3398 1840 in
3439 1803 3500 1840 ne

259 1879 401 1934 bebis
426 1879 698 1932 thesauros
723 1878 779 1931 in
817 1876 980 1943 caelis,
1026 1886 1076 1932 et
1097 1879 1233 1944 veni,
1290 1895 1502 1950 sequere
1543 1895 1625 1932 me
1645 1877 1840 1947 (Marc.

259 1971 338 2039 ς).
374 1969 440 2023 Et
471 1987 483 2022 :
517 1967 621 2034 Qui
650 1967 758 2022 vult
780 1978 894 2038 post
919 1984 1001 2023 me
1019 1969 1210 2035 uenire,
1251 1968 1466 2038 abneget
1489 1969 1842 2040 semetipsum,

257 2071 308 2115 et
339 2060 492 2114 tollat
539 2075 745 2114 crucem
773 2075 951 2124 suam;
978 2069 1025 2114 et
1057 2069 1307 2131 sequatur
1337 2077 1418 2115 me
1465 2060 1679 2132 (Matth.
1707 2063 1844 2132 xvi),

259 2159 312 2205 et
345 2149 564 2205 similia.
599 2147 964 2220 Coguovimus
1003 2147 1094 2217 qui
1123 2156 1270 2214 sunt,
1315 2147 1524 2204 scilicet
1565 2148 1658 2218 qui
1688 2148 1849 2202 relin-

259 2249 435 2313 quunt
479 2239 682 2305 omnia,
714 2247 772 2293 ct
817 2239 908 2308 qui
943 2237 1210 2305 vendunt,
1256 2247 1312 2294 et
1341 2238 1471 2293 dant
1495 2238 1844 2310 pauperibus,

257 2343 314 2389 et
340 2333 435 2402 qui
467 2331 737 2402 abnegant
759 2330 1102 2401 semetipsos,
1130 2339 1186 2386 et
1217 2330 1408 2386 tollunt
1427 2339 1647 2386 erucem
1670 2345 1846 2385 suam.

259 2426 438 2493 Quem
487 2429 787 2493 sequuntur
823 2420 1146 2476 Christum?
1173 2419 1425 2476 videlicet
1447 2419 1540 2490 qui
1566 2419 1698 2474 dicit
1719 2420 1802 2474 eis
1832 2437 1846 2474 :

261 2525 312 2570 et
369 2512 532 2568 secuti
577 2513 701 2566 estis
757 2527 880 2576 me;
917 2519 993 2575 et,
1044 2511 1180 2577 ueni,
1213 2519 1423 2581 sequere
1448 2526 1546 2564 me.
1575 2507 1854 2576 Quomodo

261 2611 586 2672 sequuntur,
615 2601 912 2657 videamus.
950 2599 1208 2671 Sequitur
1230 2609 1410 2656 autem
1434 2599 1732 2665 Christum,
1760 2600 1852 2670 qui

261 2694 549 2767 praeceptis
577 2695 694 2764 ejus
723 2693 944 2759 insistit,
973 2693 1063 2764 qui
1095 2707 1192 2764 per
1219 2692 1522 2764 magisterii
1553 2689 1671 2760 ejus
1693 2692 1856 2747 vesti-

263 2788 354 2858 gia
388 2785 651 2856 graditur,
681 2785 772 2854 (uti
799 2785 1022 2856 vestigia
1050 2782 1166 2853 ejus
1188 2791 1242 2840 et
1267 2783 1464 2838 itinera
1487 2791 1747 2847 sectatur,
1761 2781 1855 2851 qui

265 2877 415 2948 quod
439 2875 687 2930 Christus
712 2874 895 2930 docuit
923 2883 980 2930 et
1006 2873 1135 2930 fecit
1179 2872 1446 2939 imitatur,
1494 2873 1636 2928 sicut
1661 2871 1858 2927 Petrus

266 2969 523 3025 hortatur
548 2967 770 3023 dicens:
799 2964 1040 3022 Christus
1062 2983 1248 3038 passus
1267 2975 1342 3022 est
1377 2981 1472 3038 pro
1503 2964 1674 3032 nobis,
1699 2963 1860 3020 relin-

265 3077 434 3134 quens
471 3059 616 3114 nobis
651 3057 942 3130 exemplum
981 3067 1038 3112 ut
1072 3074 1354 3130 sequamur
1391 3058 1606 3129 vestigia
1655 3057 1768 3128 ejus
1805 3055 1860 3126 (I

1947 1872 2290 1937 cessitatibus,
2316 1873 2373 1926 in
2393 1874 2670 1944 angustiis,
2710 1875 2766 1927 in
2787 1874 2976 1944 plagis,
3012 1875 3067 1930 in
3105 1877 3425 1942 carceribus,
3471 1877 3528 1931 in

1947 1963 2310 2028 seditionibus,
2351 1963 2404 2017 in
2443 1963 2728 2030 laboribus,
2777 1965 2832 2019 in
2864 1965 3074 2038 uigiliis,
3108 1967 3162 2022 in
3188 1967 3436 2037 jejuniis,
3469 1970 3526 2024 in

1947 2055 2208 2118 castitate,
2249 2054 2302 2107 in
2331 2055 2568 2120 scientia,
2601 2055 2655 2110 in
2695 2054 3114 2126 longanimitate,
3159 2057 3213 2112 in
3253 2059 3529 2124 suavitate,

1947 2147 2003 2198 in
2037 2143 2242 2214 Spiritu
2280 2154 2492 2211 sancto,
2539 2145 2592 2198 in
2633 2146 2888 2201 charitatc
2934 2163 3036 2202 non
3075 2147 3229 2218 ﬁcta,
3276 2149 3332 2202 in
3375 2149 3530 2203 uerbo

1947 2237 2198 2304 veritatis,
2233 2239 2290 2294 in
2312 2239 2500 2296 virtute
2520 2238 2638 2294 Dei.
2683 2237 2790 2294 Per
2811 2257 2962 2294 arma
2986 2243 3202 2310 iustitia:
3242 2259 3276 2297 a
3302 2243 3524 2309 dextris,

1949 2340 1998 2386 et
2023 2349 2057 2386 a
2079 2331 2324 2386 sinistris.
2357 2331 2464 2386 Per
2499 2332 2742 2403 gloriam,
2791 2347 2839 2389 et
2875 2337 3274 2406 ignobilitatem.
3321 2337 3426 2394 Per
3447 2339 3531 2394 in-

1952 2422 2191 2492 famiam,
2220 2432 2269 2476 et
2295 2421 2483 2480 bonam
2514 2422 2733 2492 famam.
2778 2421 2844 2478 Ut
2875 2426 3195 2493 sedat-tores,
3230 2436 3277 2482 et
3302 2445 3531 2484 veraces.

1955 2509 2102 2565 Sicut
2138 2513 2227 2584 qui
2261 2513 2446 2582 ignoti,
2478 2521 2525 2566 et
2551 2514 2764 2584 cogniti.
2807 2513 2973 2580 Quasi
3001 2516 3304 2583 morientes,
3335 2528 3384 2575 et
3418 2534 3536 2574 ecce

1954 2601 2169 2658 uiuimus
2195 2619 2214 2658 :
2240 2611 2296 2656 ut
2319 2604 2580 2674 castigati,
2605 2613 2654 2658 et
2677 2621 2780 2660 non
2800 2599 3122 2672 mortificati.
3151 2606 3316 2674 Quasi
3341 2609 3535 2677 tristes,

1955 2707 2155 2762 semper
2176 2702 2352 2748 autem
2382 2693 2666 2764 gaudentes
2687 2713 2706 2752 :
2727 2695 2864 2749 sicut
2891 2706 3118 2766 egentes,
3150 2697 3340 2754 multos
3361 2709 3539 2757 autem

1957 2781 2348 2853 locupletantes.
2379 2782 2649 2856 Tanquam
2674 2786 2805 2840 nihil
2840 2787 3108 2855 habentes,
3137 2799 3186 2844 et
3212 2792 3389 2847 omnia
3416 2807 3540 2866 pos-

1959 2873 2186 2930 sidentes
2227 2874 2315 2946 (II
2337 2874 2460 2930 Cor.
2494 2875 2593 2949 Vl).
2636 2877 2707 2932 Et
2735 2879 2814 2934 sic
2840 2895 2937 2950 per
2963 2881 3096 2936 istos
3124 2892 3180 2937 et
3209 2881 3344 2938 alios
3371 2883 3543 2938 bonos

1962 2973 2118 3020 actus
2141 2974 2426 3022 currentes
2451 2966 2784 3024 tabernaculi
2817 2970 2966 3048 regni
3006 2972 3246 3032 caelestis
3273 2987 3397 3028 esse
3425 2988 3542 3032 me-

1963 3055 2206 3112 rebimur
2232 3057 2585 3117 habitatores.

269 3153 422 3210 Petr.
440 3153 523 3222 tt);
537 3151 842 3222 exemplum
858 3149 1063 3206 scilicet
1081 3149 1504 3216 tribulationum,
1524 3164 1628 3203 non
1643 3147 1864 3204 delicia-
1889 3141 1935 3203 C
2037 3146 2142 3203 Sed
2163 3150 2544 3219 interrogemus
2558 3166 2676 3203 cum
2697 3148 2956 3221 Propheta
2973 3151 3276 3217 Dominum,
3291 3153 3544 3212 dicentes:

270 3257 399 3299 rum
425 3259 441 3308 ;
473 3241 940 3306 contumeliarum,
972 3256 1079 3296 non
1111 3239 1462 3312 gaudiorum;
1495 3238 1856 3310 ﬂagellorum,

269 3333 546 3399 dolorum,
569 3331 1006 3404 opprobriorum,
1036 3330 1338 3402 spinarum,
1361 3331 1538 3386 crucis
1563 3338 1619 3386 et
1644 3329 1856 3384 mortis.

270 3425 397 3496 Quo
447 3441 576 3482 vero
625 3425 716 3480 isti
767 3423 992 3479 tendunt
1041 3423 1133 3493 qui
1174 3439 1274 3496 per
1295 3421 1571 3495 Evangelii
1604 3421 1858 3476 ducatum

272 3525 528 3584 currunt,
557 3515 750 3572 melius
801 3513 1126 3580 videbimus,
1159 3515 1203 3570 si
1261 3515 1412 3586 prius
1460 3519 1742 3568 vocantem
1768 3525 1862 3566 eos

272 3611 566 3668 Dominum
609 3610 931 3674 audiamus;
959 3609 1036 3663 ait
1063 3607 1208 3663 enim
1246 3607 1504 3662 Dominus
1534 3624 1546 3658 :
1586 3603 1770 3658 Venite
1791 3603 1862 3656 ad

275 3719 382 3768 me,
439 3718 615 3757 omnes
662 3701 750 3773 qui
775 3699 1027 3754 laboratis
1051 3709 1097 3752 et
1147 3699 1350 3752 onerati
1379 3697 1525 3762 estis,
1554 3705 1602 3750 et
1623 3711 1716 3766 ego
1744 3695 1864 3764 reli-

277 3795 419 3848 ciam
441 3809 530 3848 vos
565 3791 780 3866 (Matth.
810 3789 908 3862 st).
964 3790 1163 3846 lterum
1187 3788 1320 3842 dicit
1350 3805 1362 3840 :
1405 3785 1608 3851 Venite,
1659 3783 1870 3844 benedie

277 3885 352 3940 cti
379 3883 564 3940 Patris
584 3885 709 3948 mei,
740 3883 989 3955 percipite
1019 3898 1254 3952 regnum,
1287 3880 1424 3952 quod
1455 3878 1594 3934 vobis
1619 3887 1865 3949 paratum

277 3985 358 4032 est
400 3975 466 4030 ab
510 3975 711 4046 origine
757 3974 942 4028 mundi
989 3971 1204 4046 (Matth.
1240 3968 1391 4042 xxv),
1439 3976 1496 4024 et
1522 3967 1736 4024 similia.
1771 3965 1863 4020 Li-

278 4076 434 4138 quet,
461 4080 612 4132 ecce,
644 4067 737 4121 uhi
767 4065 996 4121 tendunt
1021 4063 1116 4134 qui
1159 4078 1258 4134 per
1284 4061 1564 4133 Evangelii
1611 4060 1867 4116 ducatum

276 4173 540 4237 pergunt,
572 4163 824 4219 videlicet
851 4162 919 4216 ad
949 4169 1154 4216 tantam
1188 4159 1433 4232 gloriam,
1483 4165 1542 4212 ut
1569 4173 1692 4212 cum
1721 4157 1872 4212 sede-

275 4257 357 4311 rit
385 4254 528 4308 ﬁlius
561 4253 796 4309 hominis
841 4253 894 4307 in
923 4251 1049 4308 sede
1083 4248 1382 4319 majestatis
1412 4263 1542 4315 sine,
1571 4249 1793 4303 sedeant
1819 4253 1872 4300 et

278 4346 368 4402 illi
397 4359 560 4416 super
583 4343 869 4400 duodecim
901 4343 1078 4407 sedes,
1104 4350 1159 4396 et
1181 4339 1425 4410 judicent
1471 4337 1754 4394 duodecim
1777 4336 1873 4391 tri-

277 4437 393 4491 bus
415 4434 578 4490 lsrael
604 4451 620 4502 ;
649 4442 702 4490 et
725 4441 786 4488 ut
809 4432 1160 4488 refectionem
1195 4439 1452 4486 :cternam
1481 4428 1748 4499 accipiant
1773 4445 1787 4492 ;
1819 4435 1874 4482 et

276 4537 344 4584 ut
393 4542 616 4598 regnum
659 4541 692 4580 a
720 4525 1108 4580 constitutione
1157 4522 1343 4577 mandi
1389 4529 1638 4592 paratum
1692 4519 1870 4590 perci-

275 4620 460 4690 piant.
503 4617 657 4674 Unde
682 4625 737 4671 et
766 4625 890 4686 apte
934 4615 1096 4670 verba
1141 4613 1285 4670 beati
1317 4612 1598 4669 Benedicti
1634 4626 1868 4684 sequun-

279 4720 382 4767 tur
409 4708 636 4762 dieentis
663 4725 676 4764 :

363 4796 436 4851 Ut
478 4813 766 4852 mereamur
801 4813 942 4863 eum,
978 4797 1065 4868 qui
1105 4813 1198 4851 nos
1235 4796 1456 4858 vocavit,
1501 4797 1553 4848 in
1589 4811 1745 4866 regno
1773 4810 1870 4848 suo

280 4888 488 4944 ridere.
525 4885 600 4941 De
627 4885 924 4940 vocationis
957 4885 1128 4958 gratia
1161 4885 1238 4941 sic
1265 4884 1542 4956 apostolus
1567 4883 1767 4938 Paulus
1803 4883 1870 4938 ad

281 4977 514 5035 Galatas
542 4977 618 5032 ait
653 4995 665 5030 :
700 4977 890 5042 Miror,
913 4977 1052 5048 quod
1090 4988 1198 5031 tam
1242 4977 1344 5031 cito
1387 4975 1768 5045 transferimini
1807 4975 1872 5028 ab

281 5087 378 5134 eo,
418 5069 506 5140 qui
540 5085 627 5124 vos
662 5069 859 5124 vocavit
889 5068 944 5122 in
985 5069 1210 5140 gratiam
1238 5066 1434 5122 Citriin
1483 5063 1683 5138 (Colat.
1717 5065 1778 5138 ι).
1809 5065 1877 5120 Ει

282 5160 362 5215 de
405 5175 464 5215 se
497 5159 642 5216 idem
674 5160 752 5214 ait
795 5176 807 5212 :
851 5157 955 5224 Qui
993 5175 1074 5212 me
1103 5158 1388 5233 segregavit
1427 5157 1492 5212 de
1520 5166 1668 5211 utero
1693 5155 1876 5210 matris

281 5268 446 5316 mete,
477 5261 523 5306 et
552 5253 746 5307 vocarit
771 5268 864 5322 per
902 5253 1128 5322 gratiam
1155 5267 1308 5305 suam
1338 5248 1550 5322 (Ibid.).
1583 5251 1652 5306 Et
1678 5251 1876 5306 iterum

286 5344 425 5400 alibi
447 5343 607 5399 dicit:
639 5343 864 5398 Obsecro
895 5343 1068 5414 itaque
1092 5359 1196 5409 vos,
1221 5359 1313 5414 ego
1331 5343 1528 5397 cinctus
1553 5343 1608 5397 in
1631 5341 1875 5408 Domino,

285 5447 350 5492 ut
381 5435 538 5506 digne
573 5433 848 5489 ambuletis
899 5433 1170 5487 vocatione
1212 5449 1317 5504 qua
1359 5431 1527 5486 vocati
1569 5431 1712 5497 estis,
1761 5446 1878 5484 cum

288 5527 440 5586 omni
469 5525 762 5581 humilitate
791 5533 839 5580 et
874 5525 1297 5590 mansuetudine,
1330 5542 1448 5580 cum
1474 5523 1728 5595 patientia
1757 5540 1878 5594 δυρ-

288 5627 562 5692 portantes
592 5617 808 5671 invicem
843 5617 899 5670 in
927 5615 1203 5682 charitate,
1227 5615 1438 5670 solliciti
1471 5631 1678 5670 servare
1711 5613 1886 5667 unita-

293 5722 400 5766 tem
425 5709 640 5780 spiritus
676 5707 731 5760 in
766 5705 971 5759 vinculo
1005 5705 1170 5776 pacis.
1205 5703 1376 5760 Unum
1415 5722 1626 5776 corpus,
1655 5714 1703 5758 et
1746 5721 1883 5760 unus

706 5799 979 5860 PATROL.
1035 5797 1165 5861 Cll.

1959 3239 2206 3308 Domine,
2240 3241 2355 3316 quis
2387 3241 2643 3295 habitabit
2675 3240 2728 3295 in
2765 3241 3101 3298 tabernaculo
3142 3245 3273 3302 tuo?
3307 3255 3398 3302 aut
3430 3248 3547 3317 quis

1960 3333 2244 3406 requiescet
2275 3332 2329 3386 in
2351 3342 2524 3386 monte
2551 3341 2732 3386 sancto
2763 3342 2852 3386 tuo
2903 3329 3075 3405 (I’sal.
3105 3337 3254 3408 xlv)?
3291 3335 3548 3404 Quamvis

1962 3424 2052 3478 alii
2085 3425 2334 3479 doctores
2369 3424 2472 3478 hoc
2511 3425 2563 3479 in
2595 3423 2713 3479 loco
2754 3424 3163 3480 tabernaculum
3223 3439 3548 3497 pnesentem

1961 3513 2260 3584 intelligant
2292 3511 2612 3578 Ecclesium,
2639 3512 2831 3568 beatus
2865 3521 3042 3570 tamen
3073 3513 3398 3572 Benedictus
3439 3527 3549 3574 non

1963 3604 2144 3658 minus
2187 3602 2422 3673 repletus
2465 3601 2670 3672 Spiritu
2719 3613 2908 3660 sancto
2955 3603 3345 3670 habitationem
3385 3599 3550 3662 cmic-

1965 3701 2127 3758 stem,
2175 3691 2315 3763 quod
2362 3701 2446 3748 est
2489 3707 2713 3762 regnum
2760 3702 3047 3761 internum,
3095 3709 3194 3764 per
3234 3695 3340 3751 hoc
3381 3695 3553 3757 voluit

1966 3783 2268 3854 intelligere
2315 3783 2742 3838 tabernaculum.
2815 3783 2967 3842 Unde
3028 3794 3084 3840 et
3123 3784 3384 3843 Dominus
3439 3788 3545 3842 ait:

1969 3872 2154 3928 Facite
2182 3874 2323 3929 vobis
2353 3876 2548 3930 amicos
2575 3875 2638 3930 de
2661 3892 2960 3932 mammona
2997 3877 3306 3949 iniquitatis,
3334 3889 3406 3944 ut,
3433 3896 3552 3933 cum

1969 3965 2284 4034 defcceritis,
2321 3964 2571 4035 recipiant
2599 3981 2688 4018 vos
2717 3965 2771 4018 in
2799 3975 2995 4018 wterna
3027 3965 3366 4020 tabernacula
3395 3965 3547 4038 (Luc.

1971 4061 2104 4130 xvi).
2151 4058 2304 4113 Mons
2339 4067 2517 4113 autem
2549 4058 2662 4128 ipse
2699 4057 2960 4114 Dominus
3001 4068 3188 4114 noster
3209 4057 3368 4114 Jcsus
3397 4059 3553 4115 Chri-

1969 4161 2086 4206 stus
2131 4151 2466 4222 intelligitur,
2513 4151 2578 4206 de
2611 4167 2719 4221 quo
2765 4149 2931 4206 lsaias
2981 4151 3101 4206 ait:
3145 4151 3211 4206 In
3263 4153 3554 4208 novissimis

1973 4242 2153 4297 diebus
2184 4243 2280 4297 erit
2318 4251 2646 4313 pra'paratus
2675 4259 2824 4298 mons
2857 4243 3042 4298 domus
3067 4242 3282 4298 Domini
3313 4245 3368 4298 in
3401 4245 3556 4300 verti-

1975 4348 2083 4386 cem
2121 4333 2376 4388 montium
2423 4330 2568 4404 (lsa.
2615 4332 2710 4404 ιι).
2763 4333 2819 4387 ln
2869 4349 2977 4404 quo
3020 4348 3208 4390 omnes
3258 4334 3555 4392 electorum

1977 4421 2169 4476 anima:
2211 4430 2472 4492 perpetuo
2520 4423 2898 4492 requiescunt;
2949 4424 3090 4479 sicut
3137 4424 3278 4480 idem
3307 4425 3412 4481 illis
3454 4427 3559 4480 Do-

1976 4513 2156 4568 minus
2189 4512 2300 4566 ait:
2331 4510 2517 4566 Tollite
2547 4513 2736 4583 jugum
2777 4529 2947 4567 meum
2973 4529 3130 4584 super
3167 4531 3271 4580 vos,
3303 4525 3352 4569 et
3375 4515 3558 4571 discite

1976 4623 2009 4660 a
2047 4622 2127 4658 me
2161 4605 2285 4676 quia
2322 4605 2462 4659 mitis
2501 4621 2617 4658 sum
2655 4615 2701 4659 et
2735 4604 2945 4659 humilis
2977 4604 3174 4659 corde:
3201 4615 3250 4660 et
3285 4607 3558 4662 invenietis

1976 4697 2205 4766 requiem
2240 4694 2512 4749 animabus
2547 4696 2728 4749 vestris
2763 4695 2976 4766 (Matth.
3001 4694 3100 4766 ιιι).

2055 4792 2180 4849 Post
2211 4795 2345 4848 hanc
2379 4794 2858 4864 interrogationem,
2891 4795 3102 4864 fratres,
3135 4795 3420 4852 audiamus
3452 4795 3560 4850 Do-

1979 4887 2178 4940 minum
2227 4885 2617 4956 respondentem
2639 4926 2654 4948 ,
2721 4895 2770 4940 et
2826 4887 3179 4942 ostendentem
3227 4887 3374 4942 nobis
3422 4889 3561 4943 viam

1981 4979 2142 5049 ipsius
2180 4977 2526 5042 tabernaculi,
2565 4988 2613 5032 et
2652 4977 3077 5044 dicentem:Qui
3115 4979 3409 5050 ingreditur
3449 4980 3564 5036 sine

1982 5068 2214 5133 macula,
2246 5077 2294 5122 et
2326 5078 2574 5139 operatur
2593 5068 2852 5136 iustitiam
2877 5069 3004 5140 :qui
3043 5069 3276 5142 loquitur
3295 5071 3562 5127 veritatem

1983 5159 2038 5212 in
2071 5159 2228 5213 corde
2255 5176 2372 5224 suo,
2408 5159 2497 5230 qui
2524 5175 2626 5213 non
2659 5161 2760 5229 egit
2791 5159 2970 5215 dolum
3009 5161 3064 5218 in
3093 5160 3274 5234 lingua
3300 5178 3436 5229 sua;
3471 5163 3563 5234 qui

1984 5267 2089 5305 non
2123 5251 2242 5321 fecit
2264 5249 2502 5322 proximo
2527 5267 2623 5304 suo
2651 5248 2870 5316 malum,
2903 5261 2950 5305 et
2982 5251 3316 5322 opprobrium
3348 5269 3452 5306 non
3473 5268 3563 5305 ac.

1984 5341 2114 5410 cepit
2150 5339 2397 5394 adversus
2438 5339 2737 5410 proximum
2775 5357 2930 5394 suum
2975 5340 3147 5413 (Psal.
3277 5341 3415 5410 xiv).
3458 5338 3562 5404 Qui

1981 5427 2270 5498 malignum
2303 5427 2573 5482 diabolum
2607 5428 2788 5500 aliqua
2817 5429 3124 5484 suadentem
3149 5429 3270 5493 sibi,
3293 5443 3410 5480 cum
3446 5429 3562 5496 ipsa

1981 5518 2226 5573 suasione
2257 5533 2355 5577 sua
2393 5534 2426 5570 a
2460 5519 2818 5588 conspectibus
2854 5519 3025 5572 cordis
3057 5518 3140 5572 sui
3178 5532 3444 5584 respuens,
3469 5515 3564 5570 de-

1982 5611 2135 5666 duxit
2175 5610 2244 5664 ad
2284 5609 2528 5676 nihilum,
2563 5620 2612 5664 et
2642 5609 2886 5681 paruulos
2927 5610 3185 5678 cogitatus
3222 5607 3336 5676 ejus
3375 5609 3561 5674 tenuit,

1987 5710 2035 5758 et
2067 5699 2230 5755 allisit
2273 5698 2342 5756 ad
2379 5696 2665 5754 Christum.
2731 5697 2834 5764 Qui
2874 5697 3110 5750 timentes
3149 5694 3455 5762 Dominum,
3501 5699 3564 5760 de

3052 5789 3130 5850 23
