3960 6206
408 348 512 405 715

1717 324 1992 380 SMARAG
2003 324 2065 378 Dl
2104 318 2386 376 ABBATIS

3567 306 3664 359 7m

407 465 536 512 bona
567 454 892 508 observantia
922 462 1018 501 sua
1049 461 1150 498 non
1181 458 1234 496 se
1263 439 1486 494 reddunt
1513 435 1709 497 elatos;
1749 434 1840 487 sed
1865 433 1976 501 ipsa
2006 442 2055 501 Α
2081 439 2198 500 pter
2232 427 2633 500 proximitatem
2663 425 2806 478 enim
2838 419 3132 491 sanguinis,
3163 417 3342 472 omnis
3375 418 3537 472 homo
3565 419 3662 472 bo-

405 549 460 602 in
489 563 543 600 se
569 546 724 607 bona,
753 556 855 592 non
889 555 919 590 α
947 552 1002 588 se
1027 550 1200 605 posse,
1228 530 1316 584 sed
1347 547 1376 582 a
1401 527 1626 580 Domino
1653 523 1769 592 ﬁeri
1805 521 1986 575 existi-

406 648 630 699 mantes,
657 639 953 702 operantem
992 629 1045 680 in
1083 643 1134 680 se
1161 623 1445 677 Dominum
1466 618 1828 688 magniﬁcam,
1854 614 1986 668 illud

408 745 525 781 cum
553 724 810 793 Propheta
847 719 1071 771 dicentes
1097 732 1116 768 :
1146 713 1268 767 Non
1305 712 1471 774 nobis,
1496 708 1738 768 Domine,
1769 723 1870 759 non
1899 721 1991 758 no-

409 816 507 878 bis,
536 812 624 866 sed
653 808 847 863 nomini
882 816 970 858 tuo
999 805 1066 857 da
1095 802 1316 872 gloriam
1348 799 1463 870 (Ps.
1489 795 1666 866 cxm).
1701 795 1992 850 Videamus

410 921 506 975 per
556 900 786 969 singula,
843 904 898 951 et
948 896 1013 949 de
1046 893 1316 955 omnibus,
1366 897 1425 942 ut
1453 887 1710 942 Dominus
1764 884 1991 948 dederit,

415 995 768 1062 disputemus.
803 987 904 1052 Qui
934 984 1225 1054 ingreditur
1261 981 1370 1034 sine
1406 976 1636 1032 macula.
1690 975 1840 1028 Hanc
1873 989 1996 1027 sen—

415 1085 637 1139 tentiam
686 1082 874 1133 beatus
911 1075 1246 1145 Augustinus
1290 1072 1574 1140 Propheta:
1623 1065 1997 1154 interrogatio-

418 1190 577 1238 nem,
622 1171 813 1225 beatus
861 1175 1040 1220 autem
1079 1163 1400 1218 Benedictus
1448 1159 1661 1214 Domini
1699 1172 1818 1212 esse
1862 1155 2000 1209 dixit

419 1265 859 1335 responsionem;
923 1259 1016 1313 sed
1061 1257 1184 1327 quia
1234 1253 1526 1308 secundum
1572 1247 1820 1303 Ezechiel
1870 1255 1999 1299 rota:

419 1355 670 1410 animalia
711 1358 1029 1420 sequuntur,
1069 1355 1296 1414 uterque
1336 1344 1492 1405 bene,
1534 1348 1758 1406 uterque
1810 1335 2002 1389 rectis-

420 1449 555 1502 sime
583 1445 724 1498 hanc
753 1441 1074 1495 sententiam
1113 1434 1394 1490 intellexit.
1460 1432 1824 1498 Interrogatus
1857 1424 2000 1479 enim

422 1535 682 1590 Dominus
710 1531 832 1600 quis
863 1529 1134 1582 habitaret
1161 1525 1213 1578 in
1245 1520 1595 1577 tabernaculo
1625 1534 1742 1582 suo,
1772 1529 2001 1583 respon-

424 1628 541 1682 dit:
578 1623 680 1687 Qui
715 1619 1006 1688 ingreditur
1038 1617 1150 1669 sine
1175 1611 1416 1675 macula;
1449 1625 1513 1662 ac
1544 1609 1587 1662 si
1621 1607 1824 1662 diceret
1852 1621 1863 1654 :
1900 1602 2002 1666 Qui

422 1713 698 1770 vivit'sine
727 1709 904 1777 culpa,
937 1715 991 1759 et
1020 1702 1255 1759 custodit
1281 1715 1338 1754 se
1365 1716 1394 1753 a
1423 1697 1627 1769 peccati
1661 1694 2000 1763 contagione,

2087 522 2219 576 mini
2246 521 2525 590 proximus
2561 524 2806 570 vocatur.
2841 511 3076 580 Sanguis
3104 510 3250 564 enim
3294 510 3572 564 hominum
3603 511 3670 563 ab

2088 612 2315 666 aliorum
2345 615 2659 680 scgregatur
2687 604 2950 674 sanguine
2974 600 3312 654 animalium.
3353 598 3455 664 Qui
3480 616 3671 669 oppro-

2091 703 2259 756 brium
2302 717 2404 754 non
2447 698 2642 767 accepit
2687 695 2936 749 adversus
2973 691 3270 762 proximum
3311 706 3486 742 suum.
3551 689 3674 743 Non

2056 837 2066 847 .
2093 794 2307 863 accepit,
2333 791 2490 854 dixit,
2527 790 2576 842 id
2607 795 2709 850 est,
2743 795 2957 856 gratum
2999 799 3105 837 non
3138 781 3346 845 habuit,
3377 797 3477 834 nec
3504 780 3675 834 liben-

2097 893 2177 938 ter
2209 877 2430 936 audivit.
2481 880 2713 948 Accepta
2764 877 2908 930 enim
2945 875 3034 928 illa
3082 875 3332 937 dicimus,
3370 889 3490 940 qua:
3520 871 3678 926 nobis

2095 981 2247 1045 grata
2279 987 2396 1027 esse
2427 981 2810 1024 monstranms.
2875 967 2966 1020 llle
3001 967 3146 1020 enim
3183 966 3532 1035 opprobrium
3585 966 3674 1018 ad-

2096 1079 2285 1118 versus
2333 1062 2635 1131 proximum
2693 1075 2849 1112 suum
2905 1057 3131 1126 accipit,
3188 1057 3281 1125 qui
3341 1056 3680 1110 detrahentis

2097 1156 2258 1209 verba
2294 1153 2477 1208 libenti
2525 1152 2706 1205 animo
2734 1150 2950 1218 accipit.
3005 1148 3070 1201 Et
3101 1149 3202 1201 hoc
3250 1147 3356 1202 illis
3384 1146 3520 1201 solet
3551 1162 3682 1202 con-

2102 1247 2329 1312 tingere,
2361 1245 2451 1312 qui
2482 1243 2786 1312 proximum
2818 1242 2958 1294 sicut
2991 1241 3312 1308 semetipsns
3339 1239 3533 1292 nolunt
3561 1239 3682 1292 dili-

2101 1353 2245 1407 gere.
2297 1338 2370 1390 De
2407 1338 2506 1390 hoc
2538 1336 2680 1388 enim
2731 1333 2914 1386 fomite
2946 1333 3208 1402 procedit,
3251 1339 3311 1384 ut
3348 1331 3684 1385 detrahentis

2101 1430 2264 1482 verba
2311 1427 2543 1481 libenter
2585 1425 2796 1494 possint
2845 1424 3039 1477 audiri.
3093 1423 3184 1478 Ille
3230 1438 3360 1477 vero
3403 1423 3495 1492 qui
3542 1425 3686 1478 s‘cut

2103 1519 2450 1585 semetipsum
2499 1517 2576 1570 sic
2606 1515 2782 1584 diligit
2828 1526 2882 1569 et
2911 1514 3240 1583 proximum,
3273 1523 3535 1582 quantum
3586 1529 3689 1568 nec

2105 1611 2169 1663 dc
2199 1624 2276 1674 se,
2315 1617 2522 1661 tantum
2572 1621 2673 1660 nec
2713 1607 2778 1659 de
2813 1606 3060 1675 proximo
3105 1604 3219 1658 vult
3265 1605 3440 1657 audiri
3491 1621 3691 1672 oppro-

2106 1699 2302 1752 brium.
2352 1698 2504 1764 ρυοά
2553 1697 2598 1751 si
2629 1696 2752 1765 quis
2780 1695 2943 1750 corde
2977 1696 3222 1764 cogitans
3250 1695 3434 1749 dicat:
3470 1694 3574 1760 Qui
3605 1705 3692 1748 est

425 1807 539 1875 ipse
567 1803 619 1856 in
647 1814 824 1854 meum
856 1795 1079 1851 intrabit
1109 1789 1534 1847 tabCI'MClllltm-
1565 1785 1619 1838 Μ
1626 1784 1779 1838 acula
1812 1782 2007 1836 ίηῑεηί-
2036 1782 2081 1838 Β
2112 1795 2272 1848 homo
2301 1794 2394 1863 qui
2434 1794 2511 1846 sic
2557 1792 2697 1846 inter
2735 1790 2982 1844 homines
3025 1788 3141 1842 sine
3181 1787 3388 1841 macula
3428 1787 3596 1851 vivat,
3631 1796 3696 1840 ut

425 1873 570 1966 gitur
595 1901 898 1962 peccatum.
951 1885 1086 1938 Nam
1116 1891 1169 1936 et
1211 1883 1264 1935 in
1290 1878 1505 1933 Domini
1541 1877 1858 1931 holocausto
1887 1873 2003 1925 ani—

425 1961 534 2037 mal
582 1961 688 2035 non
735 1977 1084 2039 ollerebatur,
1125 1973 1226 2025 nisi
1279 1967 1685 2024 immaculatum
1733 1981 1747 2018 :
1791 1961 2004 2016 Domini

426 2072 569 2126 enim
621 2066 944 2123 sacriﬁcium
1001 2061 1074 2116 nil
1117 2059 1312 2128 recipit
1356 2055 1704 2111 maculatum.
1763 2051 1911 2106 Unde
1954 2059 2009 2104 et

428 2177 658 2233 sponsus
695 2172 924 2227 sponsae,
953 2153 1183 2208 Pulchra
1226 2167 1306 2213 es,
1339 2148 1531 2217 inquit,
1563 2145 1735 2199 amica
1777 2159 1916 2207 mea,
1955 2151 2010 2195 et

430 2241 639 2308 macula
681 2251 732 2303 in
771 2258 822 2301 te
864 2261 970 2300 non
1008 2252 1091 2298 est
1121 2240 1297 2314 (Cant.
1328 2239 1425 2309 tv).
1468 2238 1534 2291 Et
1575 2246 1821 2307 operatur
1849 2234 2012 2303 justi-

431 2346 580 2398 tiam.
633 2341 784 2394 Dicta
833 2345 1013 2390 autem
1047 2333 1278 2404 justitia,
1332 2331 1455 2398 quia
1495 2327 1636 2396 juris
1679 2337 1870 2381 status.
1918 2325 2011 2378 Est

431 2434 574 2488 enim
599 2429 806 2499 justitia
834 2427 1062 2495 aequitas
1080 2423 1164 2476 vel
1203 2420 1485 2475 rectitutlo.
1519 2418 1624 2471 Sed
1652 2417 1774 2485 quia
1801 2414 2010 2482 justitia

433 2542 498 2579 ex
543 2522 797 2592 operibus
843 2523 1057 2574 constat
1093 2523 1148 2568 ct
1192 2512 1317 2576 ﬁde,
1356 2512 1445 2564 ille
1484 2510 1711 2580 plenitcr
1745 2507 2011 2576 justitiam

434 2619 691 2682 operatur
727 2608 814 2678 qui
854 2615 998 2660 recte
1033 2604 1280 2666 credens,
1315 2610 1482 2655 totum
1527 2616 1585 2654 se
1621 2600 1672 2653 in
1701 2598 1858 2652 bonis
1887 2612 2013 2665 0pc—

436 2705 587 2758 ribus
617 2707 854 2756 exercet.
886 2695 1193 2767 Ingreditur
1217 2693 1328 2747 sine
1356 2690 1585 2755 macula,
1615 2690 1706 2759 qui
1733 2689 1864 2742 vivit
1899 2689 2015 2741 sine

438 2792 614 2862 culpa.
650 2790 912 2860 Operatur
935 2785 1238 2856 justitiam,
1277 2782 1369 2852 qui
1399 2781 1615 2836 sedulus
1657 2796 1774 2848 quae
1811 2795 2017 2849 pracva-

441 2886 514 2938 let
570 2884 680 2955 agit
717 2882 876 2935 bona.
922 2875 1227 2946 Ingreditur
1269 2874 1378 2928 sine
1416 2871 1644 2938 macula,
1681 2873 1772 2942 qui
1813 2870 2017 2955 plangit

439 2953 745 3035 commissa,
779 2977 834 3024 et
858 2967 1158 3038 plangentia
1182 2963 1408 3019 ulterius
1437 2979 1542 3018 non
1577 2963 1866 3019 committit
1894 2953 2019 3033 pec;

441 3071 581 3117 cata.
621 3062 883 3130 Operatur
904 3057 1192 3126 justitiam,
1227 3055 1317 3122 qui
1351 3052 1636 3122 diligenter
1683 3053 1734 3107 in
1768 3054 2018 3106 omnibus

447 3119 928 3210 Domini'cuslodit
956 3153 1244 3215 praecepta.
1293 3144 1396 3208 Qui
1420 3142 1650 3213 loquitur
1676 3144 1938 3196 veritatem
1964 3144 2017 3196 in
2047 3119 2090 3179 δ

444 3243 599 3297 corde
622 3257 736 3294 suo.
779 3237 951 3292 l‘lomo
979 3236 1126 3289 enim
1164 3235 1345 3303 lingua
1381 3233 1639 3302 loquitur,
1685 3243 1739 3286 et
1773 3249 1888 3298 ore,
1916 3249 2020 3286 non

446 3331 638 3396 corde;
693 3327 787 3382 sed
832 3325 958 3396 quia
1005 3340 1066 3378 os
1105 3338 1212 3377 non
1264 3323 1520 3390 loquitur,
1566 3322 1667 3376 nisi
1716 3323 1858 3391 quod
1896 3323 1942 3377 ei
1991 3339 2022 3375 a

447 3420 609 3477 corde
638 3417 999 3480 ministratur,
1033 3423 1178 3468 recte
1208 3413 1296 3467 hic
1325 3411 1542 3476 dicitur,
1573 3412 1662 3482 qui
1689 3410 1920 3483 loquitur
1945 3429 2027 3466 ve-

450 3515 654 3566 ritatem
684 3511 738 3563 in
773 3507 928 3562 corde
955 3522 1072 3560 suo.
1101 3504 1179 3558 Ac
1207 3505 1250 3558 si
1280 3503 1484 3558 diceret
1511 3518 1525 3556 :
1558 3502 1672 3556 Non
1701 3502 1896 3558 sullit'it
1927 3503 2027 3557 lin-

453 3619 569 3672 gua:
599 3609 654 3654 ut
684 3608 890 3653 tantum
920 3597 1202 3651 veritatem
1253 3593 1505 3664 loquatur
1542 3608 1657 3659 ore,
1705 3593 1807 3647 nisi
1847 3609 1964 3646 eam
1996 3610 2026 3647 a

454 3695 666 3748 sincero
701 3687 1000 3756 susceperit
1044 3686 1229 3741 corde.
1285 3684 1411 3739 Sive
1459 3687 1603 3738 enim
1650 3685 1871 3747 bonum,
1915 3684 2028 3738 sive

456 3782 656 3836 malum
687 3781 935 3848 loquatur
965 3778 1166 3847 lingua,
1200 3775 1321 3829 fons
1358 3775 1500 3829 illius
1530 3777 1630 3830 hoc
1670 3777 1844 3844 ipsum
1879 3776 2030 3829 cordi

460 3870 752 3932 ministrat,
787 3868 926 3921 sicut
965 3865 1225 3934 scriptum
1253 3871 1334 3918 est
1360 3881 1372 3916 :
1399 3863 1484 3916 Ex
1531 3864 1852 3917 abundantia
1894 3866 2031 3917 enim

459 3963 632 4018 cordis
658 3979 713 4014 os
741 3961 971 4031 loquitur
1002 3959 1150 4030 (Luc.
1175 3957 1272 4029 vn).
1309 3956 1446 4012 Sunt
1479 3959 1620 4012 enim
1653 3958 1743 4011 alii
1773 3959 1888 4028 qui,
1919 3976 2033 4012 ma-

459 4057 602 4127 ligno
627 4054 818 4124 spiritu
856 4050 1063 4121 repleti,
1095 4049 1239 4104 aliud
1275 4049 1526 4104 simulate
1562 4049 1856 4119 loquuntur
1913 4065 2030 4114 ore,

461 4149 604 4202 aliud
646 4145 975 4202 meditantur
1008 4144 1059 4197 in
1088 4144 1270 4198 corde.
1308 4143 1382 4197 De
1409 4145 1605 4212 quibus
1641 4141 1893 4198 Salomon
1926 4145 2030 4197 ait:

462 4237 753 4292 Simulator
791 4252 879 4289 ore
918 4235 1108 4305 decipit
1140 4235 1366 4287 amicum
1389 4251 1544 4287 suum
1569 4233 1746 4303 (Prov.
1773 4235 1868 4306 xu).
1917 4235 2036 4288 Ideo

462 4327 720 4381 Dominus
769 4325 886 4379 ait:
922 4324 1024 4390 Qui
1056 4323 1286 4394 loquitur
1327 4323 1589 4377 veritatem
1633 4325 1685 4377 in
1726 4325 1879 4378 corde
1919 4343 2034 4389 suo,

465 4419 552 4471 hic
583 4416 842 4470 habitabit
882 4415 934 4468 in
967 4413 1316 4467 tabernaculo
1348 4429 1488 4467 meo.
1529 4413 1630 4477 Qui
1665 4431 1767 4466 non
1806 4416 1905 4482 egit
1944 4414 2038 4467 do—

463 4510 572 4560 tmn
617 4507 670 4560 in
713 4506 892 4575 lingua
930 4521 1048 4558 sua.
1097 4503 1239 4557 Idem
1284 4504 1458 4573 ipsum
1489 4512 1572 4557 est
1602 4505 1744 4558 enim
1778 4504 1829 4557 in
1860 4505 2038 4574 lingua

465 4595 647 4647 dolum
679 4609 783 4646 non
812 4608 992 4661 agere,
1016 4590 1156 4660 quod
1185 4599 1268 4644 est
1297 4591 1346 4644 in
1372 4592 1533 4644 corde
1559 4591 1702 4661 loqui
1732 4592 2037 4646 veritatim'i.

465 4683 764 4751 Aliquoties
792 4682 935 4736 enim
967 4682 1122 4734 dolus
1149 4681 1424 4750 profertur
1463 4683 1516 4734 in
1557 4681 1756 4751 lingua,
1785 4683 1926 4736 sicut
1958 4683 2041 4735 hic

467 4775 666 4828 dicitur
695 4788 791 4842 per
816 4772 1187 4836 Psalmistam;
1220 4772 1503 4840 aliquoties
1533 4773 1687 4826 labiis
1710 4774 1910 4843 pariter
1934 4791 2044 4826 me-

469 4869 673 4920 dilatur
703 4873 756 4918 et
795 4866 976 4928 corde,
1013 4864 1153 4917 sicut
1193 4864 1359 4918 babes
1401 4865 1453 4918 in
1511 4864 1832 4918 Salomone:
1867 4865 2042 4919 Labiis

471 4958 604 5022 suis,
635 4957 826 5025 inquit,
859 4955 1171 5025 intelligitur
1208 4955 1474 5019 inimicus,
1516 4971 1634 5007 cum
1665 4955 1718 5008 in
1749 4954 1902 5007 corde.
1938 4965 2046 5006 tra-

472 5048 684 5103 ctaverit
714 5046 862 5099 dolos
895 5044 1077 5114 (Prov.
1105 5045 1274 5116 xxvi).
1309 5045 1365 5098 ln
1401 5046 1578 5115 lingua
1609 5053 1813 5098 tantum
1841 5045 2047 5114 profer-

471 5149 560 5193 tur
580 5139 734 5192 dolus
758 5138 824 5191 ab
849 5137 1083 5203 homine,
1109 5145 1166 5190 ut
1193 5139 1398 5190 amicus
1416 5137 1662 5189 videatur
1693 5137 1743 5189 in
1775 5152 2045 5203 sermone,

474 5231 648 5286 hostis
679 5231 731 5284 in
763 5230 947 5286 corde.
1000 5230 1054 5282 In
1083 5229 1238 5283 labiis
1269 5229 1470 5298 pariter
1500 5229 1789 5281 meditatur
1815 5228 1968 5283 dolus
1994 5239 2049 5283 et

473 5325 656 5388 corde,
695 5331 756 5376 ut
792 5320 1066 5375 inimicum
1097 5335 1155 5373 se
1185 5335 1303 5374 esse
1332 5319 1492 5373 corde
1531 5318 1687 5372 simul
1719 5317 2050 5372 demonstret

473 5426 531 5471 et
555 5431 669 5471 ore.
705 5413 806 5478 Qui
846 5427 949 5464 non
975 5411 1090 5479 fecit
1122 5411 1358 5480 proximo
1391 5425 1486 5462 suo
1516 5408 1730 5461 malum.
1765 5408 2050 5463 Proximus

477 5511 577 5562 hoc
625 5509 678 5561 in
731 5506 847 5559 loco
897 5502 1271 5572 intelligendus
1317 5511 1401 5555 est
1445 5501 1621 5556 omnis
1665 5502 1845 5555 homo.
1902 5500 2053 5555 Unde

479 5601 734 5666 scriptum
765 5605 847 5649 est
880 5612 892 5647 :
925 5593 1044 5647 Non
1089 5591 1409 5646 adulterabis
1453 5611 1569 5645 cum
1621 5609 1784 5645 uxore
1829 5591 2055 5662 proximi

485 5691 556 5740 tui
583 5689 765 5750 (Lcrit.
796 5686 973 5756 xviii),
1024 5685 1074 5739 id
1107 5693 1208 5744 est.
1243 5701 1363 5737 cum
1404 5685 1600 5738 nullius
1629 5685 1884 5740 hominis.
1923 5668 2056 5738 Pro;

2070 4459 2117 4516 D

2105 1901 2204 1938 nec
2233 1884 2478 1954 proximo
2511 1882 2676 1937 faciat
2721 1880 2943 1945 malum,
2987 1893 3088 1932 nec
3118 1878 3274 1931 labiis
3308 1878 3565 1945 loquatur
3594 1878 3695 1930 do-

2106 1974 2216 2027 lum
2239 1989 2359 2027 cuut
2392 1974 2651 2041 scriptum
2685 1972 2756 2026 sit
2783 1969 2938 2023 :Non
2961 1978 3036 2022 est
3059 1968 3213 2021 homo
3234 1969 3322 2038 qui
3347 1968 3489 2031 uiuit,
3511 1977 3561 2020 et
3587 1984 3695 2020 non

2105 2071 2274 2132 peccet
2300 2059 2417 2132 (III
2445 2060 2574 2130 Reg.
2603 2060 2758 2129 vin);
2790 2059 2976 2113 audiat
3007 2059 3107 2111 sibi
3136 2059 3360 2111 Paulum
3387 2058 3697 2126 apostolum

2108 2153 2523 2220 respondentem
2573 2169 2585 2203 :
2635 2151 2701 2203 Et
2743 2150 2853 2203 lucc
2891 2149 3098 2219 quidem
3141 2149 3352 2217 fuistis,
3391 2147 3482 2201 sed
3525 2148 3700 2202 abluti

2109 2239 2264 2302 estis;
2301 2238 2391 2292 sed
2425 2238 2744 2305 sancti/icati
2780 2238 2924 2302 estis,
2953 2246 3056 2291 etc.
3085 2237 3140 2307 (Ι
3161 2237 3282 2290 Cor.
3306 2236 3402 2306 vl).
3439 2235 3545 2301 Qui
3579 2255 3698 2291 ma-

2111 2331 2307 2400 lignum
2329 2329 2616 2383 diabolum.
2664 2328 2922 2383 Diabolus
2946 2329 3205 2383 llebraice
3230 2330 3484 2382 deorsum
3523 2327 3703 2383 ﬂuens

2113 2423 2518 2491 interpretatur,
2570 2436 2635 2475 eo
2683 2423 2827 2491 quod
2873 2421 3141 2490 superbia:
3185 2420 3424 2489 pondere
3470 2435 3704 2490 pressus

2113 2511 2366 2565 deorsum
2417 2525 2682 2565 corruens
2731 2511 2944 2564 cecidit.
2993 2508 3180 2563 Gnece
3225 2517 3405 2563 autem
3447 2509 3704 2564 diabolus

2114 2602 2430 2656 criminator
2459 2602 2677 2666 dicitur,
2707 2604 2831 2672 quia
2859 2602 3000 2657 sicut
3036 2617 3066 2655 a
3089 2602 3317 2656 crimine
3351 2602 3703 2667 criminator,

2114 2700 2168 2745 et
2194 2707 2222 2744 a
2251 2693 2498 2761 superbia
2530 2695 2812 2762 superbus,
2842 2702 2896 2747 et
2923 2694 2991 2747 ab
3022 2692 3302 2761 iniquitate
3330 2691 3581 2760 iniquus;
3628 2692 3703 2745 ita

2116 2797 2144 2834 a
2181 2781 2514 2851 malignitate
2555 2782 2821 2852 malignus
2861 2791 3107 2836 vocatur.
3150 2780 3340 2850 Aliqua
3386 2779 3705 2834 suadentem

2115 2872 2236 2937 sibi,
2279 2873 2331 2927 id
2373 2882 2476 2938 est,
2505 2881 2724 2941 peccata
2754 2882 2808 2927 ct
2837 2874 2987 2927 vitia.
3020 2872 3150 2927 Cum
3191 2874 3303 2942 ipsa
3341 2873 3622 2937 suasione,
3655 2872 3707 2925 id

2118 2971 2234 3026 est,
2290 2963 2692 3026 achortatione,
2745 2963 2826 3017 vel
2880 2963 3214 3017 incitatione.
3256 2963 3296 3014 Α
3340 2962 3710 3031 conspectibus

2121 3052 2294 3105 cordis
2336 3053 2418 3104 sui
2460 3069 2702 3121 respuens
2742 3052 2957 3105 deduxit
2998 3053 3067 3104 ad
3114 3051 3354 3105 nihilum.
3416 3050 3708 3104 Diabolum

2123 3142 2265 3194 cnim
2305 3142 2482 3210 justus
2533 3143 2760 3210 respuit.
2801 3143 3016 3210 quando
3057 3158 3157 3196 nec
3199 3141 3292 3204 illi,
3322 3156 3423 3195 nec
3461 3141 3710 3194 suasioni

2123 3232 2240 3299 ejus
2293 3233 2581 3286 consentit.
2639 3233 2720 3285 Ad
2764 3233 2991 3286 nihilum
3044 3247 3166 3286 cum
3207 3232 3443 3296 deducit,
3485 3233 3712 3298 quando

2125 3339 2222 3377 nec
2260 3323 2449 3390 recipit
2491 3325 2862 3393 suggestiones
2904 3325 3040 3394 ejus,
3072 3340 3170 3377 nec
3202 3324 3389 3377 nutrit.
3421 3322 3714 3376 Annihila-

2129 3417 2202 3469 tio
2241 3431 2369 3485 ergo
2399 3415 2593 3468 diaboli
2627 3415 2885 3482 perfectio
2937 3425 3020 3469 est
3053 3415 3318 3469 monachi.
3384 3414 3541 3468 Tunc
3567 3416 3713 3468 enim

2129 3507 2180 3560 in
2208 3507 2497 3576 semetipso
2535 3507 2690 3562 fortis
2721 3524 2840 3562 esse
2870 3507 3114 3561 diabolus
3141 3507 3461 3570 :cstimatur,
3491 3506 3716 3576 quando

2129 3598 2195 3650 ab
2229 3598 2316 3650 illo
2357 3599 2522 3650 miser
2557 3599 2852 3652 monachus
2885 3599 3137 3651 vincitur.
3187 3597 3337 3651 Tunc
3376 3613 3507 3650 vero
3554 3598 3715 3650 anni-

2129 3689 2354 3752 lliluttll‘,
2384 3690 2597 3757 quando
2623 3707 2651 3741 a
2682 3688 2918 3758 perfecto
2949 3691 3214 3743 monacho
3246 3697 3301 3741 ut
3331 3688 3568 3742 inermis
3599 3689 3714 3740 vin-

2131 3779 2272 3832 citur
2301 3786 2356 3832 ct
2384 3779 2673 3847 respuitur.
2717 3779 2784 3831 Et
2815 3779 3060 3849 parvulos
3087 3781 3344 3850 cogitat-us
3375 3780 3491 3848 ejus
3527 3781 3716 3843 tenuit,

2132 3880 2178 3922 et
2202 3869 2363 3922 allisit
2397 3870 2464 3922 ad
2487 3871 2770 3924 Christum.
2810 3869 3024 3923 Parvuli
3055 3871 3323 3936 cegitatus
3349 3868 3490 3936 ejus,
3527 3871 3587 3926 id
3617 3881 3739 3932 est,

2135 3961 2376 4016 diaboli:
2410 3961 2548 4013 mala
2596 3969 2723 4014 sunt
2767 3959 2883 4027 ejus
2929 3961 3081 4014 initia
3135 3961 3574 4032 suggestionum,
3605 3977 3722 4030 (pne

2135 4051 2273 4105 bene
2303 4060 2428 4104 sunt
2456 4049 2701 4113 tenenda,
2735 4066 2802 4104 ne
2830 4050 2968 4104 male
2999 4059 3267 4116 crescant,
3298 4061 3356 4106 et
3383 4051 3452 4104 ad
3481 4060 3722 4122 petram,

2138 4140 2192 4193 id
2229 4148 2313 4193 est
2352 4139 2418 4192 ad
2448 4137 2748 4203 Christum,
2800 4149 2928 4194 sunt
2957 4140 3227 4206 elidenda,
3259 4148 3320 4194 ut
3364 4149 3623 4210 pereant,
3661 4155 3724 4194 ne

2140 4229 2280 4285 forte
2318 4231 2481 4284 robur
2519 4232 2852 4287 fortitudinis
2893 4233 3113 4298 faciant,
3153 4242 3208 4287 et
3245 4243 3435 4290 contra
3484 4251 3592 4289 nos
3632 4249 3725 4287 no-

2141 4325 2259 4379 civa
2305 4324 2442 4378 bella
2489 4326 2852 4379 committant.
2901 4326 3006 4391 Qui
3047 4327 3283 4380 timentes
3329 4325 3622 4380 Dominum
3663 4326 3724 4378 de

2144 4416 2277 4468 bona
2320 4416 2644 4470 observantia
2689 4434 2794 4471 non
2832 4435 2886 4471 se
2919 4418 3142 4471 reddunt
3183 4418 3368 4483 elatos,
3400 4419 3455 4471 id
3480 4430 3596 4482 est,
3624 4434 3725 4471 non

2147 4522 2206 4559 se
2239 4513 2442 4574 ponunt
2484 4507 2598 4560 sive
2633 4507 2947 4562 existimant
2979 4508 3174 4574 elatos,
3211 4510 3336 4578 quia
3373 4510 3593 4564 viribus
3620 4510 3728 4564 suis

2147 4594 2351 4662 aliquid
2389 4594 2512 4646 boni
2534 4610 2702 4664 agere
2729 4597 2954 4663 possint,
2985 4600 3285 4666 praesertim
3316 4614 3441 4652 cum
3467 4600 3729 4652 Dominus

2150 4685 2406 4752 apostolis
2432 4683 2630 4738 dixerit
2656 4704 2666 4738 :
2695 4685 2820 4738 Sine
2849 4704 2926 4740 me
2951 4687 3082 4740 nihil
3108 4691 3320 4758 potestis
3342 4688 3523 4758 facere
3546 4689 3723 4757 (Joan.

2150 4776 2260 4847 xv).
2297 4776 2429 4830 Nam
2463 4777 2597 4831 velle
2638 4779 2837 4832 bonum
2887 4787 2943 4833 et
2986 4795 3142 4846 posse
3191 4795 3222 4833 a
3252 4779 3485 4835 Domino
3537 4780 3727 4847 accipit

2152 4868 2335 4921 homo.
2385 4869 2572 4922 lilatus
2619 4869 2762 4923 enim
2811 4870 3011 4923 dicitur
3053 4885 3150 4939 pro
3192 4887 3257 4924 eo
3294 4871 3440 4940 quod
3490 4873 3727 4940 seipsum

2153 4976 2317 5030 super
2369 4977 2676 5014 mensuram
2731 4975 2884 5014 suam
2935 4961 3128 5027 elevet,
3175 4963 3300 5015 dum
3353 4977 3587 5026 magnus
3633 4959 3727 5013 sibi

2155 5053 2366 5104 videtur
2405 5053 2471 5105 de
2507 5052 2590 5106 his
2630 5068 2748 5120 qua:
2794 5053 2904 5119 agit
2939 5053 3216 5120 operibus.
3283 5051 3389 5105 Sed
3437 5053 3551 5120 ipsa
3595 5051 3648 5102 in
3681 5065 3728 5100 se.

2156 5140 2291 5192 bona
2323 5157 2425 5192 non
2454 5158 2484 5191 a
2514 5157 2568 5193 se
2593 5156 2761 5210 posse,
2783 5141 2872 5192 sed
2909 5157 2939 5192 a
2964 5140 3188 5194 Domino
3208 5141 3326 5208 ﬁeri
3354 5141 3726 5193 existimantes.

2159 5215 2397 5298 Superbi
2423 5232 2647 5301 cupiunt
2685 5232 2737 5285 in
2773 5247 2831 5286 se
2856 5233 2998 5302 quoi
3041 5249 3147 5286 non
3184 5232 3392 5286 faciunt
3426 5229 3727 5301 prauiicaii.

2159 5322 2400 5376 Humiles
2449 5322 2722 5393 refugiunt
2764 5325 3026 5393 quidquid
3068 5325 3195 5378 boni
3227 5335 3525 5393 operantur
3573 5339 3732 5391 agno-

2161 5414 2258 5467 sci.
2299 5413 2377 5466 llli
2409 5415 2537 5468 vitia
2578 5431 2674 5468 sua
2713 5431 2743 5468 a
2771 5432 2829 5470 se
2860 5418 3002 5471 facta
3032 5432 3158 5471 esse
3199 5423 3476 5480 recusant,
3509 5424 3566 5469 et
3597 5415 3730 5466 bona

2163 5506 2277 5559 suis
2318 5505 2524 5561 viribus
2567 5506 2706 5560 facta
2749 5509 2979 5578 turpiter
3015 5508 3244 5577 jactant.
3298 5507 3560 5571 Humiles,
3611 5505 3732 5572 quia

2164 5605 2382 5663 peccata
2423 5598 2795 5653 commiserint
2839 5602 3144 5656 voluntarie
3189 5601 3494 5656 confitendo
3543 5604 3730 5651 scim-t-

2168 5687 2310 5756 ἱρεοε
2347 5699 2630 5753 accusant;
2671 5703 2726 5745 et
2762 5695 2941 5748 omnia
2975 5697 3113 5748 bona
3157 5710 3252 5747 sua
3284 5709 3389 5746 non
3431 5709 3458 5744 a
3499 5704 3561 5743 se
3597 5687 3729 5740 ΐειιει
