3960 6206
274 358 382 412 ’ῖΙῖ

1309 358 1663 413 (ὩΜΜΕΝΤ.
1708 356 1772 411 IN
1815 356 1973 413 ΠΕΟ.
2017 355 2073 410 S.
2115 353 2491 410 BENEDICTI.

3435 357 3536 413 7I8

268 504 419 555 esse,
443 485 540 543 sed
567 482 750 539 divino
779 491 1006 534 munere
1036 474 1334 544 deputant:
1362 483 1417 529 et
1460 488 1563 527 non
1596 487 1625 525 a
1650 486 1726 534 se,
1762 469 1854 525 sed
1887 476 1933 534 Α
1960 468 2181 539 ﬂumina
2208 508 2223 533 ,
2262 469 2519 537 ﬂaverant
2561 467 2693 519 renti
2721 507 2735 531 ,
2782 476 2830 520 et
2868 467 3190 537 impegerunt
3227 468 3283 521 in
3324 468 3542 526 domum

273 596 307 636 a
331 578 563 634 Domino
596 577 650 632 in
694 587 752 628 se
799 570 944 625 facta
984 584 1105 624 esse
1150 567 1498 623 conﬁrmant.
1545 564 1859 637 Operantem

273 669 338 726 in
381 683 439 723 se
478 665 764 721 Dominum
821 657 1165 729 magnificam
1228 656 1378 710 illum
1439 672 1556 709 cum
1597 650 1861 723 Propheta

272 760 548 816 dicentes:
572 755 695 810 Non
731 751 900 816 nobis,
924 748 1167 812 Domine,
1203 764 1306 801 non
1342 746 1512 812 nobis,
1549 745 1638 799 sed
1666 744 1864 799 nomini

274 819 371 906 tuo
412 847 485 902 da
527 843 749 916 gloriam
792 839 969 911 (Psal.
1013 838 1189 909 cun).
1243 838 1338 893 Ille
1384 837 1439 892 in
1478 853 1538 892 se
1576 835 1863 891 Dominum

275 947 595 1013 operantem
634 932 975 1005 magniﬁcat,
1024 931 1119 1001 qui
1162 930 1230 985 de
1283 929 1441 984 bonis
1490 929 1603 983 suis
1654 928 1867 983 actibus

278 1047 389 1088 non
421 1029 549 1093 sibi,
585 1026 678 1081 sed
710 1024 943 1079 Domino
994 1021 1221 1092 gloriam
1270 1020 1480 1076 tribuit.
1535 1018 1865 1089 Operantcm

279 1123 337 1177 in
368 1136 430 1176 se
474 1118 764 1173 Dominum
819 1112 1171 1185 magniﬁcare
1228 1111 1416 1174 debet,
1465 1113 1555 1181 qui
1610 1111 1727 1165 sine
1775 1110 1867 1166 illo

280 1210 422 1266 nihil
473 1207 600 1263 boni
653 1218 817 1275 agere
870 1202 1033 1257 valet.
1087 1199 1353 1271 Cognovit
1403 1200 1550 1255 enim
1593 1199 1866 1271 PI‘OleCla

281 1301 414 1372 quia
456 1314 561 1354 non
602 1303 687 1351 est
722 1293 959 1349 hominis
998 1291 1232 1362 dirigere
1275 1292 1392 1346 vias
1437 1308 1583 1357 suas,
1638 1293 1735 1347 sed
1777 1292 1868 1346 illo

287 1393 611 1462 disponente
635 1384 848 1441 Domini
895 1391 979 1439 est
1022 1382 1257 1455 dirigere
1304 1400 1527 1453 gressus
1576 1382 1711 1451 ejus.
1745 1382 1869 1438 Ideo

285 1483 367 1540 illi
418 1480 611 1536 tribuit
652 1477 912 1548 gloriam,
963 1490 994 1528 a
1036 1490 1144 1545 quo
1190 1490 1250 1530 se
1295 1476 1550 1546 cognovit
1594 1477 1872 1545 accepisse

285 1573 475 1628 omnia
501 1571 677 1633 bona;
713 1567 789 1622 ait
812 1567 956 1621 enim
979 1564 1270 1635 Apostolus
1294 1582 1308 1618 :
1335 1562 1527 1619 Omnia
1549 1581 1872 1637 quwcunque

284 1658 487 1734 facitis,
522 1659 578 1713 in
619 1656 830 1712 nomine
856 1655 1071 1709 Domini
1107 1652 1265 1724 facile
1308 1652 1532 1729 (Coloss.
1575 1653 1678 1726 tu).
1732 1655 1873 1727 Ergo

284 1762 467 1808 totum
508 1749 715 1807 nomini
756 1748 834 1803 illi
865 1746 1070 1802 tribuat
1097 1746 1360 1822 Ecclesia,
1385 1762 1416 1802 a
1444 1762 1552 1817 quo
1586 1755 1641 1801 et
1678 1748 1734 1801 in
1763 1760 1872 1816 quo

1963 560 2136 626 illam,
2171 570 2219 615 et
2244 577 2346 614 non
2375 559 2580 625 cecidit,
2603 558 2825 629 fundata
2858 560 2996 614 enim
3020 569 3134 614 erat
3162 576 3323 631 supra
3342 570 3547 631 petram

1966 649 2181 722 (Matth.
2207 650 2324 721 vn).
2379 649 2608 719 Sapiens
2644 651 2789 705 enim
2823 650 2910 705 vir
2951 665 3059 705 non
3099 665 3264 720 super
3299 667 3544 721 arenam,

1967 742 2021 796 id
2049 750 2132 796 est
2168 756 2331 810 super
2366 742 2742 811 semetipsum,
2779 742 2905 811 quia
2937 741 3117 812 pulvis
3156 751 3241 799 est
3273 752 3329 799 et
3363 761 3547 802 rever-

1966 829 2113 886 tetur'
2136 831 2191 885 in
2216 832 2515 902 pulverem,
2553 832 2649 887 sed
2694 847 2858 902 super
2890 841 3127 902 petram,
3170 835 3318 890 illam
3352 836 3547 891 videli-

1967 931 2054 979 cet
2095 925 2161 979 de
2189 940 2295 993 qua
2322 924 2610 994 Apostolus
2650 924 2727 978 ait
2754 943 2765 977 :
2794 924 2956 978 Petra
3011 936 3185 980 autem
3234 938 3347 981 erat
3396 927 3549 984 Chri-

1967 1025 2078 1070 stus
2112 1013 2163 1083 (Ι
2194 1013 2315 1069 Cor.
2355 1014 2433 1086 χ),
2467 1015 2684 1069 domum
2724 1030 2877 1069 suam
2919 1015 3172 1079 aediﬁcat,
3214 1017 3265 1071 id
3301 1027 3404 1083 est,
3447 1019 3551 1073 lni—

1971 1106 2103 1159 tium
2154 1105 2343 1174 prima:
2391 1105 2856 1168 conversationis,
2911 1106 3067 1175 quasi
3136 1105 3547 1163 fundamentum

1971 1198 2164 1251 domus
2212 1213 2351 1258 suae,
2401 1205 2457 1251 et
2505 1197 2850 1252 medietatem
2894 1197 3050 1253 bonae
3093 1201 3343 1265 actionis,
3394 1202 3549 1271 quasi

1972 1288 2210 1343 medium
2253 1288 2476 1360 parietis
2510 1289 2624 1354 sui;
2670 1296 2726 1343 et
2764 1292 3231 1361 perseverantiam
3265 1294 3553 1363 perlectio—

1972 1378 2078 1443 nis,
2111 1379 2266 1449 quasi
2293 1380 2775 1434 consummationis
2803 1382 3220 1450 perseverantia:
3250 1398 3361 1437 suae
3393 1398 3555 1452 super

1972 1467 2383 1524 fundamentum
2430 1469 2560 1524 illud
2606 1472 2807 1539 ponit:
2843 1472 2911 1525 de
2956 1487 3064 1541 quo
3109 1472 3236 1526 alibi
3267 1472 3555 1542 Apostolus

1974 1560 2052 1615 ait
2078 1578 2088 1612 :
2120 1558 2548 1614 Fundamentum
2583 1560 2730 1614 aliud
2763 1577 2912 1614 nemo
2940 1570 3106 1631 potest
3134 1578 3345 1630 ponere,
3366 1572 3556 1633 printer

1974 1650 2029 1703 id
2047 1648 2186 1720 quod
2208 1648 2434 1719 positum
2455 1658 2553 1715 est,
2574 1651 2664 1719 qui
2685 1658 2758 1704 est
2783 1650 3022 1705 Christus
3041 1649 3274 1723 Jesus(1
3299 1651 3421 1706 Cor.
3448 1653 3554 1724 ιιι).
3625 1714 3630 1719 .

1976 1741 2060 1796 Ab
2084 1740 2188 1794 hoc
2215 1739 2361 1796 enim
2382 1738 2733 1795 fundamento
2761 1741 2958 1811 accipit
2983 1742 3147 1810 vires,
3176 1749 3236 1796 ut
3263 1742 3560 1797 aediﬁcetur

286 1843 513 1900 nomine
550 1842 808 1896 virtutem
850 1839 1049 1909 accipit
1083 1839 1345 1910 operandi
1374 1848 1545 1906 recta,
1572 1848 1628 1895 et
1653 1840 1873 1895 bumili-
1901 1824 1947 1882 Β
1975 1833 2192 1898 domus,
2224 1831 2274 1886 id
2303 1839 2387 1886 θεῖ
2417 1846 2577 1886 omne
2607 1834 2856 1887 monachi
2884 1847 3047 1903 opus;
3080 1842 3134 1887 θι
3158 1832 3555 1897 1'Ol‘lilllllinﬁll’h

287 1943 378 1989 ter
414 1932 793 2000 veraciterque
832 1930 976 1985 dicat
1020 1945 1143 1984 cum
1186 1928 1455 1999 Propheta
1494 1946 1507 1982 :
1544 1928 1668 1984 Non
1705 1931 1873 1996 nobis,

286 2023 540 2087 Domine,
565 2037 672 2075 non
700 2019 868 2084 nobis,
891 2018 982 2074 sed
1008 2018 1206 2073 nomini
1235 2028 1324 2073 tuo
1346 2019 1415 2072 da
1436 2018 1681 2092 gloriam.

366 2110 513 2167 Sicut
540 2126 632 2165 nec
659 2109 860 2163 Paulus
885 2107 1154 2179 apostolus
1181 2109 1245 2163 de
1264 2108 1637 2180 pra’dicatione
1657 2127 1756 2163 sua
1777 2110 1878 2164 sibi

286 2200 496 2274 aliquid
538 2200 853 2272 imputabat,
887 2199 1107 2255 dicens:
1142 2197 1330 2254 Gratia
1364 2199 1462 2253 Dei
1501 2216 1616 2253 sum
1660 2200 1715 2253 id
1741 2201 1879 2271 quod

288 2308 415 2349 sum
448 2291 500 2365 (Ι
525 2290 648 2346 Cor.
676 2289 791 2361 xv).
840 2288 1042 2344 Fuerat
1076 2290 1222 2344 enim
1255 2298 1414 2345 antea
1442 2290 1796 2360 blasphemus
1826 2298 1882 2344 et

291 2387 618 2456 persecutor
641 2377 896 2434 Ecclesiae
920 2377 1140 2443 Paulus,
1174 2379 1268 2433 sed
1305 2378 1479 2449 gratia
1510 2378 1604 2433 Dei
1636 2388 1876 2443 vocatus,

293 2481 357 2529 et
404 2489 437 2527 a
467 2471 763 2543 Synagogze
810 2476 964 2523 utero
1009 2478 1344 2540 segregatus,
1394 2469 1507 2538 jam
1556 2469 1883 2539 prmdicator

293 2562 478 2617 factus
510 2567 627 2615 erat
666 2558 722 2612 in
745 2556 989 2612 Ecclesia
1029 2555 1203 2612 ﬁdelis
1240 2564 1296 2611 et
1332 2564 1549 2622 rectus;
1592 2555 1711 2611 ideo
1739 2556 1885 2613 dice—

296 2655 431 2709 bat:
458 2648 642 2706 Gratia
664 2648 761 2704 Dei
797 2665 914 2703 sum
936 2647 993 2702 id
1017 2647 1156 2719 quod
1193 2664 1332 2713 sum,
1374 2648 1430 2703 id
1474 2654 1578 2713 est,
1624 2661 1723 2716 per
1768 2662 1883 2701 mc-

198 2806 211 2819 δ
296 2743 597 2812 metipsum
644 2738 721 2795 fui
764 2753 989 2810 pravus,
1020 2738 1196 2810 gratia
1220 2737 1318 2792 Dei
1365 2753 1485 2792 sum
1530 2746 1728 2792 rectus.
1783 2736 1886 2791 Per

295 2833 683 2901 memetipsum
726 2837 1062 2901 persecutor,
1110 2843 1211 2900 per
1249 2828 1477 2897 gratiam
1505 2828 1717 2884 Domini
1767 2844 1884 2883 sum

296 2914 468 2980 modo
489 2921 748 2977 Ecclesiae
778 2918 1050 2975 defensor.
1083 2917 1189 2973 Per
1226 2918 1609 2986 memetipsum
1634 2917 1887 2987 blasphe-

300 3030 432 3071 mus
471 3023 529 3070 et
566 3013 782 3083 impius,
825 3026 925 3082 per
953 3009 1167 3066 Domini
1215 3007 1448 3080 gratiam
1491 3007 1667 3064 ﬁdelis
1712 3007 1888 3064 factus

301 3120 430 3161 sum
458 3112 513 3158 et
541 3104 680 3175 pius.
711 3104 780 3159 Et
801 3104 907 3159 boc
933 3111 1018 3160 est
1048 3103 1220 3174 gratia
1243 3102 1341 3156 Dei
1367 3118 1483 3157 sum
1509 3102 1565 3155 id
1586 3102 1721 3173 quod
1747 3118 1886 3169 sum,

301 3195 366 3251 id
395 3204 499 3260 est,
530 3211 636 3251 non
666 3196 877 3252 meritis
914 3195 1072 3261 meis,
1100 3195 1196 3250 sed
1226 3195 1401 3265 gratia
1426 3190 1525 3250 Dei
1554 3193 1729 3250 factus
1765 3210 1885 3249 sum
1915 3176 1960 3239 Ο

299 3288 376 3344 de
416 3285 616 3342 inﬁdeli
652 3287 826 3343 ﬁdelis
857 3295 913 3342 et
952 3287 1018 3342 de
1051 3285 1177 3358 lupo
1210 3294 1416 3357 pastor,
1446 3286 1514 3342 de
1540 3297 1890 3356 persecutore

300 3375 563 3433 defensor
591 3384 646 3432 et
671 3377 739 3432 de
762 3392 931 3447 pravo
965 3385 1165 3443 rectus,
1193 3388 1250 3433 et
1278 3377 1344 3432 de
1371 3376 1536 3447 impio
1563 3377 1705 3446 pius,
1734 3376 1891 3432 Chri—

304 3469 523 3524 stianus
551 3468 617 3523 de
638 3465 822 3523 Iudaeo
856 3475 913 3523 et
947 3466 1224 3538 apostolus
1263 3465 1332 3521 de
1360 3466 1667 3533 Pbarisaeo;
1705 3467 1891 3522 ethoc

302 3568 414 3625 est,
440 3559 614 3629 gratia
638 3557 735 3612 Dei
761 3575 877 3612 sum
914 3557 968 3613 id
1000 3558 1138 3630 quod
1170 3575 1323 3625 sum;
1364 3558 1420 3614 id
1460 3568 1559 3623 cst,
1614 3575 1721 3615 non
1770 3575 1890 3614 sum

302 3649 523 3720 qualem
569 3649 770 3705 dudum
822 3665 908 3718 me
949 3649 1078 3706 fecit
1119 3651 1348 3718 malitia,
1398 3653 1493 3707 sed
1540 3652 1753 3721 qualem
1805 3666 1891 3706 me

304 3742 473 3797 modo
500 3728 716 3796 Domini
746 3741 913 3796 voluit
938 3757 1059 3798 esse
1087 3744 1282 3814 gratia.

382 3832 453 3887 Et
499 3834 691 3889 iterum
746 3835 855 3904 ipse
889 3833 1020 3887 dicit
1051 3850 1069 3888 :
1098 3833 1203 3901 Qui
1240 3834 1521 3905 gloriatur,
1570 3835 1625 3888 in
1667 3834 1892 3889 Domino

304 3924 564 3996 glorietur
604 3924 657 3995 (I
682 3923 805 3980 Cor.
835 3927 896 3996 ι).
946 3925 1092 3981 Nihil
1136 3927 1303 3992 enim,
1335 3935 1394 3982 ut
1436 3927 1756 3997 prtulictum
1787 3937 1891 3994 est,

307 4016 477 4071 homo
528 4015 693 4070 habet
729 4017 931 4087 aliquid
969 4017 1117 4083 boni,
1157 4018 1260 4072 nisi
1303 4018 1447 4087 quod
1492 4012 1689 4089 accipit
1733 4034 1764 4073 a
1792 4018 1895 4073 Do-

309 4103 480 4157 mino.
535 4100 592 4157 Si
638 4118 769 4174 ergo
810 4104 1041 4173 accipit,
1090 4119 1198 4159 non
1246 4104 1536 4176 glorietur,
1586 4108 1740 4177 quasi
1787 4122 1894 4163 non

310 4194 611 4262 acceperit,
648 4209 716 4248 ne
762 4193 901 4249 forte
941 4196 1225 4251 subtrahat
1266 4197 1410 4266 quod
1452 4198 1601 4253 dedit
1644 4200 1893 4272 largitor,

310 4292 375 4339 ut
402 4293 683 4339 remaneat
727 4301 931 4342 vacuus
978 4288 1069 4358 qui
1113 4288 1449 4358 gloriabatur
1488 4290 1554 4345 de
1601 4292 1796 4349 alieno.
1831 4294 1899 4351 Et

309 4374 442 4429 alibi
468 4375 756 4445 Apostolus
793 4394 807 4432 :
836 4376 959 4432 Non
982 4395 1046 4432 ex
1068 4379 1236 4445 nobis,
1260 4380 1357 4435 Dei
1383 4383 1519 4436 enim
1551 4382 1749 4437 donum
1788 4395 1895 4451 est;

308 4483 418 4520 non
461 4482 527 4520 ea:
565 4467 822 4537 operibus,
868 4485 932 4522 ne
970 4470 1089 4540 quis
1132 4469 1387 4541 glorietur
1428 4469 1588 4544 (Eph.
1638 4473 1721 4545 ιι).
1779 4474 1896 4532 Νοη

308 4572 445 4628 ergo
472 4558 651 4623 nobis,
678 4559 772 4613 sed
800 4559 1004 4613 nomini
1029 4558 1241 4614 Domini
1272 4561 1400 4616 totis
1428 4563 1636 4618 viribus
1669 4564 1898 4636 gloriam

310 4646 508 4701 demus
534 4662 547 4698 :
572 4661 679 4717 quo
710 4648 929 4704 nomine
977 4649 1166 4704 salvati
1212 4667 1420 4717 sumus,
1450 4661 1505 4709 et
1551 4655 1604 4708 in
1634 4665 1895 4713 aeternum

309 4736 519 4793 salvari
551 4737 786 4793 ﬁdeliter
824 4755 1125 4810 speramus.
1164 4741 1282 4797 Non
1322 4744 1465 4800 enim
1497 4754 1582 4801 est
1617 4747 1760 4803 aliud
1799 4744 1897 4804 no-

309 4845 442 4885 men
488 4830 544 4883 in
586 4838 699 4885 toto
742 4830 970 4899 mundo,
1016 4833 1071 4886 in
1122 4849 1230 4902 quo
1278 4835 1461 4891 salvus
1510 4838 1602 4892 ﬁat
1649 4841 1894 4910 populus.

314 4919 472 4975 Unde
532 4927 587 4974 et
627 4920 916 4991 Apostolus
976 4923 1053 4978 ait
1098 4941 1112 4980 :
1152 4925 1266 4996 Ipsi
1336 4925 1502 4997 gloria
1560 4929 1615 4983 in
1662 4930 1899 4987 Ecclesia

312 5020 365 5067 et
404 5008 615 5067 Christo
651 5011 816 5079 Iesu,
877 5015 930 5069 in
974 5016 1212 5070 omnibus
1256 5022 1680 5089 generationibus
1722 5024 1904 5079 sa'culi

316 5101 661 5170 swculorum,
685 5121 837 5158 amen
883 5105 1043 5176 (Eph.
1075 5107 1181 5178 ιιι).
1224 5108 1374 5165 Istud
1400 5120 1484 5166 est
1528 5128 1658 5184 ergo
1705 5131 1902 5171 nomen

316 5189 407 5244 cui
455 5191 635 5245 omnia
685 5207 825 5262 genu
870 5192 1115 5261 ﬂectunt,
1167 5198 1509 5268 caelestium,
1565 5207 1905 5261 terrestrium

318 5285 376 5333 et
418 5278 756 5334 infernorum
802 5299 816 5335 :
865 5282 976 5350 Et,
1018 5286 1184 5340 omnis
1223 5286 1403 5359 lingua
1445 5292 1743 5361 conﬁtetur,
1782 5297 1904 5367 quia

318 5371 419 5425 hoc
444 5388 650 5440 nomen,
681 5374 734 5428 id
758 5383 860 5439 est,
891 5376 1150 5435 Dominus
1177 5378 1335 5436 Jesus
1362 5382 1632 5451 Christus,
1660 5385 1712 5439 in
1735 5386 1906 5457 gloria

321 5475 396 5519 est
422 5464 516 5518 Dei
542 5462 718 5521 Patris
748 5465 915 5538 (Phil.
945 5469 1026 5542 ιι).

394 5553 549 5609 Unde
578 5565 626 5610 et
650 5556 907 5613 Dominus
935 5560 989 5615 in
1012 5560 1297 5633 Evangelia
1317 5566 1391 5618 ait
1415 5583 1433 5620 :
1457 5567 1561 5633 Qui
1582 5570 1729 5623 audit
1750 5572 1904 5627 verba

325 5662 441 5699 mea
482 5646 623 5712 ha'c,
681 5657 730 5701 et
771 5649 899 5719 facit
929 5640 1022 5718 'ea,
1060 5653 1300 5708 similabo
1340 5673 1458 5711 eum
1496 5660 1606 5712 viro
1649 5662 1903 5732 sapienti,

321 5738 412 5808 qui
450 5738 728 5807 (edi/icavit
759 5740 970 5797 domum
1002 5761 1155 5798 suam
1190 5762 1350 5814 supra
1385 5759 1626 5818 petram:
1661 5765 1904 5807 venerunt

1977 1938 2045 1978 ne
2065 1921 2278 1993 pulsata
2306 1923 2739 1991 tempestatibus,
2777 1922 2830 1976 id
2863 1931 2947 1978 est
2975 1922 3410 1978 tribulationibus
3440 1930 3561 1977 ten-

1979 2012 2266 2076 talionum,
2298 2011 2631 2066 destruatur.
2684 2013 2892 2068 Stultus
2920 2022 3099 2069 autem
3129 2013 3362 2069 aediﬁcat
3396 2029 3562 2089 super

1979 2118 2222 2168 arenam,
2251 2103 2376 2171 quia
2410 2103 2477 2158 de
2505 2117 2668 2172 opere
2698 2118 2797 2159 suo
2827 2120 2933 2160 non
2959 2106 3086 2171 Deo,
3116 2105 3211 2161 sed
3236 2105 3341 2160 sibi
3371 2106 3562 2160 tribuit

1980 2191 2228 2263 gloriam.
2262 2192 2490 2261 Sapiens
2518 2202 2699 2247 autem
2728 2193 2959 2249 aediﬁcat
2984 2210 3145 2265 super
3171 2202 3401 2265 petram,
3431 2196 3562 2265 quia

1981 2284 2048 2338 de
2076 2284 2329 2339 omnibus
2352 2285 2607 2355 operibus
2638 2286 2794 2343 bonis
2816 2287 2931 2343 suis
2965 2302 3071 2342 non
3103 2288 3206 2343 sibi
3241 2289 3429 2344 laudes
3460 2289 3562 2344 tri-

1980 2372 2114 2437 buit,
2141 2374 2237 2428 sed
2265 2375 2374 2428 Deo
2400 2377 2602 2442 gratias
2630 2376 2769 2447 agit;
2801 2386 2857 2432 et
2881 2378 3126 2449 largitori
3154 2395 3255 2436 suo
3282 2380 3566 2437 humiliter

1983 2474 2178 2521 cuncta
2210 2466 2421 2532 tribuit,
2448 2469 2575 2539 quia
2606 2471 2673 2525 ab
2699 2469 2791 2524 illo
2827 2486 2886 2525 se
2913 2472 3187 2542 accepisse
3237 2481 3434 2528 cuncta
3473 2489 3567 2530 co-

1984 2558 2213 2629 gnoscit.
2258 2557 2379 2613 Alio
2417 2559 2559 2613 enim
2597 2575 2756 2615 sensu
2793 2562 2909 2616 haec
2947 2563 3201 2632 parabola
3232 2565 3468 2619 maxime
3498 2567 3565 2620 ad

1985 2647 2358 2703 inobedientes
2393 2650 2633 2719 respicit.
2677 2650 2768 2705 Sic
2789 2653 2932 2706 enim
2965 2652 3193 2724 legimus
3223 2671 3236 2707 :
3271 2653 3455 2709 Omnis
3476 2658 3566 2726 qui

1984 2736 2135 2790 audit
2166 2737 2322 2791 verba
2354 2754 2489 2803 mea,
2526 2750 2575 2793 et
2610 2757 2711 2794 non
2748 2741 2877 2811 facit
2910 2759 2992 2806 ea,
3032 2743 3271 2798 similabo
3307 2763 3425 2800 eum
3458 2748 3567 2801 viro

1984 2825 2145 2880 stulto
2177 2827 2265 2897 qui
2298 2827 2579 2897 trdiﬁcavit
2615 2828 2828 2883 domum
2862 2848 3013 2885 suam
3053 2849 3209 2902 super
3244 2851 3482 2901 arenam,
3514 2848 3569 2891 et

1988 2916 2195 2987 reliqua
2229 2917 2445 2990 (Matth.
2476 2919 2575 2991 vn)
2602 2938 2613 2971 :
2645 2920 2698 2975 id
2726 2930 2829 2985 cst,
2864 2938 2985 2977 cum
3017 2923 3331 2981 inﬁuxerint
3359 2927 3571 2981 stillici-

1987 3008 2076 3063 dia
2111 3009 2446 3078 passionum,
2488 3026 2611 3065 cum
2645 3011 2962 3067 advenerint
2991 3012 3233 3082 ﬁumina,
3271 3024 3326 3070 et
3358 3024 3570 3072 torren~

1989 3108 2096 3166 tes,
2143 3109 2307 3171 atque
2355 3100 2589 3171 impetus
2635 3100 3044 3157 tribulationum
3101 3119 3170 3161 ex
3224 3106 3571 3163 multitudine

1991 3193 2618 3265 negligentiarum:cum
2658 3193 2900 3263 ﬂaverint
2941 3196 3101 3261 venti,
3143 3195 3220 3251 illi
3264 3197 3450 3268 utique
3479 3199 3573 3268 qui

1992 3298 2089 3355 per
2126 3284 2289 3338 istum
2328 3297 2507 3338 aerem
2537 3283 2787 3349 volitant,
2829 3285 3009 3355 parati
3053 3286 3121 3341 ad
3150 3286 3354 3342 Christi
3391 3302 3571 3343 aream

1993 3370 2385 3436 ventilandum,
2413 3372 2588 3426 sicubi
2630 3372 2909 3427 inveniant
2944 3374 3128 3445 paleas
3155 3391 3291 3446 quas
3332 3377 3400 3431 ad
3437 3378 3575 3433 ludi-

1994 3462 2174 3515 brium
2205 3475 2362 3515 suum
2406 3460 2621 3532 rapiant
2650 3471 2812 3531 atque
2840 3464 3172 3535 dispergant,
3207 3475 3335 3522 tunc
3367 3468 3576 3523 irruent

1995 3552 2051 3605 in
2089 3552 2305 3606 domum
2346 3550 2491 3604 illam
2537 3568 2658 3622 qum
2697 3555 2815 3607 sine
2853 3555 3174 3610 obedientim
3222 3555 3576 3613 fundamento

1993 3641 2261 3697 aediﬁcata
2288 3650 2393 3707 est,
2430 3650 2484 3696 et
2512 3642 2604 3697 ﬁet
2651 3645 2807 3698 ruina
2852 3644 2996 3701 illius
3039 3662 3253 3717 magna.
3298 3646 3414 3703 Non
3445 3665 3576 3722 ergo

1993 3732 2173 3803 pluvia
2231 3748 2403 3803 neque
2457 3733 2677 3789 ﬁumina
2723 3751 2848 3792 cum
2902 3737 3108 3808 impetu
3158 3739 3574 3810 descendentia;

1995 3843 2171 3899 neque
2189 3829 2335 3883 venti
2363 3829 2678 3885 validissimi
2709 3846 3051 3889 commovere
3080 3843 3333 3905 poterunt
3358 3837 3576 3893 domum

1997 3936 2160 3991 super
2206 3930 2414 3991 petram
2456 3922 2759 3988 fundatam,
2801 3934 2863 3978 ut
2899 3939 2965 3980 ex
2996 3927 3098 3982 hoc
3140 3928 3407 4001 intelligas
3450 3929 3579 4000 quia

1999 4014 2090 4082 qui
2137 4014 2371 4082 seipsum
2420 4028 2526 4068 non
2578 4015 2907 4084 prodiderit,
2962 4035 3061 4074 nec
3114 4036 3145 4073 a
3191 4021 3367 4091 seipso
3415 4021 3581 4077 fuerit

2000 4115 2220 4170 motus,
2278 4104 2421 4160 nulla
2468 4107 2854 4175 superveniens
2903 4111 3130 4166 tentatio
3175 4113 3407 4183 dejicere
3455 4129 3579 4169 eum

1999 4195 2200 4267 poterit
2226 4204 2318 4248 aut
2349 4210 2587 4251 movere.
2618 4194 2755 4251 Illud
2776 4213 2906 4253 vero
2932 4199 3079 4254 aliud
3109 4201 3397 4257 aediﬁcium
3424 4203 3581 4260 facile

2002 4284 2353 4349 subvertitur,
2385 4301 2489 4339 non
2517 4299 2630 4356 pra)
2680 4289 2975 4344 tentatione
3006 4290 3298 4359 violentiaz,
3342 4294 3581 4367 alioquin

2002 4384 2057 4429 et
2084 4373 2209 4430 illud
2238 4374 2522 4428 aediﬁcium
2545 4377 2846 4446 dejecisset,
2870 4381 2965 4435 sed
2979 4390 3200 4452 propter
3224 4382 3581 4449 fundamenti,

2005 4468 2059 4522 id
2084 4476 2164 4522 est
2192 4466 2474 4536 propositi,
2505 4467 2892 4524 inﬁrmitatem.
2934 4470 3112 4527 Arena
3139 4484 3223 4529 cst
3250 4491 3338 4532 res
3367 4478 3585 4532 mobilis

2004 4566 2057 4612 et
2084 4556 2436 4622 infructuosa,
2477 4571 2598 4626 qua:
2632 4559 2750 4613 sine
2779 4560 2941 4617 dubio
2984 4562 3390 4621 instabilitatem
3423 4577 3586 4639 atque

2006 4647 2422 4710 inconstantiam
2447 4648 2692 4718 designat
2717 4650 3040 4707 animarum.

2076 4745 2207 4835 Ilaec
2246 4746 2505 4817 complens
2529 4747 2806 4817 Dominus,
2843 4766 3105 4824 exspectat
3129 4774 3221 4812 nos
3245 4761 3477 4831 quotidie
3500 4765 3583 4819 his

2005 4841 2113 4893 suis
2160 4839 2355 4892 sanctis
2410 4840 2620 4895 monitis
2673 4842 2827 4912 factis
2878 4861 2971 4900 nos
3020 4849 3329 4918 respondere
3377 4853 3582 4909 debere.

2007 4927 2161 4995 Quod
2207 4939 2387 4983 autent
2431 4932 2541 4984 ham
2582 4933 2841 5004 complens
2881 4935 3158 5003 Dominus,
3197 4942 3265 4996 ad
3303 4946 3587 5014 superiora

2004 5017 2165 5082 bona,
2196 5033 2315 5088 qua:
2340 5019 2407 5074 de
2437 5021 2741 5076 habitatore
2779 5026 3115 5083 tabernaculi
3144 5031 3375 5100 dixerat,
3409 5037 3587 5105 respi-

2006 5110 2111 5173 cit;
2142 5109 2386 5180 implevit
2414 5113 2558 5166 enim
2579 5111 2826 5171 Christus
2849 5116 3109 5175 Dominus
3136 5126 3384 5193 superius
3406 5127 3584 5193 dicta;

2006 5215 2256 5255 sermone
2293 5201 2535 5273 implevit
2561 5214 2616 5258 et
2650 5219 2832 5276 opere.
2876 5209 3199 5269 Pnedicavit
3222 5197 3408 5286 verbo,
3441 5221 3584 5291 quod

2009 5291 2249 5361 implevit
2276 5302 2333 5348 et
2359 5303 2503 5350 actu.
2534 5295 2652 5367 Ipse
2680 5299 2824 5354 enim
2855 5302 2909 5356 in
2940 5320 2998 5359 se
3025 5307 3283 5378 implevit,
3314 5315 3454 5381 quod
3483 5316 3585 5369 int-

2009 5384 2157 5455 plere
2188 5386 2523 5443 tabernaculi
2573 5391 2932 5451 habitatorem
2966 5411 3241 5473 prtecepit.
3292 5406 3409 5474 Ipse
3437 5408 3585 5462 enim

2009 5474 2127 5530 sine
2171 5479 2378 5547 peccati
2426 5482 2637 5537 macula
2684 5484 2961 5558 ingressus
3005 5502 3090 5547 est
3131 5496 3430 5551 mundum:
3471 5500 3587 5569 ipse

2008 5567 2126 5622 sine
2175 5579 2399 5638 peccato
2443 5573 2579 5627 vixit
2622 5575 2677 5631 in
2721 5582 2943 5649 mundo,
2990 5591 3046 5638 et
3097 5585 3213 5640 sine
3261 5567 3586 5659 contagione

2005 5663 2215 5732 peccati
2244 5666 2487 5721 ascendit
2515 5668 2568 5723 in
2599 5670 2816 5727 caelum.
2847 5673 3105 5744 Princeps
3131 5676 3275 5731 enim
3305 5681 3490 5736 mundi
3518 5685 3585 5738 ad

2008 5768 2131 5808 eum
2157 5754 2324 5822 venit,
2351 5758 2444 5814 sed
2472 5758 2527 5813 in
2554 5775 2620 5815 eo
2655 5763 2731 5819 nil
2770 5765 2912 5832 quod
2941 5765 3326 5824 condemnaret
3355 5771 3583 5831 invenit.
