3960 6206
405 242 433 294 7
448 240 503 298 ιθ

1678 229 1954 287 SMARAG

2065 230 2355 287 sanans
3565 239 3634 294 τε

399 362 519 430 Ipse
565 356 813 428 quamvis
851 354 1030 425 justas
1074 350 1334 406 Dominus
1372 346 1639 418 justitiam
1685 346 1873 416 diligat
1923 353 1976 398 et
2006 348 2052 406 Α
2082 343 2289 399 Lassati
2318 361 2496 398 sumus
2526 347 2579 398 in
2612 346 2690 398 via
2722 345 2989 410 vanitatis,
3030 355 3080 398 et
3117 346 3443 415 perditionis,
3477 361 3521 402 et
3551 370 3668 404 (lm-

400 466 614 521 semper
634 450 831 518 ubique
844 446 1110 517 justitiam
1135 450 1410 513 operetur,
1427 450 1605 495 tamen
1632 439 1974 508 potissimum

392 544 664 616 justitiam
692 547 946 609 operatus
968 546 1074 601 est,
1106 536 1322 607 quando
1351 535 1643 605 superbum
1674 532 1977 602 fortemque

398 633 669 690 diabolum
712 630 906 694 vinxit,
950 637 1007 684 et
1050 629 1270 683 domum
1320 626 1440 695 ejus
1489 624 1798 695 ingrediens
1845 638 1977 677 vasa

397 726 562 789 illius,
591 737 712 792 quae
738 719 935 787 injuste
966 720 1206 784 tenebat,
1237 717 1478 773 abstulit.
1510 717 1580 770 Et
1606 715 1708 769 sibi
1738 730 1802 769 ea
1830 713 1977 767 fonte

396 813 737 885 baptismatis
776 812 881 865 lota
917 810 970 864 in
1004 819 1265 880 perpetua
1305 808 1524 863 servitia
1565 805 1819 860 sacravit.
1859 803 1976 874 Ipse

396 905 542 960 enim
585 904 823 972 loquitur
862 901 1148 956 veritatem
1195 900 1247 952 in
1272 899 1454 961 corde,
1484 897 1608 965 quia
1636 894 1837 949 veritas
1861 900 1972 957 cst;

396 1005 452 1050 et
478 994 621 1065 quod
647 1008 743 1048 ore
769 993 988 1063 promit,
1017 1005 1182 1061 opere
1228 989 1483 1058 complet.
1522 986 1641 1056 Ipse
1672 984 1818 1038 enim
1865 983 1971 1037 ait:

396 1086 511 1155 Ego
530 1101 646 1139 sum
668 1084 772 1147 via,
795 1084 1009 1145 veritas,
1025 1089 1075 1133 et
1096 1080 1198 1134 vita
1222 1078 1402 1150 (Joan.
1428 1077 1540 1149 xn')
1578 1077 1696 1144 lpse
1731 1088 1836 1127 non
1868 1074 1978 1144 egit

397 1175 576 1230 dolum
610 1175 662 1237 in
687 1174 866 1244 lingua
896 1186 1017 1236 sua,
1046 1170 1171 1239 quia
1211 1176 1493 1238 peccatum
1525 1183 1632 1221 non
1680 1165 1828 1229 fecit,
1876 1180 1975 1219 nec

396 1265 552 1320 dolus
597 1264 848 1318 inventus
890 1268 976 1316 est
1022 1260 1076 1313 in
1125 1272 1219 1312 ore
1263 1257 1398 1327 ejus.
1449 1257 1564 1327 Ipse
1590 1259 1839 1327 proximo
1876 1274 1975 1314 suo

396 1373 503 1414 non
552 1356 683 1413 fecit
726 1356 952 1419 malum,
1001 1354 1095 1409 sed
1131 1367 1162 1407 e
1191 1349 1467 1407 contrario
1512 1350 1641 1405 fecit
1668 1351 1721 1406 ei
1747 1351 1970 1416 bonum,

396 1448 614 1519 quando
655 1462 802 1511 eum,
850 1445 905 1500 id
948 1451 1034 1498 est
1083 1457 1253 1513 genus
1298 1443 1630 1507 humanum,
1676 1442 1833 1512 cujus
1878 1458 1975 1511 per

395 1551 618 1593 carnem
665 1534 841 1590 factus
880 1532 1075 1596 allinis,
1110 1540 1165 1585 et
1209 1531 1513 1601 proximus,
1543 1530 1876 1586 descendens
1905 1532 1971 1585 dc

392 1624 690 1682 Jerusalem
733 1625 788 1679 in
816 1621 1113 1685 Jericho,id
1158 1632 1263 1685 est,
1312 1635 1379 1675 ee
1416 1620 1554 1675 cmlo
1599 1620 1652 1674 in
1684 1620 1963 1677 mundum.

2079 439 2369 493 bulavimus
2398 440 2509 494 vias
2539 437 2802 509 difficiles;
2836 439 2969 493 riam
2999 447 3172 493 autent
3205 439 3418 494 Domini
3458 444 3670 512 ignora-

2078 524 2262 576 vimus.
2298 522 2439 589 Quid
2467 524 2612 578 nobis
2641 523 2839 594 profuit
2868 524 3157 592 superbia?
3186 533 3278 577 aut
3306 527 3433 595 qu'd
3460 527 3669 584 divitia-

2078 630 2193 666 rum
2210 614 2474 683 jactantia
2501 613 2717 667 contulit
2750 612 2893 667 nobis
2918 613 2942 666 .9
2983 611 3327 667 Transierunt
3356 617 3531 668 omnia
3570 616 3668 671 illa

2076 712 2324 774 tanqtam
2361 705 2583 770 umbra,
2638 715 2685 757 et
2732 719 2824 757 nos
2864 702 2916 756 in
2955 702 3283 772 malignitate
3317 715 3497 759 nostra
3534 723 3664 759 con-

2076 794 2271 864 sumpti
2308 812 2491 848 sumas
2520 794 2670 864 (Sap.
2694 794 2771 865 γ).
2826 793 2943 848 Non
2973 793 3120 847 enim
3158 792 3416 849 Dominus
3448 795 3668 850 lrtatur

2078 885 2129 938 in
2163 885 2461 954 perditione
2486 886 2754 951 vivorum,
2786 884 2878 937 sed
2910 883 3222 953 magis'vult
3250 884 3458 938 salvare
3487 886 3670 956 pumi-

2077 983 2282 1041 tcntes,
2321 991 2481 1045 quam
2521 976 2750 1045 perdere
2780 974 3176 1042 delinquentes.
3218 972 3371 1029 Sicut
3410 976 3526 1046 ipse
3563 991 3667 1046 per

2073 1064 2394 1135 prophetam
2423 1064 2518 1117 ait.

2147 1154 2288 1209 Nam
2316 1157 2431 1226 pius
2457 1156 2711 1209 Dominus
2740 1155 2902 1208 dicit:
2937 1153 3079 1209 Nolo
3106 1165 3321 1210 mortem
3346 1160 3660 1227 peccatoris,

2071 1246 2164 1299 sed
2188 1256 2240 1300 ut
2264 1257 2610 1309 convertatur,
2636 1256 2683 1300 et
2707 1248 2861 1301 vivat.
2895 1245 3026 1300 Cum
3047 1263 3167 1317 ergo
3189 1248 3660 1318 interrogassetnus

2071 1336 2385 1400 Dominum,
2430 1337 2641 1405 fratres,
2691 1336 2754 1390 de
2801 1336 3095 1390 habitatore
3144 1337 3472 1391 tabernaculi
3517 1341 3657 1408 ejus,

2073 1426 2369 1481 audivimus
2402 1426 2674 1481 habitandi
2710 1435 3023 1497 pra'ceptum
3052 1440 3070 1477 :
3109 1427 3199 1481 sed
3226 1427 3271 1482 si
3302 1427 3659 1498 compleamus

2070 1516 2383 1569 habitatoris
2428 1517 2648 1586 officium
2694 1518 2889 1569 erimus
2936 1506 3167 1570 ha’redes
3216 1517 3361 1587 regni
3408 1518 3657 1571 caelat-nt

2075 1603 2291 1675 (Ezech.
2322 1622 2475 1669 xrtn,
2510 1604 2725 1678 χχχιιι).
2763 1607 2860 1661 llic
2891 1606 3079 1661 audire
3108 1605 3304 1660 beatus
3330 1605 3658 1661 Benedictus

393 1716 602 1771 Invenit
628 1730 754 1770 eum
794 1728 827 1768 a
853 1712 1171 1778 latronibus,
1202 1711 1255 1766 id
1282 1719 1365 1766 est
1405 1710 1739 1766 daemonibus
1782 1710 1959 1766 multis

2072 1712 2169 1767 pro
2197 1698 2455 1753 exaudire
2484 1698 2681 1768 posuit.
2730 1697 2809 1752 Ac
2837 1698 2881 1751 si
2913 1698 3153 1752 diceret:
3188 1705 3317 1751 tunc
3342 1712 3471 1752 vere
3501 1699 3661 1752 an.?i-

391 1812 740 1874 peccatorum
772 1801 946 1873 plagis
984 1800 1358 1865 vulneratum;
1412 1799 1644 1854 infundit
1678 1800 1885 1866 vinum,
1915 1810 1971 1855 et

391 1897 591 1962 oleum,
628 1894 684 1957 id
710 1902 796 1949 est
822 1892 1193 1948 austeritatem
1226 1891 1576 1962 pmnilentitn,
1611 1900 1664 1945 et
1700 1890 1970 1947 refocilla-

392 1992 595 2049 tionem
629 1990 799 2046 venite
832 1988 1120 2058 imposuit;
1154 1986 1207 2040 in
1235 1984 1537 2053 iumentum
1567 2000 1747 2049 suum,
1778 1984 1830 2038 id
1859 1993 1965 2049 est,

389 2083 602 2152 corpori
651 2095 751 2136 suo
792 2079 1079 2141 sociatum,
1109 2076 1262 2130 duxit
1309 2074 1375 2128 ad
1417 2074 1707 2133 stabulum.
1759 2074 1812 2128 id
1859 2083 1965 2138 est,

390 2172 600 2229 ﬁdelem
624 2186 747 2226 eum
774 2169 977 2224 faciens
1006 2167 1218 2236 corpori
1242 2166 1514 2220 Ecclesiae.
1552 2165 1619 2219 Et
1644 2164 1964 2230 stabulario,

390 2268 443 2321 id
482 2273 597 2330 est,
646 2262 992 2335 gubernatori
1043 2259 1300 2331 praecepit
1344 2257 1630 2321 Ecclesiaz,
1678 2266 1737 2310 ut
1781 2272 1965 2313 curam

389 2358 531 2413 illius
564 2357 819 2419 haberet,
861 2363 914 2408 et
962 2354 1027 2407 de
1071 2352 1240 2415 Novo,
1273 2358 1328 2404 et
1372 2348 1547 2404 Veteri
1594 2348 1962 2411 Testamento,

387 2446 542 2515 quasi
570 2446 637 2500 de
673 2444 881 2499 duobus
918 2441 1160 2497 denariis
1194 2455 1318 2495 eum
1357 2438 1656 2509 prmdicans
1695 2438 1966 2509 guberna-

388 2542 487 2588 ret.
518 2533 656 2588 Ecce
674 2532 945 2600 quomodo
968 2528 1224 2583 Dominus
1244 2526 1401 2582 Jesus
1424 2526 1672 2582 Christus
1703 2542 1810 2581 non
1839 2526 1967 2581 fecit

385 2624 633 2694 proximo
659 2637 759 2677 suo
787 2620 1009 2686 malum,
1035 2620 1131 2675 sed
1158 2617 1589 2685 misericordiam
1622 2618 1676 2672 in
1705 2618 1849 2672 illam
1877 2617 1963 2672 fa-

385 2714 536 2769 ciens
574 2711 830 2784 prtestitit
858 2711 909 2766 ei
952 2712 1172 2767 bonum.
1221 2710 1340 2781 Ipse
1378 2710 1521 2765 enim
1553 2710 1769 2781 sapiens
1796 2728 1810 2764 :
1836 2710 1963 2779 quia

386 2806 499 2873 ipse
525 2810 610 2859 est
632 2801 893 2871 sapientia
924 2800 1112 2870 patris.
1161 2799 1336 2870 Super
1380 2809 1592 2869 petram
1637 2816 1792 2854 suam
1837 2799 1961 2853 fun-

384 2892 531 2947 davit
574 2890 817 2956 domata,
845 2890 972 2961 quia
1006 2906 1171 2961 super
1199 2890 1548 2959 semetipsum
1594 2888 1835 2943 fundarit
1861 2890 1963 2943 Ec-

380 2982 621 3037 clesiam.
652 2980 717 3036 Et
747 2982 851 3036 hoc
874 2989 975 3046 est,
1006 2980 1150 3051 quod
1181 2980 1259 3033 ait
1284 2997 1297 3031 :
1335 2978 1464 3033 Ha‘c
1494 2978 1757 3049 complens
1784 2978 1959 3031 Domi-

382 3087 480 3124 nus
503 3089 520 3127 :
546 3070 599 3123 id
627 3079 735 3134 est,
760 3069 1009 3124 universa
1041 3069 1291 3137 superius
1317 3067 1727 3137 comprehensa,
1758 3078 1814 3121 et
1837 3083 1959 3122 ver-

381 3158 466 3211 bis
514 3157 881 3225 prmdicando,
930 3165 987 3211 et
1028 3157 1283 3226 operibus
1330 3156 1572 3225 implevit
1616 3156 1954 3226 complendo.

382 3246 661 3317 Exspectat
692 3262 786 3300 nos
818 3246 1050 3316 quotidie
1079 3245 1162 3300 his
1195 3246 1304 3299 suis
1337 3246 1535 3300 sanctis
1569 3247 1778 3300 monitis
1802 3246 1957 3315 factis

380 3352 473 3389 nos
504 3336 811 3405 respondere
844 3335 1046 3391 debere.
1074 3324 1423 3409 Responderi:
1450 3337 1673 3392 cuilibet
1702 3336 1956 3402 dicimus,

377 3442 502 3483 cum
522 3427 601 3481 eis
622 3426 783 3499 [ejus]
806 3426 962 3482 factis
984 3442 1223 3498 congrua
1247 3427 1314 3482 ad
1336 3428 1566 3505 invicem
1586 3443 1751 3497 opera
1781 3428 1957 3484 reddi-

376 3530 516 3571 mus.
550 3516 660 3571 Deo
688 3532 816 3587 ergo
840 3516 1164 3586 respondere
1189 3526 1293 3583 est,
1327 3515 1483 3571 donis
1510 3516 1627 3586 ejus
1648 3517 1956 3587 prmceden-

376 3604 521 3661 tibus
548 3614 729 3661 nostra
751 3607 1008 3677 obsequia
1048 3608 1294 3663 reddere.
1330 3608 1370 3660 Τ
1376 3623 1481 3662 unc
1506 3607 1616 3664 Deo
1645 3624 1772 3663 vera
1799 3610 1955 3664 obse-

377 3697 501 3767 quia
535 3696 828 3761 reddimus,
868 3711 990 3753 cum
1030 3688 1154 3753 cum
1196 3707 1418 3769 propter
1459 3698 1662 3754 amoris
1702 3698 1952 3754 ﬁduciam

376 3803 482 3842 non
523 3786 796 3843 timemus.

445 3878 575 3934 Ideo
616 3879 761 3933 nobis
802 3890 1011 3949 propter
1034 3881 1445 3936 emendationem
1489 3882 1750 3936 malorum
1787 3883 1950 3952 hujus

371 3970 490 4024 vita:
520 3970 633 4024 dies
671 3970 739 4024 ad
776 3971 1016 4025 inducias
1047 3970 1373 4037 relaxantur,
1418 3973 1622 4027 dicente
1659 3973 1907 4043 Apostolo
1930 3986 1951 4026 :

371 4064 451 4118 An
484 4064 673 4129 nescis,
712 4065 836 4136 quia
877 4065 1130 4134 patientia
1162 4064 1258 4120 Dei
1288 4066 1357 4119 ad
1391 4066 1747 4135 pmnitentiam
1777 4075 1826 4119 te
1855 4065 1951 4119 ad—

371 4153 512 4206 ducit
537 4152 710 4225 (Rom.
736 4153 833 4224 n)?
858 4152 992 4207 Nam
1018 4164 1073 4209 et
1098 4154 1291 4209 Petrus
1318 4155 1594 4225 apostolus
1617 4156 1683 4211 de
1708 4156 1808 4211 bac
1835 4157 1949 4226 ipsa

369 4260 428 4298 re
467 4245 546 4300 sic
586 4246 696 4301 ait:
732 4244 854 4300 Non
891 4246 1066 4300 tardat
1096 4245 1351 4301 Dominus
1388 4246 1815 4317 promissionem,
1859 4248 1949 4301 sed

2071 1790 2282 1855 rimus,
2335 1790 2380 1845 si
2423 1790 2740 1844 habitatoris
2779 1789 3013 1844 ollicium
3056 1789 3462 1859 compleamus;
3515 1790 3659 1845 sicut

2069 1860 2329 1934 Dominus
2360 1880 2412 1932 in
2443 1879 2733 1950 Evangelio
2760 1880 2875 1933 ait:
2916 1877 3048 1934 Oves
3090 1896 3220 1933 mea:
3262 1896 3435 1934 vocem
3483 1895 3654 1933 meam

2070 1968 2289 2021 audiunt
2317 1967 2496 2039 (toan.
2518 1968 2597 2038 Χ),
2624 1967 2674 2021 id
2697 1977 2779 2022 est
2801 1967 3113 2023 exaudiunt.
3150 1968 3206 2022 Si
3229 1977 3407 2022 autem
3434 1969 3653 2023 habita-

2069 2057 2203 2112 toris
2246 2057 2479 2112 ollicium
2520 2074 2628 2112 non
2660 2059 3056 2129 compleamus,
3104 2059 3325 2114 minime
3369 2059 3653 2114 habitandi

2067 2159 2393 2219 praeceptum
2418 2150 2754 2204 audivimus:
2781 2150 2921 2204 sicut
2939 2158 2992 2204 et
3014 2150 3151 2204 idem
3173 2148 3431 2203 Dominus
3449 2149 3657 2204 Judazis

2067 2238 2198 2292 dicit
2225 2256 2237 2290 :
2277 2236 2380 2304 Qui
2408 2247 2482 2292 est
2506 2255 2571 2292 ea:
2596 2238 2704 2291 Deo
2736 2237 2886 2291 verba
2915 2237 3011 2290 Dei
3039 2237 3223 2302 audit;
3256 2246 3533 2307 propterea
3564 2253 3658 2292 vos

2068 2344 2169 2381 non
2198 2328 2415 2395 auditis,
2454 2329 2577 2399 quia
2613 2346 2678 2383 ea:
2716 2328 2824 2382 Deo
2852 2344 2954 2381 non
2982 2329 3103 2381 estis
3132 2327 3314 2398 (Joan.
3339 2324 3483 2396 rm).
3502 2327 3659 2383 Unde

2065 2426 2121 2473 et
2165 2419 2291 2474 alibi
2337 2435 2496 2475 aures
2539 2421 2719 2475 cordis
2765 2420 3050 2490 requirens
3093 2420 3310 2475 aiebat:
3352 2419 3459 2485 Qui
3495 2420 3657 2473 habet

2064 2526 2219 2565 aures
2264 2511 2513 2566 audiendi
2556 2511 2740 2565 audiat
2783 2510 2998 2582 (Matth.
3037 2526 3125 2575 ιιι,
3166 2527 3301 2577 xm;
3346 2508 3477 2564 Luc.
3503 2512 3652 2581 rm).

2065 2601 2205 2671 Ergo
2241 2618 2348 2657 non
2386 2603 2535 2657 audit
2568 2618 2757 2657 vocem
2786 2602 3029 2668 Domini,
3062 2602 3151 2673 qui
3184 2604 3347 2657 corde
3375 2618 3482 2656 non
3517 2603 3656 2656 reti-

2066 2700 2178 2757 net,
2209 2702 2263 2746 et
2296 2707 2459 2762 apere
2488 2707 2593 2746 non
2627 2691 2815 2763 implet
2841 2692 2984 2763 quod
3011 2693 3180 2746 audit.
3219 2692 3315 2746 Sin
3343 2699 3525 2746 autem
3553 2690 3658 2745 ali-

2064 2783 2188 2853 quis
2222 2783 2310 2839 hic
2343 2782 2444 2837 sub
2477 2782 2808 2837 auditionem
2845 2783 3095 2838 maluerit
3129 2783 3431 2855 intelligere
3468 2782 3656 2839 taliter

2064 2873 2314 2941 ponenda
2350 2874 2473 2928 erit.
2529 2871 2636 2927 Sed
2674 2873 2721 2928 si
2762 2874 3131 2945 compleamus
3169 2875 3492 2931 habitatoris
3535 2875 3655 2930 olli-

2065 2964 2234 3029 cium,
2266 2972 2320 3018 et
2346 2980 2444 3019 nos
2469 2962 2711 3034 ejusdem
2739 2966 3033 3036 supradicti
3066 2966 3400 3022 tabernaculi
3434 2968 3650 3023 habita-

2064 3067 2208 3111 tores
2233 3057 2456 3125 erimus.

2129 3148 2273 3221 Ergo
2312 3150 2663 3221 prtvparanda
2710 3160 2831 3205 sunt
2876 3150 3069 3217 corda,
3119 3159 3165 3204 et
3211 3167 3433 3221 corpora
3468 3161 3650 3205 nostra

2058 3256 2252 3300 sancta:
2276 3258 2652 3318 pra'ceptorum
2683 3245 2987 3299 obedientite
3011 3244 3324 3299 militatura.
3365 3243 3651 3308 Quomodo

2059 3346 2186 3390 sunt
2235 3344 2424 3390 nostra
2479 3336 2546 3390 ad
2593 3335 2936 3390 militandum
2991 3335 3342 3406 praeparanda
3392 3350 3645 3404 corpora.

2056 3426 2194 3480 Audi
2221 3441 2319 3480 nos
2344 3427 2719 3480 obsecrantetn
2741 3424 3077 3495 Apostolum,
3108 3425 3184 3478 ait
3207 3425 3351 3478 enim
3374 3442 3387 3477 :
3416 3423 3649 3479 Obsecro

2055 3516 2231 3587 itaque
2261 3534 2370 3582 vos,
2399 3517 2615 3588 fratres,
2663 3533 2754 3586 per
2781 3515 3195 3568 misericordiam
3224 3515 3357 3580 Dei,
3403 3526 3458 3567 ut
3492 3516 3648 3569 exhi-

2056 3608 2218 3661 beatis
2247 3625 2467 3679 corpora
2498 3618 2666 3662 vestra
2694 3608 2920 3660 hostium
2951 3608 3219 3670 viventem,
3246 3615 3505 3668 sanctam,
3533 3606 3649 3661 Deo

2052 3699 2371 3770 placentem,
2415 3699 2725 3754 rationabile
2757 3699 3054 3767 obsequium
3085 3707 3329 3751 vestrum.
3381 3692 3452 3751 Et
3480 3701 3646 3752 nolite

2056 3790 2375 3860 conformari
2410 3792 2530 3844 huic
2563 3788 2776 3854 sucula,
2806 3790 2894 3843 sed
2932 3789 3291 3859 reformamini
3324 3790 3379 3843 in
3411 3791 3644 3845 novitate

2052 3899 2236 3937 sensus
2268 3883 2453 3942 vestri;
2489 3895 2542 3936 ut
2572 3883 2797 3953 probetis
2824 3898 2940 3952 qua:
2968 3883 3033 3935 sit
3064 3881 3306 3935 voluntas
3353 3880 3450 3936 Dei
3479 3883 3641 3946 bona,

2051 3985 2097 4027 et
2121 3975 2247 4028 bene
2267 3974 2500 4045 placens,
2522 3986 2569 4028 et
2592 3974 2823 4047 perfecta
2849 3973 3025 4046 (Rom.
3053 3971 3172 4043 xu).
3209 3972 3275 4026 Et
3304 3971 3435 4028 alibi
3468 3973 3599 4028 dicit
3624 3992 3639 4027 :

2053 4062 2177 4118 Non
2218 4075 2389 4135 regnet
2427 4077 2696 4136 peccatum
2736 4066 2789 4119 in
2828 4073 2996 4119 vestro
3033 4063 3246 4117 mortali
3283 4080 3533 4134 corpore,
3580 4075 3639 4119 ut

2050 4157 2303 4211 obetliatis
2343 4158 2773 4228 concupiscentiis
2816 4155 2964 4226 ejus;
3010 4155 3102 4209 sed
3147 4172 3309 4227 neque
3346 4156 3641 4210 erhibeatis

2050 4250 2281 4303 membra
2311 4260 2478 4303 vestra
2508 4266 2659 4303 arma
2686 4248 2977 4319 iniquitatis
3002 4258 3233 4317 peccato,
3273 4246 3362 4300 sed
3400 4247 3639 4302 exhibete

368 4336 626 4404 patienter
650 4337 758 4408 agit
790 4334 1001 4407 propter
1024 4354 1136 4402 vos,
1168 4336 1348 4391 nolens
1377 4337 1602 4408 aliquem
1637 4339 1826 4407 perire,
1857 4340 1947 4393 sed
1973 4361 2026 4419 D
2052 4355 2137 4392 vos
2185 4338 2292 4392 Deo
2340 4348 2592 4410 tanquam
2633 4354 2698 4391 ex
2742 4339 2961 4391 mortuis
3006 4337 3261 4401 viventes,
3309 4345 3357 4390 et
3402 4337 3637 4390 membra

371 4444 545 4485 omnes
574 4431 643 4485 ad
675 4431 1029 4501 paenitentiam
1058 4433 1240 4487 reverti
1268 4431 1355 4503 (11
1379 4429 1524 4486 Petr.
1551 4432 1656 4504 ιιι).
1700 4434 1815 4502 Ipse
1844 4435 1947 4489 itc-

369 4531 487 4573 rutn
514 4520 645 4573 dicit
671 4538 683 4573 :
722 4519 943 4589 Propter
972 4520 1133 4592 quod,
1164 4522 1481 4586 charissimi,
1510 4521 1620 4575 lucc
1648 4532 1949 4593 exspectan-

368 4618 465 4674 tes,
496 4609 626 4662 satis
654 4610 793 4679 agite
820 4609 1175 4671 immaculati,
1215 4620 1262 4663 et
1294 4609 1531 4664 inviolati
1557 4611 1776 4664 inveniri
1811 4612 1858 4664 ei
1893 4612 1949 4665 in

366 4714 526 4767 pace;
549 4707 595 4750 et
620 4696 831 4751 Domini
861 4699 1025 4752 nostri
1056 4697 1526 4769 longanimitatem,
1557 4698 1776 4753 salutent
1808 4700 1948 4752 arbi-

368 4789 585 4841 tramini
610 4787 819 4858 (lbid.).
857 4787 973 4842 Non
1003 4804 1131 4857 ergo
1157 4790 1313 4843 nobis
1344 4805 1373 4843 a
1402 4789 1632 4844 Domino
1661 4799 1947 4844 conceSsas

368 4892 464 4946 per
491 4879 732 4946 corporis
760 4878 1138 4950 negligentiam
1169 4878 1379 4933 dierqu
1409 4888 1716 4933 nostrorum
1755 4881 1947 4949 perda-

369 4981 489 5021 mus
524 4967 799 5032 inducias,
846 4969 941 5021 se.l
984 4968 1275 5022 emendare
1310 4969 1563 5023 celeriter
1592 4967 1942 5035 festinemus,

366 5057 509 5125 quod
552 5057 719 5111 multo
760 5067 998 5127 tempore
1041 5059 1375 5129 negligenter
1414 5058 1643 5128 egimus,
1692 5074 1759 5113 ne
1806 5059 1945 5113 forte

364 5160 488 5221 post
515 5153 697 5208 carnis
730 5154 891 5224 hujus
934 5154 1314 5210 resolutionem
1359 5170 1481 5209 cum
1528 5153 1633 5208 illis
1678 5155 1941 5223 reprobis,

363 5242 457 5311 qui
488 5243 543 5297 in
572 5242 710 5299 libro
735 5243 1023 5314 Sapientiae
1050 5244 1381 5308 scribuntur,
1412 5241 1801 5299 infructuosam
1830 5259 1945 5315 poe-

363 5331 650 5387 nitentiam
681 5340 922 5404 agentes,
954 5342 1009 5388 et
1036 5349 1147 5403 pra:
1186 5333 1404 5388 tristitia
1432 5333 1611 5389 cordis
1649 5334 1819 5389 nostri
1850 5350 1943 5403 ge-

365 5432 575 5477 mentes
612 5414 1016 5493 nobismetipsis
1048 5432 1362 5493 reputantes
1390 5423 1636 5479 dicamus
1664 5442 1677 5477 :
1717 5423 1829 5477 Nos
1859 5425 1942 5476 in-

366 5514 561 5566 sensati
597 5514 887 5567 erravimus
924 5530 956 5566 a
995 5513 1077 5566 via
1117 5514 1382 5577 veritatis,
1427 5522 1474 5566 et
1514 5513 1734 5580 iustitia:
1770 5512 1943 5565 lumen

370 5616 470 5654 non
493 5604 623 5656 luxit
647 5606 815 5669 nobis,
837 5614 885 5657 et
911 5603 989 5658 sol
1014 5602 1370 5671 intelligentia?
1393 5620 1493 5656 non
1515 5613 1588 5657 est
1611 5613 1754 5656 ortus
1778 5603 1940 5656 nobis.

2050 4436 2219 4482 vestra
2245 4445 2393 4481 arma
2416 4427 2644 4497 justitia:
2668 4426 2798 4480 Deo.
2846 4424 3128 4481 Peccatum
3159 4427 3298 4481 vobis
3330 4444 3433 4481 non
3462 4427 3611 4480 domi
3622 4455 3645 4464 -

2052 4527 2203 4571 netur
2230 4517 2401 4588 (Rom.
2428 4516 2526 4588 v1).
2555 4517 2831 4583 Quomolo
2859 4518 3012 4571 n'obis
3033 4517 3229 4569 iterum
3252 4517 3416 4570 corda
3442 4526 3635 4571 nostra

2050 4608 2158 4661 sint
2182 4607 2556 4677 praeparanda,
2588 4606 2728 4660 idem
2759 4606 3047 4675 Apostolus
3076 4606 3189 4674 ipse
3214 4606 3327 4659 ait:
3369 4604 3502 4659 Dico
3532 4622 3630 4658 au-

2050 4707 2172 4761 tem,
2196 4698 2381 4767 spiritu
2406 4696 2667 4751 ambulate
2689 4706 2735 4750 et
2757 4696 3013 4749 desideria
3038 4697 3211 4748 carnis
3234 4711 3295 4748 ne
3317 4695 3635 4764 perﬁciatis.

2044 4787 2178 4842 Item
2211 4787 2359 4857 ipse:
2397 4785 2455 4840 Si
2489 4788 2676 4857 spiritu
2706 4787 2946 4851 vivimus,
2983 4786 3169 4856 spiritu
3200 4795 3247 4838 et
3278 4784 3632 4838 (turbulentus.

2051 4875 2175 4930 Non
2204 4878 2489 4947 efﬁciamur
2514 4878 2685 4930 inanis
2715 4874 2899 4945 gloria:
2932 4876 3135 4945 cupidi,
3181 4875 3398 4928 invicem
3438 4891 3628 4944 proro-

2047 4978 2242 5033 cantcs,
2266 4968 2482 5021 invicem
2505 4968 2784 5021 invidentes
2800 4964 2996 5039 (Colat.
3015 4968 3087 5037 ι’).
3119 4966 3269 5019 Tunc
3291 4966 3438 5019 enim
3461 4968 3633 5020 corda

2047 5066 2263 5121 nostra,
2308 5068 2363 5113 et
2391 5075 2617 5130 corpora
2657 5058 2709 5112 in
2747 5059 2958 5113 Domini
2990 5066 3363 5127 praeparantur
3397 5057 3625 5122 militia,

2048 5149 2091 5202 si
2121 5150 2439 5219 abjiciamus
2467 5167 2496 5203 a
2526 5150 2681 5204 nobis
2707 5165 2873 5218 opera
2901 5157 3111 5203 mortua
3130 5191 3143 5215 ,
3177 5149 3228 5203 id
3256 5157 3337 5204 est
3367 5158 3597 5221 peccata
3616 5190 3634 5213 ,

2043 5257 2209 5312 opera
2242 5245 2608 5307 tenebrarum,
2636 5257 2802 5312 opera
2836 5243 3041 5306 carnis,
3068 5252 3122 5296 et
3152 5241 3537 5305 tenebrarum,
3577 5250 3636 5296 et

2046 5332 2335 5386 induamur
2363 5348 2512 5386 arma
2543 5332 2707 5394 lucis,
2749 5339 2803 5385 ct
2837 5330 3045 5385 fructus
3079 5332 3330 5400 spiritus.
3370 5331 3462 5402 qui
3501 5342 3633 5385 sunt

2046 5422 2273 5476 virtutes
2306 5422 2628 5475 animarum.
2666 5420 2837 5491 Opera
2868 5432 3039 5475 autem
3065 5422 3240 5475 carnis
3268 5433 3392 5476 sunt
3422 5422 3633 5476 adulto»

2048 5511 2148 5573 ria,
2186 5511 2580 5580 fornicationes,
2613 5512 2966 5577 intmunditia,
2998 5512 3349 5581 impudicitia,
3389 5514 3630 5576 timui-ia,

2047 5603 2300 5658 idolorum
2337 5606 2575 5671 servitus,
2610 5606 2871 5676 veneﬁcia,
2906 5607 3209 5672 innuit-ilice,
3244 5609 3631 5671 contamina“,
