3960 6206
270 399 371 454 ἠι

1322 379 1677 442 (ΖΟΜΜΕΝΤ.
1718 378 1786 436 1N
1824 377 1983 435 ΠΕΟ.
2024 376 2084 433 S.
2125 377 2505 434 BENEDICTI.

3435 376 3551 433 7‘33

270 512 659 572 a'inulationes,
690 505 1095 577 indignationes,
1127 503 1542 572 provocationes,
1575 498 1860 553 dissensio-
1886 498 1937 556 Α
1963 495 2018 548 in
2045 496 2297 563 prmsenti
2328 494 2437 548 vita
2466 493 2859 549 seminaverint
2885 493 2941 548 in
2967 491 3244 565 lacrymis,
3275 492 3328 547 in
3357 490 3540 549 futuro

272 622 385 665 nes,
420 611 597 664 secttr,
635 600 878 660 literas”,
916 594 1151 658 incidite,
1190 594 1308 657 ira’,
1349 593 1498 653 νίκαν,
1540 588 1854 651 homicidia,

269 696 565 756 ebrietates,
597 689 1015 752 comessationes,
1052 696 1100 740 et
1129 685 1210 739 his
1235 684 1454 748 similia,
1483 698 1601 753 qua:
1626 680 1855 751 pra'dico

270 786 433 849 vobis,
472 784 604 837 sicut
634 792 681 835 et
711 778 965 851 prtcdixt,
1004 777 1254 848 quoniam
1289 775 1381 845 qui
1418 773 1551 828 talia
1578 781 1741 844 agunt
1771 787 1856 826 re-

268 891 429 946 gnum
461 873 556 927 Dei
594 888 697 925 non
732 878 1131 939 consequentur.
1174 865 1408 919 Fructus
1435 874 1610 919 autem
1637 863 1856 933 spiritus

270 973 348 1019 est
381 964 637 1023 eharitas,
676 959 950 1030 gaudium,
987 973 1114 1028 pax,
1152 956 1428 1026 patientia,
1460 953 1854 1025 longanimitas,

272 1056 508 1116 bonitas,
552 1051 865 1121 benignitas,
904 1048 1067 1117 ﬁdes,
1106 1046 1390 1112 modestia,
1431 1044 1652 1110 lenitas,
1691 1044 1858 1097 conti-

273 1144 473 1205 nentia,
494 1152 732 1196 castitas.
769 1141 1041 1194 Adversus
1055 1137 1362 1207 hujusmodi
1386 1152 1491 1191 non
1515 1144 1590 1189 est
1614 1134 1720 1189 lex.
1751 1132 1855 1198 Qui

270 1244 449 1287 autem
478 1242 598 1288 sunt
624 1230 855 1294 Christi,
897 1245 1109 1284 carnem
1144 1244 1297 1282 suam
1330 1226 1707 1295 cruci/inerunt
1736 1240 1855 1279 cum

270 1325 411 1381 vitiis
440 1334 488 1378 et
516 1322 948 1393 concupiscentiis
1002 1319 1215 1392 (lbid.).
1269 1320 1336 1373 Et
1364 1319 1433 1373 ad
1457 1318 1766 1374 Corinthios
1792 1318 1859 1372 de

271 1416 456 1472 cordis
483 1415 710 1485 pariter,
750 1420 804 1469 et
839 1412 1082 1481 corporis
1110 1410 1504 1481 praeparatione
1530 1410 1611 1465 sic
1637 1410 1751 1464 ait:
1790 1408 1857 1463 In

272 1508 513 1562 omnibus
541 1506 875 1560 exhibeamus
904 1503 1266 1572 nosmetipsos,
1288 1501 1423 1555 sicut
1444 1499 1542 1553 Dei
1566 1500 1854 1553 ministres.

272 1598 345 1654 In
372 1597 541 1652 multa
567 1596 839 1667 patientia,
879 1595 934 1648 in
964 1591 1408 1656 tribulationibus,
1443 1593 1501 1645 in
1538 1592 1858 1645 necessitati-

272 1689 392 1752 bus,
431 1688 487 1741 in
517 1687 795 1757 angustiis,
833 1686 891 1738 in
920 1683 1110 1755 plagis,
1135 1683 1193 1736 in
1216 1682 1534 1746 carceribus,
1563 1682 1622 1735 in
1647 1680 1859 1734 seditio-

273 1780 446 1841 nibus,
470 1780 526 1832 in
548 1776 831 1840 laboribus,
857 1776 913 1830 in
934 1774 1144 1844 vigiliis,
1175 1774 1231 1827 in
1253 1772 1497 1843 jejuniis,
1518 1773 1574 1825 in
1595 1772 1855 1837 castitate,

1956 583 2153 639 mulo
2179 584 2232 637 in
2258 584 2452 654 gaudio
2479 591 2700 639 metent.
2734 582 3073 639 Currendum
3096 589 3187 638 est
3204 598 3336 655 ergo
3359 583 3536 650 nobis,

1956 693 2063 732 non
2094 678 2339 746 pedibus,
2366 676 2461 731 sed
2487 677 2622 743 vita,
2652 685 2707 730 et
2735 676 2998 742 moribus,
3027 684 3089 731 ut
3113 676 3247 733 illud
3270 679 3542 749 possimus

1956 768 2011 821 in
2040 767 2144 821 hac
2174 768 2286 821 vita
2310 767 2667 837 conquirere,
2706 767 2851 837 quod
2882 769 3039 823 nobis
3074 769 3127 823 in
3158 777 3421 825 aeternum
3451 787 3542 826 co-

1955 857 2268 926 gnoscimus
2297 858 2585 927 expedire,
2625 858 2676 913 id
2705 868 2820 926 est,
2856 859 2974 915 illas
3002 862 3341 930 supradictas
3368 862 3542 916 virtu-

1955 954 2061 1011 tes,
2080 947 2401 1003 cbaritatem
2421 947 2690 1013 videlicet,
2713 950 2989 1019 gaudium,
3008 964 3217 1022 pacem,
3239 961 3296 1006 et
3317 962 3544 1011 cteterao

1955 1050 2146 1093 omnes
2166 1037 2366 1095 habere
2388 1038 2441 1092 in
2464 1041 2717 1109 praesenti
2745 1040 2964 1107 smeulo,
2989 1050 3188 1097 etcum
3215 1042 3344 1109 illis,
3368 1051 3423 1099 et
3442 1057 3545 1115 pro

1957 1127 2064 1184 illis
2086 1129 2273 1185 vivere
2297 1130 2570 1200 possimus
2597 1133 2652 1186 in
2682 1131 2884 1189 futuro.

2028 1217 2404 1276 Constituendo
2425 1231 2501 1276 est
2526 1239 2650 1293 ergo
2673 1224 2819 1279 nobis
2843 1224 3103 1281 Dominici
3122 1228 3299 1283 schola
3322 1232 3539 1287 servitii.
3579 1217 3621 1276 ’ἑ

1958 1309 2155 1368 Sebola
2184 1313 2377 1369 Grteco
2405 1315 2667 1371 vocabulo
2694 1316 2897 1371 dicitur
2923 1317 3105 1385 locus,
3159 1320 3211 1374 in
3256 1337 3364 1391 quo
3410 1323 3542 1379 ado-

1957 1402 2225 1459 lescentes
2251 1404 2576 1461 litteraIibus
2606 1407 2799 1462 studiis
2828 1423 3045 1478 operam
3076 1411 3208 1465 dare
3248 1421 3303 1466 et
3340 1413 3407 1465 ad
3444 1430 3542 1468 au-

1957 1494 2184 1550 diendos
2203 1496 2495 1567 magistros
2514 1512 2707 1552 vacare
2728 1497 2922 1551 solent.
2949 1497 3105 1553 Unde
3127 1500 3312 1554 schola
3333 1504 3545 1558 vacatio

1958 1584 2374 1652 interpretatur.
2432 1586 2675 1654 Denique
2724 1586 2776 1640 in
2826 1585 3072 1653 Psalmo,
3128 1588 3222 1642 ubi
3271 1590 3545 1655 canimus,

1966 1673 2193 1742 Vacate,
2235 1685 2283 1729 et
2322 1676 2488 1730 videte
2513 1677 2762 1747 quoniam
2804 1694 2898 1747 ego
2937 1695 3054 1732 sum
3079 1678 3338 1733 Dominus
3370 1680 3541 1750 (Psal.

1961 1766 2116 1838 ην),
2169 1768 2224 1821 in
2256 1767 2444 1823 Grmco
2480 1768 2710 1822 habetur
2742 1770 3058 1839 Σχολάσατε.
3114 1767 3255 1840 Ergo
3300 1769 3443 1825 sicut
3488 1771 3543 1825 in

272 1870 329 1924 in
357 1869 602 1932 scientia,
636 1867 693 1921 in
726 1843 1147 1936 longanimitate,
1184 1864 1240 1917 in
1270 1862 1549 1927 suavitate,
1578 1862 1634 1915 in
1661 1859 1862 1930 Spiritu
1890 1843 1937 1901 Β
1966 1858 2150 1914 schola
2171 1859 2322 1929 pueri
2346 1875 2469 1915 eum
2492 1858 2795 1930 disciplina,
2821 1874 2939 1929 qua:
2959 1859 3066 1915 illis
3086 1862 3396 1916 necessaria
3419 1872 3547 1919 sunt

272 1969 478 2023 sancto,
517 1959 575 2011 in
610 1958 867 2012 charitate
904 1971 1009 2009 non
1044 1952 1190 2021 ﬁcta,
1229 1953 1285 2007 in
1321 1951 1475 2006 verbo
1513 1952 1764 2018 veritatis,
1803 1952 1861 2005 in

271 2051 466 2106 virtute
492 2048 607 2113 Dei,
632 2064 725 2119 per
748 2063 899 2101 arma
921 2045 1148 2115 justitite
1173 2062 1207 2098 a
1235 2044 1455 2109 dextris,
1478 2053 1527 2097 et
1552 2058 1585 2096 a
1610 2043 1857 2108 sinistris,

270 2158 368 2213 per
390 2141 616 2212 glorians
644 2149 692 2193 et
717 2137 1132 2209 ignobiitatem,
1166 2150 1261 2206 per
1286 2134 1563 2204 infamiam
1594 2142 1641 2187 et
1673 2132 1862 2187 bonam

274 2232 510 2302 famam,
555 2238 613 2283 ut
645 2229 942 2284 seductores
971 2236 1022 2281 et
1049 2242 1278 2291 veraces,
1318 2226 1451 2280 sicut
1488 2225 1578 2297 qui
1614 2226 1777 2295 ignoti
1812 2234 1861 2280 et

271 2322 491 2394 cogniti.
527 2320 694 2386 Quasi
716 2319 1017 2382 morientes,
1040 2326 1087 2371 et
1111 2333 1227 2371 ecce
1250 2317 1490 2381 vivimus,
1515 2325 1571 2369 ut
1597 2316 1861 2386 castigati,

272 2424 326 2469 et
362 2430 466 2467 non
502 2411 822 2480 mortiﬁcati.
875 2408 1040 2475 Quasi
1075 2407 1270 2473 tristes,
1300 2423 1503 2479 semper
1530 2416 1704 2461 autem
1733 2423 1856 2477 gau-

271 2504 477 2558 dentes.
534 2502 683 2558 Sicut
729 2510 957 2571 egentes,
1005 2498 1202 2553 multos
1245 2507 1419 2553 autem
1465 2496 1860 2567 locupletantes.

278 2594 555 2664 Tanquam
601 2591 731 2647 nihil
774 2590 1042 2656 habentes,
1091 2598 1139 2644 et
1190 2590 1368 2643 omnia
1410 2588 1734 2659 possidentes
1775 2587 1863 2659 (11

276 2682 408 2739 Cor.
437 2682 533 2755 vr).
1728 2680 1733 2685 ’

356 2774 425 2828 Et
471 2775 609 2846 quod
656 2775 830 2828 minus
876 2772 1030 2827 habet
1074 2772 1133 2826 in
1176 2772 1325 2826 nobis
1364 2779 1558 2825 natura
1599 2770 1863 2841 possibile.

276 2863 546 2920 Naturam
573 2865 705 2920 dicit
733 2862 1006 2935 ingenium
1028 2900 1043 2928 ,
1088 2874 1270 2916 mores
1301 2869 1357 2916 et
1389 2860 1643 2915 astutiam
1673 2860 1862 2915 animi.

278 2954 488 3011 Natura
513 2956 657 3011 enim
687 2955 832 3010 dicta
861 2954 931 3009 ab
958 2969 1045 3020 eo,
1082 2954 1227 3025 quod
1256 2952 1406 3009 nasci
1442 2952 1644 3022 aliquid
1677 2951 1863 3008 faciat.

279 3046 549 3117 Gignendi
593 3046 741 3102 enim
780 3053 837 3100 et
877 3044 1111 3100 faciendi
1140 3053 1343 3115 potens
1379 3052 1497 3100 est:
1538 3043 1746 3115 fragilis
1783 3052 1870 3101 est

280 3136 430 3192 enim
458 3138 692 3191 humana
723 3144 916 3191 natura
940 3154 954 3190 :
988 3136 1115 3203 quia
1138 3137 1286 3207 quod
1312 3135 1428 3192 vult
1450 3136 1652 3191 bonum
1681 3151 1862 3207 agere,

1960 1950 2209 2013 discunt,
2259 1958 2313 2004 et
2354 1964 2475 2020 qua:
2520 1951 2576 2005 in
2623 1949 2806 2005 futuro
2834 1951 3045 2019 prosint
3073 1951 3337 2019 capiunt:
3376 1952 3451 2009 ita
3489 1962 3546 2007 et

1962 2041 2217 2095 monachi
2248 2040 2302 2095 in
2330 2041 2648 2097 monasterii
2681 2041 2948 2111 regularis
2975 2041 3157 2097 schola
3176 2082 3191 2107 ,
3223 2050 3279 2099 et
3302 2023 3421 2113 quae
3449 2059 3544 2101 eos

1960 2131 2015 2186 in
2041 2133 2296 2201 pnesenti
2324 2132 2550 2188 honeste
2576 2134 2759 2189 vivere
2784 2132 3018 2200 faciant,
3047 2143 3102 2189 et
3129 2150 3250 2204 quae
3278 2137 3330 2190 in
3360 2135 3543 2192 futuro

1960 2222 2145 2279 felices
2167 2224 2416 2290 reddant,
2440 2225 2649 2281 discere
2672 2226 2944 2297 sagaciter
2960 2233 3019 2283 et
3034 2225 3327 2285 elllcaciter
3347 2228 3545 2283 debent

1960 2314 2206 2385 implere.

2034 2407 2102 2462 In
2131 2425 2238 2479 qua
2272 2408 2595 2465 institutione
2635 2408 2768 2464 nihil
2803 2427 3077 2480 asperum,
3108 2409 3240 2465 nihil
3264 2427 3421 2482 grave
3449 2428 3542 2466 nos

1962 2500 2338 2553 constituturos
2358 2515 2650 2570 speramus.
2680 2500 2951 2557 Institutio
2974 2501 3119 2556 enim
3140 2501 3404 2573 regularis
3418 2504 3545 2558 vitm

1962 2588 2273 2644 volentibus
2306 2604 2430 2645 eam
2468 2589 2603 2645 nihil
2642 2606 2895 2661 asperum
2924 2591 3127 2659 habet,
3177 2593 3312 2648 nihil
3356 2609 3542 2665 grave.

1964 2677 2161 2748 Iugum
2187 2678 2325 2732 enim
2352 2694 2523 2733 meum
2541 2720 2556 2745 ,
2591 2680 2670 2734 ait
2692 2680 2985 2747 Dominus,
3016 2699 3172 2737 suave
3197 2691 3302 2749 est,
3335 2693 3384 2737 et
3412 2699 3547 2741 onus

1966 2785 2141 2824 meum
2168 2768 2276 2824 leve
2298 2768 2516 2839 (Matth.
2543 2770 2641 2842 ιι).
2683 2770 2998 2829 Nolentibus
3022 2774 3191 2841 enim,
3218 2784 3276 2829 et
3303 2791 3429 2831 suas
3451 2788 3547 2833 ve.

1964 2857 2201 2914 luntates
2226 2859 2451 2929 implere
2475 2860 2780 2917 volentibus
2801 2863 2981 2917 omnia
3008 2864 3151 2919 bona
3178 2876 3305 2920 sunt
3329 2881 3542 2937 aspera,

1967 2948 2151 3004 omnia
2179 2957 2305 3004 sunt
2326 2951 2532 3021 gravia.
2565 2951 2833 3009 Institutio
2856 2953 3002 3010 enim
3028 2954 3333 3025 dispositio,
3354 2956 3438 3013 vel
3459 2972 3547 3013 or-

1968 3039 2175 3095 dinatio
2204 3040 2549 3113 intelligitur.

2043 3130 2149 3186 Sed
2180 3141 2227 3185 et
2256 3132 2304 3186 si
2326 3133 2454 3203 quid
2482 3132 2759 3204 paululum
2798 3135 3088 3191 restrictius
3125 3136 3356 3192 dictante
3388 3138 3552 3208 arqui-

281 3229 549 3300 perﬁcere
579 3243 688 3286 non
713 3229 884 3293 valet,
922 3200 1030 3283 nisi
1057 3200 1383 3297 adjutorium
1412 3244 1443 3283 ιι
1470 3229 1698 3283 Domino
1893 3200 1938 3262 Ο
1968 3221 2091 3275 tatis
2113 3200 2615 3293 rationeilEquitas
2635 3232 2720 3279 est
2736 3226 2961 3294 veritas,
2982 3233 3038 3282 et
3054 3227 3300 3283 veritatis
3318 3200 3550 3296 justi-tia,

280 3335 420 3389 pere
461 3321 737 3376 meruerit.
793 3321 945 3377 Unde
988 3328 1043 3376 et
1080 3321 1370 3390 Apostolus
1408 3322 1518 3376 ait:
1562 3322 1704 3376 Nam
1740 3321 1869 3378 velle

284 3411 498 3481 adjacet
525 3412 677 3476 mihi,
702 3412 948 3481 perﬁcere
975 3421 1149 3466 autem
1178 3414 1283 3466 nan
1310 3413 1513 3467 invenio
1543 3411 1722 3483 (Rom.
1746 3413 1865 3484 vn).

291 3499 448 3557 Unde
475 3508 530 3555 et
558 3502 649 3556 hic
673 3511 859 3569 aperte
883 3502 1167 3571 sequitur:

363 3589 625 3660 Rogemus
656 3590 937 3644 Dominum
965 3600 1019 3644 ut
1045 3592 1233 3662 gratia:
1259 3607 1371 3645 sua:
1391 3591 1578 3661 jubeat
1607 3591 1753 3645 nobis
1782 3591 1871 3644 ad-

280 3676 546 3749 iutorium
566 3680 881 3732 ministrare.
898 3679 1044 3734 Inter
1061 3680 1372 3734 ministrare
1390 3688 1446 3734 et
1462 3670 1876 3736 subministraré

286 3770 373 3825 sic
401 3769 534 3824 dicit
559 3769 763 3823 distare
788 3768 1123 3840 Fulgentius,
1163 3769 1308 3839 quod
1336 3770 1389 3823 in
1416 3785 1524 3825 uno
1557 3770 1750 3824 horum
1780 3770 1877 3826 ob-

289 3861 543 3930 sequium
590 3860 947 3924 humilitatis,
1001 3860 1057 3913 in
1102 3860 1275 3915 altero
1313 3869 1495 3915 autem
1533 3861 1878 3918 abundantiae

284 3949 560 4018 judicium
612 3966 676 4005 ac
726 3951 1011 4020 potestatis
1056 3951 1377 4006 ostenditur.
1438 3952 1484 4005 Α
1533 3952 1879 4009 ministrante

289 4042 497 4112 quippe
532 4041 851 4110 obsequium
884 4041 1147 4108 redditur,
1191 4056 1223 4094 a
1264 4042 1712 4099 subministrante
1748 4059 1880 4100 vero

290 4135 598 4191 subsidium
624 4143 979 4205 prmmgatur.

366 4223 439 4277 Et
464 4226 510 4278 si
538 4225 792 4295 fugientes
821 4225 1066 4294 gehennae
1092 4240 1270 4296 poenas
1297 4224 1366 4278 ad
1394 4226 1550 4279 vitam
1577 4237 1881 4297 perpetuam

294 4314 546 4370 volumus
574 4317 859 4384 pervenire.
893 4314 1153 4371 Cebenna
1180 4322 1263 4371 est
1292 4316 1443 4372 locus
1472 4317 1642 4388 ignis,
1686 4327 1742 4373 et
1769 4319 1881 4374 sul-

293 4405 512 4476 pburis.
562 4404 751 4460 Futuri
779 4421 913 4477 ergo
939 4407 1186 4475 supplicii
1216 4406 1399 4473 locus,
1439 4409 1530 4462 ubi
1570 4419 1885 4477 peceatores

293 4494 583 4550 crueiandi
613 4504 758 4561 sunt,
790 4494 950 4564 hujus
977 4496 1079 4552 loci
1099 4497 1364 4552 vocabulo
1386 4497 1717 4569 designatur.
1750 4499 1883 4555 Nam

1968 3313 2132 3380 ratio,
2155 3322 2336 3369 motus
2361 3316 2581 3384 quidam
2604 3317 2771 3371 animi
2796 3317 2970 3373 visum
2996 3318 3195 3374 mentis
3218 3333 3444 3386 acuens,
3462 3334 3553 3382 ves

1968 3419 2139 3474 raque
2170 3419 2200 3459 a
2229 3403 2381 3459 falsis
2406 3406 2765 3477 distinguens.
2806 3406 2956 3462 Mens
2984 3408 3222 3464 hominis
3246 3407 3374 3464 dum
3404 3415 3553 3471 recta

1963 3493 2194 3563 iudicat,
2223 3495 2365 3549 ratio
2389 3503 2491 3550 est.
2525 3495 2664 3550 Dum
2690 3497 2862 3566 spirat
2886 3498 3125 3566 spiritus.

2047 3582 2270 3654 Propter
2292 3586 2706 3640 emendationem
2736 3586 2999 3641 vitiorum.
3048 3587 3191 3643 Vitia
3233 3587 3375 3649 nihil
3408 3594 3555 3651 sunt,

1974 3674 2083 3730 Sed
2108 3676 2201 3730 ubi
2229 3675 2443 3731 bonitas
2470 3677 2655 3743 deest,
2693 3677 2885 3732 vitium
2916 3685 3019 3734 est.
3066 3676 3254 3734 Omnis
3281 3678 3425 3734 cnim
3455 3695 3556 3739 na:-

1977 3773 2099 3820 tura
2126 3781 2263 3836 opus
2289 3765 2383 3820 Dei
2410 3774 2512 3821 est.
2567 3765 2743 3837 Opera
2790 3768 2936 3822 enim
2979 3783 3100 3839 qua:
3138 3768 3266 3823 vitia
3306 3769 3559 3823 dicuntur

1976 3865 2132 3913 actus
2158 3866 2302 3923 sunt,
2334 3873 2441 3913 non
2471 3875 2579 3914 res.
2606 3859 2933 3932 Quanquam
2963 3876 3061 3931 per
3090 3842 3149 3919 se
3182 3877 3344 3933 agere
3372 3862 3561 3919 dicun-

1977 3954 2069 4002 tur
2096 3947 2298 4017 aliquid
2328 3963 2451 4003 cum
2488 3963 2552 4003 ea
2574 3989 2589 4014 ,
2635 3956 2689 4003 et
2728 3964 2829 4020 per
2854 3965 2915 4005 ea
2949 3958 3121 4005 totum
3153 3952 3262 4022 egit
3293 3951 3559 4018 diabolus,

1979 4041 2063 4097 vel
2090 4042 2344 4097 damnata
2370 4043 2643 4107 dicuntur,
2681 4058 2805 4101 cum
2842 4043 2958 4113 ipse
2995 4060 3093 4114 pro
3122 4045 3210 4102 his
3236 4046 3558 4111 damnatur;

1980 4140 2038 4187 et
2072 4133 2237 4187 homo
2281 4146 2406 4187 cum
2450 4147 2551 4201 per
2594 4132 2825 4187 liberum
2872 4132 3159 4195 arbitrium
3205 4133 3292 4195 bis
3338 4134 3586 4197 allectus,

1983 4222 2153 4276 trahit
2176 4222 2242 4276 ad
2265 4235 2505 4277 sensum.
2534 4221 2602 4276 Et
2626 4222 2749 4277 ideo
2773 4223 2829 4276 in
2851 4221 3034 4278 futuro
3059 4223 3256 4279 smculo
3278 4238 3384 4279 non
3406 4235 3568 4287 erunt

1984 4313 2146 4379 vitia,
2198 4328 2318 4382 quae
2364 4313 2421 4367 in
2472 4321 2693 4368 auctore
2740 4328 2839 4369 suo
2884 4313 3098 4369 diabolo
3144 4314 3565 4379 damnabuntur,

1985 4421 2109 4461 cum
2138 4405 2255 4471 ille,
2300 4405 2508 4460 scilicet
2551 4405 2867 4469 damnatus,
2915 4405 2969 4459 in
3012 4406 3292 4476 gebenna.
3339 4415 3399 4461 ut
3438 4422 3568 4478 pec-

1987 4503 2112 4549 cent
2150 4493 2417 4561 homines,
2462 4493 2690 4565 amplius
2731 4501 3057 4564 potestatem
3100 4495 3217 4551 haec
3256 4510 3418 4573 agere
3457 4511 3568 4562 non

296 4583 497 4653 duplex
530 4583 583 4637 in
611 4558 1263 4654 gehennavdamnatorum
1306 4594 1391 4643 est
1430 4558 1625 4658 poena,
1670 4590 1883 4645 illorum
1909 4558 1963 4617 Β
1988 4587 2228 4643 habebit.

297 4684 485 4731 autem
519 4687 576 4732 et
604 4686 840 4734 mentem
871 4679 984 4733 urit
1020 4680 1274 4746 tristitia,
1321 4688 1378 4736 et
1419 4697 1615 4751 corpus
1652 4683 1885 4738 flamma.

299 4763 447 4821 Nam
478 4765 623 4820 sicut
649 4766 738 4822 ille
763 4767 904 4837 ignis
932 4768 1133 4823 camini
1161 4786 1270 4825 non
1300 4772 1437 4825 arsit
1464 4772 1533 4826 ad
1563 4773 1724 4826 trium
1762 4789 1892 4843 pue-

297 4871 496 4913 rorum
538 4857 894 4926 supplicium,
938 4866 999 4914 et
1040 4866 1222 4914 tamcn
1251 4862 1385 4914 arsit
1423 4861 1490 4915 ad
1530 4864 1893 4919 comburenda

299 4946 566 5020 ligamina
600 4947 975 5003 vinculorum:
1019 4948 1094 5002 ita
1136 4950 1275 5020 ignis
1311 4950 1568 5019 gehennae
1604 4961 1660 5006 et
1694 4953 1893 5015 lucebit

302 5038 527 5096 miseris
565 5036 633 5091 ad
673 5045 959 5106 augmenta
988 5053 1308 5106 pmnarum,
1347 5046 1407 5094 et
1439 5053 1547 5094 non
1586 5039 1791 5096 lucebit
1822 5041 1891 5096 ad

302 5128 735 5186 consolationem
770 5129 1111 5198 gaudiorum.

384 5219 527 5273 Dum
554 5218 728 5273 adhuc
754 5229 923 5282 vacat,
951 5229 1000 5274 et
1028 5220 1091 5274 in
1109 5220 1207 5274 hoc
1235 5237 1450 5291 corpore
1477 5239 1680 5288 sumus,
1703 5233 1751 5278 et
1782 5225 1895 5279 hate

304 5312 491 5368 omnia
526 5326 619 5379 per
642 5310 776 5366 hanc
805 5308 936 5364 lucis
964 5311 1101 5367 viam
1125 5321 1275 5365 vacat
1312 5312 1545 5384 implere,
1579 5316 1896 5370 currendum

303 5410 358 5456 et
390 5399 654 5471 agendum
683 5410 757 5456 est
791 5401 946 5455 modo
972 5401 1113 5470 quod
1150 5404 1206 5455 in
1241 5412 1541 5472 perpetuum
1573 5405 1717 5459 nobis
1745 5421 1899 5471 expe-

303 5493 449 5545 diat.
485 5491 631 5547 Ecce
658 5507 802 5546 nunc
828 5499 1040 5561 tempus
1065 5494 1426 5562 acceptabile;
1459 5510 1587 5549 ecce
1610 5510 1756 5550 nunc
1783 5496 1902 5552 dies

305 5580 530 5636 salutis.
556 5580 844 5647 Vacemus,
866 5588 924 5636 et
939 5581 1220 5636 videamus
1238 5597 1399 5651 quam
1421 5584 1602 5639 suavis
1620 5592 1703 5639 est
1721 5586 1901 5639 Domi-

304 5688 439 5741 nus,
462 5680 522 5727 et
549 5670 677 5728 dum
707 5681 918 5743 tempus
945 5680 1029 5728 est
1053 5688 1346 5742 operemur
1369 5674 1567 5731 bonum
1595 5677 1662 5731 ad
1689 5692 1895 5732 omnes.

303 5763 452 5834 Quia
480 5764 629 5838 quod
656 5766 1006 5823 seminaverit
1033 5766 1216 5832 homo,
1262 5768 1361 5822 hoc
1391 5776 1444 5823 et
1475 5777 1657 5825 metet.
1708 5768 1772 5826 Et
1805 5769 1921 5857 quid

2069 4679 2164 4735 Vel
2189 4682 2633 4735 conservationem
2661 4679 2932 4742 cltaritatis
2956 4681 3280 4751 processerit.
3297 4735 3301 4739 ,
3318 4678 3580 4737 Charitas

1990 4776 2209 4843 Graece,
2248 4776 2441 4833 Latine
2479 4775 2696 4831 dilectio
2735 4775 3146 4845 interpretatur,
3175 4790 3242 4831 eo
3268 4775 3413 4853 quod
3436 4774 3574 4829 duos

1990 4866 2180 4937 illigat.
2218 4866 2370 4922 Unde
2395 4874 2447 4920 et
2474 4863 2764 4935 Apostolus
2789 4866 2855 4919 ad
2882 4863 3230 4923 Colossenses
3254 4864 3367 4920 ait:
3402 4862 3574 4933 Super

1993 4955 2169 5009 omnia
2207 4964 2381 5008 autem
2411 4954 2720 5008 charitatent
2758 4953 2971 5018 habete,
3012 4953 3152 5025 quod
3191 4963 3266 5009 est
3305 4952 3573 5009 vinculum

1996 5047 2327 5117 perfectionis
2356 5044 2580 5117 (Coloss.
2612 5044 2717 5115 tu).
2768 5043 2902 5098 Nam
2931 5045 3149 5101 dilectio
3184 5061 3216 5100 a
3250 5046 3461 5102 duobus
3491 5045 3576 5100 itt—

1999 5137 2163 5206 eipit,
2210 5138 2351 5207 quod
2390 5145 2665 5197 estamor
2694 5136 2825 5202 Dei,
2872 5144 2928 5190 et
2968 5136 3224 5207 proximi.
3278 5136 3395 5193 Non
3427 5138 3574 5193 enim

2002 5226 2313 5295 temporalis
2342 5226 2501 5281 debet
2524 5240 2643 5279 esse
2668 5225 2943 5292 eharitas,
2962 5226 3057 5281 sed
3087 5227 3373 5282 observata
3400 5224 3577 5281 contio

2001 5334 2129 5372 nuo.
2163 5316 2317 5374 Unde
2344 5325 2399 5371 et
2425 5315 2552 5377 alibi
2579 5317 2772 5372 Petrus
2798 5318 3074 5387 apostolus
3103 5318 3210 5372 ait:
3243 5317 3374 5371 Ante
3399 5314 3575 5375 omnia

2002 5417 2239 5460 mutuam
2262 5406 2318 5459 in
2339 5407 2709 5477 vobismetipsis
2735 5392 3035 5463 continuam
3058 5409 3361 5463 charitatem
3383 5404 3576 5467 haben:

2004 5505 2078 5550 tes
2108 5495 2159 5567 (Ι
2186 5494 2438 5567 Petmv).
2467 5496 2716 5552 Perfecta
2748 5498 2892 5552 enim
2921 5499 3188 5560 eharitas,
3226 5503 3281 5549 et
3315 5504 3576 5564 perpetuo

2003 5595 2320 5641 conservata
2355 5587 2408 5640 in
2444 5587 2613 5642 Deum
2651 5596 2707 5643 et
2738 5590 3046 5660 proximum
3077 5601 3313 5640 antorem
3342 5588 3576 5654 compte-

2005 5677 2171 5731 ctitur
2198 5686 2477 5733 :eternnm.

2078 5770 2201 5825 Non
2236 5769 2375 5827 illico
2388 5785 2590 5841 'pavore
2614 5770 2915 5839 perterritus
2946 5766 3171 5839 refugiat
3202 5766 3335 5823 viam
3363 5767 3572 5824 salutis.

3579 1211 3611 1258 ἱ.
